2892 4056
86 1344 128 1365 ,211
140 1349 196 1364 <2⁸-
214 1350 242 1363 ,γ

96 1739 99 1742 y
126 1686 230 1739 „44
290 1711 293 1714 -

87 1771 298 1801 ’Deoufflmm
327 1793 334 1797 ,

91 3357 102 3367 ·
110 3357 182 3384 Argg.
190 3356 239 3379 Sed
247 3362 302 3379 con-

91 3385 140 3404 tm.

978 198 1244 245 QUAESTIO
1274 196 1447 242 XXXIV,
1475 195 1771 232 ARTICULUS
1801 194 1852 231 IV
2275 226 2290 234 ‚

329 277 487 308 clauderet
507 276 541 306 in
564 285 598 306 se
620 276 734 306 odium
763 275 844 306 vitae
867 275 1043 312 humanae,
1067 285 1134 306 non
1157 280 1238 305 esset
1268 273 1390 303 malum

327 319 498 351 moraliter.
523 319 616 350 Unde
632 319 658 349 si
682 320 844 351 occidatur
866 320 966 350 homo
983 330 1001 350 a
1019 319 1133 356 iudice,
1150 329 1168 349 a
1183 327 1249 358 quo
1273 316 1308 348 fit
1323 317 1390 348 sine

327 364 403 395 odio
426 363 508 394 vitae
531 363 698 400 humanae,
724 374 790 394 non
814 371 860 394 est
881 364 1102 394 homicidium.

381 407 420 438 V.
443 407 481 438 In
504 407 618 438 eodem
647 415 761 448 quarto
791 408 924 439 articulo
956 407 1092 438 dubium
1120 407 1223 440 adhuc
1247 413 1294 436 est
1316 405 1392 446 quia

326 453 448 482 Auctor
469 451 594 481 videtur
624 451 810 482 diminutus.
852 451 983 488 Quaerit
1005 461 1144 492 namque
1175 449 1391 483 universaliter

292 514 295 517 -
326 505 368 526 an
380 494 493 526 odium
506 495 643 536 proximi
659 496 699 527 sit
713 495 935 536 gravissimum
948 502 1153 535 peccatorum
1167 507 1249 537 quae
1268 494 1302 524 in
1317 503 1390 534 pro-

325 538 450 570 ximum
472 539 734 571 committuntur:
757 547 788 570 et
807 539 903 570 solvit
923 539 1154 579 particulariter
1172 540 1261 581 quod
1277 537 1390 569 odium

327 590 374 614 est
395 582 617 622 gravissimum
640 591 784 624 respectu
807 590 1011 623 peccatorum
1034 583 1226 614 exteriorum
1252 592 1334 624 quae
1356 582 1391 612 in

325 627 510 667 proximum
523 627 775 659 committuntur.
793 627 927 658 Constat
941 627 1027 657 enim
1042 627 1132 667 quod
1143 635 1266 667 praeter
1277 625 1390 657 odium

325 669 463 711 proximi
486 678 517 701 et
539 678 666 712 peccata
690 671 881 702 exteriorum
903 678 1034 701 actuum
1057 670 1090 700 in
1105 672 1299 710 proximum,
1316 677 1390 701 sunt

326 714 387 744 alia
410 722 539 755 peccata
566 715 599 746 in
623 716 822 756 proximum:
854 714 972 745 scilicet
1002 715 1226 754 concupiscere
1257 724 1389 746 uxorem

325 758 472 798 proximi,
490 760 714 800 concupiscere
730 769 778 790 res
794 758 889 794 illius,
904 758 1044 788 invidere
1059 759 1218 798 proximo,
1231 759 1390 799 despicere

326 812 521 842 proximum,
546 810 605 834 etc.

382 847 433 877 Ad
462 847 524 878 hoc
554 846 668 878 dicitur
691 847 779 888 quod
809 845 884 886 quia
916 845 996 876 ratio
1020 846 1211 877 difficultatis
1239 845 1390 886 exigentis

327 890 497 930 specialem
530 891 698 922 articulum
726 891 765 920 de
789 889 1027 930 comparatione
1059 890 1124 920 odii
1152 890 1192 920 ad
1226 890 1286 920 alia
1319 900 1389 930 pec-

327 941 395 965 cata
410 934 444 965 in
463 935 654 976 proximum,
671 934 732 964 fuit
746 940 834 964 actus
850 933 983 964 exterior
998 943 1118 963 nocens
1132 934 1296 974 proximo;
1316 933 1389 964 ideo

327 981 448 1010 Auctor
463 980 503 1009 ad
525 978 558 1008 id
579 978 612 1008 in
628 988 694 1018 quo
714 977 880 1008 difficultas
905 984 970 1008 erat
985 977 1139 1017 aspiciens
1163 977 1389 1014 determinavit,

325 1022 508 1064 relinquens
529 1032 590 1062 pro
608 1021 777 1053 manifesto
801 1021 891 1062 quod
909 1021 1022 1052 odium
1045 1021 1181 1061 proximi
1197 1028 1278 1052 esset
1299 1020 1391 1061 peius

325 1067 435 1098 ceteris
456 1065 659 1097 interioribus
673 1065 810 1106 peccatis
832 1065 866 1096 in
888 1066 1082 1106 proximum,
1099 1075 1136 1096 ex
1160 1065 1391 1097 universalitate

325 1110 441 1142 obiecti
464 1117 495 1141 et
515 1109 728 1148 immensitate
744 1109 874 1141 rationis
897 1109 991 1141 illius.
1021 1110 1170 1141 Extendit
1185 1109 1342 1151 siquidem
1358 1120 1390 1141 se

325 1151 439 1184 odium
462 1161 572 1184 contra
595 1163 692 1184 omne
721 1155 846 1184 bonum
869 1153 1021 1195 proximi,
1046 1161 1077 1185 et
1099 1155 1218 1194 absque
1242 1164 1390 1184 mensura

324 1197 359 1229 in
391 1197 558 1239 quodlibet
583 1197 691 1229 fertur.
723 1197 835 1229 Cetera
865 1205 973 1229 autem
1002 1206 1057 1229 aut
1087 1198 1262 1229 secundum
1290 1198 1392 1239 quod-

325 1241 399 1272 dam
415 1252 515 1282 genus
538 1242 625 1279 boni,
643 1249 699 1273 aut
721 1243 779 1273 sub
799 1243 939 1284 quadam
968 1241 1205 1273 modificatione
1228 1243 1260 1274 in
1284 1242 1391 1282 proxi·

325 1286 612 1334 ffluminsurgunt,
628 1293 664 1317 ut
686 1293 772 1327 patet
788 1287 826 1318 de
841 1286 959 1317 invidia
983 1293 1014 1317 et
1036 1287 1104 1318 aliis
1120 1286 1239 1318 allatis:
1263 1293 1392 1327 excepta

275 1335 284 1337 ‘
325 1330 493 1373 superbia,
519 1340 605 1371 quae
631 1341 699 1361 non
728 1338 934 1372 computatur
967 1331 1049 1362 inter
1071 1338 1200 1371 peccata
1230 1331 1263 1361 in
1288 1340 1391 1371 proxi-

325 1384 428 1412 mum,
444 1374 520 1415 quia
535 1375 606 1406 Deo
622 1385 655 1406 se
668 1375 815 1416 opponit.
832 1375 926 1407 Unde
942 1385 1008 1406 non
1023 1382 1070 1405 est
1089 1374 1260 1406 diminutio
1277 1375 1310 1405 in
1326 1378 1393 1406 Au-

326 1421 424 1450 ctore-

344 1476 347 1478 ·
381 1458 423 1494 Et
444 1461 524 1500 scito
547 1462 637 1503 quod
661 1462 858 1503 comparatio
882 1462 947 1492 odii
971 1463 1010 1492 ad
1034 1462 1095 1492 alia
1122 1469 1251 1502 peccata
1273 1469 1321 1493 est
1343 1471 1392 1493 ac-

325 1506 471 1547 cipienda
493 1506 786 1546 proportionaliter:
810 1512 847 1536 ut
869 1506 987 1537 scilicet
1009 1506 1120 1536 odium
1143 1506 1227 1536 vitae
1255 1506 1392 1546 proximi

325 1550 479 1592 &sptium
501 1551 602 1591 quam
629 1550 750 1582 invidia
773 1550 916 1581 eiusdem
937 1550 1030 1586 vitae,
1054 1557 1085 1580 et
1111 1549 1255 1581 similiter
1278 1550 1392 1581 odium

323 1594 482 1633 fraternae⁴
499 1594 617 1635 gratiae
638 1594 679 1625 sit
700 1594 790 1635 peius
814 1603 912 1635 quam
934 1593 1053 1624 invidia
1068 1593 1221 1631 eiusdem,
1239 1601 1270 1625 et
1292 1595 1337 1626 sic
1353 1595 1391 1625 de

323 1631 404 1714 ῗέᾃὶε,
435 1637 533 1671 Secus
556 1644 663 1669 autem
686 1645 734 1670 est
755 1645 898 1678 respectu
923 1637 1138 1669 diversorum:
1171 1648 1247 1668 nam
1274 1638 1393 1670 invidia

353 1679 478 1714 internae
500 1682 618 1722 gratiae
641 1682 736 1722 longe
759 1682 863 1712 maius
896 1689 1063 1722 peccatum
1087 1689 1134 1712 est
1157 1692 1255 1723 quam
1279 1682 1392 1714 odium

324 1726 462 1774 proximi
485 1726 663 1757 secundum
686 1727 771 1757 bona
795 1726 957 1757 exteriora.

379 1771 434 1803 vl.
454 1770 495 1801 -In
521 1770 638 1801 eodem
658 1778 774 1812 quarto
797 1770 931 1801 articulo
947 1769 1102 1801 Martinus
1126 1770 1264 1801 occurrit
1289 1770 1316 1808 *,
1344 1782 1392 1802 ar-

324 1825 426 1857 guens
441 1822 551 1847 contra
570 1815 742 1846 secundam
759 1814 1010 1850 conclusionem,
1026 1813 1142 1845 scilicet
1157 1815 1246 1855 quod
1256 1821 1393 1856 peccata

324 1860 500 1902 exteriora,
516 1864 671 1901 quantum
687 1859 730 1890 ad
744 1864 968 1890 nocumentum
981 1858 1068 1900 quod
1073 1860 1226 1899 proximo
1237 1859 1391 1901 insertur,

320 1900 435 1945 p'giora
457 1908 532 1935 sunt
552 1913 648 1944 quam
671 1904 807 1935 interius
821 1903 928 1935 odium
934 1911 947 1940 ;
970 1903 1183 1943 supponendo
1199 1903 1288 1944 quod
1304 1911 1392 1935 actus

325 1946 460 1979 'exterior
488 1947 591 1978 malus
619 1957 686 1978 non
714 1946 801 1978 addit
830 1947 985 1978 malitiam
1008 1946 1149 1988 aliquam
1176 1957 1272 1988 super
1302 1948 1394 1978 mali-

325 1990 369 2023 ti‘a
391 1998 480 2023 actus
501 1990 669 2035 interioris.
700 1991 799 2029 Quod
822 2002 881 2032 pro
904 2001 990 2022 nunc
1013 1992 1126 2031 probat
1149 2000 1186 2021 ex
1208 1991 1310 2022 littera
1333 1992 1393 2024 hac

325 2035 464 2067 dicente:
489 2035 525 2066 Si
546 2035 624 2076 quid
644 2036 759 2076 culpae
782 2040 830 2066 est
851 2037 884 2066 in
909 2036 1123 2066 exterioribus
1143 2037 1288 2075 peccatis
1310 2046 1394 2077 quae

324 2085 438 2111 contra
461 2081 650 2120 proximum
682 2081 945 2117 committuntur,
972 2085 1072 2111 totum
1100 2084 1149 2110 est
1179 2089 1222 2111 ex
1243 2081 1393 2112 interiori

324 2124 409 2164 odio.

380 2166 494 2209 Arguit
516 2177 592 2207 ergo
614 2167 732 2208 primo.
756 2167 872 2198 Nullus
895 2174 984 2198 actus
1008 2168 1142 2199 exterior
1164 2168 1311 2208 proximo
1335 2179 1393 2199 no-

324 2210 414 2253 civus
437 2217 484 2242 est
506 2210 583 2242 odio
606 2211 744 2252 proximi
768 2210 966 2252 culpabilior.
998 2212 1083 2251 Ergo
1107 2221 1174 2242 non
1198 2219 1244 2242 est
1266 2213 1392 2252 gravius

323 2255 493 2301 peccatum
516 2261 674 2296 quantum
697 2255 737 2285 ad
760 2262 1003 2286 nocumentum.
1020 2274 1039 2278 —
1056 2256 1255 2286 Antecedens
1278 2257 1392 2297 proba-

323 2307 389 2333 tur.
398 2320 401 2323 »
410 2299 496 2337 Quia
510 2305 599 2330 aetus
613 2299 748 2330 exterior
770 2307 826 2330 aut
839 2299 934 2330 habet
955 2299 1076 2340 aliquid
1093 2300 1206 2341 culpae
1220 2301 1310 2341 quod
1325 2308 1400 2332 noff

325 2345 421 2377 habet
440 2343 585 2380 interium
608 2349 664 2375 aut
676 2343 767 2375 nihil.
790 2344 824 2375 Si
842 2344 930 2380 nihil,
946 2344 1080 2377 habetur
1096 2344 1264 2376 intentum.
1289 2345 1322 2376 Si
1337 2346 1392 2376 ali-

325 2388 415 2431 quid,
431 2394 486 2419 aut
500 2387 678 2418 secundum
693 2387 772 2418 illud
788 2388 1012 2419 subordinatur
1027 2388 1112 2419 actui
1129 2388 1271 2420 interiori
1286 2390 1391 2427 malo;

324 2433 376 2473 vel
397 2442 475 2463 non.
501 2429 533 2462 Si
556 2441 633 2467 non,
658 2428 732 2472 ergo
756 2431 933 2462 secundum
955 2430 1035 2471 illud
1058 2442 1124 2463 non
1152 2439 1198 2464 est
1215 2433 1390 2474 culpabilis.

325 2477 360 2509 Si
375 2476 429 2513 sic,
446 2485 521 2516 ergo
535 2474 569 2506 in
586 2481 657 2506 actu
673 2475 813 2506 interiori
830 2482 877 2506 est
892 2475 1012 2516 aliquid
1026 2475 1186 2515 gravitatis
1205 2486 1391 2518 correspon-

326 2521 404 2552 dens
426 2518 472 2550 illi
486 2519 566 2560 parti
591 2529 672 2560 quae
688 2518 850 2550 dicebatur
871 2529 936 2550 non
954 2519 1062 2550 haberi
1087 2520 1125 2550 ab
1149 2527 1220 2550 actu
1240 2520 1391 2552 interiori.

380 2565 552 2600 Praeterea,
577 2573 613 2594 ex
629 2562 719 2594 nullo
736 2563 902 2594 communi
926 2563 1048 2594 actibus
1066 2563 1160 2594 bonis
1183 2571 1214 2595 et
1232 2564 1323 2595 malis
1347 2571 1392 2596 at-

325 2609 465 2640 tenditur
479 2608 613 2648 gravitas
628 2608 758 2648 peccati.
782 2608 843 2639 Sed
866 2618 979 2639 nocere
995 2608 1141 2648 proximo
1157 2615 1204 2639 est
1219 2618 1392 2640 commune

326 2653 448 2684 actibus
469 2653 563 2683 bonis
587 2659 618 2682 et
641 2652 743 2683 malis.
767 2653 852 2692 Ergo
877 2662 914 2682 ex
937 2659 1133 2682 nocumento
1164 2652 1301 2692 proximi
1326 2663 1391 2684 non

325 2703 511 2738 aggravatur
533 2703 709 2737 peccatum.
726 2715 747 2720 -
762 2697 851 2727 Patet
874 2697 994 2727 minor:
1019 2696 1095 2738 quia
1114 2696 1209 2727 etiam
1232 2697 1315 2728 iusta
1338 2708 1391 2729 oc-

326 2741 404 2781 eicio
428 2747 524 2772 nocet
545 2740 702 2781 proximo.

380 2785 510 2822 Tertio,
535 2784 609 2826 quia
632 2784 819 2816 huiusmodi
849 2784 984 2825 gravitas
1014 2792 1070 2815 aut
1093 2791 1243 2825 pensatur
1273 2795 1309 2815 ex
1332 2795 1391 2816 no·

326 2836 477 2862 cumento
500 2829 590 2870 quod
605 2829 738 2860 infertur
761 2829 909 2869 proximo
924 2835 1066 2860 tantum:
1092 2836 1122 2860 et
1137 2829 1199 2862 hoc
1223 2839 1299 2865 non,
1317 2830 1393 2870 quia

325 2880 403 2907 tunc
425 2873 543 2904 occisio
567 2873 616 2903 sui
639 2883 705 2904 non
730 2880 810 2904 esset
833 2873 891 2903 hac
920 2873 1070 2913 gravitate
1092 2873 1226 2912 gravior.
1266 2875 1333 2904 Aut
1355 2884 1392 2904 ex

326 2924 522 2948 nocumento
554 2918 644 2957 quod
666 2917 799 2948 infertur
821 2917 886 2947 sive
909 2917 1056 2957 proximo
1081 2917 1145 2948 sive
1169 2917 1226 2947 sibi
1250 2917 1321 2958 ipsi.
1351 2918 1393 2949 Et

325 2967 403 2993 tunc
424 2961 475 2992 vel
497 2961 530 2991 in
553 2961 612 2992 hac
634 2961 872 3002 comparatione
896 2971 1060 3001 comparas
1084 2969 1190 2992 actum
1207 2961 1393 2992 exteriorem

327 3011 360 3036 et
379 3005 562 3036 interiorem
584 3004 682 3036 simul
704 3005 744 3036 ad
766 3005 950 3037 interiorem
973 3012 1113 3036 tantum:
1139 3005 1236 3036 etsie
1251 3005 1331 3036 nihil
1353 3007 1391 3036 ad

327 3049 541 3090 pmposimm.
574 3051 641 3080 Aut
663 3058 830 3089 comparas
859 3056 967 3080 actum
990 3050 1177 3080 exteriorem
1200 3050 1240 3080 ad
1262 3049 1393 3081 interio-

327 3101 396 3123 rem
419 3092 472 3123 cui
493 3092 736 3126 subordinatur:
767 3100 799 3124 et
821 3099 898 3124 tunc
920 3093 965 3123 sic
987 3100 1076 3124 actus
1105 3093 1236 3124 interior
1265 3093 1394 3125 volendi

329 3136 472 3177 occidere
507 3137 692 3176 proximum
720 3147 757 3168 ex
784 3137 860 3167 odio
895 3137 996 3177 magis
1025 3144 1122 3168 nocet
1147 3137 1267 3168 odienti
1295 3147 1394 3179 quam

327 3179 540 3211 homicidium
563 3181 709 3221 proximo
734 3187 856 3211 noceat.
881 3181 978 3220 Ergo,
1002 3188 1160 3221 quantum
1183 3188 1232 3212 est
1253 3191 1290 3211 ex
1304 3189 1394 3222 parte

328 3224 524 3261 nocumenti,
543 3231 633 3255 actus
654 3224 786 3255 interior
806 3224 932 3264 gravior
950 3231 997 3255 est
1018 3235 1118 3266 quam
1132 3225 1275 3256 exterior.
1291 3243 1312 3248 -
1327 3228 1393 3257 An-

327 3269 474 3299 tecedens
498 3275 600 3310 patet:
623 3268 699 3310 quia
721 3278 810 3299 mors
832 3268 1003 3308 spiritualis
1026 3269 1118 3309 peior
1139 3275 1186 3300 est
1208 3270 1377 3309 corporali.

382 3312 508 3343 Deinde
518 3311 621 3353 arguit
635 3313 798 3343 metando
809 3312 1012 3343 auctoritates
1025 3313 1195 3352 Augustini
1211 3319 1243 3344 et
1253 3313 1393 3355 Chryso-

329 3356 426 3388 nomi
455 3357 564 3387 allatas
591 3356 624 3387 in
653 3356 755 3388 littera
779 3356 797 3375 *
818 3365 879 3396 pro
902 3356 986 3387 dicta
1014 3357 1153 3387 secunda
1175 3357 1391 3390 conclusione.

327 3400 370 3431 Et
391 3400 507 3441 primo,
524 3407 633 3431 contra
648 3400 883 3431 distinctionem
897 3400 1018 3431 litterae
1040 3410 1077 3431 ex
1092 3401 1277 3433 auctoritate
1293 3401 1393 3444 Chry-

329 3444 475 3476 sostorni.
499 3445 631 3482 Quanto
647 3445 753 3486 aliqua
769 3451 844 3475 sunt
858 3444 980 3475 maiora
1001 3444 1035 3475 in
1053 3451 1195 3485 peccato,
1213 3452 1302 3477 tanto
1318 3453 1394 3478 sunt

328 3488 430 3529 magis
452 3489 637 3520 deordinata
659 3495 690 3519 et
705 3488 856 3529 gravioris
870 3489 993 3528 culpae.
1017 3488 1079 3520 Sed
1095 3490 1270 3520 secundum
1286 3497 1393 3521 aucto-

328 3531 453 3564 ritatem
483 3532 705 3574 Chrysostomi
735 3532 861 3564 allatam
899 3532 1091 3564 adulterium
1121 3540 1151 3564 et
1180 3533 1391 3565 homicidium

2428 202 2502 238 279

1442 279 1516 303 sunt
1528 271 1649 302 maiora
1660 272 1693 302 in
1705 277 1834 312 peccato
1847 280 1945 311 quam
1955 269 2001 299 ira
2013 275 2044 299 et
2059 268 2182 299 odium.
2199 267 2284 307 Ergo
2300 273 2374 297 sunt
2385 266 2504 296 maiora

1442 316 1474 346 in
1499 315 1738 346 deordinatione
1762 322 1792 345 et
1815 315 1918 354 culpa.
1949 315 1995 344 Ac
2019 322 2075 353 per
2097 312 2170 349 hoc,
2194 310 2354 341 distinctio
2387 310 2505 340 litterae

1443 370 1509 390 non
1532 360 1615 390 valet
1638 360 1678 390 ad
1701 358 1922 390 auctoritatem
1945 357 2036 388 hanc.

1495 403 1654 440 Secundo,
1679 413 1716 433 ex
1739 402 1923 434 auctoritate
1944 400 2126 441 Augustini,
2149 399 2276 430 Malum
2298 398 2416 429 dicitur
2430 398 2504 437 quia

1441 453 1540 478 nocet.
1566 447 1650 485 Quia
1665 447 1738 477 licet
1752 446 1963 477 homicidium
1986 445 2059 486 plus
2080 450 2193 475 noceat
2215 441 2373 484 proximo,
2393 441 2506 471 odium

1442 499 1548 522 tamen
1571 492 1644 531 plus
1668 498 1761 521 nocet
1784 490 1983 530 simpliciter:
2012 489 2088 530 quia
2118 493 2350 519 nocumentum
2381 485 2505 515 illatum

1441 535 1499 566 sibi
1522 535 1584 576 ipsi
1599 545 1656 575 per
1678 535 1789 565 odium
1813 541 1859 565 est
1881 534 1984 564 maius
2008 543 2106 575 quam
2126 537 2358 563 nocumentum
2381 529 2505 560 illatum

1442 580 1588 620 proximo
1613 589 1668 619 per
1692 578 1914 609 homicidium.

1496 624 1562 654 Vll.
1583 623 1635 653 A·d
1658 623 1734 652 haec
1758 622 1882 658 dicitur,
1900 621 2074 662 suppositis
2097 621 2145 651 his
2160 630 2242 661 quae
2258 619 2290 649 in
2307 617 2506 658 praecedenti

1443 667 1538 698 Libro
1549 667 1569 686 '²‘
1584 667 1667 698 dicta
1682 674 1765 702 sunt,
1790 666 1880 707 quod
1903 665 2109 711 suppositum
2123 671 2170 697 est
2184 664 2311 694 falsum.
2342 661 2504 699 Quoniam
2533 668 2542 678 ·
2554 668 2732 694 Qu.xx.ar1.4.

1442 719 1529 743 actus
1553 711 1686 743 exterior
1709 711 1795 741 addit
1817 709 1991 741 bonitatem
2014 710 2064 739 vel
2079 709 2233 739 malitiam
2256 706 2339 738 actui
2355 705 2506 742 interiori,

1443 763 1477 786 ut
1501 756 1595 786 etiam
1615 754 1814 795 Augustinus
1831 754 1906 784 dicit
1920 754 1952 784 *x
1978 760 2065 784 actus
2089 753 2175 783 enirn
2190 751 2323 782 exterior
2342 757 2435 790 auget
2449 750 2507 780 bo-

1443 800 1572 831 nitatem
1595 800 1646 829 vel
1661 798 1814 829 malitiam
1829 805 1917 828 actus
1940 797 2111 834 interioris;
2135 797 2178 827 ita
2194 795 2284 837 quod
2307 795 2387 825 velle
2401 794 2507 825 homi-

1442 844 1561 874 cidium
1585 843 1783 874 committere
1806 842 1912 872 minus
1935 842 2058 872 malum
2081 848 2127 871 est
2143 851 2241 881 quam
2263 839 2402 870 volendo
2419 848 2507 869 com-

1442 887 1564 918 mittere
1588 886 1810 917 homicidium.
1834 886 1905 926 Ipsa
1929 885 2014 916 enim
2039 885 2182 916 executio
2205 884 2293 914 addit
2310 883 2507 923 gravitatem,

1442 938 1482 967 et,
1507 938 1665 972 quantum
1684 930 1724 960 ad
1739 930 1943 970 propositum
1966 936 2106 969 spectat‚·
2121 929 2242 959 ratione
2266 927 2452 958 nocumenti
2471 926 2508 957 il-

1442 975 1494 1005 lati
1518 975 1665 1015 proximo
1691 984 1727 1004 ex
1750 974 1819 1014 ipsa
1849 973 2049 1010 executione,
2074 983 2172 1014 quarn
2203 982 2269 1002 non
2296 971 2390 1002 infert
2420 978 2509 1002 actus

1442 1018 1581 1050 interior.

1496 1063 1547 1093 Ad
1570 1061 1794 1103 probationem
1810 1068 1918 1092 autem
1934 1071 1970 1091 ex
1993 1061 2052 1091 hac
2074 1060 2187 1103 littera,
2207 1059 2392 1090 conceditur
2406 1059 2510 1090 littera

1442 1106 1531 1138 haec:
1557 1107 1612 1136 sed
1635 1112 1766 1145 negatur
1796 1105 1926 1145 sequela
1949 1104 2034 1135 illius
2065 1103 2222 1144 suppositi
2245 1114 2282 1134 ex
2305 1103 2364 1135 hac
2395 1103 2509 1134 littera.

1442 1151 1525 1181 Nam
1548 1160 1585 1181 ex
1607 1150 1670 1180 hoc
1693 1150 1783 1190 quod
1806 1148 1964 1190 quidquid
1979 1148 2061 1179 vitae
2085 1156 2131 1179 est
2153 1148 2187 1178 in
2210 1148 2322 1178 arbore
2337 1154 2385 1178 est
2406 1147 2440 1178 in
2463 1157 2510 1178 ra-

1443 1195 1520 1232 dice,
1545 1205 1611 1225 non
1635 1193 1778 1234 sequitur
1801 1194 1890 1234 quod
1914 1193 2007 1223 arbor
2030 1192 2109 1222 nihil
2131 1192 2214 1223 vitae
2237 1199 2293 1222 aut
2314 1191 2418 1222 vitalis
2441 1202 2511 1232 per-

1443 1239 1589 1270 fectionis
1611 1239 1706 1268 addat
1735 1247 1832 1278 supra
1860 1237 2014 1268 radicem:
2043 1236 2160 1267 multas
2192 1236 2277 1266 enim
2301 1235 2511 1276 perfectiones

1442 1284 1550 1314 vitales
1573 1283 1660 1313 addit
1683 1282 1776 1323 arbor
1798 1292 1895 1322 supra
1918 1282 2067 1317 radicem,
2091 1288 2128 1312 ut
2150 1287 2246 1320 patet.
2274 1281 2316 1311 Et
2338 1280 2441 1311 simile
2465 1287 2512 1313 est

1442 1328 1475 1358 in
1498 1327 1683 1368 proposito:
1704 1336 1779 1357 cum
1801 1328 1926 1357 Auctor
1947 1335 2091 1366 expresse
2117 1325 2151 1355 in
2173 1325 2277 1356 littera
2296 1324 2450 1355 assimilet
2464 1334 2511 1354 ra-

1443 1372 1503 1402 dici
1526 1372 1726 1402 voluntatem
1754 1370 1896 1401 interius.
1928 1369 2021 1400 Unde
2045 1379 2119 1400 cum
2149 1369 2211 1399 hoc
2235 1369 2324 1409 quod
2353 1369 2511 1409 quidquid

1443 1417 1555 1456 culpae
1571 1422 1618 1446 est
1632 1415 1666 1445 in
1688 1421 1760 1445 actu
1777 1414 1922 1445 exteriori
1945 1420 1991 1444 est
2014 1423 2051 1444 ex
2065 1413 2206 1444 interiori
2230 1413 2306 1443 odio
2323 1413 2511 1453 participato

1442 1467 1474 1491 et
1495 1460 1620 1490 incluso
1643 1459 1676 1489 in
1691 1456 1762 1489 actu
1787 1458 1943 1494 exteriori,
1960 1464 2021 1488 stat
2043 1458 2132 1498 quod
2156 1464 2244 1488 actus
2260 1457 2395 1488 exterior
2417 1458 2512 1488 addat

1442 1504 1633 1544 culpabilem
1656 1503 1852 1542 gravitatem.
1878 1502 1982 1532 Immo
2006 1511 2043 1531 ex
2065 1502 2128 1532 hoc
2149 1501 2221 1542 ipso
2245 1502 2335 1542 quod
2353 1508 2442 1532 actus
2464 1502 2511 1531 in·-

1443 1548 1540 1580 terior
1553 1546 1755 1588 progreditur
1770 1546 1802 1576 in
1819 1546 2015 1582 exteriorem,
2032 1545 2140 1576 crescit
2155 1546 2288 1576 malitia:
2305 1545 2386 1577 sicut
2401 1555 2438 1576 ex
2449 1546 2512 1577 hoc

1443 1592 1532 1634 quod
1555 1591 1642 1622 radix
1664 1590 1786 1631 profert
1809 1590 1961 1630 plantam,
1986 1589 2096 1620 crescit
2117 1589 2192 1621 vita.

1497 1635 1580 1667 VIII.
1605 1635 1656 1665 Ad
1679 1634 1821 1676 primum
1846 1641 1954 1664 autem
1975 1640 2210 1674 argumentum,
2241 1640 2374 1673 negatur
2399 1633 2511 1666 maior.

1444 1681 1493 1711 Ad
1517 1679 1741 1721 probationem
1761 1678 1875 1709 dicitur
1897 1678 1987 1719 quod
2010 1686 2098 1709 actus
2117 1677 2252 1708 exterior
2273 1677 2369 1708 habet
2391 1677 2513 1718 aliquid

1443 1724 1602 1765 gravitatis
1626 1722 1793 1763 culpabilis
1816 1723 1905 1763 quod
1930 1732 1996 1752 non
2019 1722 2115 1752 habet
2138 1728 2226 1752 actus
2252 1721 2386 1752 interior
2407 1722 2512 1752 solus:

1444 1769 1488 1800 sic
1511 1768 1598 1799 enim
1620 1768 1660 1797 ad
1683 1767 1790 1808 ipsum
1813 1766 1849 1797 fit
1872 1766 2080 1807 comparatio.
2102 1767 2186 1796 Nam
2210 1765 2236 1796 si
2260 1767 2299 1796 ad
2326 1772 2434 1796 actum
2462 1766 2512 1796 in-

1444 1813 1593 1845 teriorem
1616 1812 1825 1842 coniunctum
1849 1810 1994 1842 exteriori
2016 1810 2105 1840 fieret
2127 1810 2335 1850 comparatio,
2358 1809 2515 1842 diceretur

1444 1857 1533 1899 quod
1556 1866 1621 1887 una
1644 1864 1674 1886 et
1697 1865 1798 1896 aequa
1821 1861 1868 1885 est
1890 1855 2056 1895 utriusque
2072 1854 2202 1890 malitia,
2219 1864 2275 1894 per
2295 1854 2382 1884 viam
2396 1855 2513 1885 redun-

1445 1901 1570 1933 dantiae
1593 1899 1667 1931 hinc
1690 1906 1721 1930 et
1743 1899 1828 1936 inde,
1853 1905 1889 1929 ut
1910 1899 1943 1930 in
1966 1898 2167 1940 praecedenti
2190 1898 2286 1929 Libro
2301 1897 2321 1916 ⁴*
2335 1904 2432 1939 patet.

1499 1946 1541 1977 Et
1564 1954 1639 1975 cum
1662 1943 1814 1984 arguitur,
1837 1945 1905 1974 Aut
1926 1943 2006 1973 illud
2028 1942 2187 1982 gravitatis
2211 1943 2301 1984 quod
2321 1941 2409 1973 addit
2431 1949 2514 1972 exte-

1444 1989 1508 2020 rior
1519 1995 1607 2020 actus
1618 1986 1844 2019 subordinatur
1854 1986 2005 2023 interiori,
2018 1993 2073 2017 aut
2084 1995 2191 2017 non:—
2202 1987 2412 2027 respondetur
2423 1987 2514 2027 quod

1442 2034 1507 2064 iam
1530 2033 1684 2073 digressio
1707 2031 1743 2062 fit
1766 2032 1804 2062 ab
1829 2038 1900 2062 actu
1923 2030 2065 2062 interiori
2091 2031 2162 2061 solo
2187 2041 2243 2061 seu
2267 2031 2445 2062 secundum
2470 2041 2512 2068 se,

1443 2078 1484 2108 ad
1505 2078 1682 2118 ipsummet
1705 2076 1914 2106 coniunctum
1936 2086 1992 2106 seu
2009 2082 2046 2106 ut
2066 2075 2147 2106 ratio
2163 2082 2211 2106 est
2233 2075 2393 2106 exterioris
2409 2081 2512 2112 actus;

1444 2128 1475 2153 et
1497 2129 1665 2163 propterea
1688 2119 1868 2160 egredimur
1891 2126 1975 2150 extra
1997 2119 2196 2160 propositam
2227 2119 2513 2160 comparationem.

1444 2167 1672 2203 Veruntamen,
1696 2164 1860 2205 sequendo
1885 2163 2098 2194 diversionem
2121 2164 2310 2204 argumenti,
2342 2164 2513 2204 responde-

1444 2218 1496 2241 tur
1518 2210 1608 2252 quod
1631 2209 1858 2240 subordinatur
1887 2215 1924 2238 ut
1947 2208 2090 2238 executio
2114 2207 2279 2248 appetitui.
2312 2208 2353 2238 Et
2377 2217 2451 2238 cum
2475 2218 2513 2239 ex

1445 2256 1506 2285 hoc
1529 2254 1681 2289 infertur,
1705 2253 1791 2292 Ergo
1814 2252 1847 2282 in
1871 2259 1942 2284 actu
1966 2252 2109 2283 interiori
2132 2259 2180 2282 est
2202 2252 2323 2293 aliquid
2353 2252 2513 2292 gravitatis

1444 2298 1696 2339 correspondens
1709 2297 1756 2327 illi
1771 2297 1852 2337 parti
1866 2306 1965 2337 quam
1981 2297 2096 2326 addere
2119 2296 2234 2327 dicitur
2259 2304 2347 2327 actus
2363 2296 2512 2327 exterior:

1443 2360 1464 2366 —
1476 2343 1672 2378 conceditur,
1696 2341 1783 2382 quia,
1807 2347 1843 2372 ut
1866 2340 1988 2372 dictum
2011 2348 2058 2371 est
2072 2340 2100 2377 *,
2124 2350 2161 2371 ex
2177 2347 2248 2370 actu
2266 2340 2411 2372 exteriori
2427 2341 2514 2372 dete—
2538 2345 2548 2355 ⁸
2561 2344 2632 2366 Num.
2645 2345 2750 2373 praeced.

1443 2387 1507 2418 rior
1528 2387 1564 2417 fit
1588 2393 1676 2417 actus
1698 2385 1829 2416 interior
1853 2385 2054 2416 coniunctus.
2087 2385 2150 2415 Sed
2175 2394 2249 2415 cum
2274 2384 2401 2422 dicitur,
2426 2385 2512 2425 Ergo

1442 2432 1519 2462 haec
1535 2430 1669 2471 gravitas
1686 2435 1829 2471 praeerat
1844 2429 1876 2459 in
1893 2435 1964 2460 actu
1985 2425 2142 2461 interiori:
2156 2447 2177 2451 —
2193 2436 2334 2469 negatur.
2352 2429 2450 2460 Aliud
2466 2436 2513 2460 est

1443 2476 1530 2505 enim
1553 2474 1739 2515 gravitatem
1762 2473 1844 2503 hanc
1866 2473 1999 2503 inveniri
2022 2473 2054 2503 in
2079 2479 2150 2503 actu
2174 2473 2316 2503 interiori
2340 2473 2512 2504 coniuncto

1444 2518 1602 2554 exteriori,
1627 2524 1659 2548 et
1675 2516 1767 2547 valiud
1791 2523 1838 2547 est
1859 2517 1994 2547 inveniri
2018 2517 2051 2547 in
2074 2524 2145 2547 actu
2169 2517 2310 2547 interiori
2334 2519 2511 2548 secundum

1444 2571 1492 2592 se:
1517 2562 1657 2602 primum
1675 2568 1721 2592 est
1736 2570 1864 2597 verum,
1889 2561 2067 2591 secundum
2083 2561 2210 2591 falsum.
2234 2561 2276 2592 Et
2290 2571 2408 2598 rursus,
2425 2562 2512 2592 aliud

1444 2613 1491 2637 est
1513 2605 1700 2637 huiusmodi
1723 2604 1906 2645 gravitatem
1928 2605 1961 2635 in
1981 2612 2052 2635 actu
2075 2604 2216 2636 interiori
2240 2605 2412 2637 coniuncto
2428 2613 2512 2636 mrte-

1442 2650 1517 2681 riori
1541 2649 1685 2687 inveniri,
1710 2655 1741 2679 et
1763 2648 1849 2680 aliud
1865 2656 1913 2679 est
1934 2649 1967 2679 in
1983 2649 2098 2679 eodem
2122 2649 2344 2689 praeinveniri:
2369 2649 2511 2691 primum

1445 2702 1492 2725 est
1513 2704 1639 2730 verum,
1664 2693 1839 2723 secundum
1864 2692 1992 2723 falsum.
2015 2693 2056 2723 Et
2071 2703 2190 2729 rursus,
2222 2693 2308 2723 aliud
2331 2701 2379 2724 est
2401 2694 2511 2724 huius—

1445 2739 1533 2769 modi
1549 2738 1735 2778 gravitatem
1758 2737 1833 2767 oriri
1849 2737 2024 2767 radicaliter
2045 2747 2083 2767 ex
2106 2744 2177 2768 actu
2194 2736 2353 2775 interiori,
2377 2745 2408 2769 et
2423 2738 2510 2769 aliud

1445 2790 1491 2814 est
1514 2782 1741 2823 perfectionem
1764 2788 1795 2812 et
1817 2781 2129 2812 consummationem
2149 2781 2264 2811 habere
2281 2791 2317 2812 ex
2332 2781 2405 2812 illo:
2435 2792 2509 2813 nam

1446 2828 1586 2868 primum
1610 2833 1657 2856 est
1677 2836 1803 2862 verum,
1828 2825 2004 2856 secundum
2020 2825 2148 2856 falsum.
2172 2826 2260 2856 Haec
2276 2835 2351 2865 ergo
2366 2826 2510 2858 distincte

1446 2872 1620 2907 considera,
1645 2877 1675 2900 et
1699 2870 1801 2900 solves
1819 2869 1958 2900 obiecta.

1500 2916 1551 2946 Ad
1574 2914 1752 2946 secundum
1783 2914 1897 2945 dicitur
1925 2913 2014 2954 quod
2037 2913 2141 2944 maior
2163 2912 2400 2944 modificatione
2429 2922 2509 2954 eget.

1444 2961 1528 2991 Nam
1552 2959 1638 2990 aliud
1662 2966 1708 2989 est
1730 2958 1820 2999 loqui
1845 2958 1883 2988 de
1907 2957 2073 2988 communi
2100 2958 2192 2988 bonis
2216 2965 2247 2988 et
2269 2958 2361 2988 malis
2388 2959 2510 2990 actibus

1445 3004 1478 3035 in
1500 3014 1558 3034 sua
1580 3002 1790 3034 abstractione
1812 3008 1957 3042 sumpto:
1982 3008 2014 3032 et
2035 3002 2122 3032 aliud
2145 3002 2185 3032 de
2208 3003 2324 3033 eodem
2347 3010 2509 3034 contracto

1446 3049 1486 3079 ad
1508 3047 1751 3078 consonantiam
1765 3047 1815 3077 vel
1830 3045 2060 3077 dissonantiam
2074 3046 2190 3077 rationi
2204 3053 2316 3078 rectae.
2339 3047 2424 3078 Nam
2438 3047 2511 3079 licet

1445 3093 1551 3133 primo
1575 3092 1675 3122 modo
1699 3101 1766 3122 non
1788 3097 1950 3131 aggravet,
1975 3090 2117 3121 secundo
2146 3097 2255 3121 tamen
2277 3092 2378 3122 modo
2402 3101 2510 3132 aggra-

1446 3143 1506 3168 vat.
1531 3137 1573 3167 Et
1595 3136 1639 3166 sic
1655 3142 1701 3166 est
1723 3135 1756 3165 in
1772 3135 1951 3175 proposito.
1973 3135 2096 3165 Nocere
2111 3135 2259 3175 proximo
2275 3142 2383 3166 contra
2408 3143 2509 3167 rectae

1445 3180 1576 3212 rationis
1604 3179 1760 3210 iudicium
1783 3186 1830 3210 est
1851 3189 1918 3210 non
1945 3188 2118 3210 commune
2142 3179 2239 3211 *bonis
2267 3186 2298 3210 et
2319 3179 2411 3210 malis
2434 3180 2509 3211 acti-

1445 3225 1515 3261 bus,
1538 3225 1594 3255 sed
1609 3231 1807 3254 contractum
1829 3223 1870 3253 ad
1884 3223 2007 3254 malum
2022 3223 2159 3254 morale:
2185 3230 2216 3254 et
2238 3233 2275 3254 ex
2296 3223 2358 3254 hoc
2382 3231 2510 3264 oportet

1445 3275 1611 3310 peccatum
1633 3267 1766 3308 gravari.

1502 3313 1554 3343 Ad
1576 3312 1705 3343 tertium
1729 3311 1842 3342 dicitur
1857 3311 1947 3352 quod
1962 3311 1995 3342 in
2010 3311 2112 3342 littera
2135 3311 2307 3351 explicatur
2321 3311 2411 3351 quod
2430 3321 2507 3342 neu-

1445 3363 1495 3388 tro
1518 3356 1618 3387 modo
1642 3363 1689 3386 est
1712 3365 1834 3392 sermo,
1858 3355 1914 3386 sed
1936 3355 2030 3386 tertio
2059 3355 2177 3385 modo:
2209 3354 2326 3385 scilicet
2348 3365 2384 3385 ex
2408 3365 2507 3386 nocu-

1445 3407 1554 3432 mento
1578 3401 1667 3441 quod
1698 3399 1831 3431 infertur
1852 3399 1882 3431 ei
1905 3406 2015 3431 contra
2044 3409 2143 3440 quem
2170 3405 2326 3438 peccatur.
2355 3399 2421 3430 Sub
2444 3399 2507 3431 hoc

1445 3445 1531 3476 enim
1554 3444 1834 3484 comprehenditur
1856 3443 1920 3474 sive
1943 3443 2011 3484 ipse
2026 3443 2090 3474 sive
2113 3442 2202 3478 alius,
2226 3452 2292 3473 non
2315 3449 2352 3473 ut
2374 3443 2442 3483 ipse
2456 3444 2507 3474 vel

1446 3489 1535 3525 alius,
1560 3489 1616 3519 sed
1638 3495 1675 3519 ut
1697 3495 1744 3519 est
1764 3487 1791 3519 is
1814 3495 1923 3520 contra
1945 3497 2042 3529 quem
2074 3487 2189 3517 directe
2217 3496 2273 3517 seu
2295 3496 2352 3527 per
2374 3497 2407 3518 se
2434 3498 2506 3527 pec-

1446 3540 1541 3565 catur.
1566 3533 1606 3563 Et
1622 3542 1658 3563 ex
1674 3532 1734 3564 hoc
1753 3532 1928 3563 excluditur
1943 3532 2079 3562 obiectio
2097 3530 2242 3571 apposita
2255 3531 2294 3561 de
2310 3539 2505 3562 nocumento

2535 756 2543 765 ·
2565 755 2601 776 De
2618 755 2684 776 Trin.
2705 755 2745 776 lib.

2558 781 2596 807 111,
2608 787 2658 809 cap.
2674 788 2696 803 v.

2539 1902 2549 1912 ⁸
2563 1901 2612 1928 Qu.
2627 1908 2665 1929 xx,
2686 1905 2728 1923 art.
2744 1908 2751 1923 ¹

2540 1934 2593 1956 sqq.
