2892 4056
43 397 254 445 {Jfflrfflffl

45 451 54 460 ·
68 449 135 472 Vers.
149 455 183 471 22.

988 146 1252 193 QUAESTIO
1281 146 1332 192 x,
1362 145 1656 182 ARTffiuLUs
1686 145 1734 180 111

281 226 571 271 conculcaverit,
600 231 636 263 et
664 226 888 276 sanguinem
925 226 1132 263 testamenti
1150 225 1334 273 pollutum

281 278 442 324 duxerit,
461 279 499 315 in
523 289 596 326 quo
624 277 874 326 sanctificatus
900 278 981 315 est?
1008 279 1109 326 Ergo
1138 277 1336 314 infidelitas

281 343 360 369 non
388 338 444 367 est
471 330 681 367 maximum
709 339 921 380 peccatum.

335 384 410 420 SED
434 394 579 420 coum
597 395 663 420 EST
691 384 795 433 quod
813 383 1045 431 Augustinus
1066 382 1152 419 dicit
1169 382 1200 428 ²¹⁶,
1223 393 1336 430 expo-

282 447 375 475 nens
402 435 495 473 illud
515 437 619 472 Ioan.
639 448 687 472 xv
700 436 732 484 ²⁸,
755 452 774 470 «
789 436 829 473 Si
852 448 930 473 non
952 435 1155 480 venissem,
1177 442 1212 471 et
1232 435 1334 471 locu-

280 496 341 526 tus
370 488 423 525 eis
450 500 528 525 non
557 489 730 535 fuissem,
759 496 958 537 peccatum
986 499 1064 524 non
1091 487 1334 524 haberent»:

281 542 486 590 Magnum,
502 541 632 590 inquit,
648 541 835 590 quoddam
850 546 866 568 Ὺ
873 545 1070 588 peccatum
1084 541 1152 576 suh
1165 539 1338 588 generali

281 594 432 630 nomine
449 594 529 630 vult
550 594 715 643 intelligi.
743 594 834 630 Hoc
850 593 948 629 enim
968 597 1022 628 est
1037 598 1245 640 peccatum,
1266 592 1334 628 sci-

279 645 366 683 licet
380 646 620 694 infidelitatis,
637 658 709 695 quo
728 650 898 682 tenentur
910 650 1043 680 cuncta
1045 650 1222 718 ⁶peccata.
1249 645 1335 681 Infi-
1361 672 1362 678 ,

282 698 412 736 delitas
433 711 522 746 ergo
549 706 603 736 est
626 698 836 736 maximum
856 696 1029 734 omnium
1045 694 1332 744 ⁶.peccatorum

335 752 560 789 RESPONDEO
580 762 762 788 monimum
781 749 886 798 quod
909 761 1022 786 omne
1043 757 1241 797 peccatum
1261 750 1335 786 for-

282 803 427 840 maliter
455 804 620 841 consistit
647 803 685 840 in
712 802 911 839 aversione
940 813 963 838 a
989 802 1086 846 Deo,
1114 809 1155 837 ut
1183 814 1296 849 supra
1314 801 1334 823 '¹‘
1360 801 1363 814 '

282 855 424 894 dictum
445 865 510 894 est.
537 856 648 894 Unde
666 862 770 892 tanto
789 853 942 902 aliquod
960 861 1159 902 peccatum
1181 861 1235 890 est
1253 866 1334 901 gra-

281 908 365 945 vius
392 916 534 957 quanto
558 920 626 957 per
653 908 777 956 ipsum
806 908 925 943 homo
945 906 1064 953 magis
1082 918 1104 942 a
1124 907 1208 942 Deo
1228 918 1334 954 sepa-

281 968 393 999 retur.
431 962 506 998 Per
530 960 790 998 infidelitatem
817 966 944 996 autem
972 958 1137 996 maxime
1164 959 1284 995 homo
1313 970 1335 994 a

280 1014 364 1051 Deo
394 1014 608 1061 elongatur:
638 1012 726 1061 quia
749 1024 819 1049 nec
836 1024 969 1048 veram
989 1011 1061 1049 Dei
1081 1011 1334 1059 cognitionem

279 1066 411 1111 habet3
441 1078 509 1114 per
535 1066 669 1102 falsam
697 1073 826 1102 autem
843 1064 1100 1112 ¹cognitionem
1122 1064 1238 1112 ipsius
1257 1076 1334 1101 non

279 1118 559 1168 appropinquat
572 1123 584 1139 ⁸
604 1118 649 1165 ei,
666 1119 731 1155 sed
751 1118 872 1166 magis
890 1118 938 1154 ab
958 1129 1005 1154 eo
1026 1118 1230 1165 elongatur.
1252 1117 1335 1153 Nec
1360 1146 1362 1154 ,

278 1178 403 1220 potest
422 1183 504 1208 esse
524 1172 629 1219 quod
645 1178 828 1230 quantum
847 1170 895 1208 ad
914 1169 1030 1219 quid·t
1050 1171 1176 1207 Deum
1194 1181 1336 1217 cogno-

279 1230 358 1263 scat
376 1224 440 1272 qui
459 1224 591 1261 falsam
621 1223 840 1272 opinionem
865 1223 939 1260 de
931 1235 1014 1272 ipso
1033 1223 1167 1259 habet:
1189 1222 1276 1271 quia
1294 1222 1334 1259 id

266 1275 494 1329 Vqtjpdupse
522 1277 697 1325 opinatur
715 1289 794 1314 non
823 1283 878 1313 est
901 1277 1019 1313 Deus.
1047 1275 1158 1312 Unde
1177 1274 1334 1312 manife—

279 1335 380 1366 stum
409 1337 465 1366 est
491 1329 596 1377 quod
628 1337 827 1378 peccatum
854 1328 1082 1366 infidelitatis
1120 1335 1175 1364 est
1211 1327 1333 1365 maius

279 1381 460 1430 omnibus
477 1382 642 1431 peccatis
669 1394 767 1430 quae
795 1381 1015 1428 contingunt
1032 1381 1070 1416 in
1088 1380 1332 1428 perversitate

245 1455 252 1462 ·
278 1445 444 1474 morum.
475 1435 594 1472 Secus
612 1441 740 1471 autem
761 1441 818 1470 est
837 1433 884 1470 de
903 1433 1065 1481 peccatis
1084 1444 1183 1480 quae
1211 1444 1333 1480 oppo-

278 1492 420 1529 nuntur
433 1486 513 1524 aliis
526 1486 724 1524 virtutibus
739 1485 970 1533 theologicis,
982 1492 1022 1521 ut
1040 1484 1164 1522 infra*
1178 1484 1332 1522 dicetur.

2394 145 2437 180 81

1442 224 1500 259 An
1529 234 1665 259 PRIMUM
1693 233 1791 259 ERGO
1816 233 2000 259 chENDUM
2028 221 2133 269 quod
2161 220 2251 258 nihil
2270 221 2445 269 prohibet

1389 283 1589 324 peccatum
1618 275 1722 323 quod
1751 282 1805 312 est
1831 274 1983 322 gravius
2011 274 2223 310 seeundum
2252 285 2364 310 suum
2383 286 2445 321 ge-

1390 340 1461 365 nus
1490 340 1572 364 esse
1601 327 1726 364 minus
1754 339 1869 376 grave
1893 327 2103 364 seeundum
2124 325 2267 374 aliquas
2287 326 2445 362 circum-

1389 380 1554 418 stantias.
1585 381 1633 417 Et
1651 388 1805 439 propter
1823 380 1898 417 hoc
1913 385 1930 407 η
1950 379 2182 428 Augustinus
2201 379 2320 416 noluit
2339 390 2444 427 prae—

1390 433 1543 482 cipitare
1581 433 1801 470 sententiam
1831 434 1879 470 de
1907 433 2008 470 malo
2039 432 2222 469 catholico
2253 439 2288 468 et
2314 432 2445 469 haere-

1361 489 1363 511 ἲ
1388 486 1462 523 tico
1483 485 1572 522 alias
1592 498 1669 522 non
1689 492 1890 534 peccante:
1919 485 2008 534 quia
2035 492 2237 534 peccatum
2256 484 2444 532 haeretici,

1361 549 1363 588 g
1390 539 1457 575 etsi
1486 538 1531 574 sit
1558 538 1710 586 gravius
1731 550 1775 574 ex
1794 550 1944 586 genere,
1964 545 2089 586 potest
2107 545 2236 574 tamen
2257 549 2302 573 ex
2321 537 2446 586 aliqua

1390 591 1668 628 circumstantia
1701 591 1886 635 alleviari;
1917 599 1952 627 et
1980 603 2001 626 e
2030 602 2216 627 converso
2246 597 2444 638 peccatum

1390 644 1560 681 catholici
1591 656 1634 680 ex
1663 643 1787 692 aliqua
1815 643 2091 680 circumstantia
2119 642 2325 690 aggravari.

1441 699 1500 733 Αι)
1529 708 1717 733 SECUNDUM
1746 708 1930 732 montinum
1963 697 2067 743 quod
2099 695 2299 732 infidelitas
2330 696 2446 732 habet

1390 747 1452 785 et‘³
1472 749 1722 796 ignorantiam
1746 748 1976 794 adiunctam,
2006 756 2042 784 et
2068 748 2184 784 habet
2210 748 2377 785 renisum
2396 748 2445 785 ad

1390 814 1435 837 ea
1455 813 1553 848 quae
1569 808 1655 838 sunt
1668 801 1775 837 fidei:
1798 808 1834 836 et
1852 812 1898 836 ex
1915 801 1987 837 hac
2006 808 2110 849 parte
2130 801 2244 837 habet
2258 801 2444 837 rationem

1388 853 1532 901 peccati
1564 853 1786 901 gravissimi.
1826 853 1883 889 Ex
1915 860 2020 901 parte
2058 860 2184 889 autem
2212 853 2444 900 ignorantiae

1361 917 1363 951 ;
1388 906 1503 942 habet
1531 905 1697 953 aliquam
1717 905 1902 941 rationem
1923 905 2193 941 excusationis:
2224 913 2260 942 et
2278 906 2443 942 maxime

1388 958 1543 1007 quando
1572 957 1706 1006 aliquis
1734 970 1779 994 ex
1808 957 1948 994 malitia
1977 970 2052 994 non
2082 966 2225 1006 peccat,
2255 958 2350 995 sicut
2377 958 2445 995 fuit

1388 1011 1427 1048 in
1454 1011 1653 1059 Apostolo.

1441 1065 1500 1100 Αι)
1519 1074 1678 1100 Teanum
1697 1074 1879 1100 mesanum
1896 1063 2001 1111 quod
2021 1062 2182 1099 infidelis
2200 1075 2271 1111 pro
2284 1071 2442 1112 peccato

1387 1116 1616 1154 infidelitatis
1644 1115 1796 1163 gravius
1822 1115 1978 1163 punitur
2005 1127 2121 1163 quam
2150 1115 2244 1152 alius
2267 1123 2443 1164 peccator

1387 1181 1458 1217 pro
1487 1180 1733 1217 quocumque
1761 1167 1833 1204 alio
1852 1175 2022 1216 peccato,
2043 1168 2280 1205 considerato
2299 1168 2443 1217 peccati

1387 1233 1536 1270 genere.
1568 1221 1645 1258 Sed
1663 1233 1734 1269 pro
1754 1221 1827 1257 alio
1849 1228 2018 1269 peccato,
2039 1228 2131 1269 puta
2148 1233 2219 1270 pro
2247 1221 2442 1267 adulterio,

1388 1275 1418 1311 si
1448 1274 1704 1311 committatur
1723 1286 1745 1310 a
1763 1273 1866 1311 fideli
1886 1281 1922 1310 et
1940 1274 1988 1310 ab
2007 1273 2150 1310 infideli
2179 1279 2198 1320 ²,
2228 1274 2360 1311 ceteris
2379 1286 2444 1322 pa-

1388 1327 1503 1373 ribus,
1523 1327 1677 1374 gravius
1699 1334 1833 1374 peccat
1859 1326 1980 1363 fidelis
2009 1338 2123 1375 quam
2152 1326 2334 1363 infidelis:
2362 1334 2443 1363 tum

1386 1387 1542 1428 propter
1561 1378 1732 1415 notitiam
1751 1379 1918 1416 veritatis
1937 1391 1982 1415 ex
2001 1379 2096 1425 fide;
2125 1387 2206 1416 tum
2227 1379 2339 1416 etiam
2358 1391 2445 1428 pro-

1385 1439 1469 1481 pter
1495 1438 1735 1468 sacramenta
1761 1431 1852 1468 fidei
1872 1432 2010 1479 quibus
2030 1439 2086 1468 est
2104 1431 2284 1479 imbutus,
2305 1432 2443 1479 quibus

1388 1484 1586 1533 peccando
1617 1483 1885 1520 contumeliam
1916 1483 2012 1520 facit.

283 1632 299 1642 ἦ.
329 1611 358 1671 ξ)
376 1611 470 1643 inquit,
488 1611 634 1644 quoddam.
650 1624 671 1630 -
686 1611 792 1643 quidem
812 1610 898 1642 inquit
915 1610 1049 1642 quoddam
1068 1611 1114 1639 Pa,
1133 1618 1186 1635 οιιι.
1206 1611 1238 1635 G.

299 1673 307 1681 .
345 1647 355 1680 )
374 1649 500 1672 omnium.
519 1660 536 1665 -
554 1647 616 1672 Om.
636 1647 732 1671 PHKa.

290 1680 295 1692 ¹
313 1681 355 1713 ’5)
372 1681 579 1714 appropinquat.
597 1695 615 1701 —-
631 1682 865 1714 appropinquatur
883 1681 921 1706 lx.

329 1715 356 1747 ζ)
374 1716 447 1749 quid.
465 1730 484 1735 -
501 1717 604 1749 aliquid
621 1717 666 1742 sE.
683 1730 702 1736 —
721 1717 771 1741 Pro
791 1717 855 1749 ipso,
876 1723 906 1741 eo
925 1716 994 1740 ΡΚα.

300 1782 301 1785 ¹
330 1751 359 1784 η)
373 1755 489 1785 propter
506 1752 562 1778 hoc.
580 1765 599 1771 -
616 1752 676 1777 ideo
694 1752 740 1777 Pa.

1440 1609 1466 1641 θ)
1485 1613 1520 1635 et.
1537 1624 1556 1629 ·—
1574 1610 1635 1635 Om.
1654 1611 1702 1635 Pa.
1719 1623 1738 1628 -
1756 1611 1806 1634 Pro
1826 1610 1951 1638 renisum,
1971 1613 2117 1641 respectum
2137 1610 2199 1640 1Kx,
2219 1617 2354 1635 recursum
2379 1610 2443 1643 pGn

1390 1645 1537 1671 dissensum
1557 1645 1604 1670 Pa.

1444 1681 1463 1712 ι)
1482 1684 1508 1706 et
1525 1681 1558 1705 ab
1578 1680 1686 1714 infideli.
1704 1695 1723 1699 —
1742 1680 1804 1704 Om.
1823 1681 1845 1704 D
1856 1688 1863 1710 ;
1883 1681 1943 1705 item
1957 1680 2046 1714 fidelis
2053 1688 2060 1710 ;
2080 1685 2140 1712 post
2153 1680 2264 1713 gravius
2284 1681 2383 1712 aliquae
2397 1682 2448 1706 edi-

1362 1711 1364 1719 '
1389 1717 1472 1740 tiones
1491 1716 1589 1740 addunt
1602 1716 1718 1747 punitur
1735 1715 1798 1747 quia
1815 1716 1936 1748 gravius.

951 1821 1279 1854 Commenta-ia
1301 1820 1550 1853 Car-<linaiis
1573 1821 1774 1853 Caietam

285 1901 332 1967 ln
355 1893 487 1925 articulo
509 1892 602 1923 tertio
625 1893 766 1924 eiusdem
785 1892 978 1934 quaestionis
999 1892 1133 1923 dubium
1157 1893 1245 1934 quod
1269 1902 1334 1923 esse

312 1944 433 1979 potest,
457 1937 624 1987 quomodo
641 1946 736 1967 omne
753 1943 917 1977 peccatum
936 1937 1109 1967 formaliter
1123 1937 1156 1967 in
1171 1937 1334 1967 aversione
1363 1938 1365 1963 1

281 1981 438 2017 consistit,
460 1980 495 2011 in
517 1980 714 2020 praecedenti
738 1980 868 2011 Libro*
890 1981 1033 2011 solutum
1053 1987 1112 2017 est,
1136 1981 1190 2011 ubi
1214 1980 1335 2011 dictum

280 2032 328 2077 ευρ
345 2025 434 2067 quod
450 2030 627 2065 peccatum,
643 2030 679 2055 ut
697 2031 743 2055 est
764 2024 796 2055 in
818 2034 930 2064 genere
953 2025 1028 2056 mali
1049 2024 1240 2065 simpliciter,
1260 2034 1337 2057 οοιι-

281 2069 361 2112 sistit
376 2069 422 2106 ‚iu
438 2068 600 2100 aversione
622 2067 804 2100 formaliter.

335 2112 372 2144 In
394 2112 508 2143 eodem
541 2111 672 2143 articulo
701 2112 835 2142 dubium
865 2111 1060 2143 novitiorum
1083 2112 1234 2148 occurrit,
1259 2122 1339 2153 quo-

281 2147 381 2188 niodo
403 2155 571 2187 infidelitas
589 2156 719 2206 ponitur
741 2156 960 2196 gravissimum
979 2163 1144 2196 peccatum
1168 2166 1204 2186 ex
1223 2166 1339 2196 genere

281 2211 359 2241 suo,
383 2207 413 2231 et
439 2199 572 2240 gravitas
604 2200 671 2230 eius
694 2207 844 2240 pensatur
871 2210 907 2230 ex
934 2207 1021 2240 parte
1047 2200 1226 2231 aversionis.
1257 2200 1339 2230 Nam

134 2258 158 2271 w
193 2284 195 2293 ,
224 2255 227 2262 ’
247 2255 249 2257 ·
281 2244 416 2285 gnavius
436 2244 556 2283 peceati
579 2252 616 2274 ex
637 2252 750 2283 genere
773 2254 846 2280 suo,
871 2253 953 2285 quae
972 2250 1022 2274 est
1043 2245 1176 2284 gravitas
1199 2245 1339 2274 substan-

282 2287 364 2325 nolis
387 2287 469 2324 eius,
494 2287 664 2319 attenditur
685 2297 783 2327 penes
814 2287 975 2319 obiectum
1001 2298 1057 2319 seu
1080 2287 1178 2320 finem
1200 2288 1337 2328 peceati·

283 2339 331 2383 ιιι
337 2331 375 2364 in
398 2340 454 2373 qu.
468 2330 593 2363 Lxxm*
615 2331 828 2373 praecedentis
850 2331 935 2363 Libri
958 2339 1054 2373 patet.
1077 2332 1210 2363 Aversio
1233 2339 1340 2364 autem

282 2371 316 2407 in
337 2381 467 2419 peccato
491 2373 640 2406 dividitur
663 2381 772 2406 contra
793 2375 965 2406 obiectum.

324 2419 389 2451 Ad
411 2417 473 2450 hoc
491 2418 624 2449 breviter
646 2418 768 2454 dicitur,
784 2427 820 2449 ex
842 2418 1002 2459 praedicto
1024 2419 1097 2450 loco
1111 2419 1129 2439 *
1130 2419 1243 2461 ,quod
1266 2419 1342 2461 quia

283 2463 405 2494 aversio
420 2462 625 2504 consequitur
636 2462 875 2492 conversionem
888 2462 927 2492 ad
939 2462 1108 2498 obiectum,
1119 2469 1240 2503 quanto
1255 2462 1341 2493 obie-

285 2514 372 2538 ctum
394 2506 435 2537 ad
457 2505 545 2547 quod
574 2505 610 2537 fit
631 2506 795 2536 conversio
824 2506 918 2545 peius
941 2513 1002 2542 est,
1025 2512 1114 2536 tanto
1145 2506 1267 2536 aversio
1294 2512 1342 2536 est

285 2551 399 2581 maior:
424 2560 460 2580 ac
476 2559 531 2590 per
553 2550 614 2580 hoc
636 2557 801 2588 peccatum
822 2550 946 2589 gravius
961 2559 998 2580 ex
1016 2560 1132 2589 genere
1155 2557 1202 2580 est
1213 2549 1341 2589 gravius

285 2594 461 2629 secundum
482 2593 689 2628 aversionem.
713 2594 754 2624 Et
776 2593 820 2625 sic
843 2601 889 2625 est
910 2594 942 2624 in
964 2594 1142 2635 proposito,
1170 2594 1254 2625 Nam
1274 2592 1342 2625 infi-

285 2638 409 2674 delitas,
433 2647 514 2678 quae
543 2637 685 2668 consistit
707 2637 739 2667 in
767 2637 909 2669 dissensu
937 2644 1158 2669 contemnente
1180 2637 1342 2670 veritatem

283 2682 429 2723 primam,
454 2681 645 2712 convenitur
659 2681 700 2711 ad
721 2681 914 2712 contrarium
934 2681 1053 2721 primae
1076 2681 1213 2712 veritati:
1237 2691 1273 2711 ac
1288 2691 1344 2721 per

284 2726 346 2757 hoc
366 2725 561 2756 aversionem
577 2725 671 2755 habet
685 2735 703 2755 a
714 2725 816 2765 prima
825 2725 953 2756 veritate
965 2734 1030 2755 non
1045 2725 1152 2756 solum
1168 2725 1343 2756 secundum

284 2769 441 2806 affectum,
465 2776 501 2800 ut
522 2768 597 2799 vitia
619 2769 762 2805 moralia,
786 2769 840 2799 sed
863 2769 1039 2800 secundum
1062 2768 1285 2809 cognitionem,
1310 2775 1346 2799 ut

285 2813 318 2844 in
339 2813 440 2844 littera
464 2813 586 2843 dicitur.
619 2813 660 2843 Et
689 2819 854 2853 propterea
886 2813 930 2843 eis
957 2813 1107 2846 omnibus
1134 2813 1260 2856 gravius
1288 2820 1343 2845 est.

341 2857 438 2888 11.1n
454 2857 568 2887 eodem
583 2856 714 2887 articulo
738 2856 872 2887 dubium
895 2867 932 2887 ex
955 2857 1073 2897 duplici
1091 2857 1190 2897 capite
1210 2857 1371 2898 occurrit·

284 2901 366 2932 eitun
387 2900 441 2931 iu·
459 2900 570 2931 uerba:
602 2900 671 2931 Nec
691 2905 798 2940 potest
811 2909 887 2932 ease
913 2901 998 2941 quod
1021 2906 1175 2941 quantum
1198 2901 1242 2931 ad
1265 2901 1345 2941 quid

287 2945 390 2978 thum
410 2944 586 2985 agnoscat
606 2945 663 2984 qui
675 2944 802 2984 falsam
819 2945 1000 2985 opinionem
1022 2945 1063 2976 de
1078 2954 1115 2975 oo
1136 2945 1246 2976 habet:
1266 2946 1343 2986 quia

284 2988 321 3019 id
334 2988 450 3029 quod
438 2997 505 3028 epse
519 2989 671 3028 qinom
689 2997 755 3019 non
777 2994 824 3020 est
843 2989 943 3020 Deus.
967 2989 1085 3025 Primo,
1108 2988 1184 3029 quia
1204 2988 1284 3019 falsa
1298 2989 1343 3019 vi-

287 3032 410 3062 dentur.
432 3031 599 3068 Quoniam
618 3031 769 3068 infidelis,
793 3039 870 3072 puta
887 3032 1027 3064 iudaeus
1049 3033 1099 3063 vel
1121 3032 1342 3073 philosophus,

246 3115 250 3119 .
285 3075 426 3106 restitans
453 3074 552 3106 fidem
579 3075 819 3112 incarnationis,
850 3083 1007 3119 qumtum
1030 3077 1069 3106 ad
1092 3076 1212 3116 aliquid
1238 3077 1343 3108 Deum

287 3119 460 3160 cognoscit,
483 3125 561 3170 puta
578 3119 672 3160 quod
694 3126 741 3150 est
761 3129 858 3160 super
876 3120 995 3157 omnia,
1017 3127 1106 3151 actus
1129 3129 1239 3172 purus,
1262 3121 1344 3161 opti-

287 3172 382 3194 mum
402 3163 567 3199 ominum,
589 3163 693 3203 prima
715 3172 818 3200 cauca,
836 3170 914 3195 etc..
947 3170 978 3194 et
1003 3164 1066 3194 hoc
1087 3164 1254 3205 opinatum
1276 3174 1344 3195 ιιοιι

287 3207 496 3247 assumpsisse
525 3216 654 3238 earnem
689 3214 736 3238 est
765 3207 862 3239 Deus.
892 3225 910 3231 -
938 3207 980 3238 Et
1008 3206 1222 3239 confirmatur.
1259 3209 1344 3246 Quia

287 3251 377 3282 aliter
401 3250 535 3282 fidelitas
556 3257 588 3281 et
608 3249 776 3283 infidelitas
797 3260 868 3282 non·
887 3258 992 3282 essent
1011 3251 1051 3282 de
1071 3252 1204 3289 eodem,
1222 3253 1371 3284 scilicet

287 3295 368 3326 Deo.
385 3295 426 3326 Et
441 3304 564 3335 semper
580 3301 660 3325 esset
675 3295 892 3336 aequivocatio
906 3295 988 3326 inter
1001 3294 1126 3327 fidelem
1142 3302 1174 3327 et
1185 3295 1345 3328 infidelem

285 3339 321 3369 in
339 3338 548 3379 disptmndo,
563 3345 621 3369 otc.

1392 1902 1491 1922 errare
1513 1892 1546 1922 in
1570 1892 1647 1928 aliis,
1673 1899 1749 1932 puta
1772 1893 1860 1932 quod
1884 1892 1996 1922 Ismael
2020 1903 2085 1923 non
2109 1892 2168 1923 fuit
2191 1891 2275 1922 filius
2298 1892 2451 1929 Abrahae,

1393 1943 1423 1966 et
1445 1936 1612 1967 similibus.

1449 1980 1500 2010 111.
1525 1981 1575 2010 Ad
1599 1980 1675 2010 haec
1691 1979 1801 2010 ordine
1816 1980 1999 2019 retrogrado
2018 1980 2131 2010 dicitur
2154 1980 2253 2020 quod,
2279 1959 2359 2020 quia
2368 1980 2453 2010 obie—

1392 2030 1480 2055 etum
1495 2022 1568 2054 fidei
1585 2031 1631 2055 est
1645 2024 1741 2060 Deus,
1767 2031 1797 2055 et
1819 2023 1969 2064 opposita
1985 2031 2060 2055 sunt
2082 2024 2162 2055 circa
2177 2023 2272 2060 idem,
2287 2023 2453 2054 infidelitas

1364 2091 1365 2095 ,
1393 2067 1474 2099 circa
1488 2068 1594 2099 Deum
1611 2075 1667 2099 est.
1691 2068 1732 2099 Et
1753 2068 2028 2109 quemadmodum
2044 2068 2199 2109 quidquid
2215 2068 2274 2098 sub
2291 2067 2354 2098 fide
2370 2078 2455 2098 com—

1393 2112 1597 2152 prehenditur
1607 2112 1766 2143 intantum
1778 2112 1817 2142 ad
1833 2111 1928 2142 fidem
1944 2113 2077 2152 pertinet
2093 2112 2283 2152 inquantum
2298 2112 2337 2142 ad
2348 2112 2454 2143 Deum

1394 2155 1562 2192 reducitur,
1585 2156 1629 2187 ita
1648 2156 1804 2197 quidquid
1828 2156 1867 2186 ad
1890 2155 2107 2187 infidelitatem
2130 2163 2259 2196 spectat,
2279 2162 2315 2186 ut
2337 2156 2390 2192 sic,
2414 2156 2454 2186 ad

1394 2200 1500 2230 Deum
1530 2200 1698 2231 reducitur.
1732 2200 1797 2237 Qui
1825 2199 1910 2230 enim
1941 2207 2034 2240 negat
2062 2200 2227 2230 Ismaelem
2255 2209 2322 2230 esse
2349 2198 2454 2230 filium

1394 2244 1538 2274 Abrahae
1553 2243 1687 2275 affirmat
1709 2251 1871 2275 auctorem
1886 2254 1990 2274 sacrae
2006 2243 2192 2284 Scripturae,
2205 2243 2358 2283 Spiritum
2378 2243 2454 2274 San-

1395 2294 1492 2324 etum,
1516 2298 1583 2319 esse
1605 2288 1804 2319 mendacem:
1830 2294 1860 2319 et
1882 2288 1983 2318 simile
2006 2295 2052 2319 est
2074 2288 2107 2319 in
2127 2288 2203 2318 aliis.
2227 2288 2268 2318 Et
2290 2294 2455 2328 propterea

1395 2332 1500 2363 omnis
1529 2331 1664 2363 infidelis
1698 2332 1774 2363 false
1799 2332 1948 2373 opinatur
1975 2333 2014 2362 de
2039 2332 2128 2368 Deo,
2153 2339 2189 2362 ut
2217 2332 2249 2362 in
2272 2332 2374 2363 littera
2407 2331 2454 2362 di-

1396 2383 1485 2408 citur.

1450 2420 1500 2450 Ad
1524 2419 1664 2459 primum
1687 2425 1793 2450 autem
1817 2419 1930 2450 dicitur
1952 2419 2041 2461 quod
2064 2419 2150 2461 aliud
2173 2425 2220 2450 est
2242 2419 2332 2460 loqui
2355 2419 2393 2448 de
2408 2419 2453 2448 in-

1395 2462 1479 2493 fideli
1503 2470 1539 2493 ut
1557 2463 1615 2498 sic;
1640 2470 1670 2493 et
1689 2463 1773 2493 aliud
1797 2464 1835 2493 de
1850 2463 1982 2494 homine
1996 2462 2114 2493 infideli
2130 2463 2224 2493 aliam
2241 2462 2455 2502 cognitionem

1395 2507 1538 2536 habente.
1563 2507 1638 2536 Non
1661 2506 1747 2537 enim
1769 2507 1883 2538 dicitur
1905 2507 1938 2537 in
1960 2507 2062 2538 littera
2084 2507 2173 2547 quod
2195 2507 2296 2537 homo
2319 2505 2454 2536 infidelis

1394 2550 1518 2580 nullam
1532 2549 1627 2580 habet
1642 2550 1857 2590 cognitionem
1873 2551 1911 2580 de
1921 2551 2002 2587 Deo,
2015 2551 2103 2591 quod
2119 2550 2240 2581 obiecta
2251 2550 2452 2590 impugnant:

1396 2594 1451 2625 sed
1478 2593 1591 2625 dicitur
1616 2594 1704 2635 quod
1731 2603 1787 2634 per
1809 2593 2025 2626 infidelitatem
2051 2604 2118 2625 non
2142 2594 2342 2635 cognoscitur
2367 2594 2454 2624 Deus

1397 2648 1454 2668 nec
1478 2637 1660 2677 simpliciter
1682 2647 1740 2669 nec
1762 2638 1938 2669 secundum
1960 2637 2047 2678 quid.
2071 2638 2145 2668 Non
2163 2637 2356 2678 simpliciter,
2379 2637 2455 2677 quia

1397 2681 1473 2712 falsa
1496 2681 1628 2712 alicuius
1647 2681 1786 2721 cognitio
1805 2691 1871 2712 non
1890 2689 1936 2712 est
1953 2681 2038 2712 illius
2057 2681 2206 2722 cognitio,
2230 2681 2285 2712 sed
2307 2691 2394 2712 error
2416 2681 2455 2711 de

1395 2725 1467 2756 illo:
1502 2732 1532 2756 et
1555 2732 1720 2766 propterea
1744 2736 1808 2756 non
1837 2725 1909 2756 facit
1932 2725 2186 2766 appropinquare
2209 2725 2248 2755 ad
2270 2725 2368 2760 illud,
2400 2725 2455 2755 sed

1395 2769 1534 2809 elongari
1551 2770 1590 2799 ab
1609 2769 1678 2806 illo;
1702 2769 1879 2809 ignorantia
1893 2770 1978 2800 enim
1997 2780 2111 2810 pravae
2134 2769 2350 2809 dispositionis
2366 2769 2454 2799 elon-

1396 2820 1449 2854 gat
1470 2813 1510 2843 ab
1533 2823 1572 2844 eo
1596 2814 1685 2854 quod
1707 2813 1750 2844 sic
1772 2814 1946 2853 ignoratur.
1973 2814 2039 2844 Nec
2062 2814 2238 2844 secundum
2261 2813 2355 2853 quid,
2379 2812 2455 2853 quia

1397 2857 1474 2887 falsa
1497 2857 1686 2892 enuntiatio,
1711 2864 1746 2888 ut
1769 2857 1826 2894 sic,
1851 2857 1937 2888 affert
1960 2857 2146 2898 oppositum
2169 2857 2309 2892 subiecti,
2333 2856 2455 2896 simpli-

1396 2901 1472 2932 citer
1493 2901 1543 2931 vel
1564 2901 1742 2932 secundum
1769 2901 1847 2942 quid
1874 2902 1960 2932 iuxta
1984 2901 2151 2932 materiam
2178 2900 2383 2932 necessariam
2406 2900 2456 2933 vel

1396 2945 1641 2985 contingentem.
1666 2945 1751 2976 Cum
1767 2945 1853 2976 enim
1867 2945 1992 2983 dicitur,
2011 2945 2160 2976 Socrates
2174 2955 2236 2975 non
2253 2949 2300 2975 est
2314 2944 2454 2981 visibitis,

1395 2999 1453 3030 per
1475 2989 1570 3020 istam
1595 2989 1845 3020 enuntiationem
1870 2988 1996 3020 affertur
2014 2989 2252 3020 non-Socrates:
2281 2987 2356 3029 quia
2374 2997 2455 3018 non—

1394 3033 1511 3064 risibile
1534 3033 1627 3064 infert
1648 3033 1900 3064 non-Socratem.
1925 3032 2011 3064 Cum
2034 3040 2141 3064 autem
2164 3033 2285 3069 dicitur,
2309 3032 2457 3063 Socrates

1394 3078 1509 3115 carnit,
1532 3077 1604 3117 ipso
1628 3077 1764 3114 sedente,
1790 3077 1914 3108 affertur
1936 3077 2279 3108 non-Socrates-nunc:
2311 3076 2385 3117 quia
2411 3075 2454 3105 af-

1395 3121 1494 3152 fertur
1514 3121 1658 3152 Socrates
1682 3131 1818 3158 currens,
1841 3121 1897 3162 qui
1920 3131 1986 3152 non
2006 3121 2172 3152 invenitur.
2196 3121 2238 3151 Et
2256 3121 2300 3151 sic
2319 3121 2352 3150 in
2367 3119 2455 3150 omni

1395 3165 1526 3196 materia
1544 3171 1630 3206 patet
1647 3165 1736 3206 quod
1755 3165 1831 3196 falsa
1846 3165 2031 3202 enuntiatio,
2048 3172 2084 3196 ut
2099 3165 2152 3201 sic,
2172 3165 2251 3195 nihil
2266 3163 2456 3204 cognitionis

1395 3209 1525 3252 largitur
1548 3209 1586 3240 de
1609 3209 1760 3246 subiecto,
1785 3209 1860 3250 quia
1882 3209 2078 3260 oppositum·
2091 3209 2222 3240 subiecti
2245 3208 2345 3238 refert.
2371 3225 2392 3231 -
2414 3207 2457 3237 Et

1394 3253 1422 3283 si
1445 3253 1568 3284 <licetur
1590 3254 1678 3294 quod
1700 3253 1831 3293 largitur
1852 3254 1963 3285 saltem
1987 3253 2201 3294 cognitionem
2223 3251 2455 3302 incomplexam

1395 3297 1620 3328 terminorum·
1635 3314 1654 3320 —
1669 3297 1838 3328 dicendum
1852 3304 1900 3328 est
1922 3298 2011 3339 quod
2034 3297 2218 3328 huiusmodi
2235 3295 2374 3336 cognitio
2389 3305 2455 3325 non

1395 3347 1517 3392 spectat
1538 3341 1579 3371 ad
1600 3341 1712 3372 falsam
1735 3341 2002 3378 enuntiationem,
2033 3342 2088 3372 sed
2110 3340 2385 3390 praesupponitur.
2413 3338 2456 3369 Et

343 3383 500 3419 Secundo,
511 3383 586 3423 quia
597 3389 860 3423 praesupponunt
870 3391 972 3413 unum
987 3382 1345 3429 faisum,sci1icetquod
1395 3385 1429 3415 iu
1452 3385 1620 3425 proposito
1644 3395 1710 3416 non
1734 3392 1853 3426 spectat
1875 3386 1915 3416 ad
1933 3385 2160 3416 infidelitatem.
2185 3385 2277 3416 Unde
2300 3383 2333 3414 in
2356 3383 2456 3414 littora

288 3436 394 3458 mnms
407 3426 574 3457 infidelitas
592 3433 672 3457 erret
684 3426 765 3457 eirea
779 3427 899 3457 Deum:
920 3435 997 3458 eum
1009 3426 1171 3468 contingat
1185 3427 1344 3459 infidelem
1395 3438 1462 3459 nou
1493 3426 1608 3460 dicitur
1639 3429 1727 3470 quod
1750 3430 1934 3461 terminus*
1959 3430 2172 3470 apprehensus
2194 3439 2260 3459 non
2285 3434 2331 3458 est
2352 3428 2454 3458 Deus:

431 3488 540 3512 Sumit
559 3487 659 3512 Tutor.
678 3487 710 3511 D.
722 3486 836 3512 Tnouur
854 3486 887 3512 T.
905 3487 936 3511 V.

2285 3497 2310 3513 11

2485 3432 2554 3452 'non
2563 3430 2615 3453 add.
2626 3431 2680 3453 Pu.
