2892 4056
177 524 187 534 ⁴⁸
205 524 275 545 Num.
292 531 312 545 v.

179 660 226 680 'De
242 659 387 687 Odio‚qu.v.

178 686 199 707 in
217 692 277 714 resp.
293 686 320 707 ad
340 693 387 713 arg.

178 716 257 734 contra
284 713 386 734 conclus.

176 746 198 764 4,

419 186 495 231 284

416 270 522 293 actum
552 274 647 294 suum
678 265 717 294 ad
740 264 895 295 rationem
925 273 1145 299 communem,
1177 273 1242 293 non
1274 264 1472 294 terminando

417 307 552 337 eundem
576 308 616 338 ad
639 309 797 348 speciales.
823 309 863 338 Et
886 308 947 338 hoe
971 308 1069 337 modo
1094 307 1240 337 voluntas
1261 307 1329 338 vult
1352 308 1473 338 malum

415 351 517 382 alicui.
539 370 556 374 -
581 353 646 382 Nec
670 359 716 383 est
738 362 849 382 verum
873 351 961 392 quod
989 361 1055 381 non
1079 351 1179 391 possit
1203 359 1381 391 separatum
1411 352 1473 382 hoc

415 395 527 426 vitium
552 397 590 426 ab
606 396 673 426 aliis
696 396 837 426 inveniri.
863 396 948 426 Cum
972 395 1056 424 enim
1079 395 1150 435 quis
1173 395 1320 435 proximo
1344 405 1403 425 suo
1421 396 1472 425 de-

416 439 528 470 siderat
544 446 579 470 ut
594 440 706 470 habeat
727 440 856 475 malum,
874 440 922 469 vel
938 448 1012 468 cum
1029 438 1183 469 desiderat
1198 446 1233 469 ut
1249 439 1361 470 habeat
1377 449 1472 469 omne

415 484 546 519 malum,
563 494 628 514 non
645 484 865 514 descendendo
885 483 924 512 ad
940 483 1000 513 tale
1017 482 1066 512 vel
1086 483 1156 518 tale,
1174 483 1244 513 solo
1261 483 1326 514 odii
1342 490 1472 523 peccato

414 527 610 567 inquinatur,
635 534 670 558 ut
692 534 777 568 patet
800 537 836 557 ex
860 537 955 568 supra
972 526 990 545 *
1019 526 1169 566 allegatis.
1209 527 1342 558 Constat
1366 533 1473 557 autem

415 571 491 601 haec
515 581 607 611 posse
631 571 778 601 accidere.

469 615 535 646 V11.
554 616 588 645 In
605 615 718 645 eodem
734 615 864 646 articulo
881 620 977 650 sexto,
992 614 1024 644 in
1037 614 1243 654 responsione
1259 615 1298 644 ad
1311 614 1471 650 ultimum,

414 659 566 689 Martinus
601 659 736 689 occurrit
758 659 775 678 *
798 665 906 689 contra
929 658 1024 688 illud:
1061 659 1116 688 Ex
1144 659 1263 689 invidia
1295 663 1474 699 generatur

414 703 519 734 odium
529 703 719 743 formaliter
733 703 906 733 secundum
923 703 1080 733 rationem
1100 703 1221 739 obiecti,
1242 713 1284 733 ex
1299 704 1349 732 ira
1364 707 1471 733 autem

413 747 593 786 dispositive
616 752 750 778 tantum.
775 748 849 777 Non
871 747 983 786 placet,
1007 746 1120 787 inquit,
1144 747 1233 777 mihi.
1258 747 1342 784 Quia
1361 756 1472 776 secun-

414 791 491 820 dum
514 791 636 830 ipsum,
660 792 783 821 malum
813 791 939 821 alterius
968 791 1111 822 absolute
1136 798 1182 821 est
1204 791 1366 821 obiectum
1397 790 1471 821 odii.

412 835 472 865 Sed
505 834 630 864 invidus
661 842 691 865 et
719 835 817 865 iratus
848 834 1042 866 conveniunt
1071 835 1104 865 in
1135 835 1197 866 hoc
1220 836 1309 876 quod
1340 841 1473 876 uterque

412 879 531 918 appetit
553 879 675 909 malum
705 879 831 910 alterius
861 879 893 909 in
918 879 1028 910 ordine
1052 880 1092 909 ad
1119 880 1221 910 aliud:
1245 879 1371 909 invidus
1403 879 1472 919 qui-

412 923 484 952 dem
507 922 540 952 in
564 922 673 953 ordine
703 924 742 953 ad
766 933 857 954 suam
880 923 1015 963 gloriam
1037 924 1088 954 vel
1119 924 1351 960 excellentiam,
1376 923 1473 954 iratus

412 974 518 996 autem
540 967 573 997 in
597 967 707 998 ordine
726 968 764 997 ad
788 967 968 999 vindictam.
993 968 1067 998 Non
1091 978 1166 1008 ergo
1189 968 1263 999 inde
1286 968 1386 998 oritur
1409 967 1473 998 for-

412 1011 533 1041 maliter
557 1021 591 1042 ex
609 1018 695 1052 parte
711 1011 825 1043 obiecti
849 1019 880 1042 et
899 1011 972 1043 hinc
996 1021 1080 1042 non:
1105 1013 1160 1043 sed
1183 1022 1239 1053 par
1264 1019 1310 1043 est
1332 1013 1371 1042 de
1386 1019 1472 1043 utro-

411 1065 473 1095 que
497 1062 586 1087 ratio.

1058 186 1324 232 QUAESTIO
1353 187 1531 232 xxxiv,
1563 187 1858 223 ARTICULUS
1886 187 1936 223 v1

1582 265 1632 294 Ad
1649 265 1709 295 hoc
1725 264 1837 294 dicitur
1852 265 1940 305 quod
1959 264 2039 295 inter
2053 265 2133 295 iram
2149 273 2179 296 et
2186 265 2340 297 invidiam
2357 274 2403 298 est
2423 267 2587 299 manifesta

1527 308 1698 339 differentia
1720 309 1828 348 quoad
1852 308 1917 338 duo
1941 308 1974 338 in
1998 309 2175 349 preposite.
2213 311 2331 347 Primo,
2355 312 2442 352 quod
2471 312 2517 342 ira
2541 322 2587 342 re-

1527 353 1618 392 spicit
1633 352 1754 382 malum
1770 361 1836 381 non
1853 358 1889 382 ut
1904 352 2036 388 malum,
2061 353 2116 383 sed
2135 359 2171 383 ut
2185 353 2315 385 iustum.
2341 355 2460 386 Invidia
2480 362 2587 386 autem

1526 396 1652 435 respicit
1683 397 1806 426 bonum
1835 402 1870 426 ut
1894 396 2030 426 malum:
2062 402 2092 427 et
2118 397 2191 427 hinc
2218 397 2254 428 fit
2276 399 2365 439 quod
2394 409 2431 429 ex
2460 400 2586 431 obiecto

1527 440 1652 470 formali
1676 439 1776 469 affinis
1801 439 1839 470 sit
1855 440 1940 477 odio,
1965 440 2054 480 quod
2077 447 2124 471 est
2143 441 2181 471 de
2199 441 2287 472 bono
2310 450 2346 473 ut
2367 444 2464 474 malo.
2495 443 2587 474 Unde

1526 491 1572 514 est
1584 484 1695 514 eadem
1709 483 1798 520 ratio,
1812 490 1848 514 ut
1863 491 1957 524 patet.
1966 502 1987 507 —
2004 485 2161 521 Secundo,
2175 486 2263 525 quod
2276 486 2436 517 obiectum
2452 486 2587 517 invidiae

1526 535 1572 558 est
1588 527 1785 564 contristans,
1802 537 1841 558 eo
1857 529 1945 569 quod
1969 528 2036 568 ipsa
2053 536 2099 559 est
2115 529 2318 560 essentialiter
2333 530 2473 562 tristitia:
2499 531 2585 561 obie-

1526 579 1613 602 ctum
1629 579 1735 602 autern
1750 572 1829 609 irati,
1846 572 1991 614 quamvis
2006 579 2167 613 supponat
2182 573 2378 611 contristans,
2395 584 2461 605 non
2480 581 2587 605 tamen

1526 623 1572 646 est
1595 616 1782 647 contristans
1805 623 1841 647 ut
1863 616 1921 653 sic,
1946 627 2020 647 cum
2042 617 2088 646 ira
2111 626 2177 647 non
2201 617 2240 647 sit
2262 617 2384 648 tristitia
2402 618 2585 650 formaliter.

1526 661 1566 690 Et
1596 659 1668 690 hinc
1699 660 1732 690 in
1762 660 1863 691 littera
1892 661 2022 701 ponitur
2045 660 2157 691 odium
2189 661 2262 691 oriri
2294 671 2330 692 ex
2353 661 2487 699 invidia,
2511 662 2587 703 quia

1527 704 1729 740 contristans,
1754 712 1791 735 ut
1813 705 1872 742 sic,
1898 705 1978 745 parit
2002 704 2134 735 odibile:
2166 705 2247 735 sicut
2270 705 2441 742 delectans,
2473 713 2508 737 ut
2531 706 2585 743 sic,

1526 748 1607 788 parit
1630 748 1775 779 amabile.

1584 792 1631 822 Ex
1645 792 1691 822 ira
1712 792 1807 832 igitur
1829 799 1860 823 et
1874 793 1990 823 invidia
2011 803 2070 834 pro
2092 799 2213 833 quanto
2233 799 2307 823 sunt
2330 792 2406 823 mali
2425 793 2586 831 contracti,

1527 836 1664 867 nascitur
1680 836 1863 877 dispositive
1880 837 1991 868 odium
2006 847 2042 868 ex
2057 844 2144 878 parte
2159 836 2306 868 subiecti:
2324 837 2469 877 quamvis
2486 837 2587 877 magis

1526 890 1563 911 ex
1590 880 1723 918 invidia,
1755 888 1885 921 propter
1911 881 2183 922 propinquitatem
2212 881 2373 912 rationum
2403 880 2588 912 formalium

1526 925 1654 961 obiecti;
1685 925 1760 966 quia
1783 932 1848 956 tarn
1870 926 1988 956 invidia
2011 935 2110 966 quam
2133 925 2245 956 odium
2269 932 2315 956 est
2337 931 2481 965 respectu
2512 925 2588 956 mali

1525 969 1708 1000 formaliter.
1745 970 1808 1001 Sed
1831 980 1868 1000 ex
1890 970 2008 1000 invidia
2037 979 2097 1010 pro
2121 976 2243 1011 quanto
2267 976 2313 1000 est
2342 969 2517 1000 formaliter
2539 979 2588 1000 re-

1526 1021 1635 1054 spectu
1666 1014 1896 1051 contristamus,
1922 1014 2060 1045 nascitur
2083 1024 2120 1045 ex
2151 1020 2239 1054 parte
2269 1013 2385 1044 obiecti
2414 1013 2589 1044 formaliter

1499 1070 1501 1085 1
1526 1058 1654 1088 odium:
1679 1058 1753 1099 quia
1777 1058 1973 1095 contristans,
1998 1065 2034 1089 ut
2056 1058 2109 1095 sic,
2134 1058 2215 1098 parit
2238 1058 2365 1089 odibile.
