2892 4056
988 161 1252 206 QUAESTIO
1282 162 1387 208 XIX,

1417 161 1711 199 ARTICULUS
1738 162 1789 199 VI
2398 160 2467 206 143

1086 268 1436 311 ARTICULUS
1474 269 1703 310 SEXTUS

818 350 971 380 UTRUM
994 351 1134 382 TIMOR
1157 351 1343 382 SERviLls
1366 351 1604 381 REMANEAT
1629 350 1720 382 CUM
1745 351 1964 382 CARITATE

416 425 489 456 Infra,
509 430 556 450 art.
574 425 599 456 8,
619 427 650 451 ad
671 434 698 457 2;
719 432 766 452 art.
789 434 832 457 ιο;
853 428 883 452 111
903 428 984 456 Sent„
1000 429 1058 453 dist.
1077 436 1157 459 xxxxv,
1177 437 1222 461 qu.
1241 437 1266 458 11,
1287 434 1333 453 art.
1354 436 1377 459 2,
1397 428 1445 461 qu·
1467 428 1494 458 35
1515 429 1555 453 De
1573 429 1660 457 Ver-it„
1681 436 1724 461 qu.
1744 437 1793 459 xiv,
1813 434 1859 454 art.
1878 437 1902 461 7,
1921 430 1952 453 ad
1972 436 2000 459 23
2019 436 2063 462 qu.
2081 437 2165 460 xxvm‚
2185 434 2230 454 art.
2248 437 2273 461 4,
2293 430 2324 454 ad
2341 429 2363 454 3.

397 512 403 534 ι
426 513 497 555 »sq«
521 506 544 531 D
572 506 712 533 SEXTUM
740 508 793 534 stc
821 508 1059 534 Pnocnmtun.
1081 498 1238 536 Videtur
1261 499 1364 546 quod

417 580 430 598 ᾗ
451 555 491 591 (⁴
522 546 637 584 timor
656 549 800 587 servilis
819 561 897 586 non
917 557 1110 586 remaneat
1129 563 1216 587 cum
1237 551 1364 587 carita·
1389 587 1391 601 Ι

463 604 488 645 (2
504 598 507 601 ”
522 606 570 636 te.
590 600 689 637 Dicit
722 600 822 641 enirn
850 602 1093 649 Augustinus,
1117 614 1229 652 super
1246 603 1362 639 Przm.

368 642 452 677 *⁷¹²⁸
476 642 507 686 K
526 653 704 690 Canonic.
732 654 841 690 Ioan.
874 652 909 700 ¹¹⁸,
947 654 1052 702 quod
1086 667 1172 692 cum
1205 656 1390 704 coeperit³

1388 706 1490 744 ‘hoc
1516 708 1670 756 proprio
1709 709 1812 744 bono
1850 720 1928 745 non
1965 708 2163 745 constituat
2197 709 2335 746 finem:
2373 710 2468 747 sicut

1388 757 1390 773 ¹
1417 760 1530 796 etiam
1559 767 1595 796 et
1622 760 1671 796 ad
1702 760 1920 808 proximum
1956 768 2080 808 potest
2117 773 2197 797 esse
2234 762 2359 810 aliqua
2395 762 2468 799 alia

307 703 446 791 paritas
464 705 645 752 habitare,
659 705 813 754 pellitur
830 706 953 751 timor,
973 707 1039 754 qui
1060 707 1095 744 ei
1114 708 1362 756 praeparavit

320 765 442 792 ocum.

362 819 398 844 2.
426 808 664 856 Pmrunm,
693 809 831 846 caritas
857 810 930 846 Dei
961 811 1183 860 diffunditur
1210 813 1247 848 in
1280 823 1362 848 cor·
1388 807 1390 839 ἶ

1387 865 1389 918 j
1415 864 1593 901 fundatur
1619 864 1657 900 in
1685 865 1783 912 Deo,
1805 865 1897 902 dum
1925 865 2121 913 proximus
2145 866 2304 914 diligitur
2330 868 2391 903 vel
2410 879 2467 904 ra-

307 859 413 897 dibus
440 863 575 898 nostris
603 873 677 910 per
711 862 890 911 Spiritum
918 863 1118 909 Sanctum,
1156 864 1221 911 qui
1255 864 1362 900 datus

306 918 362 949 est
386 913 507 960 nobis,
540 921 582 951 ut
609 914 743 951 dicitur
768 914 880 952 Rom.
902 927 925 951 v
943 914 974 952 ²¹⁸.
1010 916 1088 953 Sed
1116 916 1180 953 ubi
1205 916 1363 963 Spiritus

305 965 473 1012 Domini,
503 965 556 1003 ihi
579 965 741 1013 libertas,
770 975 811 1004 ut
836 967 999 1004 habetur
1027 969 1059 1004 II
1088 968 1139 1004 ad
1169 969 1256 1005 Cor.
1277 980 1312 1004 111
1329 967 1360 1004 *.
1386 997 1388 1014 2

305 1017 405 1054 Cum
433 1029 522 1066 ergo
549 1018 701 1056 libertas
733 1020 906 1058 excludat
933 1020 1174 1068 servitutem,
1211 1020 1362 1057 videtur

305 1069 409 1121 quod
428 1070 543 1107 timor
561 1071 707 1109 servilis
726 1073 933 1121 expellatur
952 1073 1101 1111 caritate
1122 1073 1359 1110 adveniente.

359 1123 393 1160 3.
423 1122 654 1172 Pmmm,
673 1125 788 1162 timor
816 1125 961 1163 servilis
981 1138 1026 1163 ex
1045 1139 1176 1164 amore
1196 1126 1254 1162 sui
1273 1138 1360 1163 cau-

303 1182 423 1222 satur,
456 1175 684 1224 inquantum
711 1190 837 1227 poena
866 1178 1041 1216 diminuit
1067 1180 1263 1229 proprium
1293 1179 1360 1216 bo-

302 1238 409 1265 num.
440 1229 517 1266 Sed
546 1242 656 1280 arnor
682 1231 754 1268 Dei
783 1232 933 1280 expellit
960 1245 1133 1270 amorem
1161 1232 1238 1273 sui:
1259 1231 1361 1277 ,facit

297 1280 671 1335 §aim-*contemnere
690 1284 871 1333 seipsum,
892 1293 932 1323 ut
953 1293 1057 1334 patet
1075 1297 1121 1322 ex
1139 1284 1359 1322 auctoritate

302 1334 522 1383 Augustini,
552 1337 642 1373 XIV
667 1337 713 1373 de
744 1337 822 1374 Civ.
852 1338 927 1375 Dei
948 1337 989 1384 ²¹²,
1017 1338 1122 1388 quod
1149 1349 1260 1374 amor
1287 1338 1362 1375 Dei

303 1397 420 1438 usque
455 1388 508 1424 ad
540 1394 789 1437 contemptum
823 1390 884 1427 sui
913 1391 1018 1438 facit
1052 1391 1236 1428 civitatem
1272 1391 1357 1426 Dei.

303 1438 404 1488 Ergo
432 1439 584 1478 videtur
615 1441 720 1490 quod
747 1441 924 1479 veniente
957 1443 1107 1480 caritate
1141 1443 1256 1480 timor
1283 1455 1359 1479 ser-

300 1489 385 1542 vilis
412 1492 572 1530 tollatur.

312 1540 433 1582 ”Stin
450 1556 596 1582 CONTRA
614 1555 680 1580 EST
707 1545 812 1593 quod
832 1545 946 1582 timor
968 1546 1112 1583 servilis
1136 1554 1192 1584 est
1211 1548 1356 1584 donum

302 1596 461 1647 Spiritus
482 1597 621 1644 Sancti,
642 1605 682 1633 ut
710 1610 825 1646 supra
844 1598 864 1620 *
884 1598 1026 1636 dictum
1055 1607 1121 1637 est.
1152 1601 1230 1638 Sed
1255 1601 1356 1636 dona

302 1649 462 1700 SPiritus
483 1650 609 1687 Sancti
636 1662 715 1687 non
743 1651 923 1688 tolluntur
945 1651 1172 1690 adveniente
1192 1653 1355 1699 caritate,

298 1702 369 1752 per
387 1712 503 1751 quam
525 1702 685 1752 Spiritus
702 1703 920 1744 Sanetusjn
939 1705 1050 1742 nobis
1068 1706 1223 1743 habitat.
1253 1706 1355 1754 Ergo

299 1756 477 1803 veniente
497 1761 515 1777 ‘²
533 1756 685 1806 caritate
704 1769 783 1794 non
802 1756 941 1794 tollitur
959 1758 1073 1795 timor
1091 1759 1247 1796 servilis.

310 1807 333 1814 “’
353 1808 579 1846 ΒεεΡοΝῡΕο
615 1821 800 1848 mci-:noum
836 1811 942 1859 quod
978 1811 1092 1848 timor
1127 1811 1271 1848 servilis
1311 1823 1383 1848 ex!

299 1856 432 1900 amore
451 1861 507 1898 sui
528 1868 718 1899 causatur:
738 1861 828 1912 quia
848 1870 903 1900 est
920 1863 1035 1901 timor
1053 1876 1214 1914 poenae,
1231 1862 1356 1912 quael3

275 1917 357 1958 ‚est
383 1914 652 1952 detrimentum
684 1915 826 1964 proprii
857 1916 960 1954 boni.
994 1916 1104 1954 Unde
1131 1918 1207 1955 hoc
1234 1916 1353 1954 modo

297 1964 413 2007 timor
439 1979 586 2016 poenae
613 1975 740 2016 potest
766 1976 864 2006 stare
893 1981 981 2006 cum
1009 1970 1160 2007 caritate
1188 1969 1284 2006 sicut
1319 1976 1354 2006 et

297 2027 408 2075 amor
427 2021 506 2058 sui:
536 2021 706 2059 eiusdem
727 2021 829 2059 enim
857 2021 1012 2059 rationis
1031 2030 1087 2059 est
1110 2023 1214 2072 quod
1233 2023 1352 2059 homo

298 2073 426 2122 c'upiat
453 2074 599 2111 bonum
628 2086 740 2110 suum
771 2082 807 2111 et
835 2075 940 2123 quod
967 2075 1096 2112 timeat
1124 2088 1171 2112 eo
1198 2075 1351 2124 privari.

145 2163 160 2175 ..
241 2158 253 2176 a
274 2127 420 2167 .Am0r
446 2135 574 2164 autem
608 2127 666 2164 sui
694 2127 883 2176 tripliciter
911 2139 950 2165 se
978 2135 1103 2176 potest
1134 2128 1275 2165 habere
1303 2128 1353 2164 ad

297 2176 502 2228 caritatem.
530 2179 619 2219 Uno
648 2179 749 2218 enim
771 2180 890 2218 modo
920 2180 1166 2218 contrariatur
1194 2180 1352 2217 caritati:

297 2229 510 2293 ε’ξὲῇξιιᾲυω
529 2233 669 2271 scilicet
680 2238 702 2292 J
721 2233 826 2292 quod
845 2233 978 2292 aliquis
997 2233 1035 2270 in
1054 2245 1194 2292 amore·
1209 2233 1352 2292 proprii

296 2286 389 2330 bom
419 2283 538 2323 finem
571 2293 779 2323 consutum·
800 2286 884 2323 Aho
909 2298 1004 2323 vero
1030 2285 1148 2322 modo
1185 2298 1224 2322 in
1262 2298 1353 2322 cari·

295 2338 370 2375 tate
390 2337 600 2385 includitur,
630 2338 841 2376 secundum
869 2339 976 2387 quod
994 2339 1114 2376 homo
1139 2351 1179 2375 se
1197 2346 1352 2387 propter

349 2461 377 2492 α)
396 2461 524 2485 veniente.
540 2474 560 2479 —
577 2460 724 2485 inveniente
741 2460 772 2490 D,
791 2460 947 2484 adveniente
965 2460 1018 2484 PG.

349 2494 374 2528 β)
394 2503 471 2528 quae.
487 2509 506 2514 -
524 2495 596 2527 quod
613 2495 644 2525 K,
663 2495 709 2527 qui
726 2495 764 2519 Pa
769 2502 778 2523 ;
796 2502 890 2527 quae...
904 2501 1009 2527 poenae
1026 2502 1079 2518 om.
1099 2495 1116 2518 1.

348 2532 375 2564 γ)
394 2531 537 2556 secundum
555 2530 691 2555 scilicet.-
703 2530 846 2554 secundum
864 2529 913 2554 hoc
931 2530 964 2560 H,
982 2529 1028 2554 sed
1046 2529 1189 2554 secundum
1209 2529 1240 2558 K,
1254 2529 1353 2554 scilicet

295 2566 438 2592 secundum
457 2566 486 2595 L,
505 2565 569 2598 quid
586 2565 728 2590 secundum
748 2565 765 2594 1,
784 2565 882 2590 sci11'cet
900 2572 944 2596 pn,
961 2564 1104 2589 secundum
1123 2565 1194 2588 szn
1212 2569 1237 2588 et
1254 2571 1286 2592 α;
1304 2571 1352 2596 pro

295 2601 399 2634 aliquis,
419 2608 477 2626 eam
495 2601 532 2633 pl,
550 2608 605 2625 om.
624 2600 656 2624 sl.

347 2635 372 2669 δ)
392 2636 507 2668 quidem.
524 2649 544 2654 —
561 2635 621 2660 Om.
641 2635 700 2667 PpC
719 2640 743 2659 et
760 2642 787 2660 a.
1104 2663 1109 2668 ⁷

349 2671 371 2703 ε)
391 2671 432 2696 vel
450 2670 563 2695 ratione.
577 2684 595 2688 —-
607 2670 711 2695 ratione
728 2669 924 2695 commoditatis
940 2669 987 2694 Pa.
1000 2683 1019 2688 -
1034 2669 1084 2693 Pro
1101 2668 1269 2697 conditionis,
1281 2675 1351 2694 com-

1389 502 1391 508 ’
1417 499 1544 535 Deum
1574 505 1609 534 et
1636 498 1682 546 in¹
1702 499 1786 534 Deo
1816 498 1939 546 diligit.
1969 497 2099 534 Tertio
2129 499 2246 536 modo
2275 511 2298 536 a
2317 499 2468 536 caritate

1416 550 1572 598 quidem
1593 550 1838 598 distinguitur,
1858 551 1926 588 sed
1946 549 2085 587 caritati
2108 563 2187 588 non
2206 552 2466 589 contrariatur:

1415 610 1507 651 puta
1527 615 1613 640 cum
1643 603 1775 650 aliquis
1801 603 1913 651 diligit
1941 602 2097 650 quidem
2115 601 2129 624 δ
2149 604 2316 652 seipsum
2335 617 2468 641 secun-

1417 655 1510 692 dum
1539 655 1723 692 rationem
1750 655 1895 704 proprii
1923 655 2033 702 boni,
2063 655 2112 692 ita
2140 663 2268 693 tamen
2295 658 2402 705 quod
2429 657 2468 694 in

1416 812 1587 860 specialis
1603 812 1752 848 dilectio
1766 820 1916 861 praeter
1931 812 2170 850 dilectionem
2186 815 2357 862 caritatis,
2369 827 2466 863 quae

1415 917 1518 952 tione
1541 922 1552 937 ε
1573 917 1905 964 consanguinitatis
1928 918 1990 953 vel
2018 917 2172 954 alicuius
2200 919 2350 956 alterius
2378 931 2466 956 con-

1416 968 1566 1005 ditionis
1593 969 1805 1015 humanae,
1835 981 1934 1017 quae
1962 977 2090 1007 tamen
2122 971 2314 1007 referibilis
2342 972 2387 1008 sit
2418 971 2466 1008 ad

1414 1029 1618 1058 caritatem.

1468 1073 1530 1111 Sic
1549 1073 1659 1122 igitur
1677 1082 1713 1111 et
1731 1073 1845 1110 timor
1862 1085 2011 1122 poenae
2030 1073 2230 1110 includitur
2249 1087 2326 1111 uno
2347 1076 2464 1112 modo

1412 1126 1452 1163 in
1480 1126 1651 1163 caritate:
1690 1138 1779 1164 nam
1816 1126 1980 1175 separari
2012 1138 2035 1162 a
2061 1127 2146 1163 Deo
2185 1135 2240 1163 est
2276 1128 2465 1175 quaedam

1412 1191 1550 1228 poena,
1580 1191 1695 1228 quam
1725 1178 1857 1216 caritas
1884 1178 2050 1215 maxime
2078 1179 2222 1226 refugit.
2253 1179 2363 1217 Unde
2391 1181 2466 1216 hoc

1412 1233 1574 1280 pertinet
1601 1232 1649 1269 ad
1676 1231 1854 1268 timorem
1875 1239 2029 1268 castum.
2046 1252 2070 1259 -
2086 1231 2170 1269 Alio
2199 1239 2327 1268 autem
2346 1232 2464 1269 modo

1413 1284 1660 1322 contrariatur
1688 1284 1844 1321 caritati:
1878 1285 2088 1322 secundum
2116 1284 2220 1333 quod
2248 1285 2381 1333 aliquis
2409 1297 2465 1321 re-

1413 1338 1504 1385 fugit
1522 1349 1687 1386 poenam
1708 1337 1935 1377 contrariam
1964 1338 2067 1375 bono
2095 1349 2165 1374 suo
2194 1337 2351 1374 naturali
2371 1337 2466 1374 sicut

1410 1390 1616 1438 principale
1635 1391 1780 1427 malum
1805 1390 2035 1427 contrarium
2054 1391 2157 1427 bono
2183 1390 2287 1438 quod
2306 1389 2466 1438 diligitur

1411 1450 1453 1479 ut
1471 1442 1568 1479 finis.
1597 1443 1647 1478 Et
1674 1442 1727 1478 sic
1754 1442 1867 1479 timor
1892 1455 2040 1490 poenae
2069 1455 2147 1479 non
2175 1450 2230 1478 est
2258 1454 2345 1478 cum
2373 1443 2464 1479 cari-

1411 1502 1496 1532 tate.
1517 1494 1640 1531 —Alio
1660 1494 1779 1531 modo
1807 1495 1920 1531 timor
1945 1507 2094 1543 poenae
2123 1494 2357 1542 distinguitur
2384 1496 2465 1543 qui-

1412 1548 1500 1584 dem
1529 1547 1740 1584 secundum
1769 1547 2016 1584 substantiam
2037 1560 2059 1583 a
2077 1547 2212 1584 timore
2242 1554 2356 1593 cast0,
2377 1548 2465 1596 quia

1411 1600 1550 1637 scilicet
1568 1600 1686 1636 homo
1708 1600 1814 1636 timet
1831 1601 1976 1637 malum
2000 1601 2164 1648 poenale
2192 1612 2270 1637 non
2289 1599 2301 1624 t
2322 1600 2465 1638 ratione

1411 1653 1656 1701 separationis
1683 1665 1706 1688 a
1733 1654 1835 1699 Deo,
1869 1653 1937 1689 sed
1964 1653 2189 1702 inquantum
2210 1660 2264 1689 est
2282 1653 2464 1690 nocivum

1409 1706 1550 1754 proprii
1580 1705 1686 1742 boni:
1716 1717 1786 1742 nec
1805 1713 1933 1742 tamen
1959 1706 1997 1742 in
2022 1706 2085 1742 illo
2105 1706 2207 1742 bono
2229 1706 2464 1743 constituitur

1410 1758 1491 1795 eius
1518 1758 1616 1805 finis,
1645 1759 1745 1794 unde
1764 1770 1836 1794 nec
1862 1758 1952 1795 illud
1981 1759 2125 1795 malum
2144 1758 2366 1796 formidatur
2383 1767 2462 1797 tan-

1409 1821 1524 1859 quam
1550 1811 1755 1860 principale
1784 1811 1940 1847 malum.
1978 1811 2027 1847 Et
2054 1810 2136 1847 talis
2167 1812 2281 1848 timor
2312 1824 2461 1860 poenae

1408 1871 1533 1912 potest
1561 1876 1642 1900 esse
1671 1875 1759 1899 curn
1788 1863 1950 1900 caritate.
1981 1863 2057 1900 Sed
2077 1863 2146 1900 iste
2173 1864 2287 1901 timor
2313 1877 2462 1914 poenae

1408 1929 1486 1954 non
1511 1917 1644 1954 dicitur
1672 1927 1754 1952 esse
1782 1916 1927 1953 servilis
1954 1915 2024 1952 nisi
2053 1917 2207 1963 quando
2235 1929 2362 1965 poena
2389 1918 2462 1954 for-

1408 1969 1574 2007 midatur
1610 1969 1704 2006 sicut
1727 1968 1944 2018 principale
1972 1969 2138 2016 r'nalum,
2174 1977 2218 2006 ut
2244 1982 2290 2006 ex
2318 1970 2424 2008 dictis
2441 1969 2462 1992 *

1407 2030 1520 2071 patet.
1550 2023 1598 2059 Et
1617 2022 1704 2058 ideo
1724 2021 1839 2058 timor
1865 2022 2089 2070 inquantum
2119 2022 2263 2060 servilis
2285 2035 2362 2060 non
2382 2035 2462 2060 ma-

1406 2083 1470 2112 net
1497 2087 1586 2112 cum
1614 2075 1786 2112 caritate:
1815 2075 1883 2111 sed
1911 2074 2117 2112 substantia
2144 2075 2288 2112 timoris
2316 2076 2461 2114 servilis

1407 2140 1495 2165 cum
1515 2128 1665 2165 caritate
1685 2139 1840 2164 manere
1864 2135 1999 2176 potest,
2019 2127 2115 2164 sicut
2137 2139 2247 2165 amor
2266 2129 2324 2165 sui
2344 2135 2362 2156 η
2381 2141 2460 2165 ma·
2500 2169 2503 2170 ⁷

1406 2193 1496 2218 nere
1524 2188 1648 2229 potest
1676 2192 1763 2216 cum
1792 2180 1953 2217 caritate.

1458 2235 1517 2270 An
1542 2245 1678 2271 ptumum
1701 2244 1800 2271 ERGO
1823 2245 2006 2270 montinum
2032 2232 2135 2281 quod
2154 2233 2387 2280 Augustinus
2406 2233 2460 2269 lo-

1407 2285 1532 2335 quitur
1550 2283 1563 2307 ⁸
1582 2287 1630 2323 de
1658 2285 1793 2322 timore
1819 2285 2043 2333 inquantum
2071 2285 2216 2322 servilis
2245 2293 2310 2322 est.

1459 2339 1508 2375 Et
1535 2338 1588 2375 sic
1615 2338 1728 2375 etiam
1753 2339 1966 2387 procedunt
1993 2338 2087 2376 aliae
2116 2339 2213 2375 duae
2242 2338 2417 2375 rationes.

1406 2460 1538 2484 munionis
1546 2460 1798 2492 ACDEFGHKLpn,
1806 2461 1935 2485 orationis
1945 2461 1991 2492 pB.
1999 2446 2113 2486 rarlontzs
2119 2461 2167 2490 s13;
2180 2461 2311 2485 humanae
2319 2469 2372 2486 om.
2380 2461 2435 2485 DG.
2442 2475 2460 2480 -

1406 2495 1457 2518 Pro
1476 2494 1624 2527 referibt'lis,
1644 2495 1799 2528 reflexibilis
1817 2495 1847 2526 D,
1867 2495 2018 2520 reduc-ibitis
2036 2495 2067 2526 G,
2087 2495 2260 2529 refringibilis
2278 2496 2328 2528 pK.

1457 2528 1484 2595 ἒξ
1503 2536 1580 2588 :gundr-
1598 2529 1681 2588 suoim-
1692 2530 1773 2588 timor
1789 2565 1893 2589 servilis
1910 2565 2004 2597 AKpB,
2018 2565 2100 2589 timor
2116 2566 2188 2589 servi
2205 2565 2363 2595 CDEHan,
2379 2566 2460 2590 timor

1405 2606 1445 2624 sm
1458 2599 1628 2666 (gqiiiq'uitur.
1646 2646 1665 2652 -
1683 2633 1719 2658 ibi
1737 2634 1855 2665 loquitur
1873 2634 1920 2659 Pa.
1937 2648 1957 2652 —
1974 2634 2087 2658 Eaedem
2105 2642 2158 2658 om.
2177 2635 2264 2659 etfam.

966 2740 1297 2772 Commentaria
1319 2739 1568 2772 Gardmalis
1589 2739 1786 2771 Caietam

298 2818 345 2880 In
367 2807 500 2838 articulo
523 2814 620 2843 sexto,
637 2806 762 2837 omissis
780 2806 882 2843 tertio,
905 2813 1018 2846 quarto
1039 2813 1068 2836 et
1084 2805 1207 2846 quinto,
1231 2805 1356 2835 adverte
1381 2804 1383 2833 i
1408 2804 1565 2845 siquidem
1597 2805 1705 2835 caritas
1729 2804 1802 2835 facit
1827 2805 1992 2835 hominem
2021 2815 2126 2835 amare
2155 2815 2187 2835 se
2210 2813 2246 2836 ut
2267 2806 2351 2837 vivat
2376 2807 2456 2837 Deo.

326 2852 414 2892 quod
438 2851 534 2891 timor
548 2851 666 2882 servilis
689 2850 866 2881 secundum
886 2849 1094 2880 substantiam
1117 2849 1160 2879 sic
1179 2849 1273 2879 habet
1296 2858 1354 2890 pro

295 2895 422 2926 obiecto
444 2894 566 2925 malum
589 2903 711 2935 poenae
728 2901 763 2924 ut
779 2901 883 2925 tamen
907 2903 972 2924 non
992 2893 1136 2933 respiciat
1156 2902 1293 2933 poenam
1308 2901 1354 2922 se-

296 2939 438 2972 cundum
453 2947 585 2970 omnem
599 2938 766 2974 rationem,
782 2938 837 2967 sed
852 2938 1028 2968 secundum
1043 2937 1197 2967 rationem
1210 2936 1354 2976 privativi
1379 2954 1381 2960 ν

295 2983 372 3014 boni
386 2981 506 3023 proprii
521 2989 557 3013 ut
569 2981 624 3013 sic.
648 2982 689 3012 Et
704 2988 870 3022 propterea
891 2981 1014 3012 malum
1031 2980 1235 3020 separationis
1251 2990 1269 3010 a
1282 2980 1352 3010 Deo
1378 2996 1380 3002 ι

295 3027 328 3057 in
351 3026 453 3058 littera
475 3026 653 3057 attribuitur
670 3025 794 3066 utrique
809 3025 926 3061 timori,
947 3025 1063 3055 scilicet
1085 3023 1172 3054 filiali
1191 3030 1222 3054 et
1239 3023 1351 3059 servili,

296 3069 416 3100 diversa
438 3069 567 3100 ratione.
590 3069 674 3100 Nam
692 3069 798 3100 timori
820 3075 905 3100 casto
926 3068 1104 3099 attribuitur
1122 3078 1159 3098 ex
1177 3074 1264 3108 parte
1283 3067 1351 3104 Dei,

1408 2848 1531 2879 Timori
1554 2858 1628 2879 vero
1652 2848 1754 2878 servili
1778 2858 1814 2878 ex
1836 2855 1922 2888 parte
1946 2848 2022 2879 boni
2045 2849 2153 2885 nostri,
2173 2849 2234 2880 hoc
2258 2857 2304 2880 est
2325 2850 2458 2891 inquan-

1407 2899 1477 2923 tum
1499 2892 1598 2922 homo
1622 2892 1711 2922 timet
1733 2899 1820 2922 tanto
1844 2902 1904 2922 suo
1927 2893 2030 2928 bono,
2055 2892 2170 2923 scilicet
2192 2903 2258 2924 esse
2281 2904 2355 2924 cum
2377 2894 2456 2930 Deo,

1407 2936 1534 2976 privari:
1559 2936 1701 2976 procedit
1723 2936 1807 2966 enim
1830 2936 1883 2966 ille
1907 2936 2003 2966 timor
2026 2946 2063 2967 ex
2092 2946 2199 2967 amore
2222 2937 2282 2974 sui,
2306 2945 2341 2968 ut
2363 2945 2458 2978 patet.

1407 2980 1498 3011 Unde
1525 2981 1558 3010 in
1588 2980 1688 3010 littera
1718 2980 1857 3019 primum
1887 2980 2057 3020 explicatur
2084 2980 2217 3011 dicendo
2245 2982 2333 3022 quod
2362 2981 2458 3012 timor

1406 3034 1528 3064 poenae
1557 3023 1728 3054 includitur
1750 3023 1782 3053 in
1811 3023 1935 3054 caritate
1964 3031 1995 3054 et
2017 3024 2130 3055 timore
2158 3031 2257 3055 casto:
2282 3026 2457 3056 secundum

1405 3075 1512 3099 autem
1535 3067 1684 3103 dicende,
1709 3067 1741 3097 in
1771 3067 1853 3098 calce
1876 3067 2033 3108 corporis,
2057 3069 2144 3109 quod
2167 3075 2271 3109 potest
2293 3079 2360 3100 esse
2383 3079 2456 3100 cum

296 3113 359 3144 hoc
375 3120 421 3144 est
434 3113 625 3154 inquantum
643 3113 744 3144 homo
759 3113 849 3144 timet
864 3122 896 3143 se
913 3122 978 3143 non
992 3112 1095 3143 vivere
1110 3112 1194 3142 Deo:
1217 3111 1352 3142 maxime
1377 3097 1380 3150 Ι
1406 3111 1540 3142 caritate.

2490 1971 2499 1979 ⁸
2513 1970 2565 1991 An.
2580 1976 2600 1997 2,
2622 1970 2650 1991 ad
2670 1978 2698 1996 43

2489 1999 2530 2017 art.
2544 2002 2568 2022 4-
