2892 4056
55 1034 66 1046 ⁸
77 1034 175 1063 quan,
189 1039 232 1058 art.
242 1042 265 1062 4.

0 3896 11 3961 ’ἓ

250 1338 267 1341 ⁷„
290 1292 581 1343 mssooequod
617 1294 750 1343 aliquis
785 1295 903 1332 tendit
939 1295 977 1332 in
1013 1294 1167 1342 aliquod
1205 1295 1351 1336 bonum

229 1503 234 1507 ’
291 1504 415 1553 magis
454 1505 632 1554 provenit
672 1517 718 1542 ex
755 1505 965 1552 ignorantia
1006 1517 1124 1553 quam
1162 1517 1207 1541 ex
1249 1505 1352 1541 inani

979 199 1246 245 QUAESTIO
1276 198 1382 244 xxi,

1412 198 1706 234 ART1CULUS
1737 198 1787 233 IV
2398 206 2409 229 1
2423 195 2468 241 59

848 368 851 369 ⁷
1071 323 1387 366 ARTICULUS
1417 322 1687 372 QUARTUS

808 409 963 439 UTRUM
987 407 1287 439 PRAESUMPTIO
1312 407 1542 438 CAUSETUR
1565 407 1621 436 Ex
1646 407 1760 436 lNANl
1786 407 1946 437 GLORIA

1003 486 1078 517 Infra,
1098 494 1143 519 qu.
1162 493 1254 516 cxxxix,
1274 490 1321 510 art.
1341 484 1370 515 5;
1391 484 1432 509 De
1451 484 1534 513 Malo,
1555 492 1600 516 qu.
1618 492 1652 514 lx,
1671 489 1718 509 art.
1739 484 1761 508 3.

468 661 572 704 ria.
610 663 876 711 Praesumptio
910 663 1012 699 enim
1041 662 1207 699 maxime
1247 654 1381 699 vide-!

484 724 567 754 tur
583 716 689 754 inniti
715 716 866 753 divinae
886 715 1180 751 misericordiae.
1210 715 1354 751 Miseri·
1379 712 1381 732 ¹

294 767 424 804 cordia
452 776 581 805 autem
609 768 759 816 respicit
786 768 991 814 miseriam,
1021 780 1119 816 quae
1149 767 1354 815 opponitur
1379 767 1381 807 Ξ

292 820 444 867 gloriae.
483 822 585 869 Ergo
617 820 874 869 praesumptio
908 832 985 856 non
1020 820 1137 856 oritur
1169 832 1214 856 ex
1251 820 1353 856 inani

292 873 423 920 gloria.
1378 860 1381 903 Ι

347 938 382 962 2.
410 926 652 971 mmmmm,
690 925 949 974 praesumptio
979 924 1185 973 opponitur
1219 924 1352 973 despe-

292 978 439 1015 rationi.
475 978 551 1015 Sed
581 977 793 1026 desperatio
823 977 941 1014 oritur
969 989 1013 1013 ex
1042 977 1200 1022 tristitia,
1230 985 1271 1013 ut
1299 977 1352 1014 di-
1378 998 1379 1002 =

293 1038 396 1068 ctum
425 1038 481 1068 est
498 1030 527 1068 ²⁸.
568 1031 668 1067 Cum
705 1030 815 1078 igitur
851 1030 1116 1079 oppositorum
1154 1029 1352 1078 oppositae

292 1082 366 1121 sint
385 1095 534 1130 causae,
554 1083 704 1121 videtur
731 1083 836 1132 quod
865 1083 1007 1120 oriatur
1026 1095 1070 1120 ex
1091 1083 1352 1120 delectatione.

291 1136 342 1173 Et
368 1135 418 1173 ita
443 1136 595 1173 videtur
622 1136 728 1183 quod
757 1136 898 1173 oriatur
925 1148 971 1172 ex
999 1136 1098 1173 vitiis
1127 1136 1351 1182 carnalibus,
1377 1153 1379 1158 r

292 1200 457 1237 quorum
478 1189 746 1226 delectationes
766 1196 853 1226 sunt
870 1189 1190 1226 vehementiores.

346 1241 382 1279 3.
410 1241 654 1288 Pmmm,
682 1242 817 1278 vitium
845 1241 1164 1290 praesumptionis
1186 1241 1354 1278 consistit
1377 1239 1379 1243 ’

292 1346 398 1395 quod
434 1359 514 1384 non
552 1356 607 1384 est
652 1347 851 1396 possibile,
891 1347 998 1396 quasi
1040 1347 1230 1396 possibile.
1275 1347 1351 1384 Sed

291 1399 398 1448 quod
425 1399 559 1448 aliquis
586 1400 760 1438 aestimet
787 1400 967 1448 possibile
995 1401 1098 1449 quod
1127 1408 1182 1436 est
1209 1399 1352 1448 impos—

291 1451 416 1499 sibile,
442 1452 619 1501 ptovenit
646 1464 691 1490 ex
718 1453 938 1500 ignorantia.
969 1454 1071 1500 Ergo
1090 1452 1351 1510 praesumptio

291 1557 422 1606 amia,

296 1644 304 1645 ἶ
344 1611 421 1649 San
453 1621 600 1648 coum
625 1621 692 1647 EST
721 1611 827 1658 quod
856 1610 1061 1658 Gregorius
1091 1610 1194 1655 dicit,
1225 1591 1379 1655 XXXI-l¹

382 575 391 599 ι
412 576 421 591 ν
447 580 485 620 K<
507 570 529 595 n
550 569 722 600 QUARTUM
742 570 795 595 src
814 569 1054 594 PRocamrun.
1071 557 1230 594 Videtur
1249 557 1354 604 quod
1379 558 1382 614 ἰ
1407 555 1552 614 Moral.
1574 556 1614 600 ¹⁴⁵,
1654 555 1760 603 quod
1784 554 2040 603 praesumptio
2069 555 2274 591 novitatum
2306 563 2360 591 est
2388 554 2466 591 filia
2494 562 2522 607 {v

452 612 485 666 i)
506 611 765 659 praesumptio
794 623 872 647 non
897 617 1071 647 causetur
1090 622 1135 646 ex
1154 610 1255 646 inani
1275 610 1353 657 glo·
1407 608 1528 644 inanis
1556 607 1709 655 gloriae.

1461 662 1686 697 RESPONDEO
1706 672 1889 697 met-:NDUM
1909 660 2027 708 quod,
2045 660 2140 696 sicut
2159 672 2274 708 supra
2286 660 2307 682 *
2322 660 2465 697 dictum
2494 671 2502 678 ·

1409 722 1478 759 est,
1510 714 1648 761 duplex
1678 721 1733 749 est
1760 713 2028 761 praesumptio.
2068 714 2154 750 Una
2181 713 2338 762 quidem
2367 724 2464 760 quae

1407 766 1572 802 innititur
1590 766 1766 814 propriae
1794 765 1932 812 virtuti,
1953 773 2138 802 attentans
2166 766 2306 802 scilicet
2325 765 2463 814 aliquid

1379 813 1381 829 ¹
1407 827 1448 854 ut
1467 819 1537 854 sibi
1556 818 1732 866 possibile
1762 818 1867 865 quod
1895 818 2090 866 propriam
2109 819 2286 855 virtutem
2307 818 2463 855 excedit.

1406 871 1456 907 Et
1483 870 1563 907 talis
1600 871 1860 918 praesumptio
1898 871 2094 907 manifeste
2129 884 2174 907 ex
2208 871 2310 908 inani
2347 871 2465 919 gloria

1405 923 1596 971 procedit:
1627 935 1671 958 ex
1690 923 1764 958 hoc
1784 922 1886 959 enim
1907 923 2011 970 quod
2032 923 2166 972 aliquis
2186 925 2343 960 multam
2365 930 2381 945 α
2402 924 2465 961 de-

1406 976 1544 1012 siderat
1572 975 1751 1022 gloriam,
1791 975 1959 1023 sequitur
1987 977 2092 1023 quod
2121 984 2275 1013 attentet
2311 978 2359 1013 ad
2387 978 2466 1024 glo-

1406 1028 1502 1065 riam
1531 1028 1720 1076 quaedam
1754 1039 1869 1075 super
1895 1028 1995 1064 vires
2030 1041 2129 1066 suas.
2168 1030 2216 1066 Et
2243 1030 2463 1067 huiusmodi

1405 1080 1611 1129 praecipue
1639 1087 1725 1116 sunt
1753 1092 1876 1125 nova,
1907 1092 2004 1128 quae
2033 1081 2220 1118 maiorem
2250 1083 2465 1120 admiratio—

1406 1146 1495 1170 nem
1525 1134 1677 1170 habent.
1715 1133 1764 1169 Et
1791 1132 1877 1169 ideo
1907 1133 2096 1180 signanter
2124 1135 2330 1182 Gregorius
2351 1148 2464 1184 prae-

1403 1187 1652 1234 sumptionem
1672 1186 1877 1222 novitatum
1898 1186 2024 1233 posuit
2042 1187 2160 1223 filiam
2177 1187 2297 1225 inanis
2312 1189 2464 1236 gloriae.

1459 1239 1544 1276 Alia
1571 1251 1665 1275 vero
1686 1246 1741 1274 est
1763 1239 2024 1287 praesumptio
2054 1251 2153 1287 quae
2181 1241 2347 1278 innititur
2365 1242 2466 1279 inor-

1407 1293 1534 1330 dinate
1563 1291 1717 1328 divinae
1751 1291 2032 1328 misericordiae
2059 1293 2121 1329 vel
2149 1294 2358 1341 potentiae,
2397 1307 2466 1343 per

1406 1357 1521 1394 quam
1551 1351 1676 1392 sperat
1695 1356 1735 1380 se
1761 1344 1934 1381 obtinere
1961 1345 2120 1392 gloriam
2149 1346 2230 1383 sine
2259 1347 2401 1384 meritis
2430 1356 2466 1385 et

1404 1398 1557 1435 veniam
1582 1397 1662 1433 sine
1681 1397 1924 1444 poenitentia.
1955 1398 2004 1434 Et
2022 1398 2103 1434 talis
2131 1401 2391 1448 praesumptio
2410 1401 2465 1438 vi-

1406 1451 1516 1488 detur
1544 1449 1632 1485 oriri
1662 1449 1802 1485 directe
1831 1462 1876 1485 ex
1906 1451 2103 1498 superbia,
2133 1464 2177 1488 ac
2206 1453 2236 1488 si
2265 1454 2345 1501 ipse
2374 1454 2465 1490 tanti

1405 1516 1446 1540 se
1466 1502 1638 1539 aestimet
1656 1501 1762 1550 quod
1783 1501 1895 1538 etiam
1916 1514 2004 1539 eum
2024 1512 2246 1551 peccantem
2262 1507 2368 1543 Deus
2387 1518 2464 1543 non

1405 1555 1537 1604 puniat
1563 1556 1626 1591 vel
1655 1566 1677 1590 a
1705 1554 1823 1601 gloria
1851 1556 2034 1592 excludat.

1459 1609 1507 1645 Et
1533 1619 1602 1656 per
1629 1608 1704 1643 hoc
1731 1614 1832 1655 patet
1862 1608 2060 1656 responsio
2090 1611 2137 1647 ad
2166 1610 2325 1647 obiecta.

301 1741 361 1766 “lu
393 1741 514 1768 multam.
533 1755 554 1761 -
571 1742 683 1767 multum
701 1741 818 1774 PD(1?)a.
832 1755 851 1760 -
865 1742 915 1766 Pro
933 1742 1049 1775 gloriam
1064 1742 1204 1774 quaedam,
1218 1742 1333 1775 gloriam
1352 1741 1488 1774 quandam
1507 1742 1666 1767 PACFGIsE
1681 1748 1706 1767 et
1724 1750 1786 1773 ima,
1801 1743 1916 1776 gloriam
1931 1743 2066 1775 quandam
2081 1742 2172 1775 aliqua
2191 1742 2309 1775 BHLpE,
2330 1742 2465 1774 quandam

289 1783 310 1813 ι
361 1783 407 1809 ιρι
424 1777 543 1810 αιίςιιαηι
561 1777 594 1808 D,
611 1777 729 1811 gloriam
750 1778 868 1810 aliquam
887 1777 920 1802 K.
