2892 4056
99 2054 190 2098 ἓρῇιη
198 2054 256 2096 1:²1.
280 2080 311 2100 w,

99 2107 192 2149 ν,Αἶέιω
191 2127 298 2155 praeced.

1047 178 1312 224 QUAESTIO
1343 179 1407 225 LI,
1437 178 1732 216 ARTICULUS
1762 179 1793 215 11
2425 180 2498 226 379

1006 299 1336 332 Commenta-ia
1357 299 1604 332 cardinalis
1626 300 1823 332 Caietam

361 399 381 420 N
405 388 536 419 articulo
561 388 664 428 primo
690 389 884 428 quaestionis
915 388 1326 429 quinquagesimaeprimae‚
1350 388 1390 418 ad
1418 390 1419 402 ³
1500 389 1536 418 11.
1562 389 1596 418 In
1621 389 1731 418 eadem
1758 389 1964 429 responsione
1993 389 2128 420 dubium
2158 387 2309 425 occurrit,
2339 389 2505 429 quomodo

334 402 548 468 lamundum,
574 439 648 463 nota
671 433 769 473 quod,
786 433 812 462 si
836 439 1059 472 argumentum
1074 432 1181 462 tendat
1200 439 1308 462 contra
1324 442 1390 462 ma·
1446 441 1542 462 omne
1558 439 1723 472 peccatum
1737 440 1783 463 est
1798 439 1906 463 contra
1921 433 2040 463 bonam
2056 432 2322 464 consiliationem:
2347 442 2419 462 curn
2439 432 2507 472 plu-

331 477 441 508 teriam
469 476 605 512 consilii,
634 476 736 517 prima
766 476 944 516 responsio:
974 475 999 505 si
1031 483 1138 506 contra
1165 476 1392 516 perfectionem
1446 476 1505 506 ries
1530 476 1690 516 contingat
1712 486 1841 516 peccare
1864 476 1896 506 in
1921 477 2010 507 nullo
2034 477 2224 507 offendendo
2248 475 2427 511 consilium,
2452 476 2507 506 sed

330 521 508 556 formalem,
532 521 621 561 quod
644 520 798 550 rectitudo
821 519 1002 560 inquisitiva
1025 526 1080 555 est,
1104 520 1240 549 secunda
1263 529 1392 559 respon·
1418 521 1419 527 ¹
1446 526 1664 560 praeceptum;
1689 527 1725 550 ut
1746 527 1833 559 patet
1849 530 1923 551 cum
1938 521 2019 561 quis,
2035 521 2068 550 in
2083 521 2196 551 eodem
2209 530 2409 560 perseverans
2433 529 2508 549 con-

332 565 379 595 sio
403 564 619 604 amplectenda
642 571 698 595 est.
1447 563 1516 593 silio
1541 571 1571 594 et
1594 563 1722 600 iudicio,
1739 564 1931 594 contrarium
1954 565 2105 604 praecipit
2123 575 2160 594 ex
2175 564 2332 604 passione,
2348 564 2408 600 vel,
2428 563 2509 593 illud

387 609 422 639 ln
446 608 651 648 responsione
679 609 719 638 ad
741 607 870 638 tertium
892 606 1034 636 eiusdem
1063 606 1184 637 articuli
1212 607 1304 646 primi
1334 607 1391 637 du·
1418 613 1421 628 l
1447 617 1484 637 ex
1507 607 1695 647 negligentia
1718 617 1783 638 non
1807 608 2040 648 praecipiendo,
2065 615 2181 648 peccat.
2207 608 2239 638 Si
2255 608 2385 643 dicatur,
2402 615 2438 637 ut
2459 607 2509 637 lit-

330 653 423 686 biutn
438 652 582 688 occurrit,
599 652 675 692 quia
698 651 862 692 responsio
878 660 945 680 non
960 650 1084 680 videtur
1103 650 1277 681 satisfacere
1301 660 1391 690 argu·
1419 653 1421 691 ᾗ
1447 658 1512 682 tera
1535 652 1666 682 innuere
1689 651 1828 688 videtur,
1853 652 1941 692 quod
1971 660 2078 692 peccat
2105 659 2214 682 contra
2237 651 2407 682 consilium
2434 650 2509 691 quia

332 703 452 727 mento.
468 697 552 727 Nam
564 702 787 736 argumentum
797 694 944 726 tendebat
955 694 995 723 ad
1009 693 1070 724 hoc
1082 694 1170 734 quod
1183 694 1310 725 eubulia
1325 705 1390 724 non
1419 695 1421 722 ὲ
1448 705 1514 725 non
1538 702 1584 726 est
1607 695 1716 725 firmus
1739 695 1772 725 in
1795 706 1854 726 suo
1883 696 2031 726 consilio:
2048 713 2070 719 -
2086 703 2210 732 contra,
2234 695 2364 726 firmitas
2387 694 2510 725 consilii

333 748 413 772 esset
424 740 532 776 virtus,
546 750 585 770 eo
600 740 688 780 quod
704 746 785 769 esset
799 738 832 768 in
847 737 1074 780 peccatoribus.
1091 738 1268 778 Responsio
1285 744 1391 768 autem
1449 749 1523 769 cum
1539 739 1749 779 distinguatur
1771 749 1789 769 a
1805 739 1950 770 firmitate
1973 739 2140 780 praecepti,
2158 740 2238 770 sicut
2262 746 2292 770 et
2307 739 2413 780 ipsum
2433 748 2508 769 con-

332 785 470 816 ostendit
492 784 581 825 quod
598 794 663 814 non
679 790 726 815 est
748 782 782 813 in
797 781 1014 823 peccatoribus
1038 782 1226 822 inquantum
1243 787 1390 822 peccant.
1448 782 1556 812 silium
1579 793 1596 812 a
1619 789 1787 823 praecepto
1817 782 1985 824 (quoniam
2012 784 2129 814 modus
2153 791 2199 814 est
2226 783 2380 824 cuiusque
2407 780 2508 824 suus),

333 830 380 860 Ex
398 829 457 859 hac
480 828 564 859 enim
588 826 794 868 responsione
809 835 876 856 non
899 825 1032 855 habetur
1047 825 1135 866 quod
1150 836 1216 856 non
1235 826 1274 856 sit
1293 826 1326 855 in
1349 825 1392 855 eis
1449 826 1608 866 negligens
1638 827 1671 856 in
1701 826 1923 867 praecipiendo
1954 834 1984 858 et
2013 837 2213 867 perseverans
2243 827 2275 857 in
2303 826 2436 857 consilio
2465 832 2511 856 est

333 873 389 914 qui
405 879 480 903 sunt
494 879 688 912 peccatores,
712 870 802 911 quod
817 875 882 900 erat
896 869 1056 900 intentum
1078 869 1265 908 argumenti.
1291 869 1338 899 Ex
1354 879 1392 899 eo
1420 886 1421 890 =
1448 869 1558 900 firmus
1581 871 1614 900 in
1638 870 1788 906 consilio;
1813 877 1844 901 et
1866 877 1970 901 tamen
1996 878 2113 911 peccat.

333 926 472 957 namque
487 916 575 956 quod
594 915 638 946 illi
653 914 709 955 qui
728 920 802 944 sunt
813 919 992 953 peccatores
1007 912 1124 942 habent
1139 912 1310 948 eubuliam,
1327 922 1393 942 non
1504 914 1555 943 Ad
1577 913 1639 944 hoc
1663 914 1776 944 dicitur
1799 915 1888 964 quod
1910 915 1986 954 quia
2009 924 2105 945 omne
2123 921 2289 954 peccatum
2311 914 2409 944 libero
2434 912 2510 943 arbi-

332 962 367 992 in
388 960 568 1001 peccando,
593 959 647 989 sed
673 958 706 988 in
729 957 807 998 aliis,
825 956 967 997 sequitur
989 956 1079 996 quod
1102 955 1229 986 eubulia
1253 966 1319 986 non
1348 963 1395 986 est
1451 957 1511 987 trio
1527 956 1572 992 fit,
1598 957 1687 987 cuius
1711 958 1859 997 proprius
1882 965 1969 988 actus
1993 965 2039 989 est
2061 958 2183 995 electio,
2207 958 2262 999 qui
2285 959 2442 998 appetitus
2465 963 2511 987 est

332 1004 446 1036 virtus:
470 1013 545 1034 nam
567 1002 601 1032 in
623 1001 684 1032 illis
707 1001 762 1042 qui
791 1007 865 1031 sunt
887 1006 1066 1040 peccatores
1095 999 1182 1030 nulla
1208 1006 1254 1030 est
1284 999 1392 1036 virtus,
1420 1016 1422 1049 ζ
1443 1001 1719 1040 praeconsiliati*
1728 1010 1734 1036 ;
1759 1001 1831 1031 ideo
1849 1011 1944 1032 omne
1959 1009 2124 1041 peccatum
2148 1009 2255 1032 contra
2271 1001 2439 1032 consilium
2455 1000 2509 1031 ali-

334 1059 408 1080 cum
431 1056 543 1078 omnes
566 1045 628 1076 sint
642 1054 810 1080 connexae,
830 1051 867 1074 ut
885 1050 1108 1084 argumentum
1131 1043 1272 1074 assumit.
1449 1044 1539 1094 quod
1562 1043 1734 1075 formaliter
1756 1045 1806 1074 vel
1828 1045 2000 1075 virtualiter
2024 1045 2241 1076 committitur.
2263 1046 2346 1075 Nam
2370 1052 2400 1075 et
2422 1054 2509 1085 prae-

385 1091 438 1122 Ad
459 1091 522 1122 hoc
545 1089 658 1120 dicitur
687 1088 776 1130 quod
803 1087 968 1129 responsio
992 1087 1114 1127 optime
1144 1094 1274 1118 evacuat
1303 1097 1393 1127 argu·
1421 1084 1422 1109 ἕ
1450 1087 1568 1128 cipiens
1593 1097 1629 1118 ex
1652 1088 1798 1128 passione
1823 1098 1859 1118 ex
1882 1089 2042 1129 apparenti
2073 1090 2248 1120 secundum
2276 1089 2363 1119 illam
2392 1088 2511 1129 passio-

333 1142 488 1166 me.ntum
512 1134 596 1164 Nam
614 1132 791 1174 responsio,
816 1131 1012 1163 ostendendo
1036 1132 1125 1182 quod
1153 1139 1299 1171 peccator
1322 1141 1393 1172 pec·
1421 1133 1423 1167 ἰ
1450 1141 1524 1162 nem
1555 1132 1660 1162 statim
1688 1132 1776 1163 aliter
1803 1132 1939 1169 iudicat,
1963 1140 2115 1173 tanquam
2151 1133 2238 1163 aliud
2266 1133 2435 1163 consilium
2465 1142 2511 1162 se-

333 1179 435 1210 cando
455 1177 662 1210 contrariatur
677 1177 856 1207 rectitudini
872 1175 1005 1212 consilii,
1022 1175 1096 1206 satis
1110 1185 1166 1216 per
1181 1175 1244 1206 hoc
1259 1175 1397 1206 ostendit
1422 1186 1423 1192 ¹
1449 1185 1569 1216 quens·
1594 1183 1625 1206 et
1647 1176 1807 1217 negligens
1831 1177 1871 1206 ad
1885 1184 2090 1217 praeceptum
2105 1184 2179 1227 post
2200 1184 2323 1207 rectum
2343 1176 2512 1208 consilium

333 1223 422 1265 quod
444 1223 478 1253 in
492 1222 548 1253 illo
563 1221 619 1263 qui
635 1227 681 1252 est
693 1227 840 1261 peccator
862 1230 927 1251 non
945 1226 991 1250 est
1006 1219 1142 1250 eubulia.
1160 1219 1295 1260 Oportet
1311 1219 1395 1249 enim
1422 1215 1423 1247 ἶ
1450 1227 1479 1250 et
1508 1220 1663 1250 iudicium
1693 1230 1859 1270 nunquam
1886 1229 2028 1261 peccaret
2057 1221 2116 1253 nisi
2145 1221 2293 1251 indirecte
2321 1221 2431 1251 saltem
2459 1219 2512 1250 eli-

333 1267 496 1299 eubuliam
519 1273 612 1306 recte
637 1264 794 1296 consiliari
821 1274 888 1295 non
917 1264 1023 1295 solum
1050 1263 1082 1296 in
1106 1263 1202 1294 huius
1230 1263 1281 1294 vel
1309 1263 1394 1294 illius
1449 1271 1535 1304 geret
1562 1274 1628 1294 non
1656 1265 1850 1304 praecipere,
1875 1274 1910 1295 ac
1934 1275 1990 1305 per
2018 1265 2081 1295 hoc
2103 1271 2256 1306 tanquam
2284 1274 2320 1294 ex
2350 1264 2412 1294 alio
2437 1274 2511 1294 con-

329 1310 466 1343 metatis
475 1308 623 1346 materia,
652 1309 707 1340 sed
728 1309 762 1339 in
785 1308 933 1339 omnium
954 1308 1109 1338 virtutum
1136 1307 1288 1338 materiis:
1314 1314 1344 1338 et
1370 1307 1395 1337 si
1450 1307 1521 1338 silio
1546 1308 1738 1338 concludens
1761 1318 1794 1339 se
1817 1308 1920 1339 habet.
1946 1309 1986 1339 Et
2009 1309 2052 1339 sic
2082 1319 2148 1339 non
2172 1315 2218 1339 est
2247 1307 2357 1338 firmus
2385 1308 2417 1338 in
2441 1308 2511 1348 ipso

333 1355 367 1387 in
389 1365 454 1387 una
476 1353 590 1390 deficit,
612 1353 681 1393 ipsa
704 1352 818 1384 deficit.
849 1352 890 1384 Et
912 1359 1079 1393 propterea
1103 1362 1140 1382 ex
1162 1352 1223 1382 hoc
1250 1351 1339 1392 quod
1362 1351 1394 1381 in
1422 1360 1423 1368 ¹
1450 1361 1509 1382 suo
1534 1351 1667 1382 consilio
1691 1352 1867 1383 secundum
1894 1352 2073 1389 veritatem,
2097 1353 2206 1394 quoad
2228 1352 2320 1383 illum
2351 1359 2457 1382 actum
2479 1351 2511 1381 in

333 1406 497 1441 peccatore
525 1397 630 1428 deficit
655 1397 689 1428 in
715 1396 770 1428 illa
795 1396 926 1428 materia
951 1395 985 1426 in
1014 1406 1077 1436 qua
1105 1402 1222 1436 peccat,
1254 1395 1396 1436 sequitur
1422 1398 1424 1403 '
1449 1395 1640 1436 particulari.

334 1443 423 1485 quod
445 1442 590 1474 absolute
612 1441 646 1471 in
668 1440 724 1472 illo
747 1450 814 1471 non
838 1440 887 1471 sit.
1425 1441 1426 1460 1

1096 1591 1412 1633 ARTICULUS
1442 1591 1746 1633 SECUNDUS

814 1684 970 1715 UTRUM
993 1683 1181 1714 EUBULlA
1207 1683 1273 1714 SIT
1295 1684 1453 1715 VIRTUS
1476 1683 1712 1714 DISTINCTA
1736 1686 1765 1714 A
1787 1684 2039 1714 PRUDENTIA

903 1762 925 1786 1·
945 1762 1002 1793 11⁸⁶,
1021 1769 1066 1795 qu.
1083 1769 1143 1792 Lvn,
1163 1767 1210 1787 art.
1229 1761 1258 1793 6;
1277 1762 1308 1786 111
1328 1762 1410 1791 Sent„
1431 1762 1489 1787 dist.
1507 1769 1597 1792 xxxm,
1617 1769 1718 1794 qu.111‚
1738 1767 1786 1787 art.
1808 1770 1833 1793 1,
1853 1762 1904 1794 qu⁸
1924 1762 1948 1787 3.

380 1868 413 1885 f„
522 1860 524 1862 v
548 1846 776 1873 nsecuunum
791 1846 844 1871 Slc
859 1845 1100 1870 paocumrua.
1115 1832 1276 1870 Videtur
1292 1833 1427 1882 quod
1425 1852 1427 1866 ι
1453 1832 1502 1870 ad
1531 1832 1694 1870 eandem
1731 1833 1910 1870 virtutem
1946 1833 2178 1881 pertinerent
2214 1833 2352 1871 diversi
2386 1843 2511 1872 actus:

368 1874 423 1933 R?
470 1869 524 1949 k3
550 1887 702 1925 eubulia
730 1899 810 1924 non
837 1886 884 1924 sit
909 1886 1028 1923 virtus
1056 1885 1229 1923 distincta
1258 1899 1280 1923 a
1305 1898 1395 1945 pru·
1426 1888 1428 1943 1
1454 1885 1550 1922 sicut
1579 1898 1623 1922 ex
1653 1886 1790 1922 eodem
1820 1886 2010 1934 dependet
2039 1887 2187 1923 bonitas
2216 1887 2378 1934 amoris,
2417 1888 2514 1925 desi-

356 1925 515 1989 ,yvxq'f
496 1940 688 1982 (dentia.
736 1939 837 1986 Quia
868 1946 910 1975 ut
938 1938 1195 1988 Philosophus
1224 1938 1327 1985 dicit,
1358 1939 1397 1976 in
1426 1957 1427 1976 ς
1455 1938 1547 1975 derii
1576 1946 1613 1975 et
1640 1938 1782 1997 gaudii,
1813 1946 1850 1975 et
1877 1939 1965 1976 ideo
1995 1939 2124 1976 omnia
2150 1939 2221 1976 ista
2247 1941 2436 1988 pertinent
2463 1941 2511 1978 ad

359 1987 377 2001 ”’
396 1962 515 2026 ἐξ)
506 1987 599 2031 &Vl
627 1993 747 2030 Ethic.
767 1992 802 2038 ³¹²,
832 1992 978 2029 videtur
997 1992 1193 2040 prudentis
1211 2003 1289 2029 esse
1307 1992 1401 2029 bene
1426 1977 1428 2031 Ι
1455 1991 1617 2028 eandem
1646 1991 1826 2028 virtutem
1855 1992 2028 2029 caritatis.
2057 1994 2174 2029 Actus
2203 2000 2332 2030 autem
2362 1994 2513 2030 rationis

458 1878 459 1881 ,
476 1865 524 1902 3⁵5&

265 2037 312 2075 ⁷··’
339 2046 540 2083 consiliari.
572 2046 650 2083 Sed
677 2047 751 2082 hoc
779 2045 939 2094 pertinet
967 2045 1015 2082 ad
1045 2044 1248 2092 eubuliam,
1274 2052 1315 2081 ut
1344 2045 1399 2082 di-
1426 2050 1429 2096 1
1454 2044 1616 2081 ordinati
1646 2044 1694 2081 ad
1722 2057 1820 2093 opus
1850 2053 1936 2081 sunt
1965 2045 2121 2092 diversi,
2157 2058 2227 2082 nec
2255 2046 2399 2082 habent
2427 2059 2514 2083 ean-

340 2107 443 2136 ctum
464 2107 519 2135 est
537 2099 568 2135 ³¹⁸.
589 2099 690 2146 Ergo
722 2098 873 2134 eubulia
902 2110 980 2134 non
1008 2097 1244 2145 distinguitur
1271 2110 1292 2134 a
1310 2111 1429 2147 pru·
1455 2098 1544 2133 dem
1574 2097 1759 2134 rationem
1789 2097 1985 2134 bonitatis:
2016 2110 2061 2134 ex
2090 2098 2161 2134 alia
2190 2097 2326 2134 enimss
2356 2099 2514 2135 efficitur

283 2162 286 2163 ’
341 2151 479 2189 dentia.
1427 2153 1429 2187 i
1453 2150 1573 2186 homo
1603 2151 1700 2187 bene
1731 2150 1997 2196 consiliativus,
2026 2158 2062 2187 et
2091 2151 2188 2187 bene
2217 2151 2456 2198 indicativus,
2477 2160 2514 2188 et

104 2319 151 2341 ⁸²1
166 2319 220 2344 11⁸0,
244 2324 283 2346 qu.
299 2324 314 2343 ι,

104 2350 146 2395 :a
156 2351 212 2394 {iq
197 2351 235 2373 qm
249 2350 315 2371 xvru,

105 2424 185 2473 Sc'ffi.
192 2430 262 2473 tlxaetn.
268 2430 316 2472 v7ur.

203 2487 219 2503 α

107 3009 319 3034 Ἐε.ι,ιι.2.-

107 3035 159 3058 S.T
179 3051 184 3056 .
200 3035 251 3056 lect.
266 3040 299 3056 ix.

106 3164 218 3217 tuqui„
193 3169 260 3190 an,
276 3164 318 3182 art·

184 3190 218 3212 [¹⁶
220 3197 271 3218 qu.
280 3193 317 3213 ΙΝ,

107 3221 148 3238 art.
164 3223 184 3244 2,
198 3223 219 3245 3.

395 2216 430 2241 2.
451 2205 684 2246 ptumam,
713 2203 871 2239 humani
891 2210 1007 2261 actus,
1030 2202 1079 2239 ad
1105 2215 1201 2251 quos
1222 2203 1400 2239 ordinan-
1428 2243 1429 2255 ἶ
1427 2198 1553 2239 bene
1573 2204 1858 2251 praeceptivus;
1889 2204 1992 2252 quod
2021 2211 2123 2251 patet
2151 2216 2196 2240 ex
2215 2204 2289 2240 hoc
2317 2204 2423 2253 quod
2443 2205 2513 2241 ista

341 2265 402 2294 tur
428 2258 620 2294 humanae
638 2256 806 2302 virtutes,
835 2255 1039 2304 praecipue
1068 2255 1335 2304 specificantur
1355 2268 1400 2292 ex
1427 2260 1430 2304 Ξ
1456 2255 1659 2303 aliquando
1681 2256 1757 2292 ab
1749 2256 1914 2292 invicem
1935 2264 2165 2304 separantur.
2192 2257 2240 2292 Et
2259 2257 2345 2293 ideo
2367 2265 2515 2305 oportet

342 2310 432 2356 fine,
452 2316 494 2346 ut
517 2321 631 2357 supra
651 2309 671 2330 ²²
690 2308 863 2345 habitum
891 2315 958 2344 est.
989 2307 1066 2344 Sed
1094 2308 1143 2344 ad
1163 2309 1327 2345 eundem
1356 2309 1400 2345 fi·
1428 2308 1430 2351 ἓ
1456 2308 1569 2344 aliam
1599 2321 1680 2344 esse
1708 2309 1884 2345 virtutem
1915 2309 2123 2356 eubuliam,
2152 2321 2221 2357 per
2248 2322 2364 2358 quarn
2393 2310 2512 2347 homo

343 2374 434 2399 nem
463 2361 683 2398 ordinantur
711 2360 862 2397 eubulia
890 2368 927 2396 et
953 2360 1170 2407 prudentia,
1199 2369 1240 2397 ut
1268 2361 1401 2398 dicitur
1457 2368 1512 2397 est
1531 2358 1629 2397 bene
1655 2361 1930 2407 consiliativu83
1961 2369 1996 2398 et
2024 2362 2137 2398 aliam
2165 2362 2418 2410 prudentiam,
2447 2375 2515 2411 per

342 2416 395 2452 VI
422 2414 542 2452 Ethic.
563 2415 602 2450 *t
631 2414 728 2451 idest
755 2425 834 2450 non
854 2418 871 2434 α
899 2413 949 2449 ad
982 2412 1175 2461 quendam
1204 2414 1401 2472 particula-
1456 2426 1573 2460 quam
1593 2415 1712 2450 homo
1734 2422 1790 2450 est
1813 2415 1911 2450 bene
1938 2415 2215 2462 praeceptivus.
2245 2415 2294 2451 Et
2313 2415 2407 2452 sicut
2425 2428 2515 2452 con-

344 2480 426 2506 rem
454 2468 585 2514 finem,
615 2466 683 2503 sed
711 2466 759 2503 ad
788 2477 1037 2502 communem
1065 2465 1183 2501 finem
1212 2465 1326 2502 totius
1346 2466 1400 2502 vi·
1429 2461 1431 2503 ἓ
1457 2465 1569 2502 siliari
1597 2466 1795 2502 ordinatur
1822 2468 1870 2503 ad
1898 2467 2117 2515 praecipere
2141 2475 2323 2515 tanquam
2344 2467 2392 2505 ad
2411 2469 2514 2516 prin-

344 2529 416 2558 tae.
446 2521 547 2568 Ergo
569 2519 720 2556 eubulia
748 2531 827 2556 non
855 2526 911 2555 est
928 2518 1047 2555 virtus
1076 2517 1246 2554 distincta
1266 2531 1288 2554 a
1316 2530 1402 2567 pru-
1458 2517 1625 2566 cipalius,
1651 2518 1700 2554 ita
1728 2519 1841 2555 etiam
1872 2519 2022 2555 eubulia
2050 2519 2246 2556 ordinatur
2273 2520 2321 2556 ad
2348 2520 2513 2568 pruden-

346 2573 483 2611 dentia.
1429 2600 1431 2614 1
1457 2570 1547 2607 tiam
1576 2578 1759 2619 tanquam
1788 2571 1836 2607 ad
1864 2571 2171 2620 principaliorem
2199 2572 2397 2618 virtutem;
2432 2573 2513 2610 sine

400 2627 434 2664 3.
465 2627 698 2671 PRAETEREA‚
727 2624 766 2661 in
793 2623 956 2660 scientiis
984 2623 1224 2672 speculativis
1248 2623 1297 2659 ad
1316 2635 1403 2660 ean-
1429 2621 1431 2669 j
1457 2635 1533 2671 qua
1560 2635 1631 2660 nec
1658 2623 1777 2660 virtus
1806 2631 1914 2669 esset,
1944 2623 2039 2660 sicut
2066 2636 2136 2660 nec
2165 2626 2328 2661 morales
2356 2625 2512 2662 virtutes

346 2679 434 2717 dem
464 2678 659 2716 scientiam
687 2677 846 2727 pertinet
874 2677 1062 2725 inquirere
1083 2683 1119 2712 et
1138 2676 1401 2713 determinare.
1429 2673 1431 2696 l
1457 2676 1536 2712 sine
1555 2676 1768 2724 prudentia,
1789 2689 1859 2712 nec
1880 2684 2026 2713 ceterae
2045 2676 2202 2713 virtutes
2222 2677 2302 2714 sine
2322 2678 2483 2714 caritate.

345 2733 447 2780 Ergo
475 2731 558 2780 pari
586 2731 731 2768 ratione
759 2730 798 2766 in
827 2730 1031 2778 operativis
1059 2730 1134 2765 hoc
1164 2729 1327 2777 pertinet
1354 2729 1402 2766 ad
1509 2730 1568 2765 AD
1587 2740 1723 2766 PRIMUM
1743 2740 1840 2765 ERGO
1860 2741 2043 2766 nicENDUM
2070 2730 2176 2777 quod
2204 2730 2253 2766 ad
2272 2731 2512 2778 prudentiam

345 2785 508 2822 eandem
535 2784 727 2821 virtutem.
758 2782 835 2820 Sed
863 2782 1050 2831 inquirere
1078 2782 1239 2830 pertinet
1265 2782 1314 2819 ad
1339 2794 1403 2818 eu·
1455 2781 1616 2830 pertinet
1645 2782 1742 2818 bene
1762 2781 1948 2818 consiliari
1977 2782 2219 2831 imperative:
2250 2783 2298 2820 ad
2320 2783 2511 2820 eubuliam

345 2838 501 2885 buliam,
523 2836 774 2874 determinare
799 2843 926 2872 autem
950 2836 998 2872 ad
1017 2834 1270 2884 prudentiam.
1300 2835 1402 2882 Ergo
1429 2843 1431 2881 ξ
1457 2842 1584 2870 autem
1615 2834 1785 2871 elicitive.

346 2890 498 2928 eubulia
526 2892 604 2927 non
633 2897 688 2926 est
716 2889 786 2926 alia
813 2888 933 2925 virtus
962 2901 983 2925 a
1010 2887 1220 2936 prudentia.
1429 2915 1431 2921 s
1509 2889 1568 2923 AD
1601 2898 1790 2924 SECUNDUM
1823 2899 2006 2924 DICENDUM
2035 2887 2140 2936 quod
2168 2887 2216 2924 ad
2245 2900 2365 2924 unum
2393 2889 2511 2924 finem

400 2944 474 2980 SED
495 2954 651 2989 coum,
675 2942 877 2990 prudentia
902 2947 955 2978 est
975 2941 1227 2989 praeceptiva,
1254 2947 1295 2976 ut
1314 2939 1402 2977 dici—
1429 2965 1430 2987 ἢ
1457 2940 1642 2986 ultimum,
1663 2940 1768 2988 quod
1797 2946 1852 2975 est
1879 2941 1972 2976 bene
1998 2941 2124 2977 vivere
2150 2946 2266 2977 totum
2285 2940 2316 2987 ²¹³,
2338 2940 2549 2977 ordinan-·

345 3003 405 3033 tur
432 2996 470 3032 in
498 2995 548 3032 VI
567 2996 687 3032 Ethic.
707 2994 728 3016 *
752 2995 838 3030 Hoc
865 3002 992 3030 autem
1025 3006 1103 3030 non
1131 2993 1311 3030 convenit
1339 3005 1403 3029 eu-
1428 3035 1430 3041 Ι
1456 3000 1516 3028 tur
1545 2992 1682 3029 diversi
1710 3000 1814 3029 actus
1852 2992 2062 3029 secundum
2101 2994 2294 3041 quendam
2330 2994 2510 3041 gradum:

345 3049 482 3085 buliae.
513 3049 616 3095 Ergo
636 3047 789 3084 eubulia
808 3055 864 3083 est
883 3047 954 3083 alia
972 3046 1091 3083 virtus
1110 3058 1132 3082 a
1150 3045 1360 3094 prudentia.
1428 3074 1430 3099 4
1456 3057 1546 3081 nam
1575 3045 1768 3094 praecedit
1802 3045 2013 3093 consilium,
2043 3045 2211 3094 sequitur
2238 3046 2442 3092 iudicium,
2477 3054 2513 3082 et

399 3102 627 3138 Responneo
654 3111 838 3137 mmmmm
874 3099 999 3148 quod,
1037 3099 1132 3135 sicut
1170 3098 1311 3135 dictum
1348 3105 1403 3134 est
1428 3101 1430 3143 ξ
1455 3099 1630 3134 ultimum
1652 3106 1707 3134 est
1733 3105 1991 3146 praeceptum,
2013 3099 2118 3147 quod
2145 3098 2363 3135 immediate
2387 3111 2427 3135 se
2446 3099 2512 3134 ha-

346 3166 460 3203 supra
481 3155 512 3201 *,
532 3153 650 3190 virtus
668 3152 821 3202 proprie
842 3151 1038 3188 ordinatur
1056 3151 1104 3188 ad
1128 3158 1266 3198 actum,
1287 3160 1401 3199 quem
1457 3151 1520 3187 bet
1548 3151 1595 3187 ad
1624 3151 1740 3187 finem
1770 3150 1958 3198 ultimum,
1980 3151 2040 3187 alii
2069 3159 2197 3188 autem
2227 3151 2302 3188 duo
2332 3159 2435 3187 actus
2456 3163 2511 3187 re-

345 3206 468 3244 reddit
496 3207 654 3244 bonum.
685 3207 734 3242 Et
762 3205 849 3242 ideo
878 3211 1028 3253 oportet
1055 3203 1265 3240 secundum
1294 3203 1401 3240 diffe-
1456 3210 1560 3240 mote
1598 3215 1639 3239 se
1671 3204 1822 3240 habent.
1867 3203 1942 3250 Qui
1979 3211 2107 3240 tamen
2145 3205 2286 3240 habent
2321 3204 2510 3252 quosdam

345 3260 504 3297 rentiam
524 3267 676 3296 actuum
696 3270 778 3295 esse
800 3258 967 3294 diversas
985 3256 1158 3294 virtutes:
1179 3264 1215 3293 et
1233 3256 1400 3293 maxime
1455 3256 1650 3305 proximos
1679 3257 1795 3292 fines:
1835 3256 2034 3293 consilium
2068 3257 2222 3304 quidem
2251 3256 2510 3293 inventionem

345 3313 500 3372 quando
519 3324 598 3349 non
617 3319 672 3348 est
697 3311 832 3347 eadem
862 3310 955 3347 ratio
985 3309 1160 3346 bonitatis
1184 3309 1222 3345 in
1242 3309 1398 3346 actibus.
1457 3321 1590 3345 eorum
1620 3321 1719 3356 quae
1748 3317 1834 3345 sunt
1861 3309 2028 3356 agenda3
2064 3309 2242 3346 iudicium
2278 3316 2404 3345 autem
2433 3320 2511 3345 cer-

346 3366 385 3402 Si
406 3366 509 3402 enim
539 3372 637 3401 esset
665 3364 801 3401 eadem
829 3363 923 3400 ratio
953 3362 1127 3399 bonitatis
1155 3362 1192 3398 in
1222 3361 1286 3409 eis,
1311 3370 1401 3398 tunc
1455 3362 1666 3398 titudinem.
1696 3361 1806 3398 Unde
1837 3374 1880 3398 ex
1909 3362 1984 3398 hoc
2012 3375 2090 3398 non
2119 3361 2285 3410 sequitur
2312 3362 2416 3409 quod
2447 3373 2510 3398 eu-

397 3478 424 3511 α)
445 3478 513 3503 idest
532 3485 592 3504 non.
611 3492 629 3496 -
648 3477 746 3502 scilicet
765 3484 815 3502 non
836 3477 864 3506 Β,
884 3479 910 3501 et
929 3483 980 3500 non
1001 3476 1032 3506 G,
1053 3483 1103 3500 non
1123 3479 1210 3500 autem
1230 3476 1276 3500 Pa.
1509 3474 1534 3507 β)
1553 3475 1608 3499 αΙὶα
1627 3475 1705 3500 enim.
1723 3489 1742 3493 -
1759 3476 1813 3500 alio
1831 3475 1900 3500 em’m
1920 3474 1980 3501 PsC
2001 3481 2025 3500 et
2043 3482 2068 3505 a,
2087 3475 2142 3499 alia
2161 3475 2229 3499 enim
2249 3474 2352 3499 ratione
2370 3474 2426 3499 DG.

2538 1005 2652 1027 ‘Ariston
2670 1005 2747 1026 Emic.

2537 1031 2577 1052 lib.
2595 1031 2636 1057 111,
2655 1037 2707 1058 cap.
2723 1037 2748 1057 u,

2538 1057 2601 1084 n.16,
2616 1063 2649 1085 17:
2672 1064 2691 1078 s.
2702 1057 2748 1079 Th.

2537 1084 2588 1105 lect.
2600 1090 2647 1105 νι.-
2661 1083 2696 1105 Cf.
2708 1083 2748 1105 lib.

2538 1110 2577 1134 VI
2593 1116 2643 1138 cap.
2654 1116 2675 1134 ιι
2687 1116 2710 1131 ιι.
2723 1116 2747 1135 2:

2538 1143 2557 1158 s.
2567 1136 2612 1158 Th.
2628 1137 2679 1158 lect.
2695 1142 2717 1157 ιι.

2541 2954 2594 2976 Cf.
2609 2955 2706 2977 Aristot.
2717 2955 2750 2976 Ε-

2539 2981 2593 3002 thie.
2604 2981 2641 3002 lib.
2653 2981 2725 3005 V1.ca
2745 2996 2751 3002 .

2539 3014 2560 3033 v,
2576 3013 2597 3029 n.
2614 3008 2694 3029 1-S.
2705 2988 2751 3030 ΤΕ.

2540 3034 2590 3054 lect.
2605 3039 2634 3054 ιν
