2892 4056
415 171 463 197 XII

416 255 469 282 ne
492 242 721 296 vestigium
746 241 932 295 quidem.
969 242 1024 281 Et
1050 247 1192 281 tamen
1226 254 1428 282 numerus
1452 242 1649 282 codicum
1673 241 1924 282 collatorum
1948 243 2002 282 ad
2026 249 2195 284 centum
2218 245 2369 300 viginti
2399 246 2591 288 ascendit

416 309 457 342 et
479 316 630 342 omnes
659 309 825 356 praeter
847 309 931 342 tres
955 302 1249 355 complectitur
1281 316 1465 356 quorum
1490 303 1683 343 notitiam
1716 302 1873 343 habere
1907 304 2137 357 potuimus.
2173 305 2220 346 Si
2248 307 2471 361 propiores
2505 310 2589 349 ori-

412 364 536 418 gines
570 370 834 417 spectantur,
870 377 922 403 ex
956 363 1257 404 diversissimis
1291 365 1480 404 sontibus
1514 365 1687 404 fluxisse
1720 371 1941 419 apparent;
1976 365 2115 405 nullus
2151 368 2271 419 quod
2304 368 2488 410 sciamus
2522 371 2590 411 alii

413 424 658 464 immediate
688 425 917 478 exemplari
945 425 1031 464 fuit.
1089 425 1215 465 Unde
1239 425 1376 466 dictus
1411 439 1612 466 numerus
1644 426 1955 481 praegrandem
1990 439 2214 467 numerum
2245 430 2590 482 praecedentium

413 486 785 539 transcriptionum
823 486 1027 539 supponit
1069 492 1111 525 et
1149 493 1437 540 repraesentat
1474 500 1585 540 quae
1622 487 1729 527 inter
1771 488 1896 528 unius
1939 488 2120 528 familiae
2159 488 2266 529 fines
2309 491 2589 533 continentur.

537 547 622 598 Qui
656 547 812 587 factum
848 553 911 587 est
933 553 979 595 ut
1012 547 1119 587 inter
1152 554 1215 587 tot
1249 549 1420 588 codices
1445 549 1638 588 omnium
1671 550 1864 603 gentium
1898 563 1985 589 non
2019 550 2128 589 ullus
2156 550 2395 592 inveniatur
2427 554 2481 593 ab
2505 554 2588 594 alio

412 609 664 662 apographo
700 608 932 648 oriundus?
965 608 1106 648 Nobis
1141 609 1316 662 quidem
1350 610 1521 650 videtur
1553 610 1816 664 archetypon
1850 625 1936 651 non
1970 612 2066 665 plus
2100 624 2229 664 quam
2272 614 2404 653 semel
2438 614 2589 655 imme-

412 669 524 709 diate
557 670 854 737 transcriptum
878 669 1020 717 fuisse,
1047 676 1087 709 et
1121 683 1272 710 omnes
1302 670 1472 711 codices
1507 677 1725 724 quotquot
1754 673 1936 712 existant
1969 679 2010 713 et
2044 673 2256 713 extiterint
2289 686 2341 713 ex
2374 674 2443 715 illa
2465 677 2589 717 unica

410 730 755 784 interpretatione
790 731 1001 786 originem
1036 730 1203 772 ducere.
1238 732 1351 772 Nam
1386 745 1437 772 ne
1472 732 1643 772 alterius
1677 734 1912 788 apographi
1945 735 2147 802 prosapia
2179 734 2221 774 in
2260 734 2403 788 aliqua
2435 737 2588 778 minori

409 791 668 832 bibliotheca
701 791 947 832 delitescere
984 792 1168 846 indeque
1202 793 1267 833 ad
1290 799 1480 834 nostram
1515 794 1849 835 confutationem
1883 796 1971 836 erui
2004 796 2153 849 possit,
2183 809 2333 850 parum
2365 797 2586 848 timemus;

408 853 443 892 si
476 866 581 893 vero
616 853 880 907 quandoque
916 854 1132 903 extitisset,
1166 868 1259 894 eam
1293 861 1427 895 totam
1460 856 1757 911 interemptam
1789 856 1878 897 fore
1921 857 2098 898 omnino
2132 871 2220 898 non
2258 858 2482 899 credimus.
2528 860 2589 900 At

407 915 543 968 prima
575 915 791 969 archetypi
825 915 1114 969 interpretatio
1149 916 1320 957 duobus
1355 916 1495 957 modis
1523 917 1699 972 intelligi
1732 923 1887 971 potest.
1922 919 2053 959 Forte
2086 919 2359 960 stationarius
2393 920 2466 974 qui
2493 921 2587 961 libri

408 976 563 1016 edendi
598 990 741 1016 curam
775 983 1033 1031 susceperat,
1059 991 1206 1018 morae
1241 985 1282 1019 et
1314 979 1556 1032 sumptibus
1589 992 1786 1032 parcenS,
1822 993 1910 1033 quo
1944 980 2070 1020 etiam
2105 980 2226 1021 citius
2260 981 2487 1022 doctorum
2519 982 2586 1022 vi-

407 1051 551 1078 rorum
587 1038 870 1092 expectationi
905 1039 1150 1087 satisfieret,
1189 1040 1358 1080 unicam
1393 1040 1647 1095 autographi
1691 1040 2021 1095 descriptionem
2054 1042 2173 1089 fecit,
2209 1055 2338 1096 quam
2383 1043 2585 1099 deinceps

406 1099 503 1139 loco
538 1100 793 1155 autographi
827 1100 1135 1156 divulgandam
1170 1101 1297 1141 dedit.
1334 1102 1466 1153 Quod
1499 1101 1731 1155 quominus
1767 1103 2001 1152 credamus,
2035 1104 2227 1157 profecto
2262 1117 2349 1144 non
2382 1106 2585 1158 prohibe-

406 1174 501 1200 mur
521 1161 717 1201 facilitate
750 1163 1006 1216 autographi
1029 1162 1213 1217 legendi,
1240 1176 1339 1203 nam
1364 1176 1493 1216 quam
1517 1163 1685 1203 difficile
1708 1163 1819 1203 lectu
1842 1164 1965 1204 fuerit
1987 1177 2039 1204 ex
2072 1164 2373 1219 superstitibus
2395 1167 2439 1207 S.
2464 1167 2584 1208 Tho·
2616 1219 2618 1221 ,

405 1235 501 1262 mae
534 1223 812 1277 autographis
835 1237 1082 1263 mensurare
1116 1224 1233 1271 licet;
1269 1237 1346 1263 nec
1380 1224 1588 1277 parvitate
1610 1224 1854 1273 voluminis,
1880 1238 1976 1264 cum
2009 1227 2123 1266 mole
2156 1226 2264 1266 inter
2296 1228 2483 1269 maxima
2505 1243 2584 1270 nu-

404 1290 599 1324 meretur.
635 1285 727 1324 Nec
750 1286 924 1325 obstant
953 1298 1117 1325 errores
1142 1285 1242 1325 certi
1266 1285 1423 1338 quibus
1453 1285 1751 1341 apographum
1771 1286 1825 1326 ab
1849 1287 2119 1341 autographo
2147 1286 2381 1328 differebat.
2414 1289 2583 1330 Nihilo-

404 1345 545 1385 minus
579 1346 692 1386 enim
725 1346 829 1386 illud
863 1345 1197 1387 extraordinaria
1231 1360 1331 1387 cura
1364 1347 1604 1387 confectum
1636 1347 1846 1396 videmus,
1872 1348 2110 1401 quinimmo
2145 1354 2375 1403 antequam
2399 1363 2422 1390 e
2455 1363 2584 1392 manu
2619 1379 2622 1383 .

402 1407 558 1448 librarii
593 1408 750 1455 exierit,
786 1408 986 1448 secundis
1014 1408 1124 1448 curis
1159 1408 1345 1449 revisum
1369 1415 1411 1449 et
1433 1414 1670 1449 correctum
1692 1409 1823 1449 fuisse
1851 1409 2076 1450 credimus.
2111 1410 2244 1450 Cuius
2267 1411 2326 1451 rei
2360 1424 2492 1452 unum
2515 1413 2582 1454 hic

402 1469 546 1523 accipe
581 1469 909 1510 documentum:
946 1470 1103 1510 menda
1127 1483 1237 1523 quae
1261 1470 1540 1511 homoteleuti
1573 1470 1750 1511 alicuius
1773 1471 2009 1520 omissioni‚
2034 1472 2291 1512 creberrimo
2314 1472 2582 1515 librariorum

401 1538 594 1586 peccato,
630 1531 912 1572 adscribenda
944 1531 1154 1578 videntur,
1179 1545 1309 1585 quam
1337 1546 1431 1573 raro
1456 1533 1701 1572 occurrunt!
1736 1533 1921 1573 Recolas
1945 1546 2109 1587 quaeso
2144 1547 2197 1573 ex
2228 1534 2496 1576 Praefatione
2524 1537 2581 1577 III

401 1594 646 1634 Voluminis
679 1607 776 1648 pag.
812 1593 947 1642 XVII,
971 1593 1012 1633 in
1046 1593 1184 1647 primo
1207 1595 1459 1649 apographo
1491 1594 1674 1634 familiae
1697 1594 1733 1633 F
1755 1594 1851 1648 plus
1873 1608 2003 1648 quam
2026 1595 2262 1650 nonaginta
2287 1595 2581 1639 homoteleuta

402 1655 607 1703 defuisse;
637 1655 720 1695 >sed
754 1655 820 1695 hic
863 1656 904 1695 in
942 1655 1225 1710 quadraginta
1266 1669 1343 1705 sex
1371 1655 1729 1708 Quaesfionibus,
1766 1656 1906 1710 spatio
1940 1657 2071 1711 duplo
2114 1657 2288 1706 maiore,
2322 1670 2481 1699 novem
2524 1659 2579 1700 ad

400 1730 615 1757 summum
651 1716 955 1757 desiderantur.
1000 1717 1179 1757 Errores
1201 1717 1331 1757 ferme
1365 1718 1487 1758 unice
1521 1717 1563 1757 in
1587 1723 1784 1771 corrupta
1816 1718 2085 1773 singulorum
2117 1719 2350 1759 verborum
2374 1719 2578 1774 interpre—

399 1779 560 1818 tatione
595 1779 847 1825 consistunt,
883 1784 925 1818 et
956 1778 1052 1818 huic
1086 1779 1272 1819 maxime
1305 1779 1364 1818 rei
1397 1779 1711 1834 autographum
1746 1785 1857 1819 certe
1880 1780 2033 1820 multas
2067 1786 2108 1820 et
2140 1794 2276 1834 paene
2310 1781 2578 1823 inevitabiles

401 1840 651 1880 occasiones
687 1840 936 1894 praebuisse
970 1839 1231 1880 credendum
1265 1846 1340 1888 est,
1375 1841 1433 1881 ita
1464 1846 1511 1880 ut
1542 1846 1691 1881 nostro
1721 1841 1896 1894 quidem
1929 1841 2085 1882 iudicio
2110 1842 2202 1882 sine
2235 1842 2386 1882 sedula
2418 1843 2578 1884 deseri*-

399 1902 557 1956 ptionis
601 1902 880 1957 castigatione
919 1902 1053 1941 multo
1087 1902 1396 1955 frequentiores
1430 1915 1650 1942 occurrere
1691 1901 1907 1943 deberent.

525 1963 613 2004 Sed
646 1964 783 2018 prima
824 1963 1040 2017 archetypi
1084 1964 1372 2018 interpretatio
1413 1963 1468 2004 ad
1509 1977 1638 2018 quam
1683 1977 1834 2004 omnes
1876 1954 2047 2005 codices
2090 1964 2286 2015 redeunt,
2321 1967 2447 2007 etiam
2490 1967 2574 2008 alio

401 2025 534 2066 modo
570 2026 745 2081 intelligi
779 2031 932 2079 potest
967 2026 1113 2079 Ipsum
1148 2026 1267 2079 quod
1302 2026 1550 2066 stationario
1585 2025 1807 2066 traditum
1821 2032 1885 2066 est
1906 2027 2110 2067 volumen
2146 2000 2456 2084 divulgandum
2489 2029 2574 2069 iam

401 2088 699 2142 apographum
733 2087 862 2127 fuisse
897 2086 997 2126 nihil
1033 2087 1172 2127 dicere
1206 2094 1333 2135 vetat,
1359 2101 1412 2127 ex
1445 2087 1705 2128 membranis
1739 2088 1891 2141 partim
1915 2089 2100 2129 auctoris
2134 2090 2287 2143 partim
2321 2090 2477 2130 dictata
2499 2103 2574 2131 ex-

400 2150 591 2203 cipientis
615 2163 743 2189 manu
767 2148 905 2189 veloci
939 2149 1146 2202 scriptura
1170 2150 1507 2203 correcturisque
1541 2149 1723 2203 repletis,
1748 2162 1824 2203 per
1846 2150 1978 2203 ipsius
2004 2150 2046 2190 S.
2072 2151 2268 2191 Thomae
2291 2165 2574 2193 amanuenses

398 2217 603 2265 perpetua
636 2217 677 2251 et
711 2210 874 2251 clariori
909 2211 1116 2264 scriptura
1149 2211 1191 2251 in
1226 2225 1357 2251 unum
1392 2224 1547 2265 corpus
1580 2217 1905 2265 transumptum.
1940 2212 2064 2252 Hanc
2093 2212 2340 2266 opinionem
2374 2214 2572 2267 praeferi-

398 2287 505 2313 mus.
540 2273 654 2312 Nam
688 2273 722 2312 si
758 2273 865 2312 inter
893 2272 1064 2312 codices
1099 2278 1140 2312 et
1173 2273 1434 2327 archetypon
1458 2286 1592 2313 unum
1625 2273 1923 2327 apographum
1958 2274 2228 2328 interponere
2262 2275 2485 2324 debemus,
2520 2288 2574 2316 ex

397 2347 485 2388 quo
521 2347 685 2374 errores
720 2347 972 2374 communes
1016 2340 1219 2387 tanquam
1254 2348 1306 2374 ex
1347 2335 1464 2375 fonte
1498 2335 1727 2382 fluxerunt,
1760 2341 1934 2389 propter
1967 2342 2150 2376 ceteram
2194 2336 2572 2390 incomparabilem

396 2396 633 2436 bonitatem
658 2396 767 2436 illius
792 2395 1089 2449 descriptionis
1123 2396 1346 2451 vulgarem
1368 2396 1584 2437 librarium
1607 2396 1696 2450 pari
1720 2396 1809 2436 iure
1838 2396 2064 2437 excludere
2093 2397 2313 2438 debemus.
2348 2399 2572 2452 Optimum

397 2471 613 2511 quemque
649 2457 841 2498 codicem
865 2457 1029 2497 etiamsi
1064 2471 1117 2497 ex
1151 2458 1264 2498 claro
1289 2458 1519 2512 exemplari
1554 2457 1812 2511 descriptum
1836 2458 1932 2498 huic
1961 2459 2213 2514 apographo
2238 2471 2290 2499 ex
2324 2459 2570 2500 difficillimo

395 2520 626 2573 archetypo
663 2525 955 2573 comparatum
990 2518 1156 2558 mendis
1190 2526 1352 2559 scatere
1388 2520 1515 2560 dices.
1550 2521 1714 2559 Tantae
1759 2520 2032 2569 excellentiae
2076 2521 2215 2561 nullus
2248 2521 2443 2561 librarius
2483 2527 2572 2562 erat

396 2594 529 2635 capax
563 2594 693 2635 quam
728 2581 800 2634 qui
834 2581 875 2620 in
910 2581 1127 2634 scriptura,
1154 2581 1327 2636 ingenio
1362 2587 1403 2621 et
1436 2581 1577 2622 modis
1612 2581 1656 2622 S.
1680 2581 1877 2621 Thomae
1910 2581 2187 2622 versatissimi
2222 2588 2358 2631 erant,
2389 2582 2445 2623 illi
2479 2596 2570 2623 ma-

395 2643 508 2682 xime
542 2656 726 2696 quorum
760 2642 917 2682 auxilio
954 2641 1147 2695 quotidie
1181 2643 1222 2682 in
1257 2643 1484 2683 scribendo
1520 2643 1728 2682 utebatur.
1775 2642 1821 2682 Si
1856 2648 1998 2682 tamen
2032 2643 2128 2696 quis
2168 2643 2426 2684 existimaret
2459 2657 2570 2699 opus

395 2704 661 2744 librariorum
696 2704 740 2744 S.
765 2704 974 2751 Thomae,
1000 2704 1117 2743 omni
1142 2704 1393 2757 exceptione
1427 2705 1650 2751 maiorum,
1674 2709 1738 2743 tot
1771 2704 1896 2744 falsas
1924 2704 2129 2745 lectiones
2162 2718 2250 2745 non
2284 2705 2570 2747 exhibiturum

394 2766 535 2814 fuisse,
561 2766 596 2805 is
629 2772 873 2820 temporum
907 2765 1186 2805 differentiam
1222 2765 1427 2806 advertat.
1463 2767 1503 2806 A
1538 2771 1709 2805 nostrae
1743 2766 1892 2805 aetatis
1927 2772 2115 2806 extrema
2143 2767 2401 2820 perfectione
2435 2774 2569 2808 mate-

395 2827 495 2875 riali,
521 2841 630 2880 quae
655 2828 765 2867 curis
788 2834 851 2867 ter
884 2833 1119 2880 quaterque
1143 2827 1301 2867 iteratis
1335 2827 1564 2883 attingitur,
1589 2827 1702 2867 illam
1731 2833 1914 2867 aetatem
1936 2827 2067 2883 longe
2091 2828 2277 2868 abfuisse
2300 2826 2441 2870 omni's
2464 2829 2571 2870 liber

396 2902 448 2929 ex
483 2902 532 2928 ea
565 2895 782 2942 superstes
815 2889 939 2942 plane
974 2889 1141 2929 evincit.

518 2951 670 2990 Paucis
704 2951 808 2990 haec
842 2950 1122 2990 adumbrasse
1145 2950 1336 2991 sufficiat.
1372 2951 1482 2990 Rem
1503 2951 1652 3004 ipsam
1680 2950 1911 2991 lectoribus
1944 2957 2041 2991 ante
2076 2951 2226 2992 oculos
2259 2965 2421 3006 ponere
2453 2953 2568 2993 festi—

395 3024 558 3059 namus,
583 3017 629 3051 ut
662 3012 754 3066 ipsa
787 3025 864 3065 pro
899 3025 945 3051 se
979 3013 1179 3065 loquatur
1202 3017 1242 3052 et
1275 3012 1426 3052 clarius
1449 3012 1623 3065 quidem
1658 3026 1786 3066 quam
1810 3012 1879 3052 vel
1914 3013 2046 3067 longa
2078 3014 2289 3054 sermonis
2322 3015 2431 3055 serie
2461 3014 2568 3056 effici

395 3079 554 3127 posset.
591 3073 827 3113 Elenehum
863 3073 1059 3113 codicum
1094 3074 1411 3128 exploratorum
1445 3075 1583 3128 primo
1619 3074 1782 3115 damus.
1827 3074 1899 3114 Ad
1933 3088 2044 3128 quos
2081 3075 2388 3130 significandos
2422 3075 2568 3117 litteris

395 3134 572 3190 graecis,
597 3135 735 3175 latinis
771 3141 811 3174 et
844 3148 1119 3175 numerorum
1154 3135 1266 3175 notis
1300 3136 1457 3176 utimur
1489 3137 1646 3190 quibus
1681 3149 1768 3182 eos,
1794 3142 2024 3190 antequam
2058 3136 2161 3190 quid
2196 3138 2365 3178 collatio
2395 3137 2568 3178 doceret

395 3197 656 3244 innotuerat,
692 3197 734 3236 in
767 3196 931 3249 scriptis
974 3197 1130 3237 nostris
1171 3197 1552 3252 distinguebamus.
1599 3198 1690 3238 Etsi
1726 3198 1839 3238 enim
1881 3204 1980 3252 post
2022 3198 2294 3239 collationem
2338 3198 2566 3240 methodus
2630 3209 2637 3217 ·

394 3258 713 3312 propinquioris
753 3258 1022 3312 cognationis
1057 3259 1264 3299 rationem
1306 3259 1470 3299 habens
1502 3259 1693 3300 adhiberi
1727 3259 1959 3314 potuisset,
1994 3266 2137 3300 tamen
2182 3259 2348 3301 errandi
2380 3260 2568 3314 pericula

396 3319 590 3359 evitaturi
629 3333 759 3373 quam
792 3320 878 3359 fors
917 3319 1011 3359 tulit
1053 3320 1411 3375 significationem
1449 3335 1535 3361 non
1570 3327 1733 3361 mutare
1767 3321 2019 3369 maluimus,
2056 3335 2167 3375 quae
2209 3327 2427 3376 praeterea
2469 3322 2566 3362 huic

395 3381 536 3421 solum
570 3381 786 3422 occasioni
820 3381 1006 3421 inservit.
1043 3382 1243 3422 Aetatem
1266 3382 1464 3422 codicum
1489 3383 1529 3423 in
1553 3383 1709 3437 quibus
1732 3396 1869 3423 annus
1894 3397 1980 3423 non
2004 3383 2241 3438 adscriptus
2264 3389 2339 3431 est,
2365 3383 2564 3438 designa-

396 3455 491 3482 mus
533 3454 609 3496 per
641 3446 727 3484 ant.
763 3442 937 3496 quando
972 3449 1070 3483 ante
1104 3444 1416 3498 quinquaginta
1448 3458 1584 3484 annos
1619 3458 1643 3484 a
1677 3445 1721 3485 S.
1755 3444 1951 3485 Thomae
1994 3450 2132 3485 morte
2169 3444 2311 3498 scripti
2345 3444 2563 3493 videntur;

395 3503 501 3544 med.
527 3504 723 3559 designat
746 3504 932 3545 iuniores
955 3505 1032 3545 sed
1057 3511 1154 3545 ante
1188 3511 1357 3545 centum
1387 3506 1548 3546 circiter
1570 3520 1594 3546 a
1617 3512 1754 3546 morte
1787 3520 1924 3547 annos
1958 3506 2150 3560 scriptos,
2175 3519 2255 3546 rec.
2279 3506 2562 3560 posteriores;
