2892 4056
169 797 179 805 ⁸
195 796 218 816 ln
235 801 338 822 corpore.

168 1599 175 1606 ·
192 1596 241 1617 Lib.
259 1596 276 1622 l,
292 1602 343 1623 cap.
359 1602 375 1622 1,

183 1640 187 1644 .
213 1630 235 1649 4.
257 1634 268 1639 -
293 1623 317 1644 S.
331 1622 375 1643 Th.

167 1650 219 1670 lect.
234 1655 246 1670 1.

410 188 482 224 382

408 265 512 312 dum,
525 265 587 301 vel
607 264 748 312 aliquid
768 264 868 300 aliud
887 261 1116 300 huiusmodi.
1138 262 1186 297 Et
1205 260 1292 297 ideo
1313 267 1463 309 oportet

408 318 455 355 de
484 317 703 354 huiusmodi
732 316 897 353 iudicare
932 315 1143 351 secundum
1178 313 1303 361 aliqua
1331 313 1463 350 altiora
1488 325 1490 342 ³

406 370 588 419 principia
615 381 733 419 quam
761 369 834 405 sint
865 368 1014 415 regulae
1044 378 1291 411 communes,
1330 378 1463 402 secun-

409 425 499 460 dum
528 435 622 471 quas
651 422 791 459 iudicat
818 420 975 468 synesis.
1006 420 1054 455 Et
1082 419 1294 455 secundum
1324 418 1385 455 illa
1413 420 1464 455 al-

407 475 502 512 tiora
534 474 717 524 principia
754 473 911 520 exigitur
948 471 1055 508 altior
1087 471 1204 508 virtus
1240 470 1462 518 indicativa,

408 540 505 576 quae
534 534 693 564 vocatur
719 537 880 573 gnome,
910 536 1008 572 quae
1028 529 1040 544 ⁸
1059 524 1240 572 importat
1267 524 1462 571 quandam

407 580 732 629 perspicacitatem
760 577 896 615 iudicii.

460 635 519 669 AD
535 644 670 669 paruum
686 642 784 668 ano
800 641 984 667 montinum
1005 629 1112 676 quod
1132 629 1278 677 synesis
1299 636 1354 665 est
1373 641 1463 665 vere

407 685 608 722 indicativa
637 685 684 721 de
713 683 892 720 omnibus
922 694 1018 730 quae
1047 682 1260 718 secundum
1291 693 1464 718 commu-

407 750 474 775 nes
503 737 649 784 regulas
677 737 784 773 fiunt.
816 735 893 772 Sed
921 742 1071 783 praeter
1104 746 1329 771 communes
1358 746 1465 782 regu-

406 792 459 827 las
488 797 574 826 sunt
598 790 786 837 quaedam
815 788 887 824 alia
916 787 1178 835 diiudicanda,
1207 795 1249 824 ut
1277 787 1353 824 iam
1372 787 1392 809 '¹‘
1412 787 1465 824 di-

407 850 507 879 ctum
537 849 602 878 est.

458 898 516 931 AD
545 906 734 931 SECUNDUM
767 905 952 931 DICENDUM
989 894 1094 942 quod
1132 892 1315 930 iudicium
1354 893 1466 930 debet

406 947 503 984 sumi
533 959 577 983 ex
604 946 767 996 propriis
795 946 988 996 principiis
1016 946 1091 983 rei:
1121 945 1314 995 inquisitio
1337 953 1463 983 autem

405 1001 447 1037 fit
475 1000 588 1036 etiam
615 1012 685 1049 per
713 1000 946 1037 communia.
980 1000 1093 1037 Unde
1123 999 1236 1036 etiam
1265 999 1303 1036 in
1331 1011 1465 1048 specu—

457 1131 478 1163 ε)
497 1138 571 1163 quae.
590 1145 609 1149 -
627 1132 698 1163 quod
716 1131 924 1164 ABCDEFILpK
945 1137 971 1156 et
988 1139 1034 1157 tm.

1110 182 1375 229 QUAESTIO
1405 183 1471 229 LI,
1500 181 1795 218 ARTICULUS
1826 182 1876 217 lV

1516 260 1638 296 lativis
1668 259 1880 306 dialectica,
1917 271 2016 307 quae
2046 267 2102 296 est
2129 260 2367 309 inquisitiva,
2405 262 2579 311 procedit

1518 325 1563 349 ex
1583 311 1876 349 communibus:
1909 313 2206 349 demonstrativa
2235 321 2375 361 autem,
2395 326 2494 364 quae
2524 322 2579 352 est
2603 343 2605 345 .

1516 364 1730 411 indicativa,
1759 365 1934 412 procedit
1962 377 2006 401 ex
2034 365 2209 414 propriis.
2239 367 2288 402 Et
2306 366 2576 414 ideo'eubulia‚

1517 418 1566 454 ad
1596 429 1714 465 quam
1742 417 1906 465 pertinet
1933 417 2127 466 inquisitio
2157 418 2314 466 consilii,
2344 427 2399 456 est
2426 430 2504 456 una
2532 421 2579 457 de

1517 470 1718 507 omnibus:
1748 482 1826 507 non
1855 478 1984 507 autem
2014 471 2180 518 synesis,
2219 483 2318 520 quae
2348 479 2404 508 est
2437 472 2580 509 iudica-

1517 523 1606 560 tiva.
1632 543 1656 550 -
1681 523 1932 572 Praeceptum
1970 531 2099 560 autem
2137 521 2288 573 respicit
2324 524 2363 561 in
2401 524 2579 562 omnibus

1517 588 1635 612 unam
1665 575 1852 613 rationem
1881 576 1984 613 boni.
2025 577 2074 613 Et
2101 576 2188 614 ideo
2228 576 2343 614 etiam
2378 577 2579 626 prudentia

1518 641 1596 665 non
1626 636 1682 665 est
1709 641 1779 665 nlsi
1807 641 1896 666 una.

1571 684 1630 718 An
1659 693 1819 719 TERTmM
1851 693 2035 719 mCENDUM
2074 682 2180 730 quod
2217 682 2348 719 omnia
2383 682 2444 719 illa
2481 695 2579 732 quae

1519 742 1669 783 praeter
1697 747 1945 772 communem
1979 747 2133 771 cursum
2168 735 2385 783 contingere
2419 743 2581 784 possunt

1520 787 1762 824 considerare
1790 788 1952 836 pertinet
1986 787 2035 825 ad
2064 788 2186 825 solam
2214 787 2497 837 providentiam
2528 788 2581 825 di-

1519 840 1672 877 vinam:
1702 841 1770 878 sed
1789 841 1885 877 inter
1903 841 2080 878 homines
2100 841 2158 877 ille
2187 840 2252 890 qui
2281 848 2337 877 est
2357 841 2478 889 magis
2496 852 2582 890 per-

1520 893 1647 942 spicax
1666 901 1792 942 potest
1810 895 1919 942 plura
1937 895 2077 931 horum
2098 906 2166 931 sua
2188 894 2333 931 ratione
2360 894 2587 932 diiudicare,

1520 947 1568 983 Et
1587 947 1636 984 ad
1665 948 1739 984 hoc
1768 947 1929 995 pertinet
1956 959 2111 995 gnome,
2133 959 2231 996 quae
2261 946 2442 995 importat
2460 959 2582 996 quan-

1521 1000 1611 1036 dam
1639 1000 1968 1048 perspicacitatem
1998 1000 2137 1037 iudicii.

1077 1209 1410 1242 commentaria
1433 1209 1683 1241 cardinalis
1706 1208 1907 1241 Caietam

434 1299 453 1319 N
477 1288 609 1319 articulo
634 1295 746 1329 quarto
762 1289 896 1319 dubium
920 1288 1064 1325 occurrit,
1080 1298 1146 1329 quo
1166 1295 1259 1328 pacto
1283 1297 1401 1328 gnome
1418 1294 1464 1318 est

407 1302 542 1363 Ivirtus.
568 1333 609 1363 Et
633 1339 679 1363 est
702 1333 779 1363 ratio
804 1333 891 1363 dubii
916 1332 1006 1373 quia,
1033 1332 1058 1362 si
1082 1339 1128 1362 est
1150 1332 1265 1368 virtus,
1290 1339 1345 1362 aut
1372 1339 1463 1363 natu-

402 1377 483 1413 ralis,
514 1384 568 1407 aut
595 1377 756 1417 acquisita.
788 1377 849 1407 Sed
880 1376 1028 1407 naturalis
1055 1387 1121 1406 non
1152 1383 1214 1406 est:
1239 1376 1314 1416 quia
1345 1383 1466 1416 praeter

403 1421 606 1462 synderesim‚
622 1430 703 1462 quae
726 1421 851 1451 habitus
867 1420 1097 1461 principiorum
1117 1427 1171 1456 est,
1189 1420 1276 1450 nulla
1291 1420 1390 1451 virtus
1406 1430 1464 1460 po—

403 1466 487 1496 nitur
511 1466 659 1496 naturalis
682 1465 715 1494 in
739 1465 898 1495 intellectu
928 1465 1080 1506 practico;
1112 1465 1193 1495 sicut
1215 1475 1272 1495 nec
1295 1464 1328 1494 in
1353 1474 1463 1504 specu·
1490 1469 1492 1476 ⁴

402 1509 498 1540 lativo
527 1509 584 1539 nisi
616 1509 740 1539 habitus
771 1509 1010 1549 principiorum.
1042 1527 1061 1531 -
1091 1509 1157 1539 Nec
1185 1508 1346 1549 acquisita.
1381 1508 1465 1546 Quia

403 1554 608 1594 acquiruntur
631 1554 760 1584 virtutes
784 1553 960 1584 intellectus
985 1553 1214 1593 experimentis,
1239 1563 1320 1593 quae
1345 1563 1381 1582 ex
1400 1562 1465 1582 me-

403 1597 511 1628 moriis
536 1605 740 1637 consurgunt,
766 1604 801 1628 ut
825 1604 910 1638 patet
932 1597 964 1627 in
988 1597 1124 1639 prologo
1139 1597 1321 1637 Metaphys.
1336 1595 1355 1614 '¹‘
1378 1597 1466 1627 Haec

403 1649 510 1672 autem
526 1648 647 1682 praeter
663 1651 849 1672 communes
873 1642 995 1681 regulas
1011 1641 1180 1672 iudicanda
1203 1648 1277 1671 sunt
1293 1651 1362 1670 raro
1387 1651 1464 1671 con-

403 1686 568 1726 tingentia;
593 1696 628 1716 ac
651 1696 707 1726 per
721 1686 783 1716 hoc
803 1687 841 1716 ab
865 1696 931 1716 uno
956 1693 986 1716 et
1001 1686 1116 1716 eodem
1135 1685 1266 1715 homine
1281 1695 1395 1725 parum
1411 1692 1466 1715 aut

403 1730 480 1760 nihil
504 1729 717 1770 experimento
740 1729 924 1769 probabilia.
949 1730 989 1760 Et
1013 1729 1056 1760 sic
1079 1729 1177 1760 virtus
1201 1729 1277 1759 haec
1301 1739 1466 1770 nunquam

403 1774 576 1804 habebitur.

458 1818 494 1848 11.
519 1818 569 1848 Ad
591 1817 654 1847 hoc
678 1817 790 1848 dicitur
813 1818 901 1858 quod
924 1817 1054 1848 virtutes
1084 1824 1159 1847 sunt
1181 1817 1214 1847 in
1239 1816 1354 1857 duplici
1380 1816 1466 1847 diffe-

404 1862 511 1892 rentia.
534 1862 617 1892 Nam
640 1862 797 1902 quaedam
821 1868 895 1892 sunt
917 1871 1055 1902 quarum
1078 1861 1224 1892 materiae
1247 1861 1280 1891 in
1301 1861 1466 1892 communi

402 1907 466 1936 vita
489 1906 667 1946 frequenter
690 1913 868 1941 occurrunt,
895 1913 928 1936 ut
950 1905 1080 1936 virtutes
1113 1915 1193 1946 quae
1218 1905 1388 1935 cardinales
1411 1915 1466 1935 vo-

405 1957 526 1981 cantur:
552 1957 587 1980 ut
616 1956 700 1990 patet
729 1950 912 1980 discurrenti
941 1960 996 1990 per
1026 1960 1135 1980 earum
1166 1949 1320 1985 materias,
1350 1949 1467 1980 scilicet

405 1994 686 2030 commutationes,
721 1994 964 2029 distributiones,
993 1994 1150 2034 appetitus
1179 2004 1214 2024 ac
1245 1994 1466 2024 delectationes

405 2039 549 2069 ciborum
565 2045 595 2068 et
610 2048 827 2075 venereorum,
844 2038 1036 2079 timoresque
1051 2039 1275 2079 periculorum.
1301 2038 1467 2075 Quaedam

404 2093 478 2113 vero
503 2089 576 2112 sunt
598 2093 734 2122 quarum
758 2083 904 2113 materiae
929 2092 993 2112 non
1019 2082 1231 2113 communiter
1247 2089 1301 2113 aut
1324 2082 1474 2123 frequen—‚

404 2134 450 2157 ter
473 2127 628 2163 accidunt,
654 2135 688 2157 ut
711 2134 796 2167 patet
820 2127 858 2157 de
881 2126 1113 2167 magnificentia
1136 2133 1166 2157 et
1190 2127 1465 2166 magnanimitate:

404 2181 469 2201 non
494 2171 579 2201 enirn
603 2181 734 2211 magnae
759 2171 883 2202 divitiae
908 2178 962 2201 aut
985 2171 1092 2211 magni
1116 2171 1254 2201 honores
1278 2171 1386 2201 crebro
1415 2181 1466 2202 oc-

404 2222 542 2246 currunt.
573 2215 613 2246 Et
636 2215 711 2255 quia
741 2215 974 2245 exercitationes
1005 2226 1114 2245 earum
1146 2225 1211 2246 non
1235 2222 1308 2245 sunt
1338 2215 1465 2251 similes,

403 2260 474 2290 ideo
499 2260 594 2290 etiarn
621 2259 775 2290 connexio
809 2260 949 2299 ipsarum
980 2270 1054 2290 cum
1086 2259 1154 2289 aliis
1189 2269 1254 2289 non
1284 2259 1469 2299 intelligitur

403 2303 497 2334 simili
513 2303 612 2334 modo
629 2304 709 2334 sicut
728 2304 766 2334 de
782 2304 901 2343 primis.
925 2304 1008 2334 Nam
1028 2314 1102 2334 cum
1118 2303 1247 2334 virtutes
1263 2313 1376 2333 omnes
1392 2313 1467 2334 con-

404 2358 500 2378 nexae
523 2348 593 2383 sint,
618 2348 734 2387 primas
758 2354 882 2378 tantum
907 2347 1061 2378 connexio
1085 2347 1176 2388 ponit
1199 2347 1231 2377 in
1256 2354 1326 2378 actu
1346 2347 1466 2388 simpli-

405 2392 493 2422 citer:
519 2393 671 2422 secundas
695 2398 802 2422 autem
825 2391 856 2421 in
880 2398 951 2422 actu
972 2392 1147 2422 secundum
1163 2391 1249 2432 quid,
1266 2391 1346 2422 idest
1361 2391 1393 2421 in
1409 2402 1466 2432 po-

403 2436 500 2466 tentia
523 2436 706 2476 propinqua
728 2436 811 2466 actui
834 2435 1030 2476 simpliciter;
1054 2445 1175 2476 pauper
1199 2436 1282 2465 enim
1306 2436 1466 2466 virtuosus

404 2490 470 2510 non
493 2486 539 2510 est
562 2479 747 2520 magnificus
771 2480 963 2520 simpliciter,
980 2480 1034 2510 sed
1057 2479 1090 2510 in
1111 2479 1253 2520 potentia
1273 2479 1464 2520 propinqua,

403 2524 641 2564 praeparatione
665 2524 781 2554 scilicet
804 2524 911 2554 animi.
946 2524 992 2554 Ex
1016 2524 1064 2553 his
1087 2530 1194 2554 autem
1224 2523 1374 2554 omnibus
1404 2523 1465 2554 hoc

403 2569 536 2598 habetur
558 2568 597 2598 ad
617 2568 828 2608 propositum,
853 2569 942 2608 quod
965 2568 1094 2598 virtutes
1110 2567 1233 2608 aliquae
1256 2567 1357 2598 inesse
1374 2567 1465 2598 nobis

404 2612 552 2642 dicuntur
579 2613 708 2653 quando
743 2619 816 2642 sunt
846 2612 879 2642 in
909 2612 1051 2652 potentia
1082 2612 1261 2652 propinqua
1290 2612 1466 2652 praeparati

403 2656 510 2686 animi.
535 2656 584 2687 Sic
608 2656 694 2686 enim
716 2656 896 2696 contingere
919 2655 1043 2686 videtur
1066 2657 1104 2686 de
1128 2666 1256 2696 gnome.
1287 2656 1357 2696 ipsa
1380 2655 1465 2686 enirn

402 2707 478 2731 tunc
494 2700 600 2730 haberi
615 2700 727 2731 dicitur
743 2701 873 2741 quando
889 2701 922 2730 in
938 2700 1003 2731 suis
1018 2700 1180 2741 principiis
1197 2710 1286 2730 mens
1302 2700 1466 2731 exercitata

403 2752 458 2781 est,
483 2744 627 2785 quamvis
650 2754 739 2775 casus
764 2755 829 2775 non
853 2751 1027 2775 occurrant.

457 2789 508 2819 ΙΙΙ.
526 2789 576 2819 Ad
592 2789 682 2819 cuius
698 2789 887 2820 evidentiam
910 2789 1115 2820 recolendum
1138 2796 1184 2820 est
1203 2789 1291 2829 quod
1311 2789 1465 2829 quemad-

1518 1288 1654 1318 modum
1676 1287 1843 1328 prudentia
1866 1286 1902 1318 fit
1920 1297 1957 1317 ex
1980 1287 2143 1318 eustochia
2159 1297 2215 1328 per
2237 1287 2464 1325 inventionem,
2481 1296 2512 1319 et
2527 1290 2583 1320 do-

1517 1331 1631 1362 cilitate
1655 1341 1710 1371 per
1733 1331 1942 1372 disciplinam,
1967 1338 1997 1362 et
2020 1339 2261 1362 consummatur
2284 1328 2518 1369 exercitatione;
2541 1333 2585 1364 ita

1516 1386 1635 1416 gnome
1650 1375 1686 1406 fit
1703 1382 1733 1406 et
1748 1376 1940 1412 inventione,
1957 1385 1995 1406 ex
2010 1376 2143 1406 naturali
2156 1376 2392 1416 perspicacitate
2405 1376 2583 1416 plurimum

1518 1421 1558 1450 ad
1581 1421 1642 1450 tale
1665 1420 1819 1450 iudicium
1844 1420 2023 1450 conferente
2048 1418 2159 1462 (cuius
2182 1420 2309 1460 signum
2333 1427 2379 1451 est
2402 1421 2492 1461 quod
2514 1421 2583 1457 viri,

1518 1472 1815 1505 quantumcumque
1839 1464 2021 1500 doctissimi,
2053 1463 2232 1495 deficientes
2255 1464 2288 1494 in
2312 1463 2446 1496 naturali
2469 1465 2586 1505 sagaci-

1518 1516 1590 1544 tate,
1615 1509 1760 1539 nesciunt
1789 1509 1871 1539 ultra
1899 1509 2008 1548 legum
2036 1509 2130 1539 verba
2161 1507 2341 1551 decernere)
2349 1517 2357 1545 ;
2381 1507 2417 1539 fit
2439 1516 2470 1541 et
2493 1509 2584 1540 disci-

1518 1553 1614 1593 plina,
1640 1563 1676 1583 ex
1698 1553 1834 1583 lectione
1858 1553 2081 1593 exceptionum
2105 1560 2135 1583 et
2157 1559 2320 1593 gestorum
2344 1553 2525 1593 sapientum
2548 1563 2584 1584 ac

1518 1598 1704 1638 proborum,
1721 1604 1751 1628 et
1772 1607 1884 1627 eorum
1899 1597 2084 1627 rationibus.
2110 1598 2262 1637 Legentes
2279 1597 2364 1627 enim
2381 1598 2479 1638 quod,
2496 1607 2584 1638 prae-

1492 1661 1493 1664 =
1518 1649 1563 1672 ter
1586 1651 1774 1672 communes
1799 1641 1930 1681 regulas,
1949 1641 2133 1681 depositum
2157 1651 2223 1671 non
2240 1648 2286 1671 est
2308 1642 2508 1680 reddendum
2523 1642 2583 1672 im-

1519 1685 1688 1726 pugnatori
1720 1685 1855 1726 patriae;
1889 1691 1919 1715 et
1941 1692 2140 1726 penetrantes
2167 1685 2339 1722 rationem,
2369 1685 2445 1726 quia
2467 1685 2586 1720 scilicet

1519 1739 1615 1760 omne
1640 1729 1822 1769 depositum
1845 1729 1984 1760 redditur
2007 1730 2065 1760 sub
2097 1729 2218 1760 ratione
2242 1729 2318 1760 boni
2350 1730 2451 1766 utilis,
2474 1730 2508 1760 in
2530 1728 2586 1762 tali

1519 1781 1626 1804 autem
1643 1783 1716 1804 casu
1740 1774 1866 1804 daretur
1882 1773 2004 1804 malum
2020 1773 2171 1804 nocivum
2195 1774 2281 1804 bono
2301 1773 2477 1810 communi,
2493 1775 2584 1815 quod

1519 1824 1654 1857 praestat
1677 1817 1868 1858 particulari;
1893 1817 2101 1858 perspicimus
2124 1818 2212 1858 quod
2235 1827 2293 1848 nec
2316 1818 2467 1858 direptori
2489 1825 2520 1849 et
2540 1818 2586 1849 ef-

1519 1862 1619 1892 fusori
1642 1862 1802 1892 bonorum
1825 1861 1983 1898 ecclesiae,
2000 1861 2145 1902 quamvis
2161 1860 2304 1892 officium
2317 1862 2446 1893 rectoris
2461 1862 2585 1900 habeat,

1519 1906 1710 1936 restituenda
1734 1913 1807 1936 sunt
1831 1905 1977 1936 ecclesiae
1997 1907 2090 1936 bona.
2115 1906 2322 1936 Attendentes
2338 1916 2470 1947 quoque
2484 1906 2585 1947 quod,

1519 1957 1640 1991 praeter
1664 1960 1851 1981 communes
1874 1950 1997 1990 regulas
2029 1950 2213 1988 modestiae,
2246 1950 2358 1987 David,
2389 1957 2425 1981 ut
2453 1950 2587 1982 habetur

1520 1995 1531 2025 Ι
1554 1995 1636 2036 Reg.
1660 1994 1763 2031 xx1›*‚
1796 2001 1882 2025 actus
1915 1994 2046 2025 furentis
2076 1994 2125 2024 vel
2156 1994 2314 2035 epileptici
2346 1994 2518 2035 assumpsit
2547 2001 2585 2026 ut

1519 2039 1617 2070 vitam
1633 2039 1777 2075 salvaret;
1803 2039 1955 2069 docemur
1974 2039 2063 2079 quod
2079 2038 2245 2069 stultitiam
2263 2038 2410 2069 simulare
2421 2039 2495 2069 loco
2510 2049 2586 2079 pru-

1520 2083 1625 2114 dentia
1648 2093 1774 2113 summa
1797 2090 1853 2114 est.
1878 2083 1918 2113 Et
1934 2083 1987 2118 sic,
2012 2083 2085 2113 dato
2111 2083 2200 2123 quod
2216 2083 2346 2113 materia
2361 2092 2494 2123 gnomes
2513 2093 2584 2113 raro

1493 2143 1495 2163 ;.
1520 2134 1673 2163 occurrat,
1698 2138 1733 2158 ac
1756 2137 1812 2167 per
1835 2128 1895 2157 hoc
1919 2137 1985 2157 non
2010 2127 2161 2157 habeatur
2180 2126 2359 2167 frequenter
2373 2137 2491 2167 gnome
2507 2137 2583 2158 con-

1520 2178 1693 2208 summate;
1718 2171 1823 2202 haberi
1848 2179 1953 2202 tamen
1977 2178 2091 2210 potest,
2111 2171 2192 2201 sicut
2215 2171 2292 2201 aliae
2307 2171 2437 2202 virtutes
2456 2171 2584 2208 similes,

1519 2217 1552 2246 in
1576 2215 1736 2256 principiis
1761 2216 1825 2246 suis
1850 2222 1879 2246 et
1902 2215 2046 2255 proxima
2070 2215 2288 2255 dispositione.

1574 2260 1729 2298 Quamvis
1761 2259 1942 2291 exercitium
1965 2269 2098 2299 gnomes
2130 2269 2196 2290 non
2222 2259 2264 2290 ita
2287 2269 2393 2290 rarum
2417 2259 2469 2290 sit.
2494 2259 2586 2297 Quo—

1520 2304 1607 2334 niam
1630 2311 1660 2334 et
1683 2304 1716 2334 in
1738 2303 1869 2334 materia
1892 2303 2027 2334 iustitiae
2058 2303 2152 2334 etiam
2177 2303 2309 2344 -privatis
2340 2302 2484 2343 personis
2513 2302 2585 2344 plu-

1493 2355 1494 2358 ’
1520 2349 1579 2378 ries
1603 2348 1715 2379 accidit
1737 2348 1769 2378 in
1794 2348 2089 2388 recompensatione
2119 2347 2280 2377 bonorum
2303 2357 2386 2388 quae
2415 2357 2483 2378 non
2510 2357 2586 2389 pos-

1520 2400 1594 2423 sunt
1617 2392 1704 2422 aliter
1727 2401 1919 2431 recuperare,
1939 2391 2087 2422 facientes
2110 2391 2168 2422 sibi
2191 2391 2267 2431 ipsis
2290 2391 2458 2428 iustitiam;
2481 2398 2518 2423 ut
2540 2391 2585 2423 fe-

1519 2443 1629 2466 cerunt
1650 2436 1707 2466 filii
1731 2436 1834 2471 Israel,
1859 2443 2001 2475 petentes
2025 2442 2177 2466 mutuum
2201 2435 2239 2466 ab
2262 2435 2427 2477 Aegyptiis
2450 2445 2582 2476 oppres—

1492 2490 1494 2497 *
1517 2480 1642 2510 soribus
1666 2480 1730 2510 suis
1746 2479 1763 2499 *
1787 2479 1946 2522 (quamvis
1970 2480 2031 2510 hoc
2048 2479 2154 2510 divina
2177 2480 2272 2511 etiam
2295 2479 2426 2511 fecerint
2449 2480 2584 2511 auctori-

1518 2531 1580 2555 tate
1598 2523 1640 2566 *).
1664 2525 1706 2555 Et
1727 2523 1760 2554 in
1784 2524 1913 2555 materia
1937 2524 2172 2564 temperantiae,
2189 2531 2311 2565 praeter
2334 2534 2522 2556 communes
2536 2534 2584 2556 ro-

1517 2569 1608 2609 gulas
1632 2578 1747 2608 corpus
1770 2568 1932 2599 incolume
1956 2568 2155 2599 subiicientes
2178 2569 2288 2605 menti,
2305 2569 2423 2609 pluries
2439 2568 2584 2606 occurrit,

1518 2619 1647 2653 propter
1670 2619 1888 2643 occurrentem
1911 2611 2018 2649 finem,
2044 2612 2138 2643 etiarn
2162 2623 2236 2644 cum
2261 2613 2402 2654 corporis
2419 2612 2586 2654 dispendio

1519 2657 1688 2687 abstinere:
1713 2663 1749 2687 ut
1771 2657 1803 2686 in
1827 2657 1947 2687 actibus
1971 2656 2125 2694 lectionis,
2151 2657 2323 2694 sermonis,
2354 2657 2472 2688 velocis
2495 2657 2587 2698 equi-

1516 2701 1644 2732 tationis
1669 2701 1868 2738 necessariae,
1894 2701 2008 2732 servitii
2031 2700 2244 2739 infirmorum,
2269 2708 2300 2732 et
2322 2701 2517 2732 huiusmodi.

1572 2746 1612 2776 Et
1635 2755 1691 2785 per
1714 2746 1790 2776 haec
1813 2752 1898 2785 patet
1921 2745 2087 2785 responsio
2111 2746 2150 2776 ad
2173 2746 2296 2777 obiecta
2311 2745 2344 2776 *z
2369 2746 2444 2786 quia
2466 2745 2584 2776 scilicet

1518 2796 1564 2820 est
1587 2789 1685 2820 virtus
1709 2789 1874 2829 acquisita;
1900 2796 1930 2819 et
1952 2790 2121 2830 quomodo
2144 2789 2325 2831 acquiritur.

2887 428 2892 454 -.
2884 331 2892 419 -2.....=-
2883 270 2892 324 κιο-ι
2883 202 2892 263 ..n-e*

2610 2003 2623 2014 ⁸
2637 2002 2704 2024 Vers-
2719 2008 2748 2031 ¹3-

2613 2491 2622 2501 ·
2633 2489 2709 2512 Exod.
2720 2496 2746 2512 ea
2765 2505 2771 2512 .
2781 2496 2824 2518 xn,

2612 2545 2623 2556 ⁴
2640 2543 2674 2565 Ibi
2692 2522 2769 2571 pcipi
2789 2549 2825 2570 xx,

2612 2576 2672 2592 vers.
2687 2576 2707 2598 ²,
2721 2576 2742 2599 3.

2613 2523 2671 2539 vers.

2612 2758 2622 2767 ·
2635 2756 2707 2778 Num.
2722 2761 2738 2778 ι.
