2892 4056
132 1918 164 1934 .m
181 1912 242 1932 ‚ri-,3¹

126 2047 140 2063 ,Ι
157 2031 195 2070 Jup
212 2042 247 2062 .1Ι·.

51 659 63 670 ⁸
73 658 106 680 Ca
124 674 130 680 .
140 663 212 684 v11,n.
223 657 263 679 6.-

53 684 76 707 S.
87 664 132 706 Tg.
147 684 199 706 leet.
214 689 252 706 xv.

1026 143 1290 189 QUAESTJO
1323 144 1350 189 1,

289 231 359 254 tum
380 222 487 253 Deum
510 226 636 260 oportet
658 220 813 251 resolvere
832 221 994 252 veritatem
1012 221 1070 252 Dei
1094 222 1126 251 in
1150 221 1294 257 dicendo,
1311 231 1348 251 ex

288 276 325 297 ea
346 272 435 306 parte
457 274 522 304 qua
545 263 762 294 conformatur
784 265 877 295 rebus
901 265 990 295 dictis
1015 266 1190 296 secundum
1205 275 1247 296 se.
1264 283 1285 288 -
1301 266 1348 296 Ex

289 320 324 340 ea
346 319 421 340 vero
446 315 533 348 parte
555 318 619 348 qua
641 308 859 339 conformatur
881 310 974 340 rebus
998 309 1087 340 dictis
1110 309 1142 340 in
1158 317 1264 340 mente
1281 319 1348 345 sua,

289 353 364 394 quia
384 352 489 389 dicere
511 362 549 382 ex
572 352 699 382 duobus
723 353 848 391 pendet,
873 353 988 383 scilicet
1011 363 1048 384 ex
1070 353 1229 384 intellectu
1247 361 1277 384 et
1292 363 1348 384 vo-

288 399 408 428 luntate
432 394 582 438 (dicimus
605 395 691 426 enim
719 396 794 436 quia
816 395 995 438 volumus),
1018 397 1209 437 inquantum
1234 397 1350 437 pendet

289 451 326 472 ex
346 440 526 477 intellectu,
549 439 702 470 resolutio
731 447 777 471 est
799 441 839 471 ad
861 440 1042 476 veritatem,
1066 441 1141 481 quia
1165 441 1280 472 scilicet
1304 448 1349 471 est

289 485 359 524 ipsa
379 484 508 519 veritas;
530 482 722 524 inquantum
745 494 820 515 vero
839 494 859 518 a
875 484 1048 520 voluntate,
1072 484 1224 518 resolutio
1249 491 1295 515 est
1310 485 1350 515 ad

290 528 478 563 bonitatem,
502 527 579 567 quia
609 527 726 558 scilicet
739 534 794 564 ,est
816 527 885 567 ipsa
907 527 1046 558 bonitas:
1072 538 1090 557 a
1112 529 1239 559 veritate
1264 529 1349 559 enim

290 579 325 610 et
337 571 483 610 bonitate
508 571 586 602 nihil
609 571 883 612 mendacii-,potest
897 571 1077 611 procedere,
1094 572 1169 612 quia
1185 580 1215 603 et
1229 573 1350 604 veritati

290 626 322 654 a*
379 650 381 653 ,
419 623 471 647 tur
494 622 526 646 et
547 615 699 653 bonitati,
725 621 846 656 ,utpote
868 615 1043 650 secundum
1077 625 1112 646 se
1129 626 1289 656 pravum,
1314 623 1350 647 ut

291 659 405 698 dieitur
427 659 469 690 lv
491 659 594 690 Ethic.
606 660 629 682 *«
647 659 709 693 Sed
731 658 886 701 quonjam
900 665 966 690 tam
982 659 1106 690 bonitas
1125 669 1223 700 quam
1238 660 1350 691 veritas

290 703 547 742 resolvuntursin
571 703 719 741 deitatem
740 703 918 739 secundum
939 712 983 739 se,
1008 710 1038 734 et
1061 710 1097 733 ut
1120 704 1288 735 terminant
1305 714 1351 735 as-

291 757 435 787 sensum,
444 746 528 786 fidei,
544 747 635 788 quase
642 746 743 781 tendit
757 747 791 779 in
805 746 980 783 bonitatem
996 754 1027 778 et
1039 747 1203 778 veritatem
1217 748 1350 788 inquan-

290 799 360 824 tum
384 798 458 823 sunt
472 790 541 830 ,Dei
562 789 859 833 (credimuspeuim
881 790 972 830 quod
993 791 1061 832 ipse
1084 791 1167 822 dicat
1189 791 1351 822 veritatem

291 835 494 873 infallibiliter
516 834 591 876 quia
601 846 603 849 ·
613 834 733 872 veritasv
744 833 880 867 omnino
896 833 1062 871 inest‘Deo
1078 835 1154 875 quia
1170 835 1256 866 Deus
1273 834 1350 877 est);

292 889 357 911 uon
381 879 488 913 solum
508 887 586 918 ergo
604 877 954 916 materiale‘obiectum
975 877 1049 909 fidei
1072 885 1118 909 est
1140 879 1226 910 Deus
1244 886 1279 909 ut
1297 879 1351 915 sic,
1378 905 1380 910 ,

292 923 347 955 sed
369 923 465 957 etiam
488 921 652 955 formale.

297 989 311 998 ,,
347 967 415 1005 VII.
438 966 547 1004 Prima
567 972 675 999 autern
696 957 810 998 ver-itas
821 965 992 997 obiectum
1015 966 1148 1002 formale
1174 967 1351 997 secundum
1378 970 1380 986 θ

291 1010 548 1051 Quadam
563 1015 598 1040 et
618 1009 911 1051 appropriationem
939 1010 1132 1060 intelligitur.
1167 1010 1352 1042 Secundum
1379 1018 1381 1026 ²

292 1054 535 1095 egplicationem
553 1053 684 1094 quidem
696 1053 781 1095 quia,
795 1063 871 1091 cum
880 1053 963 1092 fides
971 1054 1013 1091 sit
1027 1053 1126 1089 virtus
1137 1055 1296 1094 pertinens
1313 1056 1352 1085 ad

290 1096 546 1138 issssllssssfflmfet
554 1097 660 1131 omnis
676 1098 745 1129 talis
759 1097 859 1130 virtus
873 1105 999 1138 oportet
1014 1099 1103 1139 quod
1126 1098 1166 1135 sit
1180 1098 1352 1130 infallibili-

291 1141 829 1183 terfrespectuverirconsequens
851 1141 976 1173 fuitut‘
994 1142 1043 1173 vel
1066 1143 1196 1174 nomine
1219 1153 1279 1174 suo
1303 1143 1354 1174 vel

293 1186 427 1225 nomine
451 1186 617 1222 ,acm-sui
646 1186 696 1216 vel
731 1186 845 1218 obiecti
874 1185 1100 1226 significaretur
1123 1194 1158 1218 ut
1180 1187 1288 1219 virtus.
1313 1187 1355 1218 Et

292 1230 372 1269 aliae
395 1230 527 1271 quidem
551 1230 683 1262 virtutes
706 1230 894 1267 intellectus,
918 1237 954 1261 ut
975 1231 1163 1267 intellectus,
1187 1231 1354 1272 sapientia,

293 1274 435 1312 scientia,
461 1282 536 1314 eteq
548 1275 732 1305 secundum
755 1285 788 1305 se
811 1284 867 1305 seu
891 1285 968 1305 suos
995 1282 1084 1306 actus
1115 1275 1264 1306 virtutem
1295 1276 1354 1306 im-

293 1314 431 1361 portant}
467 1318 560 1350 Fides
592 1325 700 1350 autem
729 1325 761 1349 et
789 1319 914 1350 credere
946 1329 1012 1349 non
1044 1319 1230 1359 important*
1247 1326 1354 1350 actum
1380 1339 1382 1344 ,

293 1362 538 1402 indefectibilem
554 1373 572 1394 a
586 1373 673 1395 vero.
689 1363 731 1394 Et
745 1370 913 1403 propterea
926 1372 964 1393 ex
978 1369 1066 1403 parte
1082 1363 1196 1394 obiecti
1208 1364 1356 1403 oportuit

294 1405 444 1447 explicari
462 1407 553 1448 quod
572 1406 642 1446 ipsa
659 1414 711 1438 -est
732 1406 844 1457 virtus,⁸
865 1406 1054 1446 assignando
1078 1406 1136 1436 sibi
1155 1417 1215 1446 pro
1231 1407 1356 1438 obiecto

293 1450 457 1487 veritatem
480 1450 627 1491 primam,
645 1457 680 1482 ut
695 1460 732 1480 ex
751 1450 814 1481 hoc
835 1451 907 1490 ipso
923 1450 1038 1480 sciatur
1060 1450 1149 1490 quod
1173 1450 1240 1490 ipsa
1263 1451 1357 1482 habet

294 1501 411 1533 {ctum
410 1492 663 1528 indefectibilem
678 1504 696 1524 a
714 1503 792 1525 vero
817 1501 848 1524 et
870 1501 917 1524 est
934 1494 1044 1524 virtus.
1069 1494 1101 1524 Si
1125 1494 1211 1524 enim
1235 1495 1356 1526 dictum

213 1562 239 1580 ›‘·
261 1563 264 1566 Α
294 1538 403 1580 ῳΙιυιιι
431 1537 542 1569 fuisset
564 1538 654 1578 quod
668 1538 764 1574 Deus
788 1545 835 1568 est
862 1538 1024 1570 obiectum
1053 1537 1142 1574 fidei,
1167 1549 1242 1569 cum
1269 1539 1356 1570 Deus

200 1587 227 1607 ·›⁴*
252 1590 266 1594 ··
293 1582 397 1624 possit
414 1591 491 1620 esse
518 1581 681 1613 obiectum
710 1582 874 1622 opinionis
901 1589 932 1613 et
965 1581 1039 1613 fidei
1071 1582 1257 1623 acquisitae,
1289 1594 1356 1614 non

238 1648 241 1652 ‹
294 1625 405 1669 fwssga'et
422 1625 618 1666 explicatum
645 1626 735 1667 quod
758 1626 827 1666 ipsa
851 1633 898 1656 est
922 1626 1031 1658 virtus.
1056 1626 1118 1657 Sed
1141 1636 1178 1657 ex
1199 1627 1262 1658 hoc
1285 1628 1356 1678 ipso

294 1670 391 1712 quod
410 1669 498 1701 Deus
526 1677 564 1701 ut
581 1670 694 1701 veritas
718 1670 850 1720 ponitur
872 1670 939 1700 eius
963 1670 1096 1700 formale
1121 1670 1292 1708 obiectum,
1318 1672 1358 1702 si-

293 1713 461 1766 Bssffissffmr
483 1714 572 1755 quod
595 1714 682 1745 Deus
702 1721 750 1745 est
763 1714 808 1746 sic
823 1714 986 1745 obiectum
1007 1714 1080 1745 fidei
1099 1723 1135 1746 ut
1158 1714 1251 1746 faciat
1270 1716 1356 1746 obie-
1383 1715 1384 1719 ’

295 1758 386 1799 φης
395 1758 502 1799 ipsam
523 1767 592 1789 esse
614 1758 778 1790 virtutem
787 1758 975 1790 intellectus.

305 1832 314 1843 ,
348 1802 535 1841 Secundum
556 1802 850 1843 appropriationem
870 1812 958 1839 vero,
981 1803 1145 1843 quoniam·
1159 1803 1239 1834 inter
1261 1794 1358 1834 fidem

297 1852 332 1882 et
350 1854 467 1882 ceteras
489 1846 622 1878 virtutes
644 1846 820 1878 intellectus
843 1847 920 1878 haec
940 1854 986 1878 est
1005 1845 1177 1878 differentia
1203 1848 1293 1888 quod
1309 1858 1358 1879 ce-

296 1897 379 1925 terae
407 1897 542 1922 utuntur
574 1891 749 1922 rationibus
780 1890 966 1922 formalibus
996 1901 1130 1922 suorum
1159 1891 1358 1923 obiectorum

295 1942 449 1976 tanquam
472 1934 574 1965 causis
597 1935 628 1965 in
653 1935 786 1965 essendo
810 1942 846 1965 ut
868 1935 996 1965 mediis:
1020 1934 1097 1966 fides
1112 1945 1187 1966 vero
1209 1936 1272 1967 hoc
1296 1936 1358 1968 sin-

296 1979 405 2020 aliare
427 1978 522 2017 habet
544 1979 634 2019 quod
657 1979 755 2010 utitur
778 1979 848 2010 Deo
871 1985 1024 2020 tanquam
1048 1979 1170 2011 dicente
1193 1990 1248 2010 seu
1275 1981 1358 2012 testi-

296 2021 414 2067 &ante
425 2030 461 2054 ut
474 2016 594 2055 medio.
622 2023 663 2054 Et
677 2023 755 2064 quia
768 2022 946 2054 testificatio
960 2024 1083 2055 veritati
1097 2031 1134 2055 ut
1145 2024 1189 2054 sic
1204 2024 1357 2062 innititur,

297 2067 388 2107 οῖ’ᾀιι
394 2067 561 2118 dicentem
582 2067 775 2118 inquantum
797 2077 890 2101 verus
914 2074 960 2098 est
984 2068 1160 2105 resolvitur,
1177 2068 1259 2100 sicut
1275 2069 1358 2101 ordi-

297 2121 378 2158 nare
388 2110 427 2143 in
442 2111 652 2148 ordinantem
666 2111 859 2152 inquantum
872 2112 999 2152 sapiens
1014 2119 1076 2149 est;
1099 2112 1173 2143 ideo
1189 2113 1293 2153 prima
1307 2123 1359 2144 ve-

297 2147 373 2195 ritas
383 2155 681 2199 estappropriatum
694 2156 855 2187 obiectum
867 2155 1001 2187 formale
1011 2155 1094 2192 fidei,
1111 2156 1192 2187 sicut
1207 2157 1360 2197 sapientia

363 2206 427 2231 est
446 2200 650 2250 appropriata
673 2210 767 2231 causa
790 2201 919 2236 ordinis,
937 2207 968 2231 et
986 2200 1184 2241 providentia
1205 2202 1359 2241 guberna-

297 2235 397 2278 tionis
415 2243 564 2284 universi.

350 2287 434 2325 vul,
458 2287 517 2325 His
533 2286 722 2328 praemissis,
739 2288 780 2319 ad
794 2288 936 2328 primum
952 2288 1092 2320 dubium
1103 2289 1120 2307 *
1140 2288 1254 2320 dicitur
1271 2290 1361 2330 quod

298 2341 416 2372 sermo
425 2323 575 2365 Auctoris
598 2338 644 2363 est
659 2331 802 2364 formalis
825 2332 864 2363 de
878 2332 1007 2364 veritate
1022 2333 1124 2373 prima
1140 2340 1176 2363 ut
1191 2333 1251 2370 sic;
1275 2341 1306 2364 et
1321 2334 1360 2364 de

298 2367 424 2416 obiecto
445 2375 574 2413 formali
597 2375 741 2416 explicite
763 2383 795 2406 et
810 2377 1022 2418 appropriate.
1044 2377 1094 2408 Sic
1113 2384 1222 2408 autem
1241 2387 1360 2417 ponere

298 2419 463 2459 veritatem
473 2419 612 2460 primam
624 2429 692 2450 esse
698 2419 866 2452 *obiectum
878 2419 1011 2452 formale
1026 2430 1091 2452 non
1104 2421 1241 2452 excludit
1252 2421 1359 2452 Deum

298 2464 491 2504 inquantum
514 2464 620 2495 Deum
643 2474 711 2494 esse
733 2463 867 2499 formale
885 2465 1046 2495 obiectum
1069 2464 1152 2501 fidei,
1176 2465 1278 2495 immo
1297 2466 1360 2496 hoc

298 2507 405 2546 infert:
430 2508 510 2538 sicut
532 2507 639 2538 Deum
661 2508 854 2548 inquantum
870 2508 1045 2548 sapientem
1061 2518 1129 2539 esse
1144 2509 1360 2539 ordinatorem

299 2562 366 2584 non
389 2552 526 2583 excludit
555 2552 662 2582 Deum
691 2552 883 2592 inquantum
906 2553 1013 2583 Deum
1043 2563 1109 2582 esse
1133 2552 1358 2590 ordinatorem,

298 2597 354 2628 sed
376 2595 438 2626 hoc
461 2595 555 2626 infert
573 2606 591 2626 a
614 2596 790 2636 posteriori.
815 2596 908 2626 Unde
932 2597 1049 2636 positio
1064 2597 1123 2627 ista
1139 2606 1204 2626 non
1220 2603 1268 2627 est
1285 2606 1360 2629 con-

298 2648 346 2673 tra
361 2640 547 2673 ‘doctrinam
578 2639 725 2675 traditam
747 2641 780 2671 in
803 2640 909 2670 Prima
930 2641 1032 2671 Parte.
1055 2641 1116 2671 Sed
1139 2641 1220 2671 ratio
1247 2640 1360 2671 diversi

299 2684 454 2721 sermonis
485 2684 538 2714 hic
559 2691 592 2717 et
607 2684 652 2714 ibi
676 2691 723 2715 est
752 2684 967 2725 quiassnotitia
997 2685 1036 2715 de
1058 2685 1144 2720 Deo,
1169 2684 1361 2725 inquantum

298 2728 426 2765 scientia
439 2751 447 2764 ‚
471 2728 571 2767 utitur
597 2728 710 2760 deitate
742 2729 833 2769 quasi
865 2735 1013 2759 causante
1035 2738 1072 2758 ea
1094 2738 1176 2769 quae
1193 2728 1361 2759 convenire

299 2771 357 2804 scit
379 2773 464 2808 Deo,
483 2772 677 2813 inquantum
704 2782 780 2803 vero
807 2772 899 2809 fides,
929 2773 1028 2804 utitur
1056 2772 1170 2804 deitate
1193 2778 1230 2803 ut
1251 2771 1361 2804 testifi-

299 2818 399 2854 cante,
424 2822 460 2847 ut
482 2823 578 2856 patet.
591 2817 687 2853 Hinc
709 2816 796 2847 enim
819 2816 940 2848 factum·
963 2823 1010 2847 est
1032 2823 1078 2852 ut,
1097 2826 1172 2847 cum
1187 2816 1226 2847 de
1238 2816 1363 2848 theolo-

298 2860 527 2901 gica4‚seientia
554 2860 615 2891 fuit
643 2870 763 2897 sermo,
793 2861 832 2892 de
865 2861 932 2891 sola
963 2861 1077 2891 deitate
1109 2861 1254 2892 absolute
1281 2867 1362 2892 esset

299 2913 419 2940 sermo:
443 2914 518 2935 curn
533 2911 642 2935 autem
665 2905 711 2936 de·
727 2904 906 2944 theologica
922 2904 983 2935 fide
1003 2904 1172 2940 disseritur,
1190 2905 1229 2935 de
1247 2904 1360 2936 deitate

299 2949 359 2980 sub
370 2948 492 2981 ratione
500 2948 638 2980 veritatis
652 2949 783 2989 primae,
799 2955 951 2990 tanquam
966 2948 1198 2989 appropriantis
1213 2948 1360 2980 deitatem

300 2993 340 3024 ad
363 2992 531 3032 proprium
553 2992 731 3024 veritatis*
753 3003 848 3033 opus,
872 2993 1028 3025 meminit.

353 3037 419 3068 Nec
433 3043 604 3071 esttcontra
613 3036 786 3071 veritatem.
811 3037 901 3068 Tum
911 3037 988 3078 quia
998 3037 1079 3067 inter
1091 3036 1235 3076 proprias
1251 3046 1360 3068 causas

300 3080 492 3112 credulitatis
506 3080 620 3115 veritas
634 3087 693 3112 est
697 3081 737 3113 ad
751 3090 851 3122 quam
865 3087 926 3112 stat
939 3080 1053 3112 ultima
1067 3080 1230 3111 resolutio.
1255 3080 1360 3112 Credo

300 3134 439 3166 namque
473 3124 544 3156 Deo
575 3124 652 3164 quia
679 3131 725 3158 est
752 3125 822 3165 ipsa
847 3125 974 3160 veritas;
1003 3134 1062 3155 nec
1088 3131 1194 3175 potest
1223 3125 1361 3166 amplius

299 3169 420 3219 quaeri,
443 3168 550 3206 Quare
571 3168 672 3200 credis
695 3167 755 3208 ipsi
778 3167 919 3200 veritati?
941 3168 1028 3199 fatua
1050 3168 1136 3199 euim
1159 3174 1190 3200 et
1212 3168 1300 3200 nulla
1315 3175 1362 3200 est

299 3213 444 3254 quaestio
460 3212 547 3249 haec,
565 3212 655 3248 sicut,
671 3213 779 3250 Quare
793 3213 894 3243 homo
910 3219 956 3244 est
971 3210 1097 3262 homo?
1107 3213 1174 3249 Nec
1188 3219 1361 3263 postquam

299 3257 419 3288 reddita
441 3263 488 3287 est
511 3266 604 3288 causa
626 3265 725 3297 quare
748 3257 885 3288 creditur
898 3257 979 3293 Deo,
998 3256 1075 3297 quia
1093 3262 1140 3288 est
1153 3256 1222 3296 ipsa
1237 3257 1361 3296 veritas,

300 3307 531 3341 consequenter
554 3310 588 3331 se
609 3300 704 3333 habet
724 3300 785 3332 ista
821 3300 953 3337 uaestio,
967 3310 1066 3341 quam
1081 3300 1240 3336 Aureolus
1255 3301 1359 3338 infert,

300 3346 406 3383 Quare
430 3345 517 3375 Deus
541 3351 587 3375 est
602 3344 670 3384 ipsa
693 3344 806 3375 veritas
846 3345 918 3375 Hoc
933 3344 1019 3376 enim
1033 3354 1101 3376 non
1116 3354 1172 3386 per
1187 3354 1221 3376 se
1239 3352 1360 3385 spectat

300 3390 340 3419 ad
355 3389 483 3419 causam
497 3398 653 3424 assensus,
669 3389 724 3418 sed
747 3389 787 3419 ad
803 3398 931 3419 causam
947 3388 1005 3419 rei:
1031 3389 1256 3429 undecumque
1273 3389 1358 3420 enim

299 3433 465 3473 proveniat
487 3433 575 3473 quod
599 3433 685 3463 Deus
710 3439 756 3463 est
778 3432 846 3472 ipsa
868 3432 990 3468 veritas,
1007 3439 1054 3463 sat
1077 3440 1122 3464 est
1138 3434 1177 3463 ad
1193 3433 1254 3463 hoc
1270 3434 1358 3474 quod

298 3477 358 3517 ipsi
383 3477 508 3507 credam
523 3476 737 3512 infallibiliter,
757 3476 911 3518 quoniam
923 3487 941 3506 a
956 3477 1084 3508 veritate
1100 3487 1165 3507 non
1180 3483 1284 3516 potest
1300 3477 1356 3507 fal-

442 3539 551 3563 Sumuns
570 3538 670 3563 Τιιεοι.
691 3538 721 3562 D.
741 3538 854 3563 Tamtu:
873 3538 904 3562 T.
925 3539 956 3562 V.

1380 143 1674 179 ARTlcULUs
1706 144 1717 178 1
2436 157 2458 191 9

1402 230 1474 251 sum
1497 230 1654 251 emanare.
1678 220 1785 251 Deitas
1802 228 1910 251 autem
1933 228 1979 251 est
1998 221 2178 252 communis
2195 222 2341 252 omnium
2357 232 2459 258 causa,

1401 265 1440 295 ad
1455 274 1554 305 quam
1572 265 1682 295 omnia
1691 265 1902 295 resolvuntur.
1921 265 2005 302 Quia
2021 265 2204 296 conceditur
2220 266 2372 296 resolutio
2388 265 2461 296 fidei

1401 307 1435 339 in
1458 308 1620 339 deitatem:
1645 309 1800 349 quoniam
1822 308 1900 338 fides
1924 309 2022 340 credit
2043 310 2112 340 Deo
2137 309 2212 350 quia
2242 310 2329 340 Deus
2353 317 2407 346 est,
2433 317 2462 340 et

1402 363 1438 384 ex
1461 352 1523 382 hoc
1539 353 1636 384 credit
1652 353 1740 393 quod
1757 353 1796 383 sit
1810 352 1879 392 ipsa
1894 353 2006 384 veritas
2023 360 2053 384 et
2070 354 2203 389 bonitas,
2221 354 2320 384 sciens
2344 354 2461 389 omnia,

1401 404 1432 428 et
1447 397 1536 437 quod
1551 407 1617 427 non
1635 397 1735 436 possit
1753 396 1889 433 mentiri,
1906 404 1964 428 etc.
1988 398 2029 428 Et
2044 397 2087 428 sic
2103 397 2200 428 deitas
2217 398 2347 437 ponitur
2362 398 2463 438 prima

1403 441 1481 471 ratio
1513 441 1655 472 formalis
1685 440 1776 477 fidei,
1801 441 1885 471 iuxta
1908 442 1989 472 illud
2012 441 2099 472 Ioan.
2122 452 2174 472 xtv
2190 442 2222 477 *‚
2243 455 2257 469 «ι
2274 442 2407 473 Creditis
2430 442 2462 472 in

1401 485 1517 520 Deum,
1535 492 1566 516 et
1580 485 1613 515 in
1628 495 1681 516 me
1697 485 1810 515 credite
1825 497 1853 521 ι»,
1877 485 1932 516 Ex
1946 486 2014 523 hoc,
2031 485 2187 526 inquiens,
2204 486 2288 526 quod
2306 487 2338 516 in
2357 487 2462 516 Deum

1403 529 1543 566 creditis,
1568 530 1692 569 reliqua
1715 529 1853 559 credite:
1875 529 1988 560 veritas
2011 536 2118 560 autem
2149 531 2325 560 secundum
2349 540 2463 570 appro-

1403 573 1604 613 priationem,
1626 580 1662 604 ut
1683 573 1804 604 dictum
1825 580 1880 609 est,
1906 580 1937 604 et
1959 573 2200 613 explicationem
2223 574 2383 605 obiectum
2406 584 2464 614 po-

1404 624 1498 648 nitur.

1458 661 1500 691 Et
1514 671 1570 700 per
1588 661 1650 691 hoc
1666 667 1751 701 patet
1766 661 1931 701 responsio
1946 661 1986 692 ad
1997 660 2286 692 confirmationem:
2311 662 2465 702 quoniam

1404 705 1490 735 Deus
1502 705 1695 746 inquantum
1704 705 1792 736 Deus
1803 705 1934 745 ponitur
1946 704 2016 735 finis
2029 712 2059 736 et
2071 706 2232 736 obiectum
2243 705 2326 737 fidei.
2344 707 2464 743 Quam-

1404 749 1450 778 vis
1475 749 1536 780 dici
1551 749 1652 789 possit
1667 750 1755 790 quod
1772 749 1811 779 ad
1829 749 1978 779 virtutem
1992 750 2204 789 theologicam
2223 749 2338 780 sufficit
2352 750 2466 780 habere

1404 793 1511 827 Deum
1534 793 1656 824 realiter
1679 803 1741 833 pro
1762 793 1887 824 obiecto
1912 800 1942 824 et
1965 792 2027 823 fine
2050 800 2080 823 et
2103 794 2221 834 regula,
2243 794 2316 825 licet
2331 795 2390 824 sub
2406 794 2466 824 alia

1405 837 1537 868 ratione.

1459 880 1511 910 IX.
1537 880 1588 910 Ad
1611 881 1787 911 secundum
1810 881 1945 911 dubium
1959 881 1976 899 *
1993 880 2107 911 dicitur
2121 882 2210 921 quod
2225 882 2322 918 Deus,
2339 892 2394 912 seu
2414 892 2466 913 ve-

1406 923 1479 954 ritas
1502 924 1614 964 prima,
1638 930 1675 954 ut
1697 924 1804 954 dicens
1823 934 1878 954 seu
1902 924 2043 955 revelans
2060 935 2092 955 se
2112 931 2143 955 et
2158 925 2227 961 alia,
2243 932 2290 956 est
2306 926 2467 957 obiectum

1406 968 1539 998 formale
1550 967 1634 998 fidei.
1659 969 1725 998 Nec
1740 968 1802 998 hoc
1819 975 1866 998 est
1880 968 2011 999 tacitum
2026 968 2059 998 in
2077 969 2188 1004 littera,
2204 970 2259 999 sed
2275 979 2466 1010 expressum,

1407 1012 1485 1042 dum
1500 1012 1612 1042 veritas
1628 1012 1731 1051 prima
1747 1013 1899 1051 probatur
1915 1012 2076 1043 obiectum
2091 1012 2164 1042 fidei
2187 1013 2262 1053 quia
2277 1013 2355 1044 nihil
2371 1015 2468 1045 credit

1407 1055 1467 1086 nisi
1489 1067 1507 1086 a
1530 1056 1599 1086 Deo
1623 1056 1811 1087 revelatum:
1835 1056 1898 1087 hoc
1921 1057 2007 1086 enim
2030 1057 2172 1086 medium
2197 1057 2237 1087 ad
2252 1057 2313 1088 hoc
2329 1065 2375 1089 est
2391 1059 2466 1089 alla-

1407 1107 1486 1136 tum,
1511 1107 1542 1130 et
1565 1100 1628 1131 hoc
1651 1099 1814 1140 significat,
1839 1100 1955 1131 scilicet
1978 1100 2053 1140 quia
2075 1100 2152 1130 fides
2176 1101 2320 1132 innititur
2339 1102 2408 1132 Deo
2425 1103 2469 1132 di-

1407 1144 1488 1175 centi
1512 1154 1568 1174 seu
1593 1144 1741 1174 revelanti
1765 1144 1808 1174 sic
1832 1151 1867 1175 ut
1881 1144 1959 1175 nihil
1979 1145 2083 1175 credat
2102 1144 2161 1174 nisi
2177 1145 2215 1174 ab
2232 1155 2270 1176 eo
2285 1146 2467 1177 revelatum.

1406 1188 1528 1219 Veritas
1554 1198 1629 1228 ergo
1653 1188 1756 1228 prima
1778 1195 1814 1219 ut
1838 1188 1942 1219 dicens
1967 1195 2013 1218 est
2036 1188 2169 1219 formale
2200 1189 2361 1220 obiectum
2384 1190 2468 1220 fidei.

1406 1233 1473 1263 Nec
1496 1238 1543 1263 est
1565 1242 1649 1272 opus
1672 1232 1778 1273 aliqua
1801 1231 2034 1272 specificatione
2057 1242 2112 1263 seu
2128 1232 2316 1264 limitatione
2331 1244 2368 1264 ex
2383 1242 2469 1274 parte

1407 1276 1506 1316 ipsius
1530 1276 1645 1307 obiecti
1668 1275 1826 1307 formalis:
1851 1277 1906 1307 sed
1929 1277 2009 1307 bene
2032 1283 2159 1316 oportet
2176 1277 2311 1308 limitare
2330 1288 2367 1308 ex
2382 1286 2469 1318 parte

1408 1330 1514 1352 rerum
1547 1320 1711 1351 dictarum.
1744 1320 1879 1353 Nullum
1910 1330 2048 1361 namque
2078 1321 2304 1352 inconveniens
2328 1322 2420 1353 video
2443 1323 2469 1353 si

1409 1365 1572 1395 obiectum
1586 1364 1719 1395 formale
1742 1364 1815 1395 fidei
1831 1371 1968 1404 ponatur
1984 1365 2135 1396 excedens
2151 1365 2270 1404 ipsam:
2295 1376 2370 1396 cum
2384 1367 2469 1397 obie-

1410 1415 1497 1439 ctum
1521 1408 1653 1438 formale
1677 1407 1810 1439 caritatis
1834 1409 1961 1439 excedat
1982 1409 2086 1448 ipsam
2108 1408 2283 1440 manifeste.
2308 1410 2470 1441 Limitatio

1409 1458 1517 1483 autem
1541 1462 1578 1482 ex
1600 1458 1688 1492 parte
1712 1461 1817 1482 rerum
1841 1452 1995 1482 dictarum
2018 1462 2084 1483 non
2099 1453 2214 1483 limitat
2235 1453 2391 1484 rationem
2406 1454 2469 1485 for—

1411 1497 1528 1527 malem
1551 1495 1692 1526 dicentis.
1726 1495 1814 1526 Sicut
1837 1496 1923 1526 enim
1952 1497 2039 1526 Deus
2063 1503 2099 1526 ut
2122 1503 2242 1527 creator
2264 1498 2382 1536 gratiae
2405 1508 2470 1528 non

1411 1547 1457 1572 est
1479 1540 1600 1571 ratione
1614 1539 1795 1570 limitatiore
1810 1546 1930 1570 creator
1946 1550 2044 1580 quam
2060 1547 2095 1570 ut
2111 1547 2231 1571 creator
2250 1541 2410 1577 absolute;
2428 1543 2471 1573 sic

1411 1592 1447 1616 ut
1469 1584 1577 1615 dicens
1599 1584 1787 1623 pertinentia
1810 1584 1850 1614 ad
1872 1583 1968 1614 fidem
1992 1584 2204 1615 Christianam
2234 1595 2300 1616 non
2323 1592 2370 1616 est
2390 1586 2472 1617 limi-

1410 1629 1522 1660 tatiore
1548 1628 1671 1659 ratione
1701 1627 1808 1659 dicens
1831 1637 1929 1668 quam
1955 1635 1990 1659 ut
2018 1628 2124 1658 dicens
2147 1639 2385 1670 quaecumque;
2417 1632 2472 1661 sed

1410 1672 1558 1704 limitatio
1581 1679 1627 1703 est
1650 1672 1820 1712 utrobique
1843 1682 1880 1702 ex
1903 1679 1991 1712 parte
2005 1672 2141 1708 termini,
2158 1673 2275 1703 scilicet
2290 1674 2334 1704 rei
2353 1682 2472 1705 creatae

1412 1724 1442 1748 et
1464 1717 1574 1747 dictae.
1599 1716 1641 1747 Et
1662 1716 1736 1746 hinc
1759 1716 1906 1755 provenit
1928 1716 2027 1757 quod,
2044 1716 2117 1747 licet
2131 1717 2218 1747 Deus
2242 1718 2343 1748 multa
2357 1719 2473 1750 revelet

1412 1761 1570 1801 aliquibus
1595 1760 1830 1800 impertinentia
1853 1760 1892 1790 ad
1920 1761 2106 1800 religionem
2133 1760 2367 1797 Christianam,
2394 1761 2472 1793 fides

1413 1814 1479 1835 non
1502 1805 1602 1835 utitur
1631 1804 1701 1834 Deo
1725 1811 1760 1835 ut
1784 1805 1955 1835 revelatore
1982 1804 2128 1836 illorum:
2158 1806 2212 1836 sed
2242 1805 2341 1835 horno
2371 1805 2472 1837 fidelis

1413 1849 1521 1883 credit,
1532 1858 1589 1879 sua
1604 1849 1767 1879 voluntate
1783 1849 1890 1879 Deum
1912 1848 1965 1878 illa
1980 1848 2042 1879 illis
2058 1849 2220 1885 revelasse,
2236 1849 2262 1879 si
2278 1849 2336 1880 sibi
2350 1850 2473 1882 videtur

1413 1902 1592 1924 consonum
1616 1893 1740 1923 credere
1763 1892 1847 1928 talia,
1870 1900 1925 1923 aut
1948 1892 2080 1928 dubitat,
2103 1900 2161 1924 etc.
2184 1893 2225 1924 Et
2243 1893 2269 1924 si
2292 1893 2330 1923 de
2350 1894 2472 1925 obiecto

1413 1937 1566 1968 materiali
1589 1943 1620 1967 et
1643 1936 1768 1967 formali
1791 1935 1864 1967 fidei
1888 1944 1992 1966 sermo
2015 1935 2079 1973 fiat,
2103 1937 2225 1977 optime
2248 1937 2362 1968 dicitur
2384 1939 2474 1978 quod

1414 1988 1460 2012 est
1475 1981 1563 2012 Deus
1579 1980 1685 2011 dicens
1701 1981 1859 2020 seipsum:
1883 1981 1972 2021 quod
1996 1987 2042 2011 est
2058 1981 2141 2011 idem
2163 1981 2252 2022 quod
2268 1981 2370 2012 dicere
2385 1984 2473 2023 quod

1413 2032 1460 2056 est
1482 2025 1595 2055 veritas
1618 2025 1720 2064 prima
1743 2025 1879 2056 revelata
1902 2035 1919 2054 a
1943 2024 2053 2064 seipsa.

1468 2069 1509 2100 Et
1531 2070 1570 2099 ad
1595 2069 1808 2099 obiectionem
1832 2068 1919 2099 Scoti
1942 2069 2055 2100 dicitur
2078 2069 2182 2108 quod,
2205 2069 2277 2100 licet
2299 2079 2366 2100 esse
2389 2080 2472 2101 reve-

1412 2113 1516 2144 latum
1538 2113 1616 2143 nihil
1640 2119 1740 2153 ponat
1761 2113 1793 2142 in
1817 2123 1849 2143 re
1873 2113 2020 2149 revelata,
2045 2122 2111 2143 esse
2135 2120 2241 2143 tamen
2265 2114 2434 2144 revelatum
2456 2125 2473 2144 a

1414 2167 1446 2188 se
1469 2157 1560 2197 ponit
1583 2157 1615 2187 in
1631 2167 1677 2193 ea,
1694 2163 1851 2197 quatenus
1875 2157 2016 2187 revelans
2036 2164 2092 2193 est,
2116 2164 2224 2188 actum
2239 2157 2407 2189 revelandi.
2432 2158 2473 2188 Et

1413 2201 1488 2242 quia
1504 2201 1626 2232 ratione
1642 2200 1840 2231 revelationis
1863 2201 1982 2231 activae
2004 2201 2134 2241 ponitur
2149 2201 2296 2232 revelatio
2313 2202 2473 2232 obiectum

1413 2245 1547 2277 formale
1563 2244 1653 2281 fidei;
1677 2251 1708 2275 et
1724 2245 1825 2276 dicere
1848 2255 1903 2275 seu
1920 2245 2055 2275 revelare
2069 2244 2102 2275 in
2117 2243 2187 2275 Deo
2205 2245 2296 2285 ponit
2316 2246 2474 2276 actionem

1414 2299 1496 2331 quae
1512 2297 1566 2324 est
1581 2289 1754 2321 substantia
1775 2288 1850 2320 Dei:
1874 2289 1947 2319 ideo
1971 2289 2087 2319 falsum
2111 2289 2293 2329 simpliciter
2316 2297 2362 2320 est
2385 2291 2474 2330 quod

1414 2333 1563 2365 revelatio
1593 2333 1653 2364 sub
1676 2343 1741 2374 qua
1763 2333 1849 2364 Deus
1873 2340 1919 2364 est
1942 2333 2103 2363 obiectum
2132 2333 2266 2363 formale
2293 2333 2367 2364 fidei
2397 2334 2475 2364 nihil

1414 2384 1514 2418 ponat
1542 2377 1575 2407 in
1599 2378 1680 2408 Deo.
1704 2377 1746 2408 Et
1775 2377 1819 2408 sic
1842 2377 1967 2408 habitus
1989 2377 2080 2408 realis
2109 2377 2203 2408 habet
2226 2377 2388 2408 obiectum
2411 2378 2474 2408 for-

1414 2422 1497 2452 male
1521 2421 1740 2452 realissimum.

1468 2466 1507 2496 X.
1531 2465 1583 2496 Ad
1605 2465 1735 2496 tertium
1758 2465 1891 2495 dubium
1907 2464 1925 2482 ³*
1941 2465 2054 2496 dicitur
2076 2465 2166 2505 quod
2188 2465 2379 2505 inquantum
2397 2465 2509 2495 fides·

1413 2515 1519 2549 potest
1541 2509 1717 2548 dependere
1741 2519 1759 2538 a
1782 2519 1876 2539 causa
1904 2515 2018 2544 creata,
2042 2509 2201 2540 intantum
2230 2516 2334 2549 potest
2361 2510 2474 2539 habere

1414 2552 1555 2592 aliquam
1577 2552 1719 2591 regulam
1751 2559 1896 2583 creatam.
1929 2552 2064 2584 Constat
2087 2559 2193 2583 autem
2216 2554 2314 2593 quod,
2339 2563 2411 2583 cum
2435 2554 2474 2583 ad

1414 2595 1511 2627 fidem
1529 2603 1719 2628 concurrant
1735 2596 1812 2632 duo,
1836 2603 1872 2626 ut
1895 2596 1976 2627 infra
1988 2595 2007 2614 ‘¹‘
2022 2603 2118 2636 patet,
2142 2597 2260 2629 scilicet
2283 2607 2427 2628 assensus
2444 2604 2474 2627 et

1414 2639 1593 2680 propositio
1622 2646 1716 2680 atque
1747 2639 1911 2679 explicatio
1942 2640 2185 2677 credendorum,
2214 2639 2291 2670 fides
2319 2651 2355 2671 ex
2386 2648 2472 2681 parte

1415 2694 1560 2715 assensus
1583 2693 1601 2714 a
1624 2684 1694 2714 solo
1718 2684 1788 2714 Deo
1812 2684 1968 2724 dependet
1992 2690 2027 2714 ut
2049 2690 2169 2724 agente,
2197 2684 2333 2721 obiecto,
2357 2684 2419 2715 fine
2443 2692 2474 2715 et

1414 2728 1531 2769 regula.
1555 2728 1602 2758 Ex
1625 2735 1712 2768 parte
1736 2734 1843 2758 autem
1865 2728 2092 2768 propositionis
2116 2728 2346 2759 credendorum
2369 2736 2474 2768 potest

1415 2772 1591 2813 dependere
1621 2773 1659 2802 ab
1689 2772 1807 2812 angelis
1831 2779 1862 2803 et
1884 2772 2086 2808 hominibus,
2117 2772 2329 2803 mediantibus
2357 2773 2473 2813 quibus

1414 2817 1501 2847 Deus
1524 2815 1677 2856 proponit
1699 2816 1777 2846 haec
1798 2816 1848 2846 vel
1871 2815 1924 2846 illa
1947 2826 2014 2847 esse
2044 2816 2215 2847 credenda:
2247 2825 2284 2847 ex
2307 2816 2366 2847 hac
2389 2817 2473 2847 enim

1414 2867 1501 2901 parte
1514 2855 1604 2901 fides'
1626 2870 1667 2890 ex
1683 2861 1794 2890 auditu
1811 2865 1858 2891 est
1880 2860 1967 2891 verbi
1980 2861 2052 2899 Dei,
2070 2867 2105 2891 ut
2119 2860 2290 2895 diciturad
2303 2861 2394 2891 Rom.
2412 2872 2430 2891 x
2445 2861 2471 2892 *.

1414 2905 1455 2936 Et
1471 2911 1638 2945 propterea
1649 2905 1757 2944 quoad
1773 2904 2019 2944 proponendum
2034 2911 2064 2934 et
2076 2904 2295 2944 explicandum
2308 2905 2472 2941 credenda,

1415 2958 1455 2980 ne
1478 2948 1579 2989 possit
1601 2948 1740 2979 accidere
1763 2958 1859 2984 error,
1883 2948 2021 2988 providit
2047 2947 2181 2988 Spiritus
2205 2948 2337 2979 Sanctus
2364 2949 2402 2979 de
2426 2949 2474 2979 in-

1415 2992 1535 3024 fallibili
1550 2992 1657 3032 regula
1670 2999 1781 3028 creata,
1796 3000 1889 3022 sensu
1906 2992 2022 3023 scilicet
2036 2998 2067 3023 et
2082 2992 2223 3023 doctrina
2239 2992 2411 3024 Ecclesiae:
2431 2993 2474 3024 ita

1414 3037 1504 3078 quod
1527 3036 1696 3068 auctoritas
1720 3036 1878 3067 Ecclesiae
1893 3043 1939 3067 est
1961 3035 2133 3067 infallibilis
2148 3036 2257 3076 regula
2273 3037 2473 3076 proponendi

1415 3087 1446 3112 et
1469 3080 1643 3121 explicandi
1672 3090 1707 3110 ea
1734 3090 1816 3120 quae
1843 3087 1918 3115 sunt
1945 3079 2008 3110 fide
2035 3081 2179 3111 tenenda.
2212 3081 2320 3118 Unde,
2351 3082 2473 3111 duabus

1415 3124 1674 3156 concurrentibus
1697 3124 1736 3154 ad
1759 3123 1856 3155 fidem
1877 3123 2094 3155 infallibilibus
2117 3125 2242 3164 regulis,
2259 3124 2374 3155 scilicet
2390 3134 2474 3155 reve-

1414 3169 1532 3199 latione
1556 3168 1661 3199 divina
1684 3175 1714 3199 et
1737 3168 1922 3199 auctoritate
1945 3168 2112 3205 Ecclesiae,
2136 3168 2216 3200 inter
2246 3179 2298 3199 eas
2321 3175 2406 3199 tanta
2429 3176 2475 3199 est

1415 3212 1587 3244 differentia
1610 3213 1700 3253 quod
1722 3212 1870 3243 revelatio
1894 3212 1999 3248 divina
2022 3219 2068 3243 est
2090 3212 2171 3243 ratio
2194 3212 2335 3243 formalis
2359 3213 2472 3243 obiecti

1413 3256 1496 3294 fidei,
1521 3256 1690 3288 auctoritas
1712 3263 1820 3287 autem
1839 3256 1996 3287 Ecclesiae
2020 3263 2067 3287 est
2091 3256 2232 3287 ministra
2256 3256 2370 3286 obiecti
2386 3255 2472 3286 fidei:

1414 3300 1570 3341 quoniam
1597 3300 1670 3331 fidei
1697 3307 1785 3331 actus
1816 3300 2019 3340 coniungitur
2047 3300 2172 3331 obiecto
2200 3300 2369 3336 materiali,
2394 3300 2474 3330 idest

1415 3344 1553 3381 creditis,
1578 3354 1634 3385 per
1657 3344 1718 3374 hoc
1741 3344 1898 3381 medium,
1922 3344 1998 3385 quia
2021 3344 2107 3374 Deus
2131 3344 2207 3375 dixit
2230 3354 2285 3374 seu
2310 3344 2473 3380 revelavit;

1415 3396 1445 3419 et
1467 3388 1534 3429 ipse
1551 3388 1676 3419 habitus
1699 3387 1771 3419 fidei
1795 3388 1925 3419 inclinat
1940 3395 2079 3418 mentem
2094 3388 2133 3418 ad
2150 3388 2385 3418 assentiendum
2401 3398 2474 3428 pro-

1414 3433 1526 3473 positis
1550 3439 1716 3473 propterea
1745 3433 1819 3473 quia
1842 3433 1928 3463 Deus
1952 3433 1995 3462 sic
2018 3432 2176 3468 revelavit;
2202 3433 2255 3462 sed
2286 3432 2374 3472 quod
2398 3432 2474 3462 haec

1414 3476 1463 3507 vel
1486 3476 1548 3513 illa,
1574 3476 1606 3506 in
1630 3477 1691 3507 hoc
1714 3477 1763 3506 vel
1787 3476 1841 3507 illo
1866 3486 1969 3512 sensu,
1994 3476 2055 3506 sint
2079 3476 2222 3514 revelata,
2237 3476 2313 3516 quia
2335 3476 2474 3506 Ecclesia

2318 3546 2331 3562 2

2492 450 2499 457 '
2515 447 2581 469 Vers.
2597 454 2612 468 ι.

2494 891 2503 899 ·
2518 889 2589 910 Num.
2603 895 2628 911 11.

2526 2472 2596 2493 Num.
2612 2477 2646 2492 ιιι.

2500 2606 2619 2656 Css’arlnl’.
2623 2610 2662 2661 glut.
2659 2613 2710 2660 clxi:

2500 2663 2541 2680 art.
2557 2665 2574 2686 1,
2588 2659 2617 2680 ad
2630 2665 2644 2680 ι.

2501 2872 2509 2879 ·
2525 2870 2591 2891 Vers.
2606 2876 2636 2898 ¹7.
