2892 4056
62 1830 148 1853 'Naum
156 1836 196 1852 xvr
206 1837 257 1859 sqq.
266 1837 271 1857 ς

61 1863 124 1880 m.

61 2229 274 2282 {cffffisf'xzxf'

955 126 1222 172 QUAESTIO
1251 125 1388 173 xxw,

303 203 404 244 prima
427 203 506 234 ratio
529 213 562 233 se
586 209 689 234 teneat
712 214 750 234 ex
772 211 859 244 parte
882 205 1027 244 propriae
1050 205 1239 236 differentiae
1255 204 1361 235 carita-

303 247 352 283 tis,
375 256 457 288 quae
481 247 628 278 convenit
651 247 678 277 ei
702 249 861 279 absolute:
886 249 967 280 sicut
989 259 1047 280 nec
1070 250 1158 290 quod
1174 249 1311 280 secunda
1329 258 1362 278 se

302 297 408 322 teneat
430 300 467 321 ex
490 297 577 330 parte
599 291 717 331 agentis
740 292 876 332 proximi
899 292 1021 330 infiniti,
1046 294 1101 334 qui
1118 294 1212 324 etiam
1231 299 1277 323 est
1295 292 1362 322 eius

302 341 414 366 auctor
435 343 502 364 non
524 334 631 365 solum
654 335 688 365 in
711 336 759 366 via
783 337 838 367 sed
861 337 894 366 in
917 338 1026 377 patria.
1050 338 1126 368 Non
1148 337 1234 367 enim
1257 343 1304 367 est
1326 346 1363 366 ex

303 378 455 409 extraneis
477 388 535 408 nec
558 388 596 408 ex
618 381 844 411 communibus
869 381 1047 420 procedere,
1065 391 1082 411 a
1096 381 1211 412 virtute
1227 380 1363 421 proximi

302 422 431 462 agentis,
456 421 644 453 differentiae
668 425 814 464 propriae
844 424 976 463 ratione,
1000 425 1169 464 procedere
1199 425 1238 455 ad
1261 425 1363 464 ipsam

301 466 335 496 in
358 466 467 506 aliquo
490 466 540 496 sui
563 473 657 498 statu.

359 509 400 540 Et
415 509 494 540 scito
517 511 606 550 quod
622 521 787 551 processus
803 511 922 542 litterae
937 518 983 542 est
998 511 1065 542 iste.
1092 512 1280 542 Praevidens
1295 514 1363 542 Au—

302 560 371 584 ctor
393 554 482 594 quod
505 554 615 586 caritas
638 555 671 586 in
695 562 777 586 statu
794 555 862 585 viae
885 562 932 585 est
946 555 1026 585 sicut
1049 555 1151 585 forma
1170 556 1203 585 in
1219 565 1282 596 qua
1297 565 1362 585 non

303 597 457 637 contingit
472 597 579 629 sistere
595 606 722 630 motum
745 609 784 629 eo
799 599 888 639 quod
913 608 977 629 non
993 599 1093 638 possit
1108 599 1190 630 ultra
1205 599 1362 639 progredi,

300 640 434 672 intuitus
450 642 566 672 modos
583 643 699 683 quibus
722 642 832 673 formis
852 642 1120 682 pertransibilibus
1142 641 1192 685 (ut
1208 643 1252 673 sic
1273 643 1363 683 loqui

301 683 406 727 liceat)
430 685 608 725 imponitur
635 686 798 723 terminus,
821 696 933 716 omnes
963 687 1102 723 exclusit,
1127 693 1163 717 ut
1186 687 1230 718 sic
1253 687 1363 717 caritas

300 728 370 759 viae
392 737 567 761 remaneret
597 729 836 770 augmentabilis
864 729 932 760 sine
961 730 1107 761 termino.
1140 731 1275 771 intuitus
1305 730 1364 761 fuit

301 773 406 812 primo
430 774 529 814 quod,
553 774 626 807 licet
648 774 752 804 forma
775 773 889 810 media,
913 780 990 813 puta
1013 774 1125 814 pallor,
1150 775 1190 804 sit
1213 784 1363 814 augmen-

301 817 404 847 tabilis
427 824 459 848 et
480 817 712 858 pertransibilis,
728 817 880 848 terminus
903 824 1075 858 augmento
1092 818 1159 848 eius
1182 818 1312 857 ponitur
1327 828 1364 848 ex

301 870 449 891 mensura
470 861 637 892 intrinseca
660 861 807 901 propriae
830 861 969 897 rationis,
1001 871 1065 902 qua
1088 867 1196 892 motus
1220 862 1307 892 ducit
1329 862 1362 892 in

301 904 398 935 aliam
420 905 568 944 speciem.
598 905 639 936 Et
662 905 791 935 deduxit
813 904 876 935 hoc
900 914 965 935 non
989 905 1102 936 habere
1125 905 1234 935 locum
1258 905 1291 935 in
1315 915 1364 935 ca·

300 948 407 979 ritate:
431 948 507 988 quia
521 958 559 978 ex
582 948 711 988 propria
738 949 857 979 ratione
873 959 939 979 non
953 948 1091 980 vindicat
1107 948 1165 979 sibi
1180 949 1363 980 terminum.

300 1009 319 1015 -
333 991 470 1022 Intuitus
492 992 634 1022 secundo
656 993 756 1033 quod,
779 993 853 1024 licet
875 992 989 1030 forma,
1006 1000 1083 1033 puta
1110 993 1196 1024 calor
1219 993 1363 1029 alicuius,

300 1035 340 1066 sit
362 1035 615 1075 augmentabilis,
632 1043 762 1077 propter
786 1036 944 1068 defectum
961 1043 1067 1068 tamen
1090 1037 1210 1077 agentis
1227 1047 1294 1068 non
1309 1047 1364 1067 au-

299 1085 400 1119 getur,
417 1085 453 1110 ut
467 1086 552 1119 patet
566 1079 652 1111 iuxta
668 1091 804 1121 parvum
818 1081 935 1122 ignem,
951 1082 1006 1112 sed
1022 1081 1176 1112 terminus
1192 1088 1364 1121 augmento

299 1132 338 1153 ex
358 1123 534 1163 quantitate
549 1124 642 1155 activi
656 1125 848 1165 imponitur;
872 1135 909 1156 ex
923 1125 1076 1156 infinitate
1090 1125 1214 1156 virtutis
1230 1125 1364 1161 divinae,

299 1176 382 1207 quae
405 1174 452 1198 est
475 1168 659 1207 proximum
682 1179 778 1209 agens
806 1169 976 1206 caritatem,
1002 1169 1130 1200 deduxit
1152 1179 1217 1200 non
1240 1170 1365 1210 imponi

299 1211 344 1242 sic
366 1211 541 1242 terminum
571 1213 690 1244 caritati
719 1213 797 1244 viae.
815 1231 835 1236 -
851 1214 987 1245 intuitus
1010 1214 1142 1244 demum
1170 1214 1269 1255 quod,
1293 1214 1366 1245 licet

299 1255 413 1291 forma,
428 1262 507 1296 puta
523 1257 618 1294 calor,
642 1257 682 1288 sit
695 1258 948 1298 augmentabilis,
965 1265 996 1289 et
1010 1268 1106 1299 agens
1122 1258 1222 1299 possit
1241 1267 1364 1298 augere,

299 1299 442 1331 subioeti-
460 1307 585 1338 tamen,
617 1308 696 1342 puta
727 1302 820 1338 aeris,
853 1303 1042 1342 incapacitas
1071 1303 1244 1333 terminum
1273 1302 1366 1342 ponit

300 1350 483 1384 augmento,
499 1345 544 1375 ita
557 1346 647 1385 quod
662 1346 688 1376 si
711 1346 849 1386 amplius
872 1353 1016 1386 ageretur
1031 1347 1071 1376 ad
1087 1346 1279 1386 augendum,
1297 1355 1365 1376 cor-

297 1395 501 1428 rumperetur
523 1389 712 1425 subiectum,
736 1397 814 1430 puta
830 1400 891 1426 aer,
908 1400 983 1421 cum
999 1400 1059 1420 suo
1075 1390 1189 1426 calore,
1214 1397 1250 1420 ut
1264 1397 1363 1430 patet;

300 1441 337 1462 ex
360 1439 580 1463 concrescente
603 1433 764 1464 habilitate
788 1433 920 1464 subiecti
944 1434 984 1465 ad
1007 1440 1216 1473 augmentum
1232 1433 1366 1464 caritatis

297 1475 332 1506 in
353 1475 404 1506 via
427 1476 558 1508 deduxit
579 1477 740 1508 caritatem
754 1477 823 1508 viae
838 1487 904 1508 non
928 1478 1032 1508 sortiri
1054 1478 1128 1508 hinc
1151 1477 1333 1508 terminum.
1347 1494 1365 1500 —

299 1520 342 1550 Et
362 1519 408 1550 sic
429 1520 521 1550 nullo
551 1521 650 1551 modo
677 1521 876 1551 terminanda
906 1521 1107 1553 concluditur
1135 1521 1168 1551 in
1191 1521 1250 1552 via.
1276 1522 1366 1559 Quot

299 1569 407 1594 autem
419 1564 524 1594 modis
535 1564 569 1595 in
583 1565 684 1604 patn'a
698 1565 894 1602 terminetur,
911 1576 977 1596 non
993 1573 1040 1596 est
1055 1565 1226 1606 praesentis
1236 1565 1364 1605 negotii.

354 1607 407 1638 Ad
428 1607 552 1638 obiecta
567 1609 699 1639 demum
723 1619 760 1640 ex
775 1609 843 1640 aliis
858 1610 937 1641 locis
960 1610 1122 1641 doctrinae
1144 1610 1303 1646 Auctoris,
1321 1610 1367 1639 di-

299 1651 382 1682 citur
403 1652 494 1692 quod
516 1652 635 1684 caritati
665 1653 819 1684 terminus
849 1654 974 1696 imponi
996 1660 1111 1694 potest,
1143 1660 1174 1684 et
1195 1654 1366 1694 impositus

298 1701 347 1726 est
368 1705 406 1726 ex
429 1696 603 1727 extrinseco
617 1697 651 1727 in
667 1697 793 1728 caritate
807 1698 932 1729 animae
948 1699 1018 1729 Iesu
1035 1698 1163 1730 Christi.
1188 1699 1255 1728 Nec
1271 1698 1366 1729 huius

298 1740 488 1780 oppositum
502 1741 555 1772 hic
569 1741 693 1777 dicitur,
707 1741 824 1772 scilicet
839 1743 929 1782 quod
945 1743 1054 1774 caritas
1068 1742 1137 1772 viae
1153 1749 1200 1772 est
1214 1752 1366 1782 augmen-

297 1783 401 1815 tabilis
421 1784 456 1814 in
478 1784 649 1816 infinitum.
665 1803 686 1808 —
701 1785 878 1823 Quomodo
908 1794 1015 1818 autem
1042 1787 1119 1817 haec
1149 1793 1231 1817 stent
1253 1786 1365 1823 simul,

297 1828 332 1858 in
353 1829 562 1868 responsione
584 1830 623 1860 ad
647 1829 776 1860 tertium
798 1830 918 1862 litterae
940 1831 1122 1862 tractabitur
1136 1831 1161 1861 *.

354 1872 423 1903 Vll.
453 1873 488 1903 ln
518 1874 632 1904 eodem
662 1874 812 1911 articulo,
843 1874 876 1905 in
907 1875 1115 1915 responsione
1145 1875 1184 1904 ad
1214 1874 1365 1915 primum,

299 1916 434 1947 dubium
457 1918 610 1948 occurrit:
636 1919 710 1955 Quo
740 1925 834 1959 pacto
858 1919 993 1950 caritatis
1022 1925 1231 1959 augmentum
1261 1918 1294 1948 in
1316 1919 1367 1948 via

299 1967 346 1991 est
366 1961 400 1991 in
423 1960 595 1998 infinitum,
620 1969 651 1993 et
672 1969 779 1993 tamen
802 1969 850 1993 est
872 1964 911 1993 ad
938 1964 1112 1994 terminum
1134 1963 1167 1993 in
1190 1960 1310 2003 patria?
1334 1962 1366 1993 Si

298 2005 385 2036 enim
408 2013 456 2036 est
475 2007 516 2036 ad
538 2006 712 2037 terminum
734 2007 767 2037 in
791 2007 900 2046 patria,
917 2008 1059 2048 signetur
1081 2007 1134 2037 ille
1149 2007 1266 2047 gradus
1281 2013 1312 2036 et
1328 2006 1367 2037 sit

297 2051 338 2080 Α.
363 2049 450 2080 Cum
472 2049 554 2080 inter
577 2052 605 2080 A
628 2057 659 2081 et
687 2051 794 2081 datam
818 2051 980 2084 caritatem
995 2052 1028 2082 in
1044 2052 1106 2082 hoc
1129 2052 1250 2082 viatore
1273 2050 1313 2080 sit
1328 2050 1365 2080 fi-

297 2093 366 2124 nita·
380 2093 536 2131 distantia,
552 2094 750 2136 impossibile
763 2101 810 2126 est
824 2096 913 2136 quod
929 2102 1139 2136 augmentum
1170 2095 1313 2126 medium
1327 2095 1366 2125 sit

297 2137 331 2168 in
353 2137 531 2169 infinitum:
557 2148 632 2169 nam
649 2146 856 2179 augmentum
873 2140 906 2170 in
922 2140 1084 2171 infinitum
1099 2139 1220 2170 excedit
1234 2149 1367 2169 omnem

298 2182 472 2212 terminum
495 2183 617 2213 datum.
634 2201 654 2206 -
669 2184 720 2214 Ad
743 2183 806 2214 hoc
827 2184 1071 2225 respondebitur
1094 2191 1168 2224 post
1190 2183 1365 2214 discussam

298 2226 542 2266 responsionem
564 2227 604 2257 ad
625 2228 755 2258 tertium
768 2228 796 2259 *.

359 2269 441 2300 vul.
466 2270 501 2300 In
524 2271 639 2301 eodem
657 2272 801 2308 articulo,
817 2270 849 2302 in
865 2272 1073 2312 responsione
1096 2272 1136 2302 ad
1149 2271 1288 2307 tertium,
1305 2272 1365 2301 du-

299 2313 391 2344 bium
413 2314 550 2345 occurrit
578 2315 617 2345 de
640 2315 760 2346 diversa
789 2315 911 2347 ratione
942 2316 1126 2356 quantitatis
1147 2316 1182 2346 in
1204 2316 1254 2346 via
1279 2322 1310 2345 et
1332 2315 1365 2345 in

298 2358 410 2398 patria.
434 2358 568 2389 Videtur
589 2359 676 2389 enim
698 2359 785 2391 fictio
801 2360 890 2400 quod
913 2359 1017 2390 forma
1041 2360 1146 2401 qualis
1177 2366 1224 2390 est
1245 2359 1365 2395 caritas,

299 2410 383 2442 quae
404 2408 453 2432 est
474 2401 609 2442 qualitas
631 2403 810 2442 spiritualis,
834 2404 874 2434 sit
897 2410 1016 2444 quanta
1039 2403 1268 2444 quantitatibus
1287 2403 1365 2433 dua-

299 2446 360 2476 bus
375 2444 569 2476 diversarum
584 2446 756 2478 rationum.
781 2448 851 2478 Una
875 2447 1033 2487 siquidem
1047 2447 1207 2488 quantitas
1230 2453 1277 2477 est
1290 2454 1366 2477 nota

300 2489 402 2526 nobis,
427 2490 546 2520 scilicet
573 2491 750 2521 secundum
780 2491 980 2522 latitudinem
1002 2491 1201 2527 intensivam,
1226 2490 1308 2521 sicut
1330 2490 1363 2520 in

301 2534 410 2564 ceteris
440 2534 644 2575 qualitatibus
674 2544 755 2575 quae
779 2535 1001 2566 intenduntur:
1033 2535 1128 2566 altera
1158 2541 1267 2565 autem
1298 2544 1364 2564 non

300 2584 440 2618 apparet,
465 2587 522 2608 nec
545 2578 730 2618 assignatur.

356 2620 398 2652 Et
421 2620 635 2653 confirmatur.
658 2623 743 2660 Quia
766 2633 803 2653 ex
825 2622 997 2653 differentia
1028 2623 1183 2662 assignata
1207 2623 1239 2652 in
1263 2622 1366 2652 littera

299 2666 382 2696 inter
403 2665 563 2696 caritatem
581 2666 649 2696 viae
673 2672 704 2697 et
718 2667 835 2707 patriae
857 2676 954 2706 penes
978 2676 1114 2702 causam,
1131 2667 1247 2697 scilicet
1270 2665 1365 2696 fidem

301 2716 332 2741 et
352 2709 519 2746 visionem,
545 2719 610 2740 non
635 2711 777 2751 sequitur
799 2711 958 2751 quantitas
986 2711 1180 2740 diversarum
1202 2710 1364 2741 rationum

299 2754 333 2784 in
356 2753 492 2790 caritate,
516 2754 571 2784 sed
595 2755 756 2795 quantitas
774 2754 958 2795 imperfecta
979 2755 1030 2785 vel
1054 2754 1204 2794 perfecta:
1229 2761 1264 2785 ut
1280 2761 1366 2794 patet

299 2797 333 2828 in
357 2797 426 2828 aliis
446 2797 601 2828 amicitiis.
627 2798 673 2828 Ex
696 2798 880 2839 imperfecta
904 2808 1044 2839 namque
1067 2805 1122 2829 aut
1143 2798 1281 2838 perfecta
1303 2808 1363 2828 no-

300 2841 369 2872 titia
391 2841 484 2871 amici
514 2850 581 2871 non
611 2842 741 2873 sortitur
768 2842 905 2873 amicitia
935 2843 1144 2883 quantitatem
1171 2842 1364 2873 diversarum

301 2885 479 2921 rationum,
510 2885 566 2915 sed
594 2885 734 2917 diversae
764 2886 965 2927 perfectionis
996 2887 1172 2917 secundum
1202 2886 1308 2916 minus
1332 2893 1362 2917 et

302 2929 402 2969 magis
427 2928 612 2968 perfectum.

359 2973 402 3003 Et
423 2971 628 3003 confirmatur
656 2973 782 3004 iterum.
813 2974 897 3011 Quia
919 2974 1077 3015 quantitas
1101 2974 1235 3005 caritatis
1259 2974 1292 3004 in
1314 2974 1364 3004 via

302 3023 358 3047 aut
379 3022 520 3047 remanet
535 3025 610 3046 cum
632 3017 807 3057 quantitate
821 3017 874 3048 illa
888 3027 970 3058 quae
986 3018 1111 3048 advenit
1126 3018 1159 3048 in
1183 3018 1292 3058 patria,
1310 3025 1365 3049 aut

301 3068 379 3091 non.
403 3060 436 3090 Si
452 3067 602 3096 remanet,
625 3060 721 3100 igitur
735 3061 844 3092 caritas
866 3069 1009 3093 remanet
1024 3069 1095 3092 actu
1112 3069 1231 3102 quanta
1254 3072 1365 3092 secun-

302 3105 382 3134 dum
404 3102 632 3144 perfectionem
654 3104 843 3135 intensivam
865 3105 990 3136 duabus
1013 3105 1241 3146 quantitatibus
1265 3106 1364 3137 diver—

302 3157 410 3178 sarum
425 3147 602 3178 rationum:
629 3149 719 3188 quod
746 3158 810 3179 non
826 3156 871 3180 est
897 3149 1101 3189 intelligibile.
1128 3150 1161 3180 Si
1178 3159 1243 3180 non
1265 3158 1366 3180 rema·-

302 3199 366 3228 net,
389 3199 560 3232 quaeratur
581 3200 678 3233 quare
703 3193 925 3233 corrumpitur,
949 3199 980 3224 et
1003 3203 1020 3223 a
1042 3202 1120 3234 quc,
1143 3200 1175 3224 et
1198 3192 1249 3224 cui
1272 3204 1366 3234 repu-

302 3242 387 3276 gnat,
411 3242 470 3266 etc.

359 3279 411 3310 IX.
435 3279 486 3310 Ad
501 3279 691 3310 evidentiam
707 3280 802 3310 huius
823 3280 1088 3312 considerandum
1109 3282 1259 3322 estquod
1280 3281 1366 3312 aliud

303 3330 350 3354 est
372 3323 461 3364 loqui
487 3323 524 3353 de
547 3323 725 3354 intensione
747 3324 923 3354 formarum
947 3333 1026 3364 pure
1041 3325 1242 3362 naturalium,
1259 3332 1296 3356 ut
1315 3335 1366 3356 ca-

302 3367 361 3403 lor,
386 3367 509 3404 albedo,
534 3368 669 3398 dulcedo
693 3374 724 3398 et
746 3368 949 3398 huiusmodi:
972 3375 1003 3400 et
1018 3369 1104 3400 aliud
1127 3369 1166 3399 de
1188 3369 1366 3400 intensione

303 3411 479 3442 formarum
502 3411 698 3448 animalium,
723 3418 758 3442 ut
781 3412 895 3448 videre,
919 3412 1036 3450 audire,
1068 3413 1249 3453 intelligere,
1273 3414 1363 3450 velle,

303 3461 334 3486 et
356 3455 532 3486 eorundem
555 3462 685 3486 actuum
712 3456 921 3486 habitualium
942 3456 1171 3497 principiorum
1197 3455 1365 3499 (augentur

443 3516 553 3540 Summas:
572 3516 673 3540 Tar-201..
694 3517 725 3541 D.
737 3516 852 3541 ‘raonis
871 3517 904 3542 T.
921 3517 953 3542 V.

1416 126 1711 163 ARTICULUS
1739 126 1807 162 Vll
2402 128 2470 164 185

1416 202 1573 242 siquidem
1600 202 1786 232 huiusmodi
1809 202 1935 233 habitus
1958 201 2239 242 proportionaliter
2263 203 2343 233 sicut
2365 203 2477 245 actus).

1417 246 1552 276 Formae
1569 256 1707 286 namque
1726 246 1883 279 naturales
1907 245 2001 276 unius
2018 252 2142 276 tantum
2158 245 2359 285 perfectionis
2378 247 2478 277 inten-

1416 290 1499 320 sivae
1522 290 1687 320 latitudine
1711 297 1876 321 contentae
1900 296 1989 320 sunt:
2014 289 2135 319 formae
2151 299 2226 319 vero
2243 290 2393 321 animales
2409 292 2479 331 plu-

1416 344 1464 364 res
1486 334 1603 364 habent
1625 334 1805 365 latitudines
1828 333 2000 364 intensivae
2023 343 2098 363 suae
2122 333 2333 374 perfectionis,
2350 335 2480 365 alteram

1417 388 1453 408 ex
1468 385 1555 418 parte
1580 378 1720 414 subiecti,
1736 378 1865 408 alteram
1880 388 1916 408 ex
1932 385 2020 418 parte
2036 377 2159 414 obiecti,
2177 385 2213 408 ut
2227 384 2313 417 patet
2329 379 2362 408 in
2385 389 2479 409 sensu

1415 422 1511 452 visus.
1537 421 1625 452 Visio
1642 422 1727 451 enim
1743 422 1943 462 perfectionis
1970 428 2178 462 augmentum
2192 420 2288 452 Habet
2303 424 2480 453 secundum

1388 468 1390 479 ⁵
1416 466 1505 507 quod
1521 465 1621 505 magis
1637 475 1672 496 ac
1692 465 1797 496 minus
1812 466 1990 496 subiectum
2006 465 2254 506 approximatur,
2270 473 2389 496 servata
2407 476 2479 506 pro-

1416 509 1580 550 portione:
1605 516 1636 540 et
1658 519 1766 540 rursus
1790 509 1990 549 perfectionis
2014 516 2222 549 augmentum
2254 510 2347 540 habet
2371 520 2479 540 secun-

1416 554 1494 584 dum
1506 554 1596 594 quod
1611 554 1712 593 magis
1728 563 1763 584 ac
1780 554 1879 594 magis
1895 554 2028 585 attentio
2041 553 2176 584 videntis
2193 560 2239 583 est
2250 554 2290 583 ad
2306 553 2480 584 videndum

1416 598 1505 628 illud.
1522 598 1563 628 Et
1578 598 1667 638 quod
1682 597 1877 627 diversarum
1900 598 1961 628 sint
1987 598 2148 628 rationum
2171 597 2356 628 huiusmodi
2380 598 2480 638 perfe-

1418 642 1538 673 ctiones
1555 651 1591 671 ex
1605 641 1667 671 hoc
1682 648 1768 681 patet
1783 643 1881 681 quod,
1899 649 2196 682 quantumcumque
2213 649 2331 672 crescat
2345 641 2425 672 visio
2445 652 2481 672 ex

1417 685 1530 716 maiori
1545 685 1818 725 approximatione
1831 685 1956 722 obiecti,
1968 695 2034 715 non
2050 692 2157 716 tamen
2173 692 2300 725 oportet
2316 686 2405 727 quod
2417 696 2482 716 cre-

1418 736 1483 760 scat
1498 730 1676 760 secundum
1688 729 1916 769 perfectionem
1932 729 2124 765 attentionis,
2138 736 2174 759 ut
2189 729 2377 769 experientia
2389 737 2482 760 testa-

1418 781 1479 804 tur.
1495 773 1542 803 Ex
1557 773 1606 803 his
1630 780 1737 803 autem
1753 774 1792 802 ad
1816 773 1923 803 divina
1942 774 2151 809 ascendendo,
2170 773 2304 804 dicimus
2320 774 2408 814 quod
2432 783 2480 804 ca-

1417 817 1490 848 ritas
1513 817 1606 847 habet
1636 817 1797 856 duplicem
1821 816 2022 857 perfectionis
2045 817 2260 848 latitudinem:
2286 818 2415 848 alteram
2445 827 2482 847 ex

1417 867 1504 900 parte
1521 860 1647 898 obiecti,
1671 860 1789 891 scilicet
1811 862 1988 891 secundum
2004 861 2159 891 maiorem
2174 861 2482 901 approximationem

1418 904 1458 934 ad
1473 904 1649 939 obiectum;
1666 904 1795 934 alteram
1816 914 1852 934 ex
1868 911 1954 944 parte
1971 905 2113 940 subiecti,
2131 905 2307 935 secundum
2328 905 2482 935 maiorem

1418 948 1626 979 attentionem
1649 957 1705 977 seu
1729 948 1964 987 expeditionem
1987 948 2129 979 subiecti.
2153 948 2258 978 Prima
2280 949 2482 988 perfectionis

1418 992 1554 1022 latitudo
1578 991 1721 1021 consistit
1751 991 1784 1021 in
1808 999 1980 1031 augmento
2012 992 2146 1022 caritatis
2176 1002 2271 1032 supra
2285 993 2303 1011 *
2326 993 2481 1033 exposito.

1418 1036 1563 1067 Secunda
1585 1045 1660 1065 vero
1685 1035 1828 1066 consistit
1849 1036 1882 1065 in
1905 1043 2079 1076 augmento
2095 1036 2229 1066 caritatis
2253 1046 2290 1066 ex
2312 1037 2373 1067 hoc
2393 1038 2483 1077 quod

1419 1080 1534 1116 anima,
1557 1079 1701 1119 expedita
1723 1089 1741 1109 a
1763 1079 1885 1110 visione
1919 1080 2126 1119 aenigmatica
2148 1087 2178 1110 et
2201 1080 2303 1120 posita
2326 1080 2359 1110 in
2382 1080 2483 1111 faciali

1418 1124 1540 1154 visione
1563 1123 1632 1159 Dei,
1656 1123 1689 1153 in
1711 1122 1819 1164 ipsum
1841 1123 1978 1154 totaliter
1993 1124 2156 1154 actualiter
2178 1124 2292 1154 fertur:
2317 1125 2406 1165 quod
2422 1125 2482 1154 im-

1419 1167 1568 1209 possibile
1591 1174 1638 1198 est
1661 1167 1829 1198 convenire
1852 1168 1973 1198 viatori.
1998 1168 2090 1198 Unde
2113 1174 2409 1208 quantumcumque
2426 1169 2482 1198 ali-

1419 1213 1490 1254 quis
1512 1211 1708 1253 proficiendo
1733 1211 1767 1242 in
1784 1211 1843 1242 hac
1857 1211 1921 1242 vita
1942 1211 2177 1252 appropinquet
2199 1213 2238 1242 ad
2257 1212 2362 1242 Deum
2383 1212 2484 1252 magis

1419 1267 1455 1287 ac
1478 1256 1588 1296 magis,
1612 1255 1645 1285 in
1669 1255 1794 1286 caritate
1818 1256 1996 1291 crescendO,
2014 1265 2180 1296 nunquam
2197 1256 2360 1296 pervenire
2379 1263 2485 1296 potest

1418 1302 1458 1331 ad
1481 1301 1543 1331 hoc
1557 1307 1593 1330 ut
1609 1299 1746 1331 totaliter
1760 1300 1923 1330 actualiter
1937 1307 2022 1330 amet
2037 1300 2152 1336 Deum,
2170 1300 2251 1330 sicut
2266 1300 2375 1330 videns
2392 1301 2483 1330 illum

1419 1344 1496 1375 facie
1511 1344 1551 1374 ad
1566 1343 1689 1374 faciem.
1710 1344 1750 1373 Et
1773 1350 1940 1384 propterea
1964 1354 2131 1384 nunquam
2159 1344 2269 1374 caritas
2294 1344 2363 1374 viae
2379 1351 2485 1384 potest

1418 1387 1586 1428 adaequari
1603 1387 1722 1417 caritati
1738 1387 1866 1427 patriae,
1883 1388 1958 1428 quia
1974 1388 2100 1418 alterius
2116 1388 2247 1418 rationis
2270 1395 2316 1418 est
2330 1388 2483 1428 perfectio

1418 1432 1488 1462 illa:
1505 1431 1586 1461 sicut
1607 1431 1700 1467 linea,
1714 1438 2010 1471 quantumcumque
2033 1438 2158 1468 crescat,
2176 1442 2343 1472 nunquam
2367 1442 2483 1472 aequa-

1419 1482 1470 1506 tur
1493 1474 1682 1515 superficiei.

1473 1520 1512 1550 X.
1530 1519 1592 1549 Sed
1614 1525 1691 1548 tunc
1706 1525 1801 1549 restat
1815 1519 1919 1549 adhuc
1946 1519 2090 1554 dubium,
2111 1529 2151 1549 an
2168 1519 2278 1549 caritas
2293 1519 2361 1548 viae
2385 1519 2486 1558 possit

1418 1573 1485 1594 esse
1508 1562 1648 1603 aequalis
1671 1563 1720 1592 vel
1743 1562 1855 1598 maior,
1880 1563 2056 1593 secundum
2090 1563 2178 1592 illam
2201 1562 2427 1602 perfectionem
2452 1573 2484 1592 se

1418 1614 1578 1638 tenentem
1600 1616 1697 1646 penes
1720 1607 1991 1647 propinquitatem
2014 1607 2053 1637 ad
2077 1607 2248 1642 obiectum,
2281 1606 2406 1637 caritate
2430 1607 2484 1636 ali-

1418 1652 1508 1682 cuius
1531 1650 1613 1681 beati
1637 1651 1670 1680 in
1693 1650 1801 1690 patria.
1826 1651 1921 1681 Verbi
1944 1651 2057 1691 gratia:
2082 1653 2133 1681 An
2158 1651 2267 1681 caritas
2284 1652 2392 1681 beatae
2415 1651 2484 1681 Vir-

1417 1695 1498 1736 ginis
1521 1694 1554 1725 in
1577 1695 1636 1724 hac
1659 1694 1722 1724 vita
1746 1701 1811 1725 erat
1833 1695 1944 1731 maior,
1962 1695 2137 1725 secundum
2157 1695 2244 1725 illam
2264 1695 2483 1735 quantitatem,

1419 1740 1543 1770 caritate
1563 1739 1750 1778 angelorum
1769 1737 1955 1769 beatorum?
1978 1739 2019 1769 Et
2034 1746 2080 1769 est
2095 1739 2174 1769 ratio
2195 1739 2282 1769 dubii
2301 1739 2387 1780 quia,
2404 1739 2485 1769 sicut

1419 1783 1578 1825 quantitas
1600 1783 1701 1813 lineae
1725 1782 1820 1813 unius
1836 1789 1942 1822 potest
1964 1793 2030 1813 esse
2054 1784 2157 1814 multo
2182 1783 2283 1813 maior
2306 1783 2484 1813 secundum

1418 1826 1652 1868 longitudinem
1676 1836 1774 1867 quam
1797 1827 1837 1857 sit
1860 1827 2018 1867 quantitas
2042 1828 2219 1858 secundum
2248 1827 2484 1866 longitudinem

1419 1872 1552 1903 alicuius
1583 1878 1683 1901 certae
1713 1870 1904 1911 superficiei,
1935 1871 2007 1902 licet
2036 1869 2206 1911 nunquarrl'
2226 1871 2328 1911 possit
2356 1871 2484 1911 aequari

1419 1915 1603 1956 simpliciter
1632 1914 1800 1955 quantitati
1829 1914 2022 1955 superficiei;
2051 1915 2094 1945 ita
2117 1915 2198 1946 forte
2226 1921 2332 1955 potest
2362 1925 2429 1944 esse
2451 1915 2485 1944 in

1419 1959 1598 2001 proposito.

1473 2005 1524 2034 Ad
1541 2003 1602 2034 hoc
1626 2009 1733 2033 autem
1749 2002 1864 2033 dicitur
1878 2004 1978 2043 quod,
1993 2013 2069 2033 cum
2088 2003 2199 2033 caritas
2216 2003 2255 2033 sit
2273 2002 2415 2033 eiusdem
2438 2012 2485 2032 ra-

1417 2048 1513 2079 tionis
1537 2046 1701 2088 specificae
1724 2046 1756 2076 in
1779 2047 1831 2076 via
1854 2054 1885 2077 et
1907 2047 1940 2077 in
1956 2047 2071 2086 patria;
2097 2054 2127 2077 et
2151 2047 2262 2077 caritas
2277 2047 2346 2076 viae
2363 2057 2428 2076 non
2452 2057 2484 2077 se

1418 2093 1532 2123 habeat
1554 2092 1594 2121 ad
1617 2091 1778 2121 caritatem
1797 2091 1916 2131 patriae
1939 2099 1975 2121 ut
1999 2100 2107 2121 semen
2123 2091 2162 2120 ad
2186 2091 2331 2121 arborem
2354 2091 2405 2120 vel
2420 2091 2485 2121 fru-

1418 2143 1507 2167 ctum
1531 2134 1691 2178 (quamvis
1719 2135 1763 2165 sic
1786 2145 1818 2165 se
1842 2135 1955 2165 habeat
1984 2135 2229 2175 quodammodo
2253 2135 2292 2164 ad
2319 2135 2484 2165 beatitudi-

1418 2179 1524 2222 nem),
1549 2181 1604 2210 sed
1627 2179 1708 2210 sicut
1736 2179 1839 2209 forma
1863 2179 2006 2209 eiusdem
2030 2179 2144 2219 speciei
2166 2179 2350 2219 imperfecta
2374 2179 2414 2209 ad
2437 2189 2485 2209 se-

1417 2225 1521 2265 ipsam
1543 2224 1731 2264 p'erfectam;
1756 2230 1787 2254 et
1809 2224 1969 2264 quantitas
2002 2223 2204 2263 perfectionis
2228 2223 2364 2253 caritatis
2388 2233 2486 2263 penes

1418 2268 1690 2309 propinquitatem
1713 2268 1754 2298 ad
1769 2267 1930 2298 obiectum
1954 2268 1994 2298 sit
2011 2268 2152 2297 eiusdem
2176 2267 2307 2297 rationis
2329 2267 2362 2296 in
2380 2267 2431 2297 via
2455 2275 2486 2298 et

1417 2313 1451 2343 in
1467 2313 1582 2353 patria;
1603 2319 1633 2343 et
1647 2313 1680 2342 in
1695 2311 1924 2352 quantitatibus
1941 2312 2084 2342 eiusdem
2099 2311 2230 2342 rationis
2246 2318 2370 2350 constat
2385 2322 2485 2341 unam

1418 2357 1638 2398 quantitatem,
1660 2356 1742 2386 infra
1763 2356 1964 2386 latitudinem
1986 2356 2196 2391 terminatam,
2209 2366 2304 2396 posse
2327 2357 2366 2386 ab
2389 2356 2486 2386 altera

1418 2401 1537 2432 excedi:
1558 2410 1758 2441 consequens
1774 2407 1821 2430 est
1835 2407 1871 2430 ut
1886 2400 1996 2431 caritas
2008 2401 2077 2431 viae
2091 2401 2124 2430 in
2140 2401 2230 2430 beata
2245 2400 2374 2440 Virgine
2391 2400 2485 2431 fuerit

1418 2445 1613 2485 quandoque
1626 2444 1728 2474 maior
1743 2445 1921 2474 secundum
1936 2444 2024 2474 illam
2035 2445 2246 2485 qufintitatem
2259 2454 2357 2484 quam
2373 2444 2484 2474 caritas

1417 2488 1615 2528 angelorum,
1633 2495 1664 2518 et
1686 2488 1881 2528 quandoque
1901 2498 1999 2528 quam
2022 2489 2132 2519 caritas
2156 2489 2429 2528 archangelorum,
2454 2495 2485 2518 et

1417 2533 1461 2562 sic
1485 2532 1649 2572 deinceps;
1674 2532 1718 2562 sic
1747 2538 1854 2562 tamen
1878 2539 1914 2562 ut
1938 2533 1971 2562 in
1994 2532 2136 2572 ingressu
2162 2533 2280 2572 patriae
2303 2533 2483 2568 intantum,

1418 2577 1511 2607 etiam
1530 2576 1707 2607 secundum
1719 2575 1799 2606 hanc
1811 2576 2030 2616 quantitatem,
2044 2577 2181 2616 seipsam
2192 2578 2226 2606 in
2237 2577 2288 2606 via
2304 2577 2482 2612 excreverit,

1418 2627 1454 2651 ut
1469 2621 1512 2651 ad
1522 2620 1796 2660 praedestinatam
1813 2621 1871 2650 sibi
1884 2630 2069 2651 mensuram
2088 2621 2262 2651 secundum
2278 2621 2481 2651 donationem

1417 2665 1492 2695 Iesu
1509 2664 1660 2694 Christi*
1676 2664 1859 2704 pervenerit.
1880 2665 2055 2704 Nunquam
2077 2671 2184 2694 tamen
2206 2665 2266 2695 fuit
2286 2665 2319 2695 in
2342 2665 2392 2694 via
2415 2664 2483 2695 eius

1417 2708 1527 2739 caritas
1551 2708 1689 2748 aequalis
1714 2708 1897 2748 simpliciter
1920 2708 2039 2739 caritati
2062 2709 2187 2738 minimi
2211 2709 2242 2738 in
2268 2709 2382 2748 patria:
2407 2709 2484 2749 quia

1417 2753 1527 2783 caritas
1560 2752 1678 2792 patriae
1714 2759 1760 2782 est
1786 2758 1906 2792 quanta
1934 2753 2057 2783 duabus
2093 2753 2287 2783 diversarum
2321 2753 2484 2783 rationum

1419 2796 1659 2837 quantitatibus,
1678 2796 1717 2826 ad
1747 2806 1885 2836 quarum
1911 2797 2040 2839 alteram
2067 2797 2178 2827 caritas
2192 2797 2262 2827 viae
2288 2807 2353 2827 non
2377 2804 2484 2837 potest

1419 2841 1604 2881 pertingere.
1640 2841 1733 2871 Unde
1757 2840 1858 2870 simile
1882 2847 1928 2871 est
1951 2841 1990 2871 de
2013 2847 2186 2881 augmento
2215 2841 2316 2871 lineae
2340 2848 2483 2882 respectu

1419 2884 1606 2925 superficiei.
1632 2884 1719 2915 Sicut
1743 2884 1828 2914 enim
1851 2884 1933 2914 linea
1956 2895 2023 2915 non
2046 2892 2160 2926 potest,
2185 2893 2484 2926 quantumcumque

1420 2935 1546 2965 crescat,
1571 2929 1611 2959 ad
1634 2928 1842 2969 quantitatem
1866 2928 2042 2969 superficiei
2066 2930 2237 2970 pervenire,
2258 2936 2363 2969 potest
2378 2937 2484 2960 tamen

1418 2974 1596 3003 secundum
1621 2982 1718 3003 unam
1742 2972 1975 3003 dimensionem
1999 2974 2146 3004 excedere
2170 2981 2286 3004 certam
2304 2973 2409 3004 datam
2433 2984 2484 3004 su-

1418 3017 1595 3058 perficiem;
1621 3017 1664 3047 ita
1688 3017 1797 3047 caritas
1819 3017 1889 3047 viae
1912 3027 2079 3058 nunquam
2102 3025 2208 3058 potest
2235 3019 2410 3059 adaequare
2434 3028 2483 3048 ca—

1418 3062 1540 3092 ritatem
1566 3061 1700 3101 patriae,
1731 3067 1837 3100 potest
1866 3068 1973 3092 tamen
1996 3062 2174 3103 secundum
2205 3072 2304 3092 unam
2327 3063 2483 3093 rationem

1419 3106 1566 3136 excedere
1590 3105 1722 3135 alicuius
1746 3105 1906 3135 caritatem
1929 3105 1962 3135 in
1986 3106 2085 3145 patria
2109 3106 2276 3137 existentis.

1474 3150 1529 3180 XI.
1550 3150 1601 3179 Ad
1624 3149 1765 3189 primum
1784 3158 1858 3189 ergo
1874 3149 1907 3179 in
1930 3150 2119 3190 oppositum
2137 3150 2155 3169 *
2178 3150 2291 3181 dicitur
2304 3150 2392 3190 quod
2417 3159 2482 3179 non

1420 3200 1467 3224 est
1481 3193 1577 3229 fictio,
1596 3194 1650 3223 sed
1675 3203 1711 3223 ex
1727 3193 1846 3223 naturis
1862 3203 1968 3224 rerum
1984 3194 2096 3225 notitia
2116 3201 2252 3234 sumpta,
2269 3195 2357 3234 quod
2381 3193 2482 3223 forma

1420 3237 1575 3274 animalis,
1600 3245 1635 3268 ut
1659 3244 1746 3268 actus
1769 3244 1800 3268 et
1822 3237 1958 3273 habitus,
1983 3238 2119 3268 habeant
2144 3239 2332 3279 quantitates
2349 3238 2481 3267 diversa-

1420 3292 1489 3312 rum
1515 3282 1676 3312 rationum
1705 3281 1884 3312 intensivas.
1916 3281 2000 3319 Quia
2025 3282 2110 3312 enim
2137 3282 2312 3313 secundum
2336 3288 2482 3312 naturam

1420 3335 1512 3356 suam
1535 3326 1691 3366 dependet
1714 3331 1802 3356 actus
1825 3325 1969 3356 animalis
1988 3326 2173 3357 huiusmodi
2197 3337 2214 3356 a
2238 3327 2363 3356 duobus
2383 3325 2481 3355 diver-

1420 3379 1526 3400 sarum
1549 3370 1720 3407 rationum,
1740 3370 1846 3400 anima
1870 3369 1987 3400 scilicet
2010 3377 2040 3401 et
2063 3371 2197 3406 obiecto,
2215 3380 2280 3400 non
2304 3377 2350 3400 est
2363 3370 2481 3400 mirum

1419 3414 1444 3444 si
1467 3414 1581 3445 habeat
1603 3414 1813 3455 perfectiones
1840 3414 2034 3445 diversarum
2058 3415 2218 3445 rationum
2246 3421 2275 3444 et
2303 3414 2411 3444 ambas
2435 3414 2481 3443 in-

1418 3458 1565 3488 tensivas.

2272 3526 2304 3549 24

2511 1000 2518 1006 ⁸
2534 997 2603 1019 Num.
2619 1004 2650 1019 vr.

2511 2670 2538 2690 ‘A
2543 2669 2559 2690 d
2565 2669 2659 2697 Ephe-r„
2668 2676 2718 2698 cap.

2511 2703 2540 2719 ιν,
2556 2702 2614 2717 vers.
2631 2703 2651 2723 7.

2511 3158 2519 3166 ⁸
2534 3156 2604 3178 Num.
2619 3164 2666 3179 vm.
