2892 4056
88 2890 287 2918 ‘Qu-xxm,m.=

104 2921 210 2943 mxxvn,
258 2932 264 2938 .
291 2931 296 2936 .

1018 146 1283 192 QUAESTIO
1318 147 1457 193 XXXI,
1486 146 1780 184 ARTICULUS
1811 147 1824 182 1

2431 146 2503 190 245

839 324 1254 401 QUAESTIO
1299 325 2014 383 TRIGESIMAPRIMA

1076 435 1170 475 DE
1212 435 1764 477 BENEFICENTIA

1114 541 1148 565 ΙΝ
1178 541 1352 572 QUATUOR
1378 541 1580 567 ARTICULOS
1608 542 1725 567 DIVISA

414 630 521 656 emm-2
541 617 860 655 considerandum
881 623 937 653 est
959 617 1005 652 de
1031 616 1274 657 exterioribus
1307 617 1398 656 acti*

415 671 485 708 bus
512 673 575 709 vel
603 670 802 708 effectibus
844 669 1006 706 caritatis
1031 670 1063 706 *.
1101 670 1150 705 Et
1176 670 1317 718 primo,
1347 670 1394 706 de

330 724 600 770 beneficentia;
634 723 816 768 secundo,
847 722 894 758 de
924 722 1181 771 eleemosyna,
1211 734 1311 770 quae
1340 730 1396 759 est

330 777 521 825 quaedam
556 789 644 826 pars
673 774 948 815 beneficentiae
971 774 1007 819 *;
1036 775 1164 821 tertio,
1194 775 1242 812 de
1271 787 1395 813 corre-

260 848 266 854 ·
329 829 454 867 ctione
473 831 648 878 fraterna,
669 841 767 877 quae
796 835 852 865 est
879 827 1071 876 quaedam
1101 828 1346 875 eleemosyna
1359 827 1391 864 ²¹².

329 882 440 920 Circa
467 882 635 932 primum
665 887 900 930 quaeruntur
927 887 1102 929 quatuor.

1501 617 1652 654 Primo:
1681 626 1809 657 utrum
1838 618 2089 655 beneficentia
2117 618 2162 655 sit
2195 625 2298 655 actus
2333 617 2505 655 caritatis.

1502 670 1702 707 Secundo:
1736 678 1864 707 utrum
1893 671 1939 707 sit
1966 671 2146 708 omnibus
2175 670 2505 708 benefaciendum.

1500 723 1652 760 Tertio:
1681 731 1808 760 utrum
1837 724 1959 771 magis
1989 723 2196 761 coniunctis
2225 724 2271 761 sit
2294 724 2414 771 magis
2443 725 2507 761 be-

1553 776 1834 814 nefaciendum.

1500 829 1668 874 Quarto:
1713 837 1840 866 utrum
1878 829 2133 874 beneficentia
2180 830 2225 866 sit
2265 830 2384 867 virtus
2422 842 2506 878 spe-

1553 880 1671 918 cialis.

1139 973 1459 1016 ARTICULUS
1489 974 1696 1017 PRIMUS

909 1054 1067 1086 UTRUM
1089 1054 1409 1085 BENEFICENTIA
1432 1054 1500 1085 sn·
1522 1055 1667 1087 Aeros
1690 1055 1921 1087 cAruTATis

213 1372 219 1379 ·
278 1338 282 1339 ⁷
326 1248 507 1386 nefificjiiql
496 1315 710 1385 secundum
742 1347 834 1385 illud
861 1348 932 1384 Iob
962 1358 1059 1383 xxxv
1082 1347 1118 1383 *t
1157 1346 1258 1388 Quid
1286 1345 1395 1382 dabis

325 1400 395 1439 ei?
417 1401 497 1438 Aut
521 1402 613 1450 quid
633 1401 679 1438 de
705 1412 822 1437 manu
842 1405 907 1437 tua
934 1399 1118 1448 accipiet?
1145 1400 1248 1447 Ergo
1277 1399 1395 1435 bene-

325 1453 478 1492 ficentia
505 1466 584 1491 non
613 1461 669 1490 est
695 1460 802 1491 actus
830 1452 1005 1492 caritatis.

351 1519 354 1522 ⁴
379 1517 416 1544 2.
445 1507 688 1553 Pmnm,
729 1505 983 1544 beneficentia
1017 1504 1185 1542 maxime
1224 1503 1395 1541 consistit

323 1560 363 1598 iu
383 1559 584 1597 collatione
604 1559 807 1597 donorum.
838 1559 916 1597 Sed
943 1563 1018 1596 hoc
1040 1558 1204 1607 pertinet
1228 1557 1278 1595 ad
1301 1557 1392 1594 libe-

324 1612 521 1650 ralitatem.
551 1613 656 1660 Ergo
682 1612 936 1650 beneficentia
963 1624 1043 1650 non
1077 1619 1132 1649 est
1159 1618 1265 1648 actus
1302 1611 1395 1648 cari-

323 1665 420 1714 tatis,
450 1667 518 1703 sed
546 1666 790 1704 liberalitatis.

367 1720 416 1756 ⁴3.
445 1720 680 1767 mmmm,
709 1731 826 1757 omne
846 1717 864 1750 Ρ
885 1719 989 1767 quod
1018 1718 1104 1766 quis
1133 1718 1208 1764 dat,
1236 1718 1301 1755 vel
1331 1717 1396 1754 dat

325 1772 423 1810 sieut
455 1773 627 1810 debitum
655 1774 718 1810 vel
750 1774 815 1810 dat
849 1772 944 1809 sicut
976 1783 1055 1809 non
1091 1771 1276 1808 debitum.
1316 1770 1393 1808 Sed

325 1825 558 1864 beneficium
589 1826 698 1876 quod
730 1825 964 1874 impenditur
999 1832 1183 1872 tanquam
1221 1823 1393 1861 debitum

323 1878 488 1927 pertinet
524 1879 572 1917 ad
609 1879 810 1916 iustitiam:
853 1877 959 1927 quod
995 1886 1124 1915 autem
1163 1877 1396 1926 impenditur

323 1938 508 1981 tanquam
537 1945 616 1970 non
641 1932 824 1978 debitum,
845 1930 958 1980 gratis
982 1930 1102 1978 datur,
1123 1939 1161 1968 et
1179 1932 1394 1969 secundum

322 1984 399 2022 soc
425 1985 588 2035 pertinet
615 1985 665 2022 ad
692 1984 1009 2022 misericordia-m.
1039 1985 1145 2032 Ergo
1172 1985 1299 2022 omnis
1327 1985 1394 2021 be-

322 2037 526 2076 neficentia
553 2037 616 2076 vel
645 2045 705 2075 est
729 2045 834 2075 actus
853 2037 1014 2074 iustitiae
1032 2038 1096 2076 vel
1117 2045 1174 2075 est
1195 2046 1303 2076 actus
1325 2038 1395 2075 mi-

322 2090 565 2129 sericordiae.
591 2091 688 2128 ‘Non
717 2098 774 2130 est
801 2102 892 2138 ergo
921 2098 1028 2127 actus
1057 2091 1233 2128 caritatis.

363 2143 453 2182 'SED
481 2155 644 2192 com-A,
674 2144 813 2182 caritas
838 2151 894 2181 est
922 2143 1084 2181 amicitia
1113 2145 1324 2193 quaedam,
1352 2151 1396 2180 ut

243 2213 298 2245 ,,,;
325 2195 469 2235 &ianm
497 2205 558 2234 est
569 2196 603 2234 ⁸¹⁵.
641 2197 719 2236 Sed
747 2196 1018 2245 Philosophus,
1051 2197 1089 2234 in
1118 2199 1171 2234 IX
1198 2196 1381 2234 Etloeic.M

221 2265 228 2272 ·
249 2256 270 2272 '·
323 2249 421 2287 inter
437 2250 532 2288 alios
559 2250 746 2288 amicitiae
766 2258 872 2288 aetus
898 2250 1008 2311 ponit
1034 2250 1110 2288 hoc
1136 2256 1261 2288 unum
1287 2251 1394 2310 quod

325 2310 382 2340 est
399 2308 415 2330 Υ
452 2303 608 2351 operari
642 2305 783 2341 bonum
810 2302 862 2340 ad
887 2304 1052 2349 amicos,
1081 2306 1187 2352 quod
1217 2312 1274 2342 est
1301 2304 1394 2341 ami-

325 2355 378 2392 cis
405 2356 640 2394 benefacere.
675 2357 777 2404 Ergo
815 2356 1070 2393 beneficentia
1097 2365 1154 2394 est
1191 2365 1297 2395 actus
1335 2371 1396 2395 ca-

325 2408 454 2446 ritatis.

378 2462 606 2498 Responnso
644 2473 830 2499 montinum
873 2461 978 2508 quod
1013 2462 1268 2499 beneficentia
1301 2463 1393 2500 nihil

323 2514 428 2552 aliud
456 2514 637 2563 importat
665 2527 780 2564 quam
801 2514 925 2550 facere
945 2515 1094 2553 bonum
1113 2514 1236 2553 alicui.
1264 2516 1395 2555 Potest

324 2574 452 2604 autem
488 2568 564 2604 hoc
598 2568 745 2604 bonurn
783 2566 1015 2604 considerari
1053 2567 1262 2617 dupliciter.
1305 2569 1392 2606 Uno

179 2621 268 2661 ''¹..;‡.·‘.
294 2619 299 2624 '
323 2618 457 2669 modo,
487 2620 700 2659 secundum
721 2633 971 2658 communem
991 2620 1180 2658 rationem
1209 2621 1314 2658 boni.
1343 2622 1394 2659 Et

119 2676 122 2683 ⁴
322 2674 399 2710 h'oc
425 2673 587 2722 pertinet
614 2674 664 2711 ad
690 2686 943 2713 communem
963 2674 1151 2714 rationem
1176 2674 1394 2714 beneficen-

322 2726 408 2764 tiae.
430 2727 479 2764 Et
497 2727 573 2764 hoc
593 2734 649 2763 est
667 2734 773 2764 actus
793 2727 993 2775 amicitiae,
1016 2734 1051 2764 et
1070 2739 1139 2776 per
1153 2739 1393 2776 consequens

324 2779 494 2816 caritatis.
524 2779 657 2816 Nam
650 2792 687 2816 ιη
707 2788 794 2818 actu
813 2780 1024 2819 dilectionis
1047 2780 1250 2817 includitur
1278 2781 1393 2818 bene-

322 2832 504 2880 volentia,
533 2845 602 2881 per
624 2845 742 2881 quam
763 2833 896 2883 aliquis
914 2834 996 2871 vult
1023 2834 1174 2870 bonum
1191 2833 1331 2881 amico,
1351 2842 1428 2871 ut⁷

291 2896 298 2915 ³
324 2885 472 2934 supra*
498 2885 671 2926 habitum
693 2894 758 2927 est.
787 2887 974 2926 Voluntas
993 2894 1121 2925 autern
1143 2894 1198 2927 est
1217 2886 1394 2927 effectiva

326 2949 460 2974 eorum
499 2950 599 2986 quae
626 2939 726 2986 vult,
761 2939 791 2976 si
819 2940 976 2976 facultas
1004 2938 1112 2976 adsit.
1151 2940 1201 2976 Et
1228 2939 1316 2977 ideo
1346 2952 1391 2977 ex

326 2990 573 3038 consequenti
599 2991 825 3029 benefacere
845 2992 972 3030 amico
1000 3004 1047 3030 ex
1074 2999 1163 3029 actu
1182 2992 1395 3030 dilectionis

379 3102 407 3136 α)
426 3110 494 3129 eum.
511 3116 531 3123 -
549 3102 636 3129 Deum
655 3103 754 3130 PGHn.

379 3137 405 3171 β)
425 3144 512 3163 omne.
528 3151 548 3158 -
564 3138 628 3164 Om.
645 3138 695 3165 Pa.

378 3173 406 3232 ἔ)
425 3174 499 3207 quod
515 3177 563 3204 m.
579 3186 600 3197 υ-
617 3174 679 3201 Om-
696 3174 732 3201 A.

393 3208 404 3242 )
422 3216 595 3234 communem.
613 3223 631 3228 —
648 3210 774 3237 ecclesiae
789 3209 870 3235 BFm
888 3209 938 3235 Ax.

379 3243 402 3276 ι)
421 3243 611 3270 habitudinem.
628 3258 649 3265 —-
666 3245 858 3271 beatitudiuem
895 3251 929 3270 sn
946 3250 974 3270 ot
989 3252 1017 3271 α.

1445 1135 1700 1183 consequitur.
1730 1136 1779 1172 Et
1805 1143 1962 1184 propter
1987 1136 2063 1172 hoc
2091 1135 2354 1183 beneficentia,
2375 1149 2507 1174 secun-

1445 1186 1537 1223 dum
1561 1199 1811 1225 communem
1826 1187 1839 1210 ⁶
1859 1188 2060 1236 rationem,
2082 1196 2138 1225 est
2161 1189 2347 1226 amicitiae
2365 1191 2429 1226 vel
2449 1202 2509 1227 ca-

1444 1239 1559 1277 ritatis
1579 1248 1698 1277 actus.
1727 1261 1752 1270 ·-
1782 1241 1822 1278 Si
1841 1250 1971 1278 autem
2000 1243 2148 1279 bonum
2177 1242 2282 1291 quod
2310 1242 2394 1290 quis
2421 1243 2510 1280 facit
2550 1276 2555 1279 χ

1443 1293 1548 1330 alteri
1576 1294 1782 1342 accipiatur
1808 1295 1879 1331 sub
1903 1295 2028 1344 aliqua
2056 1296 2209 1344 speciali
2234 1295 2380 1333 ratione
2405 1295 2508 1345 boni,

1443 1345 1496 1381 sic
1524 1347 1777 1384 beneficentia
1811 1348 1971 1397 accipiet
1999 1349 2203 1397 specialem
2233 1349 2443 1398 rationem,
2473 1357 2510 1387 et

1444 1398 1646 1445 pertinebit
1671 1401 1720 1437 ad
1749 1401 1915 1449 aliquam
1944 1401 2149 1450 specialem
2177 1402 2370 1439 virtutem.

1436 1471 1439 1473 -
1497 1453 1557 1488 An
1585 1464 1723 1490 varmum
1751 1465 1849 1491 ERGO
1878 1466 2063 1491 mmmmm
2091 1456 2213 1504 quod,
2243 1455 2338 1492 sicut
2364 1454 2511 1502 Diony-

1445 1502 1524 1540 sius
1551 1504 1657 1553 dicit,
1687 1517 1723 1543 1v
1743 1519 1825 1555 cap.
1850 1507 1896 1543 de
1918 1508 2006 1544 Div
2029 1508 2148 1545 Nom.
2177 1508 2197 1530 ’¹‘
2212 1537 2221 1555 ,
2250 1519 2362 1547 amor
2388 1514 2545 1544 movet

1445 1555 1618 1594 ordinata
1648 1534 1701 1596 7ad
1730 1566 1900 1596 mutuam
1932 1561 2217 1599 habitudinem*
2222 1589 2233 1606 ,
2262 1567 2299 1598 et
2328 1561 2511 1608 inferiora

1446 1612 1630 1648 convertit
1653 1612 1691 1648 in
1719 1613 1917 1661 superiora
1951 1619 1992 1649 ut
2021 1614 2071 1650 ab
2098 1615 2150 1652 eis
2178 1616 2448 1662 perficiantur,
2477 1620 2514 1650 et

1444 1665 1641 1712 superiora
1669 1672 1795 1703 movet
1824 1667 1876 1703 ad
1901 1666 2126 1714 inferiorum
2153 1668 2424 1715 provisionem.
2462 1667 2511 1703 Et

1446 1725 1631 1765 quantum
1667 1719 1716 1756 ad
1753 1720 1828 1755 hoc
1865 1719 2119 1758 beneficentia
2146 1729 2204 1758 est
2231 1722 2388 1758 effectus
2421 1720 2511 1756 dile-

1446 1770 1590 1808 ctionis.
1621 1772 1670 1808 Et
1692 1771 1782 1809 ideo
1800 1779 1973 1809 nostrum
1993 1786 2071 1810 non
2092 1782 2149 1811 est
2166 1775 2251 1811 Deo
2272 1775 2509 1822 benefacere,

1445 1823 1514 1860 sed
1543 1836 1632 1861 eum
1660 1825 1864 1872 honorare,
1894 1838 1964 1862 nos
1994 1827 2027 1863 ei
2047 1827 2306 1864 subficiendo:
2335 1827 2416 1864 eius
2444 1839 2510 1863 au-

1445 1885 1522 1914 tern
1552 1885 1608 1914 est
1636 1890 1681 1914 ex
1709 1891 1778 1915 sua
1806 1879 2006 1916 dilectione
2035 1881 2146 1917 nobis
2175 1881 2412 1917 benefacere.

1498 1933 1558 1967 An
1587 1942 1778 1969 SECUNDUM
1806 1943 1991 1970 meramnum
2019 1934 2124 1980 quod
2151 1933 2190 1970 in
2215 1934 2415 1970 collatione
2443 1932 2512 1969 do-

1448 1996 1586 2023 norum
1615 1985 1692 2022 duo
1722 1992 1811 2021 sunt
1837 1986 2088 2023 attendenda:
2117 1998 2283 2034 quorum
2311 1998 2432 2023 unum
2458 1993 2514 2022 est

1446 2038 1610 2074 exterius
1639 2038 1794 2084 datum3
1832 2038 1935 2076 aliud
1962 2047 2092 2076 autem
2121 2047 2176 2076 est
2203 2039 2358 2076 interior
2383 2039 2511 2088 passio

1447 2103 1564 2139 quam
1595 2091 1712 2128 habet
1745 2091 1830 2139 quis
1857 2092 1907 2129 ad
1936 2092 2107 2140 divitias,
2135 2093 2175 2129 in
2203 2093 2258 2130 eis
2292 2093 2510 2130 delectatus.

1445 2143 1508 2180 Ad
1527 2144 1794 2182 liberalitatem
1814 2153 1941 2182 autem
1969 2146 2132 2194 pertinet
2149 2146 2342 2185 moderari
2360 2145 2513 2183 interio-

1447 2209 1528 2233 rem
1556 2197 1799 2246 passionem,
1827 2205 1870 2235 ut
1896 2198 2037 2235 scilicet
2064 2199 2200 2247 aliquis
2227 2212 2306 2236 non
2334 2212 2512 2249 superex-

1447 2250 1558 2287 cedat
1589 2250 1628 2288 in
1661 2251 1968 2300 concupiscendo
1999 2260 2036 2288 et
2063 2253 2231 2289 amando
2261 2252 2430 2290 divitias:
2467 2265 2513 2290 ex

1445 2304 1521 2340 hoc
1549 2304 1652 2341 enim
1681 2304 1867 2341 efficietur
1885 2304 1898 2331 ζ
1925 2306 2046 2342 homo
2074 2305 2183 2342 facile
2213 2306 2416 2343 emissivus
2445 2307 2512 2343 do-

1446 2369 1598 2394 norum.
1632 2357 1745 2394 Unde
1774 2357 1805 2394 si
1832 2358 1952 2395 homo
1982 2358 2045 2395 det
2073 2359 2229 2408 aliquod
2257 2359 2404 2396 donum
2432 2372 2512 2396 ma-

1445 2422 1576 2457 gnum,
1599 2417 1634 2447 et
1652 2418 1782 2446 tamen
1812 2422 1899 2447 cum
1924 2411 2109 2460 quadarn,
2119 2413 2427 2462 concupiscentia
2455 2425 2511 2449 re-

1425 2462 1600 2510 -tinendi,
1631 2462 1732 2499 datio
1762 2475 1840 2500 non
1861 2471 1916 2500 est
1934 2464 2110 2501 liberalis.
2142 2465 2219 2502 Sed
2248 2477 2293 2502 ex
2320 2474 2427 2514 parte
2449 2478 2511 2502 ex—

1423 2515 1590 2553 -terioris
1619 2515 1696 2554 dati
1724 2516 1871 2553 collatio
1901 2517 2077 2554 beneficii
2101 2518 2264 2566 pertinet
2288 2519 2326 2555 in
2346 2520 2512 2566 generali

1445 2568 1492 2606 ad
1521 2567 1727 2605 amicitiam
1754 2569 1818 2605 vel
1847 2569 2051 2607 caritatem.
2090 2571 2202 2608 Unde
2234 2572 2309 2608 hoc
2336 2584 2416 2609 non
2444 2572 2510 2608 de-

1443 2629 1550 2670 rogat
1578 2621 1776 2669 amicitiae,
1807 2622 1837 2658 si
1864 2622 1998 2673 aliquis
2027 2635 2109 2660 rem
2139 2636 2255 2674 quam
2277 2624 2511 2674 concupiscit

1443 2675 1602 2715 retinere
1623 2675 1687 2715 det
1705 2674 1816 2713 alicui
1835 2680 1853 2702 η
1881 2682 2038 2725 propter
2061 2688 2259 2724 amorem3
2289 2678 2356 2716 sed
2387 2679 2509 2727 magis

1444 2740 1488 2765 ex
1516 2728 1592 2764 hoc
1620 2727 1831 2765 ostenditur
1858 2728 2045 2765 amicitiae
2073 2730 2266 2778 perfectio,

1496 2783 1555 2817 AD
1583 2792 1744 2818 TERTmM
1771 2793 1956 2818 DICENDUM
1989 2782 2094 2830 quod
2127 2783 2224 2820 sicut
2255 2783 2421 2821 amicitia
2441 2797 2508 2821 seu

1427 2834 1576 2871 caritas
1609 2833 1760 2883 respicit
1791 2833 1830 2870 in
1863 2835 2051 2872 beneficio
2086 2837 2222 2873 collato
2257 2849 2506 2874 communem

1443 2887 1630 2926 rationem
1659 2887 1772 2934 boni,
1801 2886 1853 2927 ita
1879 2887 2018 2928 iustitia
2053 2889 2204 2939 respicit
2230 2889 2284 2927 ibi
2319 2890 2507 2928 rationem

1442 2940 1569 2977 debiti.
1600 2939 1862 2977 Misericordia
1880 2953 1974 2978 vero
1994 2941 2146 2990 respicit
2173 2942 2224 2979 ibi
2242 2943 2430 2980 rationem
2450 2957 2508 2981 re—

1442 2993 1603 3031 levantis
1622 2991 1635 3014 θ
1664 2993 1858 3030 miseriam
1886 2995 1948 3031 vel
1977 2995 2181 3032 defectum.

1497 3106 1522 3140 ζ)
1542 3107 1679 3142 efficietur.
1697 3121 1715 3127 -
1734 3107 1850 3142 efficitur
1867 3107 1929 3132 PIL.
1947 3108 2036 3133 —Pro
2055 3109 2196 3138 donorum,
2226 3110 2378 3136 divinorum
2406 3110 2508 3136 BEFHI

1444 3142 1570 3175 pACKrm
1587 3147 1613 3167 et
1630 3150 1656 3171 a,
1676 3142 1834 3167 diuitiarum
1852 3142 1982 3168 PsACKn.

1496 3178 1523 3212 η)
1542 3178 1589 3203 det
1605 3177 1732 3206 alicua·
1749 3178 1797 3204 dat
1814 3178 1896 3206 alfini
1913 3179 1974 3208 Du.
1989 3179 2035 3206 det
2051 3179 2133 3206 aliter
2150 3180 2191 3207 ed
2208 3187 2234 3212 a,
2254 3181 2303 3206 dat
2319 3181 2401 3208 alteri
2417 3181 2447 3206 P.

1497 3211 1522 3246 Θ)
1541 3213 1693 3238 relevantis.
1711 3226 1729 3232 —
1747 3220 1794 3238 rex
1788 3213 1891 3239 claritis
1908 3214 1982 3242 PHR.

2558 1514 2581 1536 S.
2590 1514 2635 1536 Th.
2651 1515 2703 1536 lect.
2715 1520 2746 1535 ix.
