2892 4056
0 0 10 70 :nu-«⁷

284 273 392 310 fieret
420 272 500 309 eius
519 272 722 320 discipulis.
752 273 861 310 Unde
891 281 926 309 et
955 273 1125 309 Christus
1153 272 1202 310 ad
1237 271 1344 309 disci-

284 326 463 375 pulorum
492 325 776 362 instructionem
810 326 1015 374 respondit,
1050 325 1153 374 signa
1181 337 1341 374 operum

46 388 145 420 snauh.
158 388 202 409 loc.
217 386 256 409 cit.
285 377 489 415 ostendens
508 377 528 399 '¹‘

45 419 262 455 ''¹¹¹⁸'’v⁶‘⁸'⁴’⁵·
337 432 396 467 AD
428 442 587 467 TERTluM
625 443 808 468 memnon
846 431 951 480 quod
987 430 1112 467 multis
1150 429 1343 486 gentilium

285 483 382 520 facta
407 483 477 519 fuit
504 484 683 520 revelatio
717 484 764 521 de
794 484 962 520 Christo:
1000 491 1042 519 ut
1067 490 1170 531 patet
1203 495 1272 531 per
1300 495 1344 519 ea

286 547 384 584 quae
411 536 690 584 praedixerunt.
730 537 832 573 Nam
860 537 930 573 Iob
948 547 1008 571 xix
1028 537 1048 557 ²¹⁵
1077 535 1226 574 dicitur.
1260 536 1344 572 Scio

285 589 387 637 quod
411 589 640 637 Redemptor
666 601 770 626 meus
796 589 898 626 vivit.
928 587 1068 636 Sibylla
1098 588 1208 624 etiam
1237 600 1344 636 prae—

47 677 56 685 ,
286 641 472 678 nuntiavit
499 643 690 702 quaedam
719 642 766 679 de
787 641 948 688 Christo,
977 648 1018 677 ut
1036 641 1268 688 Augustinus
1292 641 1345 678 di-

0 674 205 758 {ip-‘'flnfg
203 676 335 731 ἶν”αἰῖ
357 693 388 731 *.
419 695 612 732 Invenitur
641 695 753 732 etiam
771 694 811 731 in
838 692 1001 731 historiis
1021 694 1286 730 Romanorum
1305 693 1345 715 ³¹⁸*

0 729 5 819 ξ
63 717 257 780 bgdffiaev‘f-
286 722 392 795 quod
428 756 600 808 tempore
639 747 876 785 Constantini
909 746 1070 794 Augusti
1108 754 1144 783 et
1176 747 1306 783 Irenae
1333 752 1346 767 '¹

46 760 258 834 ἕξει-*1101011
286 800 416 837 matris
450 801 530 837 eius
566 801 764 838 inventum
796 799 864 836 fuit
896 799 1092 847 quoddam
1129 800 1344 847 sepulcrum

75 780 98 802 d.
111 779 185 802 Acad-
200 759 258 801 Litt.

50 838 73 860 Ρ
67 811 163 885 704,ν
286 852 324 889 in
344 865 422 901 quo
451 854 597 890 iacebat
623 854 743 890 homo
764 864 919 889 auream
940 851 1120 888 laminam
1144 851 1317 888 habens
1309 864 1347 888 in

0 383 2 386 <
0 217 7 328 —.—

47 545 58 557 ⁸
74 544 139 566 Vers.
154 550 187 571 ²5·

966 194 1231 240 QUAESTIO
1262 194 1310 239 Il,
1340 193 1634 229 ARTlCULUS
1663 193 1748 229 Vlll

2406 193 2451 228 35

1394 278 1548 320 pectore
1577 270 1615 307 in
1644 283 1719 319 qua
1748 271 1928 320 scriptum
1959 278 2054 306 erat:
2090 270 2255 306 Christus
2283 275 2456 306 nascetur

1395 336 1444 360 ex
1472 324 1626 373 Virgine
1653 329 1688 360 et
1714 324 1824 360 credo
1845 322 1856 347 Ε
1885 324 1921 359 in
1951 335 2047 360 eum.
2083 323 2115 359 O
2135 323 2209 368 Sol,
2235 323 2302 359 sub
2321 323 2457 358 Irenae

1395 382 1430 413 et
1463 377 1696 413 Constantini
1722 376 1947 424 temporibus
1975 376 2108 412 iterum
2138 387 2197 412 me
2223 375 2373 412 videbis.

1450 429 1489 465 Si
1518 429 1583 477 qui
1612 437 1739 466 tamen
1767 429 1899 466 salvati
1926 430 2075 466 fuerunt
2113 428 2249 477 quibus
2278 427 2471 464 revelatio*

1397 494 1475 518 non
1503 482 1572 518 fuit
1600 483 1715 529 facta,
1750 495 1827 519 non
1861 483 2012 519 fuerunt
2045 481 2177 518 salvati
2210 482 2353 528 absque
2382 481 2458 517 fide

1397 535 1629 571 Mediatoris.
1669 535 1769 581 Quia
1798 535 1866 572 etsi
1894 547 1971 572 non
2000 535 2214 572 habuerunt
2251 534 2368 570 fidem
2398 545 2459 569 ex-

1396 587 1583 636 plicitam,
1622 588 1836 624 habuerunt
1864 595 1991 624 tamen
2024 588 2142 624 fidem
2172 587 2390 636 implicitam
2421 586 2459 622 in

1399 640 1525 678 divina
1553 640 1804 689 providentia,
1835 642 2030 678 credentes
2059 642 2185 677 Deum
2215 653 2298 677 esse
2327 639 2459 676 libera-

1399 701 1521 730 torem
1551 693 1750 730 hominum
1789 694 1999 731 secundum
2034 695 2172 731 modos
2207 693 2277 730 sibi
2304 692 2460 741 placitos

1400 754 1437 783 et
1455 746 1668 783 secundum
1688 747 1792 794 quod
1812 747 1998 795 aliquibus
2011 747 2208 783 veritatem
2230 757 2460 794 cognoscen-

1399 799 1499 835 tibus
1518 799 1598 847 ipse
1618 805 1632 820 ⁰
1651 800 1869 836 revelasset:
1895 799 2104 836 secundum
2126 799 2215 836 illud
2235 801 2304 836 Iob
2323 797 2458 835 xxxv*:
2489 826 2498 834 .
2531 829 2567 844 e„
2591 829 2606 844 n

1404 852 1478 894 Qui
1504 852 1704 888 docet'nos
1730 864 1843 900 super
1870 853 2034 889 iumenta
2063 858 2195 889 terrae.

341 984 365 1016 ν)
379 983 486 1044 ἕνεκα.
502 997 523 1003 -
540 983 658 1008 Helenae
680 982 820 1008 PDGlLsK
840 988 866 1008 et
883 989 952 1013 ima,-
969 983 1004 1007 ita
1023 983 1102 1007 altero
1128 983 1185 1007 loco
1208 983 1285 1007 iidem
1304 989 1346 1008 ex-

287 1024 363 1052 cepto
403 1035 411 1044 .

1060 1153 1374 1196 ARTICULUS

1455 981 1478 1013 ξ)
1497 982 1587 1007 credo.
1604 996 1623 1000 -
1641 989 1690 1014 ego
1709 982 1788 1007 credo
1808 983 1854 1006 Pa.

1454 1019 1479 1049 ο)
1499 1018 1561 1049 ipse.
1580 1031 1598 1036 -
1617 1017 1734 1049 Spiritus
1752 1016 1800 1043 Pa.

1404 1153 1676 1195 OCTAVUS

562 1247 716 1277 UTRUM
740 1246 966 1278 EXPLICITE
991 1246 1193 1278 CREDERE
1215 1247 1488 1278 TRlNlTATEM
1513 1247 1580 1278 SIT
1605 1247 1662 1277 DE
1685 1247 1980 1278 NECESSITATE
2005 1247 2183 1278 SALUTIS

481 1326 512 1350 lll
533 1325 614 1356 Sem„
635 1325 693 1350 dist.
711 1332 768 1356 αν,
787 1333 831 1358 qu.
850 1333 877 1355 11.
896 1331 944 1351 art.
963 1333 987 1356 α,
1007 1325 1056 1358 qu⁸
1075 1333 1105 1357 4;
1124 1326 1220 1359 Expos.
1233 1326 1307 1356 Litt.;
1326 1325 1368 1355 lv.
1389 1326 1448 1350 dist.
1466 1333 1501 1356 Vl,
1522 1333 1566 1358 qu.
1589 1333 1616 1356 ιι,
1635 1330 1682 1350 art.
1703 1333 1725 1355 2,
1745 1325 1794 1358 qu*
1817 1333 1843 1356 ¹3
1863 1326 1905 1350 De
1927 1325 2016 1354 Verit„
2037 1334 2082 1359 qu.
2099 1333 2150 1356 xm,
2169 1332 2214 1351 art.
2238 1335 2276 1350 11.

333 1415 387 1445 sas}
414 1423 465 1446 ῃ(
503 1407 526 1432 ι)
545 1406 717 1432 OCTAVUM
736 1407 790 1432 sic
808 1407 1047 1433 PROCEmTun.
1067 1396 1226 1433 Videtur
1245 1395 1350 1444 quod

320 1446 408 1496 “iv„
435 1417 481 1508 ἕ
504 1448 658 1484 credere
683 1448 908 1485 Trinitatem
936 1448 1107 1497 explicite
1135 1461 1215 1485 non
1242 1448 1352 1485 fuerit

314 1487 471 1546 (ν”ῥνζᾌ
453 1499 551 1541 (de
579 1500 800 1537 necessitate
828 1501 968 1538 salutis.
997 1501 1096 1538 Dicit
1124 1501 1226 1538 enim
1247 1503 1351 1550 Apo-

302 1522 475 1591 '13³5ss
463 1546 640 1599 stolus,
674 1553 725 1589 ad
749 1554 849 1590 Heb.
874 1565 910 1590 xi
937 1554 978 1589 *:
1012 1554 1174 1591 Credere
1209 1560 1355 1602 oportet

289 1605 523 1644 accedentem
551 1606 603 1642 ad
621 1607 742 1642 Deum
771 1607 859 1655 quia
879 1612 942 1654 est,
962 1613 996 1643 et
1023 1608 1144 1655 quia²
1164 1608 1352 1655 inquiren-

290 1658 384 1696 tibus
410 1672 450 1697 se
482 1665 744 1696 remunerator
771 1666 833 1697 est.
873 1636 950 1698 Sed
982 1660 1056 1697 hoc
1092 1668 1218 1709 potest
1251 1660 1353 1698 credi

290 1712 434 1760 absque
466 1713 543 1750 fide
571 1712 774 1749 Trinitatis.
815 1714 916 1761 Ergo
951 1725 1030 1750 non
1058 1714 1258 1762 oportebat
1292 1726 1353 1750 ex-

290 1764 413 1814 plicite
440 1765 559 1803 fidem
587 1766 634 1803 de
663 1765 846 1803 Trinitate
874 1766 1028 1803 h'abere.

54 1828 64 1839 ·
79 1827 146 1850 vu·-
160 1827 184 1850 ο.
347 1830 382 1855 2.
403 1820 635 1865 PRAETEREA,
651 1819 840 1857 Dominus
859 1819 958 1866 dicit,
975 1820 1079 1856 Ioan.
1091 1818 1208 1856 xvn*:
1228 1821 1352 1865 Pater,

0 1873 6 1925 Γ
292 1872 531 1920 manifestavi
557 1884 691 1909 nomen
711 1878 815 1909 tuum
843 1873 1076 1910 hominibus:
1105 1873 1209 1921 quod
1238 1884 1354 1921 expo-

0 1943 1 1946 =
77 1931 220 1956 ‘rm-cvl
240 1933 265 1954 iv·
292 1936 388 1962 nens
416 1925 680 1973 Augustinus*
709 1925 816 1962 dicit:
845 1925 936 1962 Non
965 1925 1058 1962 illud
1083 1937 1218 1962 nomen
1248 1931 1352 1962 tuum

291 1989 365 2026 quo
402 1979 551 2015 vocaris
588 1979 710 2024 Deus,
748 1979 814 2015 sed
840 1978 932 2016 illud
965 1990 1038 2027 quo
1066 1979 1215 2015 vocaris
1241 1979 1355 2016 Pater

291 2043 407 2068 meuS.
437 2032 487 2069 Et
513 2039 646 2080 postea
674 2031 800 2068 subdit
820 2031 950 2069 etiam:
979 2033 1025 2069 In
1045 2032 1116 2068 hoc
1133 2032 1234 2081 quod
1250 2033 1354 2069 Deus

287 2084 379 2131 fecit
403 2085 504 2122 hunc
530 2086 729 2130 mundum,
759 2090 868 2121 notus
895 2086 932 2121 in
961 2085 1134 2121 omnihus
1159 2086 1355 2134 gentihus,-

291 2137 329 2173 in
361 2138 433 2174 hoc
468 2138 570 2186 quod
604 2150 678 2174 non
713 2143 767 2174 est
802 2150 888 2174 cum
920 2137 989 2174 diis
1019 2137 1131 2185 falsis
1158 2138 1352 2183 colendus,

292 2191 400 2227 'notus
427 2190 464 2227 in
493 2191 636 2227 Iudaea
664 2191 791 2233 Deus‚·
828 2191 864 2227 in
893 2191 964 2228 hoc
990 2202 1080 2228 vero
1116 2191 1218 2239 quod
1241 2192 1355 2228 Pater

292 2248 346 2281 est
361 2242 496 2280 huiusss
520 2244 657 2281 Christi
667 2255 741 2292 per
759 2255 869 2292 quem
889 2244 982 2281 tollit
991 2249 1190 2293 peccatum
1210 2245 1352 2291 mundi,

291 2297 363 2333 hoc
381 2308 516 2334 nomen
532 2297 622 2343 eius,
637 2297 745 2345 prius
765 2297 963 2344 occultum,
984 2309 1086 2335 nunc
1103 2298 1356 2346 manifestavit

293 2350 356 2386 eis.
385 2349 488 2397 Ergo
507 2357 594 2386 ante
614 2350 752 2387 Christi
776 2350 986 2388 adventum
1014 2362 1093 2387 non
1122 2358 1202 2387 erat
1229 2351 1355 2399 cogni-

293 2409 374 2439 tum
412 2403 515 2451 quod
543 2403 582 2439 in
611 2402 748 2439 deitate
782 2411 880 2440 esset
906 2403 1109 2452 paternitas
1142 2412 1179 2440 et
1210 2403 1353 2441 filiatio.

294 2454 386 2492 Non
415 2467 505 2503 ergo
534 2454 701 2492 Trinitas
729 2456 900 2504 explicite
929 2456 1163 2493 credebatur.

350 2509 384 2546 3.
406 2509 647 2554 PRAETEREA,
684 2508 776 2546 illud
802 2516 977 2546 tenemur
1006 2508 1174 2556 explicite
1204 2510 1356 2546 credere

294 2560 333 2599 in
360 2562 446 2599 Deo
475 2563 580 2609 quod
605 2569 661 2598 est
688 2561 930 2598 beatitudinis
950 2561 1154 2598 obiectum.
1185 2562 1261 2598 Sed
1290 2562 1358 2598 ob-

294 2614 435 2651 iectum
455 2614 692 2652 beatitudinis
713 2621 768 2651 est
787 2614 935 2651 bonitas
954 2626 1118 2660 summa,
1147 2626 1246 2662 quae
1274 2622 1358 2662 pot—

297 2675 352 2704 est
378 2667 529 2716 intelligi
557 2669 595 2704 in
622 2669 708 2704 Deo
727 2673 743 2696 ‘1
771 2667 885 2704 etiarn
911 2667 990 2704 sine
1009 2667 1265 2703 Personarum
1285 2667 1358 2704 dis-

0 2751 3 2772 η,
294 2720 485 2758 tinctione.
516 2721 616 2769 Ergo
646 2732 724 2757 non
752 2720 820 2757 fuit
838 2719 1093 2757 necessarium
1118 2719 1271 2756 credere
1297 2732 1357 2767 ex-

0 2779 10 2827 i
294 2773 419 2823 plicite
446 2772 683 2811 Trinitatem.

350 2827 424 2864 SED
457 2832 603 2864 CONTRA
636 2838 702 2864 Esr
743 2826 847 2875 quod
881 2826 920 2863 in
951 2825 1071 2862 veteri
1108 2826 1356 2863 Testamento

295 2878 544 2928 multipliciter
586 2891 764 2929 expressa
805 2887 860 2916 est
901 2878 1043 2915 trinitas
1079 2879 1356 2915 Personarum:

58 2942 269 2971 ‘curuum-²⁶-
297 2932 392 2970 sicut
424 2932 547 2970 statim
579 2932 619 2969 in
631 2932 833 2983 principio
866 2932 958 2968 Gen.
979 2931 999 2953 ²³⁸
1027 2931 1181 2977 dicitur,
1220 2931 1268 2968 ad
1297 2943 1358 2968 ex-

0 2985 7 3023 i
297 2985 534 3035 pressionem
548 2980 752 3022 Trinitatis·
768 2985 970 3022 Faciamus
988 2985 1177 3030 hominem
1196 2984 1279 3021 ad
1264 2996 1358 3021 zma-

0 3031 5 3059 ⁵'
297 3039 425 3089 ginem
446 3044 482 3076 et
497 3038 774 3076 similitudinem
793 3043 972 3075 nostram.
1001 3038 1102 3085 Ergo
1124 3050 1146 3074 a
1169 3036 1355 3086 principio

53 1565 64 1575 ·
75 1563 144 1586 Vm.
159 1562 183 1586 ⁶.

162 3091 176 3117 ὃ
300 3092 347 3130 de
384 3091 606 3129 necessitate
638 3090 767 3129 salutis
804 3091 872 3127 fuit
904 3090 1056 3127 credere
1086 3090 1310 3127 Trinitatem
1329 3088 1355 3128 ὃ.
1382 3115 1386 3131 .

0 3107 5 3138 3

0 3195 5 3246 i
99 3235 111 3248 Ν
348 3232 376 3263 α)
395 3234 422 3256 et
440 3230 512 3263 quia
530 3244 549 3248 -
568 3233 594 3254 et
612 3229 683 3262 quod
701 3230 720 3260 1,
737 3237 791 3254 om.
810 3237 840 3260 ιη
860 3237 907 3262 pro
925 3233 979 3260 est,
997 3230 1033 3254 sit
1052 3230 1087 3254 sF.
1112 3235 1137 3255 et
1154 3236 1186 3259 1³3
1206 3233 1232 3254 et
1250 3229 1312 3262 quia
1333 3234 1358 3254 et

299 3270 339 3292 est
356 3274 409 3291 om.
428 3265 609 3297 ABDFGHLp
611 3265 678 3289 CEK
697 3270 722 3289 et
740 3272 768 3290 x.

0 3250 11 3367 ξ
353 3300 378 3334 β)
398 3301 484 3327 huius.
503 3315 521 3320 -
539 3301 600 3325 Om.
619 3299 740 3329 DGsCE;
759 3307 807 3332 pro
821 3303 969 3332 peccatum,
984 3303 1096 3332 peccata
1115 3299 1232 3325 PGKIa.

352 3338 379 3370 γ)
398 3337 424 3361 in
446 3337 512 3362 Deo.
525 3350 542 3354 —
560 3336 619 3360 ideo
633 3319 762 3369 F(pA1323‚)
775 3342 828 3359 om.
841 3335 959 3360 GleAB
972 3340 997 3360 et
1010 3343 1041 3366 x;
1062 3336 1088 3360 in
1102 3335 1160 3360 Deo
1172 3335 1252 3360 etiam
1265 3343 1318 3360 om.
1332 3342 1358 3360 a.

352 3371 378 3404 ὃ)
400 3372 568 3397 Trinitatem.
585 3385 602 3390 -
621 3371 745 3403 explicite
763 3371 832 3395 addit
851 3371 879 3395 P.

353 3409 374 3440 ε)
397 3407 504 3433 Christi.
522 3422 539 3426 -
558 3407 632 3432 incar
619 3406 750 3431 rnationis
772 3406 871 3431 Christi
889 3406 916 3435 Ρ,
931 3411 956 3431 et
974 3406 1008 3431 ita
1022 3406 1136 3432 secundo
1155 3412 1180 3431 et
1198 3406 1273 3431 tertio
1292 3407 1358 3431 loco.

1457 1396 1682 1432 RESPONDEO
1702 1408 1886 1433 DiCENDuM
1915 1396 2018 1444 quod
2045 1396 2268 1444 mysterium
2299 1397 2435 1433 Christi
2454 1403 2465 1418 ⁵

1405 1448 1576 1497 explicite
1615 1449 1716 1485 credi
1750 1461 1827 1485 non
1860 1456 1984 1497 potest
2020 1449 2100 1486 sine
2137 1449 2214 1486 fide
2252 1450 2464 1487 Trinitatis:

1405 1501 1494 1549 quia
1530 1501 1568 1538 in
1605 1502 1786 1549 mysterio
1825 1501 1963 1538 Christi
1999 1502 2073 1538 hoc
2110 1503 2322 1539 continetur
2363 1503 2466 1551 quod

1406 1554 1522 1590 Filius
1541 1553 1613 1590 Dei
1634 1566 1787 1591 carnem
1808 1554 2065 1603 assumpserit,
2095 1555 2199 1603 quod
2222 1567 2291 1603 per
2309 1556 2466 1603 gratiam

1408 1607 1567 1656 Spiritus
1597 1607 1725 1644 Sancti
1753 1607 1941 1644 mundum
1971 1608 2231 1654 renovaverit,
2267 1617 2303 1645 et
2330 1608 2466 1645 iterum

1407 1661 1511 1709 quod
1540 1659 1588 1697 de
1609 1660 1749 1709 Spiritu
1769 1661 1909 1697 Sancto
1930 1668 2136 1709 conceptus
2155 1661 2274 1698 fuerit.
2305 1662 2354 1698 Et
2381 1661 2468 1699 ideo

1409 1726 1454 1750 eo
1474 1713 1486 1739 ῑ
1514 1713 1633 1750 modo
1663 1726 1740 1762 quo
1765 1713 1987 1761 mysterium
2009 1714 2147 1751 Christi
2170 1722 2256 1752 ante
2277 1715 2467 1752 Christum

1407 1766 1474 1803 fuit
1502 1766 1657 1815 quidem
1688 1766 1858 1814 explicite
1887 1766 2071 1803 creditum
2100 1779 2122 1803 a
2150 1768 2371 1814 maioribus,
2400 1768 2470 1804 im-

1407 1819 1531 1868 plicite
1560 1827 1687 1856 autem
1716 1827 1753 1855 et
1785 1819 1893 1867 quasi
1931 1820 2157 1857 obumbrate
2186 1833 2208 1857 a
2237 1821 2468 1867 minoribus,

1407 1873 1457 1909 ita
1486 1873 1598 1909 etiam
1626 1880 1661 1908 et
1689 1872 1910 1920 mysterium
1930 1872 2133 1910 Trinitatis.
2165 1874 2213 1910 Et
2240 1874 2326 1910 ideo
2357 1874 2467 1911 etiam

1407 1933 1494 1975 post
1527 1933 1678 1974 tempus
1715 1926 1855 1973 gratiae
1885 1926 2100 1973 divulgatae
2128 1933 2301 1963 tenentur
2335 1939 2469 1964 omnes

1409 1979 1457 2016 ad
1487 1978 1656 2027 explicite
1686 1978 1920 2015 credendum
1945 1979 2168 2027 mysterium
2189 1979 2392 2017 Trinitatis.
2423 1981 2472 2017 Et

1409 2044 1545 2069 omnes
1572 2032 1637 2080 qui
1662 2039 1908 2068 renascuntur
1925 2032 1964 2069 in
1992 2032 2142 2069 Christo
2162 2033 2236 2069 hoc
2257 2033 2469 2082 adipiscun-

1408 2093 1469 2122 tur
1495 2097 1564 2133 per
1590 2085 1871 2121 invocationem
1890 2084 2103 2122 Trinitatis:
2133 2087 2342 2123 secundum
2381 2087 2471 2123 illud

1410 2139 1543 2175 Matth.
1564 2138 1629 2174 ult.
1658 2137 1698 2174 *t
1727 2139 1888 2183 Euntes‚
1917 2139 2044 2174 docete
2071 2150 2199 2175 omnes
2228 2145 2376 2188 gentes,
2406 2140 2471 2175 ba·
2499 2154 2506 2161 ·
2545 2157 2568 2172 er

1405 2191 1585 2240 ptizantes
1613 2202 1675 2227 eos
1703 2191 1739 2228 in
1773 2191 1924 2228 nomine
1958 2192 2082 2228 Patris
2109 2197 2145 2228 et
2169 2191 2259 2229 Filii
2288 2198 2325 2229 et
2354 2193 2468 2240 Spiri—

1409 2250 1466 2282 tus
1494 2244 1633 2281 Sancti.

1463 2299 1522 2334 An
1537 2309 1674 2334 ramum
1696 2308 1794 2333 ERGO
1809 2308 1992 2333 DICENDUM
2007 2297 2112 2345 quod
2131 2297 2193 2334 illa
2207 2297 2284 2334 duo
2301 2298 2472 2346 explicite

1411 2351 1565 2387 credere
1595 2350 1642 2387 de
1671 2351 1756 2387 Deo
1785 2350 1890 2386 omni
1919 2357 2092 2398 tempore
2121 2358 2158 2386 et
2177 2351 2307 2398 quoad
2336 2363 2471 2388 omnes

1410 2403 1667 2441 necessarium
1692 2402 1769 2439 fuit.
1800 2403 1892 2439 Non
1916 2410 2045 2439 tamen
2071 2411 2126 2455 est
2149 2403 2340 2440 sufficiens
2366 2405 2472 2441 omni

1409 2465 1582 2505 tempore
1611 2464 1647 2492 et
1675 2456 1803 2504 quoad
1833 2467 1980 2492 omnes.

1462 2511 1522 2546 An
1554 2519 1744 2546 SECUNDUM
1773 2520 1956 2545 DICENDUM
1985 2508 2089 2557 quod
2126 2516 2212 2545 ante
2242 2509 2379 2546 Christi
2408 2510 2471 2546 ad-

1410 2569 1569 2598 ventum
1589 2561 1686 2598 fides
1706 2560 1900 2597 Trinitatis
1928 2569 2006 2598 erat
2025 2562 2172 2598 occulta
2188 2567 2206 2588 η
2234 2561 2272 2598 in
2295 2562 2372 2599 fide
2392 2574 2472 2599 ma-

1411 2614 1548 2650 iorum.
1580 2614 1656 2650 Sed
1674 2625 1743 2661 per
1763 2613 1956 2658 Christum
1985 2614 2221 2650 manifestata
2250 2623 2305 2651 est
2325 2616 2472 2652 mundo

1411 2679 1480 2715 per
1498 2665 1511 2687 ⁰
1539 2666 1757 2715 Apostolos.

1465 2721 1524 2766 Ao
1542 2730 1702 2756 TER-rium
1725 2730 1909 2755 DlCENDUM
1929 2718 2032 2767 quod
2059 2730 2212 2756 summa
2231 2719 2380 2756 bonitas
2399 2721 2471 2757 Dei

1412 2772 1623 2810 secundum
1653 2771 1814 2808 modum
1844 2783 1921 2820 quo
1956 2783 2058 2808 nunc
2085 2771 2297 2820 intelligitur
2324 2785 2392 2821 per
2421 2773 2472 2809 ef-

1411 2826 1541 2872 fectus,
1557 2832 1682 2874 potest
1696 2824 1847 2872 intelligi
1868 2825 2012 2872 absque
2026 2824 2186 2861 trinitate
2201 2826 2470 2864 Personarum.

1413 2879 1490 2916 Sed
1510 2878 1722 2915 secundum
1742 2877 1847 2926 quod
1873 2877 2087 2924 intelligitur
2108 2878 2145 2914 in
2165 2878 2291 2927 seipso
2311 2885 2331 2926 ‘,
2361 2887 2474 2928 prout

1410 2932 1561 2968 videtur
1580 2943 1602 2967 a
1621 2931 1749 2976 beatis,
1779 2942 1857 2967 non
1885 2938 2010 2979 potest
2036 2930 2188 2978 intelligi
2211 2931 2292 2968 sine
2311 2931 2472 2969 trinitate

1412 2986 1678 3021 Personarum.
1709 2984 1757 3020 Et
1776 2983 1912 3020 iterum
1932 2983 2013 3032 ipsa
2033 2983 2161 3020 missio
2181 2989 2197 3005 “
2217 2985 2471 3022 Personarum

1412 3038 1627 3076 divinarum
1655 3036 1827 3086 perducit
1854 3049 1925 3074 nos
1954 3036 1991 3073 in
2019 3036 2304 3074 beatitudinem.

1462 3229 1487 3261 ζ)
1507 3236 1547 3254 eo.
1562 3243 1581 3248 -
1601 3229 1691 3254 eodem
1712 3229 1802 3253 PHna.
1814 3242 1833 3248 -
1852 3229 1901 3253 Pro
1920 3229 2024 3262 quidem
2038 3229 2164 3261 explicite
2178 3229 2316 3258 creditum,
2330 3229 2363 3254 ab
2377 3229 2471 3261 aliqui-

1410 3265 1457 3290 bus
1475 3265 1600 3296 explicite
1618 3264 1748 3289 creditum
1767 3263 1867 3289 scilicet
1884 3264 1913 3295 L,
1932 3265 2058 3296 explicite
2075 3264 2205 3290 creditum
2225 3265 2269 3288 Pa.

1464 3300 1490 3331 η)
1510 3301 1621 3325 occulta.
1634 3314 1652 3318 -
1670 3300 1802 3324 occultata
1821 3299 1889 3324 PAa.

1464 3334 1489 3367 θ)
1503 3342 1563 3367 per.
1575 3349 1593 3354 -
1606 3338 1633 3360 et
1646 3342 1698 3367 per
1716 3335 1779 3359 PsC.

1465 3371 1484 3403 ι)
1502 3371 1597 3402 seipso.
1611 3384 1629 3389 -
1647 3371 1734 3402 seipsa
1753 3378 1797 3395 aa.

1465 3407 1489 3437 κ)
1509 3406 1638 3431 missio.—
1657 3406 1732 3431 visio.
1750 3406 1829 3430 PDsE
1849 3410 1873 3430 et
1891 3413 1935 3430 aa.

1256 3492 1415 3500 mm
1418 3491 1519 3499 ΛΑΝ-Λ
