2892 4056
207 511 214 518 ⁸
230 509 286 536 Arg.
299 509 347 530 Sea
360 515 416 530 con-

206 538 253 556 tra.

205 770 413 797 ’Qu.xx1n‚art.6.

204 1124 213 1132 ⁸
225 1123 259 1144 Cf.
275 1123 334 1144 Part.
344 1123 361 1148 I,
373 1129 411 1149 qu.

204 1155 281 1170 Lxxxu
292 1166 297 1172 ,
319 1153 360 1170 urt.
385 1155 395 1169 2
406 1165 411 1173 ,

204 1175 334 1196 Comment.
349 1181 411 1196 num.

203 1208 233 1223 tv.

199 3115 208 3124 ¹
224 3114 290 3136 Vers.
305 3121 334 3143 31,
349 3120 382 3143 3²·

200 3221 209 3229 ⁸
221 3219 268 3246 Qu.
279 3226 325 3245 xiv,
337 3223 379 3241 art.
390 3225 409 3241 2.

447 223 523 259 274

445 291 548 320 obstat
563 290 651 330 quod
666 289 811 320 voluntas
833 288 1078 328 impossibilium
1101 288 1140 318 sit
1160 289 1308 320 velleitas.
1334 290 1418 327 Quia
1440 291 1504 320 vel·
1528 290 1530 300 ¹

443 333 532 363 leitas
563 333 633 363 talis
661 333 835 363 maximum
866 339 1030 372 peccatum
1062 338 1122 367 est;
1152 339 1182 362 et
1213 339 1374 364 attestatur
1405 344 1504 374 quam

444 378 527 407 mala
549 377 697 407 voluntas
721 383 800 407 esset
824 375 996 411 efficaciter,
1022 375 1047 405 si
1072 383 1195 415 posset;
1220 383 1256 407 ut
1283 383 1369 416 patet
1395 377 1428 407 in
1452 379 1503 407 da-
1528 410 1529 413 Ἰ

444 428 571 451 mnans.

498 465 630 494 Alienus
654 470 760 494 autem
784 464 822 493 ab
846 463 994 492 Auctoris
1017 462 1202 493 intentione.
1217 464 1444 503 comprobatur
1468 474 1504 495 ex

443 508 575 538 articulo
600 507 742 547 sequenti
758 507 784 543 *‚
810 506 864 536 ubi
888 506 999 536 odium
1014 507 1072 536 Dei
1087 506 1159 536 ideo
1183 507 1358 546 pessimum
1373 509 1504 548 ponitur

443 551 517 592 quia
541 551 715 591 opponitur
730 550 863 590 optimo,
881 550 996 580 scilicet
1019 550 1148 580 caritati.
1173 551 1306 582 Constat
1321 558 1428 582 autem
1444 563 1502 592 op·
1527 571 1529 580 ,ψ

443 595 545 635 posita
580 604 645 624 esse
673 594 752 624 circa
785 594 886 629 idem;
928 601 957 624 et
990 594 1148 624 caritatem
1178 595 1306 635 diligere
1335 596 1441 627 Deum
1469 597 1502 626 in

442 639 557 678 seipso,
575 638 750 668 secundum
766 637 798 667 id
813 638 901 678 quod
919 644 964 667 est
979 637 1012 667 in
1036 638 1156 678 seipso;
1180 649 1214 669 ac
1231 649 1287 679 per
1302 639 1373 676 hoc,
1390 640 1502 670 odium

443 682 629 722 oppositum
656 681 736 711 velle
765 682 886 712 malum
917 682 986 711 Deo
1017 682 1194 712 secundum
1223 683 1255 712 id
1284 684 1373 724 quod
1402 691 1447 714 est
1470 684 1503 714 in

442 727 544 765 seipso
569 726 745 755 secundum
769 735 811 755 se.
836 725 876 755 Et
899 732 1065 765 propterea
1088 733 1135 756 est
1158 727 1333 757 maximum
1357 735 1501 767 peccato-

441 779 528 800 rum:
550 769 630 800 sicut
646 769 754 799 caritas
768 776 814 799 est
829 770 966 799 maxima
982 770 1146 806 virtutum,
1164 778 1199 801 ut
1215 781 1251 802 ex
1266 771 1389 811 supra*
1401 772 1500 808 dictis,

441 814 655 853 comparando
681 812 808 843 virtutes
832 813 1036 854 theologicas,
1062 821 1156 854 patet.

495 858 531 887 11.
555 858 640 887 Bene
663 863 770 887 autem
793 856 977 897 intelligitur
999 857 1101 889 littera
1125 858 1150 888 si
1173 858 1386 898 intelligamus
1412 860 1501 900 quod

440 902 587 932 voluntas
611 911 676 931 non
700 908 805 940 potest
828 902 909 931 exire
933 901 965 932 in
989 908 1095 932 actum
1127 902 1191 932 odii
1215 910 1358 943 respectu
1382 903 1441 934 Dei
1465 914 1502 934 ex

440 946 520 976 clara
542 945 601 976 Dei
623 945 760 981 visione,
786 946 861 986 quia
876 952 952 976 tunc
975 946 1138 977 obiectum
1152 956 1286 978 movens
1302 948 1501 979 voluntatem

440 997 486 1019 est
508 989 649 1030 undique
672 989 805 1025 bonum,
830 997 860 1020 et
882 990 1030 1020 voluntas
1046 991 1228 1022 naturaliter
1250 992 1283 1022 in
1299 992 1379 1023 illud
1402 992 1503 1023 tendit

439 1040 510 1063 actu
526 1033 658 1064 amoris:
673 1044 728 1064 nec
739 1044 775 1064 ex
787 1034 1038 1074 apprehensione
1052 1034 1152 1074 ipsius
1166 1042 1202 1066 ut
1210 1043 1304 1066 causa
1320 1042 1366 1067 est
1375 1043 1500 1067 natura-

437 1078 507 1107 liter
522 1088 540 1107 a
556 1078 647 1107 nobis
664 1084 852 1114 amatorum,
869 1079 979 1109 eadem
997 1079 1117 1110 ratione
1133 1089 1197 1119 qua
1219 1090 1277 1111 nec
1291 1080 1350 1120 ipsi
1373 1080 1501 1112 effectus

439 1129 573 1162 possunt
589 1122 664 1152 odio
681 1122 797 1158 haberi,
816 1129 851 1153 ut
867 1124 1012 1164 superius
1024 1123 1041 1142 *
1053 1124 1290 1155 declaravimus.
1315 1125 1377 1155 Sed
1394 1134 1430 1155 ex
1445 1135 1500 1165 ap-

439 1166 647 1206 prehensione
669 1165 769 1206 ipsius
793 1174 828 1197 ut
850 1173 961 1197 auctor
989 1174 1035 1197 est
1058 1167 1226 1198 effectuum
1253 1168 1499 1208 displicentium,

438 1217 543 1250 potest
557 1210 705 1240 voluntas
721 1210 796 1240 odio
813 1211 927 1241 habere
942 1211 1048 1241 Deum
1063 1212 1105 1241 ita
1121 1212 1219 1252 quod,
1235 1212 1307 1243 licet
1327 1212 1501 1251 apprehen-

438 1254 485 1284 sio
509 1254 637 1284 inchoet
659 1255 697 1284 ab
722 1254 831 1284 effectu
856 1262 886 1285 et
909 1255 978 1285 Deo
1003 1262 1039 1285 ut
1062 1265 1165 1291 causa,
1181 1255 1294 1285 odium
1315 1263 1422 1286 tamen
1439 1263 1500 1286 ter—

439 1298 551 1328 minari
575 1305 680 1338 potest
703 1298 742 1328 ad
759 1298 865 1338 ipsum
888 1299 994 1328 Deum
1010 1300 1186 1329 secundum
1210 1309 1252 1329 se.
1277 1300 1318 1330 Et
1333 1306 1408 1331 tunc
1424 1310 1500 1340 pro-

438 1343 504 1382 prie
521 1350 567 1372 est
591 1343 703 1372 odium
718 1342 787 1372 Dei.
814 1343 967 1380 Quamvis
995 1343 1089 1372 etiam
1113 1342 1194 1372 infra
1219 1342 1419 1374 latitudinem
1436 1344 1502 1374 odii

438 1386 497 1416 Dei
520 1386 559 1416 sit
582 1386 657 1417 odio
682 1386 795 1416 habere
826 1396 900 1416 eum
924 1393 960 1416 ut
983 1397 1110 1416 causam
1141 1386 1211 1417 talis
1235 1387 1279 1417 rei
1303 1388 1361 1418 sibi
1391 1388 1499 1428 displi-

439 1430 550 1461 centis:
574 1431 728 1471 quoniam
751 1430 838 1460 Deus
862 1437 908 1460 est
932 1441 1026 1461 causa
1049 1441 1104 1470 per
1127 1430 1324 1462 intellectum
1339 1439 1371 1463 et
1385 1433 1500 1463 volun-

437 1482 534 1506 tatem
557 1482 587 1505 et
609 1474 776 1510 actionem,
794 1484 875 1514 quae
899 1475 1008 1504 omnia
1023 1481 1098 1505 sunt
1120 1475 1187 1514 ipse
1202 1475 1299 1506 Deus.
1325 1475 1386 1506 Sed
1410 1476 1500 1516 peius

438 1519 551 1550 odium
573 1519 606 1549 in
629 1519 734 1559 primo
767 1519 865 1558 gradu
890 1526 936 1550 est
957 1519 1117 1558 positum,
1141 1520 1231 1560 quod
1262 1527 1371 1551 contra
1394 1521 1501 1552 Deum

437 1564 471 1594 in
494 1563 598 1603 seipso
623 1563 737 1594 directe
760 1570 922 1603 penetrare
945 1563 1089 1594 intendit.
1121 1563 1205 1600 Quia
1228 1573 1302 1604 ergo
1326 1564 1392 1595 odii
1415 1565 1501 1595 obie-

439 1615 536 1647 ctum,
562 1613 597 1637 ut
619 1607 672 1641 sic.
698 1614 743 1638 est
766 1607 887 1638 malurn
917 1607 967 1637 vel
990 1607 1111 1637 malum
1142 1617 1312 1647 apparens;
1343 1608 1376 1638 in
1399 1609 1502 1640 littera

437 1651 517 1682 ratio
542 1651 720 1691 apparentis
743 1651 819 1681 mali
842 1651 992 1690 redditur,
1009 1661 1106 1691 quare
1130 1651 1247 1682 scilicet
1262 1652 1349 1682 Deus
1372 1660 1503 1693 apparet

438 1695 532 1726 alicui
548 1695 661 1725 malus.
684 1695 855 1726 Terminus
872 1702 978 1726 autern
995 1695 1069 1731 odii,
1086 1695 1164 1735 quid
1180 1695 1297 1726 scilicet
1312 1706 1349 1726 ex
1372 1696 1430 1727 hac
1446 1708 1501 1737 ap-

437 1739 578 1779 parentia
601 1739 676 1770 odio
700 1740 862 1776 habeatur,
887 1740 973 1770 Deus
996 1739 1064 1778 ipse
1094 1739 1196 1769 dictus
1220 1746 1266 1770 est
1287 1740 1321 1770 in
1345 1740 1406 1771 hoc
1430 1742 1501 1771 arti-

437 1783 510 1814 culo
523 1783 716 1823 inquantum
733 1793 826 1813 causa
843 1783 912 1814 talis
924 1783 1065 1814 effectus:
1087 1790 1117 1814 et
1130 1783 1181 1813 hic
1197 1790 1243 1814 est
1266 1784 1420 1815 terminus
1436 1785 1502 1816 odii

436 1828 495 1858 Dei
518 1827 706 1858 necessario.
732 1827 767 1857 In
790 1827 935 1867 sequenti
964 1837 1039 1858 vero
1072 1827 1202 1868 ponitur
1230 1828 1384 1858 terminus
1414 1829 1502 1860 Deus

437 1871 599 1902 absolute:
623 1878 654 1901 et
676 1871 726 1901 hic
751 1878 796 1901 est
819 1871 973 1902 terminus
997 1871 1063 1901 odii
1086 1870 1286 1911 possibiliter.
1317 1872 1391 1902 Non
1416 1873 1501 1903 enim

436 1921 563 1956 oportet
586 1915 697 1946 odium
712 1914 771 1946 Dei
787 1915 820 1946 in
844 1925 1051 1956 quocumque
1073 1915 1106 1945 in
1122 1921 1246 1946 tantum
1265 1916 1412 1956 progredi
1435 1927 1500 1947 ma-

435 1961 505 1990 lum
528 1966 564 1990 ut
587 1959 682 1990 etiam
704 1959 736 1989 in
760 1960 867 1999 ipsum
889 1960 996 1990 Deum
1019 1959 1196 1990 secundum
1219 1970 1252 1990 se
1263 1967 1439 1999 <penetrare
1453 1961 1501 1991 in—

435 2004 554 2040 tendat,
577 2010 655 2043 puta
678 2004 767 2044 quod
790 2004 890 2034 nollet
913 2013 988 2034 eum
1011 2013 1078 2034 esse
1101 2003 1221 2034 trinum
1245 2010 1275 2034 et
1297 2014 1418 2041 unum,
1442 2013 1500 2036 etc.

491 2048 538 2078 Ex
559 2048 609 2078 his
625 2055 733 2078 autem
756 2048 852 2079 habes
869 2047 953 2078 unde
975 2048 1026 2078 vel
1049 2055 1232 2078 accusantes
1247 2048 1297 2078 vel
1319 2048 1501 2088 ignorantes

436 2092 613 2124 doctrinam
629 2092 777 2123 Auctoris
793 2092 943 2132 repellere
958 2092 1009 2122 vel
1023 2092 1135 2123 docere
1146 2092 1258 2128 valeas,
1275 2092 1500 2133 distinguendo

436 2137 474 2167 de
490 2137 566 2167 odio
590 2136 697 2167 haberi
711 2136 744 2166 in
761 2135 881 2167 ratione
897 2136 1018 2173 motivi‚
1035 2136 1086 2166 vel
1100 2136 1291 2167 terminativi
1308 2144 1447 2175 tantum;
1471 2146 1502 2169 et

435 2180 569 2211 dicendo
585 2181 674 2221 quod
689 2180 775 2211 Deus
790 2181 967 2211 secundum
983 2190 1015 2211 se
1030 2180 1064 2210 in
1082 2180 1204 2211 ratione
1220 2180 1331 2211 motivi
1348 2191 1414 2212 non
1439 2192 1499 2222 po-

434 2232 494 2256 test
506 2225 582 2255 odio
593 2224 711 2261 haberi,
723 2225 797 2265 quia
810 2234 874 2255 non
887 2231 992 2265 potest
999 2223 1205 2266 [secundum]
1217 2223 1359 2265 seipsum
1371 2236 1500 2257 movere

434 2269 475 2300 ad
495 2269 545 2300 sui
568 2269 690 2305 odium,
714 2279 788 2300 curn
811 2269 925 2300 habeat
946 2268 1103 2300 rationem
1127 2269 1232 2300 omnis
1255 2269 1332 2312 bpni
1358 2271 1500 2301 eminen-

434 2321 496 2349 ter;
520 2314 576 2344 sed
590 2314 624 2344 in
644 2313 766 2344 ratione
786 2313 976 2344 terminativi
991 2319 1098 2353 potest
1120 2313 1196 2344 odio
1211 2313 1328 2350 haberi,
1346 2315 1500 2354 quoniam

434 2357 598 2388 velleitatis
621 2357 748 2398 iniquae
777 2357 930 2388 terminus
959 2367 1025 2388 esse
1053 2364 1174 2397 potest,
1202 2365 1501 2400 quantumcumque

435 2412 561 2432 summa
575 2401 711 2432 bonitas.
729 2401 799 2432 Dixi
816 2408 923 2432 autem
939 2401 1136 2432 terminativi
1150 2406 1294 2432 tantum:
1309 2402 1384 2443 quia
1394 2403 1499 2434 Deum

435 2446 612 2476 secundum
639 2455 671 2476 se
695 2445 809 2476 habere
829 2445 985 2476 rationem
1008 2445 1174 2486 utriusque
1195 2452 1338 2485 respectu
1363 2446 1428 2477 odii
1454 2455 1500 2478 est

434 2489 640 2530 impossibile.
666 2489 700 2520 In
725 2490 815 2520 cuius
838 2489 976 2530 signum,
1000 2489 1081 2519 clare
1096 2490 1182 2520 visus
1198 2490 1285 2519 Deus
1306 2494 1371 2520 n'on
1395 2498 1499 2530 potest

1203 2594 1521 2669 ARTICuLus
1549 2624 1851 2669 SECUNDUS
2248 2604 2277 2673 s
2476 2651 2614 2689 «ψη

986 2726 1142 2758 UTRUM
1166 2727 1307 2758 omum
1331 2727 1403 2758 DEI
1427 2728 1494 2760 SIT
1518 2729 1728 2760 MAXIMUM
1757 2707 2060 2773 PECCA'ToRtJM
2301 2711 2318 2725 ²
2372 2696 2378 2715 ἶ
2416 2725 2418 2727 ·

1105 212 1369 258 QUAESTIO
1399 214 1572 261 XXXIV,
1601 214 1895 251 ARTICULUS
1925 215 1957 251 II

1558 291 1634 321 odio
1657 291 1780 327 haberi,
1805 291 1879 331 quia
1902 292 2078 322 secundum
2102 302 2134 322 se
2158 299 2188 324 et
2210 300 2318 325 movet
2341 301 2371 325 et
2394 295 2540 325 terminat
2562 305 2618 325 vo-

1557 335 1713 365 luntatem
1736 341 1889 365 nostram.

1612 378 1663 408 111.
1689 378 1724 407 In
1748 378 1860 408 eodem
1883 378 1988 418 primo
2013 378 2145 409 articulo
2170 380 2304 411 dubium
2328 381 2463 412 occurrit
2487 382 2566 412 circa
2581 382 2618 412 il-

1557 422 1629 452 lud:
1653 421 1796 461 Effectus
1811 422 1913 462 aliqui
1934 422 1996 452 Dei
2009 427 2086 453 sunt
2106 423 2163 463 qui
2185 425 2274 455 nu1lo
2290 425 2381 456 modo
2398 431 2535 465 possunt
2551 435 2619 456 esse

1557 466 1715 495 contrarii
1737 466 1895 496 voluntati
1916 466 2086 503 humanae,
2106 471 2141 496 ut
2163 476 2232 498 esse
2254 473 2285 498 et
2307 469 2424 506 vivere,
2442 476 2499 499 etc.
2527 469 2619 500 Unde

1556 509 1729 540 secundum
1764 510 1847 550 quod
1877 510 1967 540 Deus
1995 510 2246 550 apprehenditur
2275 517 2310 542 ut
2337 518 2453 543 auctor
2481 513 2615 550 horum,

1557 563 1620 583 non
1639 558 1744 593 potest
1767 554 1839 584 odio
1853 554 1973 584 haberi.
1998 553 2266 591 Contradicimus,
2282 555 2386 595 inquit
2408 557 2563 587 Martinus
2580 557 2619 587 de

1556 597 1712 637 Magistris
1728 597 1758 634 *,
1783 598 1875 628 beato
1899 598 2046 628 Thomae
2069 597 2102 627 in
2126 598 2184 635 hac
2207 599 2412 630 conclusione
2435 607 2466 631 et
2483 600 2617 631 ratione.

1557 640 1692 671 Constat
1719 640 1805 671 enim
1835 642 1924 682 quod
1947 642 2024 672 haec
2054 641 2201 671 Thomae
2226 642 2306 672 ratio
2337 643 2416 673 nihil
2446 644 2618 675 concludit.

1556 684 1639 722 Quia
1662 691 1717 715 aut
1739 685 1883 726 intelligit
1906 686 1943 715 de
1966 686 2129 716 voluntate
2153 685 2311 717 ordinata:
2336 694 2366 718 et
2388 687 2467 718 nihil
2490 688 2618 719 conclu-

1556 728 1610 764 dit,
1635 728 1710 769 quia
1732 729 1833 759 multa
1855 739 2028 770 possumus
2043 729 2123 760 velle
2143 737 2174 760 et
2197 729 2283 760 nolle
2306 729 2346 760 ad
2369 739 2451 771 quae
2466 731 2619 774 >ordinata

1554 773 1702 803 voluntas
1725 782 1792 803 non
1815 782 1848 803 se
1871 773 2017 804 extendit.
2042 776 2108 804 Aut
2131 774 2169 803 de
2192 773 2356 804 voluntate
2386 774 2620 807 siveordnuata

1555 816 1620 847 sive
1650 816 1845 848 inordinata:
1878 824 1909 849 et
1934 817 1979 848 sic
2011 817 2128 848 falsum
2165 818 2358 855 assumitur,
2385 818 2462 858 quia
2494 826 2621 851 constat

1555 861 1644 902 quod
1666 870 1744 898 esse,
1767 860 1871 892 vivere
1894 867 1926 892 et
1946 861 2120 901 intelligere
2149 869 2329 902 repugnant
2352 863 2511 894 voluntati
2531 863 2620 898 inor-

1555 905 1688 936 dinatae.

1610 947 1785 980 Conclusio
1807 958 1883 979 vero
1907 948 1984 979 falsa
2008 949 2185 980 ostenditur
2209 955 2279 980 tum
2302 960 2339 981 ex
2361 949 2410 980 his
2433 949 2490 991 qui
2512 950 2620 982 interi-

1553 989 1791 1033 munt‘seips’os.
1811 1010 1832 1016 -
1851 993 1940 1023 Tum
1955 992 2030 1033 quia
2052 993 2148 1029 Deus,
2164 993 2190 1023 si
2206 1001 2404 1025 conservaret
2417 994 2516 1025 vitam
2539 1004 2617 1035 ope-

1551 1047 1620 1067 ram
1636 1037 1795 1068 efficacem
1808 1037 1894 1067 danti
1915 1037 1955 1067 ad
1969 1037 2216 1068 interimendum
2236 1048 2279 1074 se,
2296 1038 2372 1068 odio
2388 1039 2558 1069 haberetur
2582 1045 2620 1070 ut

1554 1089 1664 1113 auctor
1685 1081 1767 1112 vitae
1782 1081 1877 1111 illius.
1893 1097 1915 1104 -—
1927 1081 2015 1112 Tum
2034 1082 2111 1122 quia
2123 1082 2162 1112 de
2179 1082 2258 1114 luda
2271 1082 2430 1122 ,scriptum
2444 1090 2492 1114 est
2504 1083 2535 1113 *z
2555 1083 2619 1115 Bo-

1554 1136 1630 1156 num
1647 1131 1717 1156 erat
1733 1127 1762 1156 ei
1774 1126 1803 1156 si
1825 1130 1921 1157 natus
1935 1135 1998 1156 non
2012 1125 2145 1165 fuisset.
2157 1143 2179 1149 -
2192 1126 2279 1156 Tum
2296 1127 2371 1168 quia
2393 1126 2477 1167 sicut
2494 1127 2618 1158 Mithri—

1554 1170 1640 1199 dates
1664 1168 1740 1199 odio
1763 1168 1875 1199 habuit
1897 1168 2151 1199 conservativum
2174 1180 2249 1200 suae
2264 1170 2345 1201 vitae
2368 1178 2477 1202 contra
2495 1181 2618 1202 assum-

1552 1219 1645 1253 ptum
1667 1221 1837 1248 venenum,
1853 1212 1896 1242 ita
1920 1212 1995 1242 odio
2019 1212 2180 1244 habuisset
2194 1215 2422 1255 quodcumque
2441 1215 2618 1246 animatum

1551 1258 1743 1287 'conservans
1767 1263 1843 1286 tunc
1867 1266 1959 1286 suam
1981 1256 2089 1286 vitam.

1608 1301 1660 1331 IV.
1685 1300 1736 1330 Ad
1759 1299 1836 1330 haec
1859 1299 1973 1330 dicitur
2002 1301 2090 1340 quod
2114 1310 2218 1330 sermo
2248 1300 2390 1331 formalis
2423 1303 2532 1333 omnia
2555 1304 2618 1334 sol-

1553 1344 1606 1381 vit,
1621 1351 1652 1375 et
1667 1342 1805 1374 ostendit
1819 1353 1925 1373 veram
1949 1353 2016 1373 esse
2033 1343 2209 1374 doctrinam
2225 1344 2316 1375 hanc.
2341 1345 2419 1375 Esse
2434 1356 2574 1387 namque
2589 1355 2620 1379 et

1550 1388 1654 1418 vivere
1677 1395 1708 1418 et
1723 1387 1910 1418 huiusmodi
1925 1387 2092 1426 dupliciter
2111 1388 2303 1418 considerari
2325 1397 2477 1428 possunt:
2501 1391 2618 1430 primo,

1553 1433 1730 1463 secundum
1752 1432 1786 1462 id
1808 1430 1897 1472 quod
1919 1438 2008 1468 sunt;
2043 1432 2201 1468 secundo,
2225 1433 2404 1463 secundum
2429 1434 2552 1474 aliquid
2574 1435 2619 1466 eis

1552 1476 1748 1507 adiunctum.
1781 1475 1813 1506 Si
1837 1475 2052 1506 consideretur
2086 1486 2153 1506 esse
2177 1477 2353 1506 secundum
2386 1487 2429 1513 se,
2453 1478 2507 1514 sic,
2543 1489 2619 1510 cum

1553 1521 1632 1552 nihil
1654 1521 1768 1552 habeat
1789 1520 1823 1551 in
1836 1530 1875 1560 se⁸
1894 1519 2035 1559 sugibile,
2052 1530 2119 1550 non
2135 1527 2240 1560 potest
2259 1520 2335 1552 odio
2350 1521 2470 1554 haberi.
2491 1522 2618 1557 Siva-o

1553 1565 1769 1597 consideretur
1793 1564 1970 1595 secundum
2000 1564 2183 1595 adiunctam
2205 1564 2264 1596 sibi
2286 1565 2448 1597 miseriam
2469 1566 2522 1597 vel
2539 1576 2619 1608 puo-

1551 1619 1636 1646 nam,
1660 1609 1710 1639 vel
1725 1609 1954 1650 quodcumque
1969 1607 2057 1638 aliud
2080 1608 2274 1639 contrarium
2292 1608 2450 1641 voluntati
2468 1605 2619 1649 alieuia‘a,

1552 1654 1595 1684 sic
1618 1659 1723 1693 potest
1746 1652 1822 1683 odio
1845 1651 1962 1682 haberi.
1986 1652 2028 1682 Et
2050 1652 2125 1692 quia
2148 1653 2254 1693 primo
2277 1653 2378 1683 modo
2401 1648 2620 1698 consideiimg

1551 1707 1607 1737 per
1630 1707 1663 1727 se
1687 1703 1717 1728 et
1739 1696 1930 1732 formaliter,
1955 1697 2096 1726 secundo
2121 1703 2227 1727 autem
2258 1698 2358 1728 modo
2382 1706 2439 1738 per
2456 1698 2617 1737 accidens,

1551 1742 1624 1772 ideo
1648 1740 1791 1772 doctrina
1813 1739 1971 1776 Auctoris.
1995 1740 2102 1780 ptimo
2125 1741 2224 1771 modo
2244 1741 2391 1781 loquens,
2407 1751 2474 1773 non
2497 1740 2617 1784 estimss

1552 1786 1733 1825 pugnanda,
1749 1784 1805 1815 sed
1828 1784 2006 1814 veneranda
2021 1790 2052 1814 et
2070 1783 2255 1824 explicanda
2270 1795 2330 1825 pro
2353 1785 2461 1817 minus
2475 1788 2619 1824 eruditis.

1551 1830 1608 1861 Est
1626 1829 1723 1869 igitur
1744 1828 1864 1859 litterae
1887 1828 1983 1858 huius
2007 1827 2172 1859 conclusio
2195 1835 2226 1859 et
2252 1829 2332 1860 ratio
2356 1831 2446 1870 quod
2469 1832 2545 1871 quia
2565 1832 2619 1864 isti

1553 1873 1690 1910 effectus,
1708 1872 1825 1903 scilicet
1841 1881 1917 1908 esse,
1934 1871 2047 1908 vivere,
2064 1879 2134 1909 etc„
2149 1871 2229 1903 nihil
2243 1872 2277 1903 in
2300 1883 2334 1904 se
2357 1874 2522 1914 continent
2542 1885 2619 1911 con-

1551 1917 1684 1948 trarium
1699 1917 1857 1948 humanae
1881 1915 2039 1946 voluntati
2055 1915 2120 1946 sive
2144 1916 2308 1948 ordinatae
2320 1917 2387 1948 sive
2404 1917 2617 1958 inordinatae:

1551 1962 1624 1992 ideo
1641 1971 1698 1992 nec
1720 1960 1782 2000 ipsi
1796 1960 1975 1990 secundum
1997 1969 2042 1997 se,
2057 1969 2115 1991 nec
2138 1960 2226 1991 Deus
2249 1967 2285 1992 ut
2300 1969 2413 1993 auctor
2433 1971 2549 1995 eorum
2568 1967 2618 1996 0⁸-

1551 2006 1696 2037 cundum
1713 2014 1747 2035 se
1769 2010 1875 2044 potest
1889 2004 1966 2035 odio
1982 2004 2101 2035 haberi.
2125 2005 2167 2036 Et
2187 2004 2268 2036 ratio
2293 2006 2424 2046 quidem
2439 2014 2501 2039 stat
2513 2008 2618 2040 :olith

1552 2058 1582 2082 et
1597 2050 1719 2081 efficax:
1744 2049 1820 2089 quia
1834 2048 2032 2089 impossibile
2051 2055 2098 2079 est
2113 2048 2189 2079 odio
2204 2049 2313 2081 haberi
2329 2050 2392 2089 nisi
2406 2052 2616 2091 contratimss

1551 2095 1631 2126 nulli
1646 2101 1754 2125 autem
1773 2092 1939 2129 voluntati,
1955 2099 2254 2134 quantumcumque
2269 2093 2476 2131 inordinatae.
2493 2103 2616 2129 contra-

1551 2139 1636 2170 rium
1650 2145 1698 2169 est
1709 2147 1775 2168 esse
1790 2143 1846 2168 aut
1857 2136 1960 2167 vivere
1972 2137 2149 2167 secundum
2162 2145 2208 2173 se;
2226 2138 2373 2178 quamvis
2384 2138 2425 2174 sit
2435 2139 2529 2170 alicui
2540 2150 2616 2173 con-

1551 2183 1683 2214 trarium
1706 2181 1884 2212 secundum
1901 2180 2020 2220 aliquid
2047 2181 2234 2212 adiunctum
2249 2181 2282 2211 in
2305 2183 2403 2213 re'v'el
2421 2179 2615 2230 apparentia,

1606 2227 1647 2258 Et
1662 2235 1719 2266 per
1733 2225 1796 2256 hoc
1812 2231 1897 2265 patet
1912 2225 2031 2255 solutio
2051 2225 2198 2256 omnium
2212 2225 2443 2258 obiectionum.
2467 2228 2551 2259 Nam
2563 2220 2617 2260 '⁴18³

1551 2270 1770 2302 terimentibus
1792 2269 1930 2308 seipsos,
1955 2275 1985 2300 et
2007 2268 2192 2308 Mithridati,
2218 2276 2249 2300 et
2271 2270 2442 2307 damnatis,
2464 2279 2498 2303 et
2520 2273 2617 2304 hehe

2645 609 2714 656 {l-Qq.
2725 609 2812 631 Moral.
2827 610 2858 631 de

2644 638 2855 688 „afgaf-23³.-

2645 688 2702 708 clus.
2715 694 2726 709 ²
2738 688 2796 713 (Lut.
2811 688 2855 709 Ρι-

2644 715 2683 735 ris.
2699 716 2772 741 ¹490).
2787 725 2796 729 -
2813 714 2855 739 (Cf.

2644 745 2855 793 affixam),

2645 1092 2855 1121 'Matth.eapaxvn

2645 1125 2704 1141 vers.
2718 1125 2755 1146 ²⁴-

1551 2314 1775 2346 abominabilis
1797 2319 1862 2344 erat
1879 2312 1940 2343 vita
1962 2320 2092 2353 propter
2107 2313 2290 2344 adiunctam
2313 2314 2618 2357 auset-iamsssplu.
2698 2336 2700 2341 .
2749 2332 2770 2342 .‚

1553 2360 1610 2390 dae
1627 2358 1741 2389 melius
1763 2358 1798 2388 in
1820 2356 1950 2387 veritate
1965 2357 2076 2388 fuisset
2091 2367 2156 2388 non
2181 2367 2249 2388 esse
2264 2364 2387 2395 nutum,
2409 2361 2620 2436 promen&

1550 2403 1694 2434 iunctam
1716 2401 1916 2442 iniquitatem
1933 2407 1964 2431 et
1977 2400 2132 2431 maiorem
2155 2401 2324 2433 miseriam.
2347 2401 2517 2434 Distinctio
2542 2401 2549 2410 ⁴
2606 2442 2609 2444 q

1552 2456 1609 2487 per
1631 2456 1663 2477 se
1687 2453 1717 2476 et
1740 2455 1796 2485 per
1819 2444 1972 2481 accidens,
2003 2445 2065 2475 hoc
2089 2452 2137 2476 est
2157 2454 2214 2485 per
2244 2445 2350 2483 aliud,
2375 2447 2485 2478 omnia
2500 2413 2616 2480 ἦὶἷῖἃ

2526 2538 2543 2551 ,l

1552 2492 1610 2521 hac
1634 2490 1769 2521 materiav
1782 2488 1910 2529 aperiet.
2498 2494 2505 2515 ·.
2559 2494 2615 2518 ‘atu

2551 2597 2615 2622 „133
2655 2600 2662 2607 ·

2475 2716 2514 2729 wi,
2527 2696 2615 2742 ‘iniq

2538 2751 2542 2781 ,-
2552 2761 2613 2786 >³1¹1

1047 2814 1123 2843 Infra.
1142 2821 1188 2846 qu.
1207 2821 1289 2845 xxxrx,
1308 2819 1355 2839 art.
1377 2821 1399 2845 2,
1418 2815 1451 2839 ad
1472 2814 1486 2839 3
1493 2822 1501 2845 ;
1520 2815 1545 2839 1⁸
1563 2813 1619 2846 11⁸⁶,
1639 2821 1684 2847 qu.
1704 2821 1789 2845 Lxxm,
1809 2819 1856 2840 art.
1875 2821 1901 2846 4,
1919 2813 1952 2838 ad
1973 2813 1998 2839 3.

523 2910 529 2921 ¹
554 2932 558 2940 ,
586 2920 594 2925 »
645 2905 668 2930 D
685 2905 875 2931 SECUNDUM
889 2905 943 2930 stc
958 2905 1200 2931 puocam‘rua.
1211 2893 1372 2931 Videtur
1389 2894 1495 2943 quod

504 2942 511 2950 ”
618 2962 624 2980 π
647 2946 778 2983 odium
805 2946 879 2983 Dei
906 2958 984 2982 non
1005 2946 1052 2983 sit
1078 2946 1292 2987 maximum
1319 2954 1495 2995 peccato-

646 3010 743 3034 rum.
774 2998 1051 3037 Gravissimum
1080 2999 1183 3036 enim
1210 3007 1411 3048 peccatum
1435 3007 1496 3036 est

645 3059 846 3098 peccatum
875 3051 912 3087 in
942 3051 1124 3100 Spiritum
1155 3053 1356 3099 Sanctum,
1390 3052 1495 3100 quod

438 3110 493 3138 est
511 3100 776 3149 irremissibile,
794 3111 833 3140 ut
852 3103 986 3140 dicitur
1001 3105 1133 3142 Matth.
1149 3117 1197 3142 xn
1212 3104 1242 3142 ²¹⁸.
1266 3105 1344 3142 Sed
1363 3104 1495 3141 odium

437 3154 511 3191 Dei
529 3166 607 3191 non
627 3163 868 3203 computatur
895 3156 990 3193 inter
1018 3158 1163 3205 species
1190 3157 1337 3207 peccati
1355 3157 1393 3194 in
1414 3158 1497 3206 Spi—

437 3207 551 3244 ritum
585 3208 784 3254 Sanctum3
813 3216 855 3245 ut
883 3221 928 3245 ex
966 3209 1228 3258 supradictis-⁸⁸
1250 3215 1364 3259 patet.
1392 3210 1496 3258 Ergo

438 3259 570 3297 odium
588 3261 661 3297 Dei
681 3273 759 3298 non
780 3268 835 3298 est
853 3262 1119 3308 gravissimum
1140 3270 1399 3312 peccatorum.

491 3324 526 3350 2.
556 3314 798 3362 PRAETEREA,
836 3323 1036 3362 peccatum
1062 3307 1239 3353 ‘consistit
1274 3317 1314 3353 in
1347 3317 1498 3364 elonga-

490 3427 517 3459 α)
537 3429 684 3460 quamvis...
703 3428 847 3461 cognoscit.
864 3441 884 3447 —
897 3428 982 3453 Deum
1001 3429 1138 3461 cognoscit
1155 3429 1277 3461 quamvis
1295 3436 1355 3454 eum
1374 3429 1436 3454 odio
1449 3429 1496 3454 ha—

437 3463 480 3487 bet
507 3463 535 3492 L,
555 3463 675 3495 quamvis
705 3463 797 3489 Deum-
811 3467 956 3496 cognoscat
983 3462 1047 3496 (Dei
1073 3464 1251 3496 cognin'onem
1279 3465 1356 3489 habet
1374 3464 1408 3498 Α)
1436 3471 1496 3489 eum

438 3498 536 3530 (ipsum
554 3499 604 3530 Pa)
622 3502 710 3524 tamen
728 3499 792 3524 'odio
810 3499 889 3524 habet
907 3499 946 3523 Pa
965 3503 990 3523 et
1008 3500 1094 3524 ceteri.

1547 2894 1651 2931 tione
1679 2906 1701 2931 a
1728 2895 1828 2931 Deo.
1865 2893 1944 2931 Sed
1971 2893 2092 2941 magis
2116 2893 2272 2937 videtur
2304 2906 2387 2933 esse
2416 2874 2615 2953 elongatus!

1548 2959 1571 2984 a
1595 2948 1680 2984 Deo
1709 2946 1888 2994 infidelis,
1908 2946 1972 2995 qui
1999 2959 2070 2984 nec
2097 2946 2172 2984 Dei
2200 2947 2615 2996 cognitionembabffi

1549 3011 1664 3048 quam
1683 2999 1819 3046 fidelis,
1835 2998 1901 3048 qui
1919 2999 2066 3046 saltem,
2087 3000 2266 3048 quamvis
2282 3001 2415 3044 Deum
2438 3000 2533 3048 odio

1548 3054 1624 3100 bet,
1651 3064 1738 3090 eum
1767 3060 1895 3090 tamen
1923 3052 2119 3100 cognoscit
2139 3057 2166 3089 α.
2197 3053 2301 3101 Ergo
2329 3053 2481 3091 videtur
2507 3066 2587 3102 quo

1548 3105 1701 3153 gravius
1721 3105 1768 3142 sit
1786 3112 1988 3154 peccatum
2016 3105 2247 3144 infidelitatis
2273 3118 2392 3155 quarn
2410 3114 2614 3155 peccatum

1551 3158 1628 3195 odii
1657 3158 1695 3195 in
1724 3159 1863 3195 Deum.

1606 3211 1639 3248 3.
1667 3211 1910 3253 ptumam,
1949 3212 2055 3248 Deus
2082 3211 2244 3248 habetur
2278 3211 2368 3249 odio
2401 3212 2527 3249 solum
2555 3225 2614 3250 ra-

1551 3264 1654 3300 tione
1683 3276 1841 3301 suorum
1870 3263 2079 3303 effectuum
2098 3265 2164 3313 qui
2183 3272 2395 3314 repugnant
2413 3266 2549 3305 volunt
2589 3266 2597 3272 '

1552 3316 1647 3353 inter
1666 3329 1764 3364 quos
1783 3317 2036 3366 praecipuum
2056 3316 2284 3366 estsspoena.
2302 3317 2381 3355 Sed
2399 3317 2506 3355 odire
2520 3273 2613 3366 ΡΞ

1603 3429 1628 3462 β)
1644 3429 1820 3461 praecipuum
1839 3433 1887 3455 est.
1906 3445 1924 3449 —
1942 3431 2115 3463 praecipuum
2144 3431 2213 3456 inest
2231 3429 2366 3464 BFprx,
2380 3430 2528 3463 praecipue
2545 3428 2615 3456 Inest

1549 3465 1586 3489 sA
1605 3470 1630 3489 et
1648 3472 1674 3493 a,
1689 3465 1853 3497 praecipuus
1872 3468 1912 3490 est
1931 3466 1960 3491 P.
