2892 4056
95 1018 106 1029 ⁸
120 1018 170 1040 Art.
186 1018 290 1046 praeced.

95 1438 182 1465 ’S-Th.
188 1438 240 1461 leet.
246 1444 304 1460 xxti.

95 1598 304 1626 ‘Qun-mam.

96 1805 107 1816 ⁸
120 1805 171 1826 Art.
185 1804 290 1832 pneeed.

1017 150 1282 196 QUAESTIO
1312 151 1412 198 LIII,
1442 151 1735 188 ARTICULUS
1765 152 1796 187 ΙΙ

331 228 377 259 vis
400 227 546 257 voluntas
571 227 610 257 sit
632 234 768 258 mutata:
801 228 851 258 hic
875 235 981 258 autem
1009 235 1153 268 peccator
1177 235 1212 258 ut
1235 238 1252 258 a
1274 228 1387 258 volun-

330 277 392 301 tate
411 270 559 310 peccandi
577 271 701 311 pendet,
722 272 866 302 sumitur.
891 272 983 302 Unde
1007 272 1032 302 si
1055 272 1126 312 quis
1143 272 1245 312 primo
1270 271 1320 302 fur
1334 278 1388 302 aut

331 315 474 350 mendax,
499 321 566 350 etc„
591 314 709 350 fuisset,
734 322 765 346 et
787 316 994 355 postmodum
1026 315 1191 346 abstineret
1213 326 1231 345 a
1253 315 1387 355 peccatis

331 367 397 388 non
421 357 554 394 caritate,
579 359 633 388 sed
656 369 763 389 amore
787 359 908 389 virtutis
930 359 1074 395 moralis;
1099 359 1167 389 talis
1198 366 1278 388 esset
1301 359 1385 398 apud

330 401 517 441 theologum
540 409 685 441 peccator
707 410 738 432 et
759 402 877 432 habens
900 403 1057 432 maculam
1081 402 1154 432 furti
1178 409 1232 432 aut
1256 402 1383 432 menda—

332 445 386 475 cii:
411 455 475 475 non
499 452 603 475 tamen
628 453 707 476 esset
731 446 780 476 fur
803 453 857 476 aut
880 446 1014 476 mendax
1036 446 1172 486 proprie,
1197 455 1252 476 nec
1276 455 1383 485 pecca-

2414 152 2488 199 389

1440 235 1498 263 tor,
1524 229 1608 268 apud
1631 228 1860 268 philosophum
1883 228 2045 259 moralem.
2063 246 2083 250 -
2097 229 2162 258 Nec
2186 228 2323 258 alienum
2347 235 2392 258 est
2414 239 2432 258 a
2447 239 2491 259 ra—

1440 271 1524 301 tione
1549 278 1583 301 ut
1605 272 1659 312 qui
1684 272 1919 312 philosophiam
1942 272 2197 312 theologiamque
2220 272 2373 301 moralem
2398 272 2489 302 tradi-

1440 325 1519 350 mus,
1545 325 1628 345 nunc
1652 315 1885 355 theologorum,
1917 325 2000 346 nunc
2030 315 2298 356 philosophorum
2321 315 2490 345 moralium'

1438 368 1525 388 more
1539 359 1719 398 loquamur,
1735 359 1818 389 iuxta
1834 359 1987 398 propositi
2004 359 2227 390 diversitatem:
2249 358 2390 388 medium
2406 359 2491 388 enim

1439 409 1607 442 utrumque
1631 409 1804 432 extremum
1823 403 1912 442 sapit.

1088 581 1404 622 ARTICULUS
1435 581 1732 622 SECUNDUS

880 671 1035 702 UTRUM
1059 671 1355 702 IMPRUDENTIA
1379 671 1444 702 SIT
1469 671 1671 702 SPECIALE
1694 671 1932 702 PECCATUM

416 771 423 784 ι
447 790 452 797 Χ
479 776 499 803 3-
541 763 564 788 D
583 762 771 788 SECUNDUM
786 762 838 787 s1c
853 761 1090 786 PROCEDrrUR.
1111 750 1267 786 Videtur
1283 750 1386 798 quod

358 796 367 810 ‘
398 802 405 809 ”
469 804 506 824 '⁴²‘
541 803 794 852 imprudentia
822 814 900 839 non
928 801 974 838 sit
993 802 1152 850 speciale
1172 810 1383 850 peccatum.

348 856 467 903 ’,[πν,
488 855 786 903 (Quicumque
828 854 929 891 enim
966 861 1099 902 peccat
1144 854 1218 901 agit
1255 862 1386 890 contra

384 885 483 943 ‘3⁶53
498 902 531 954 k
542 908 727 945 rationem
762 913 925 953 rectam,
955 918 1052 953 quae
1086 913 1141 942 est
1172 906 1383 953 prudentia.

332 960 409 997 Sed
445 959 702 1009 imprudentia
735 958 902 995 consistit
938 958 975 994 in
1013 958 1087 994 hoc
1115 958 1218 1005 quod
1253 958 1385 1005 aliquis

332 1012 405 1060 agit
433 1020 564 1050 contra
599 1011 859 1060 prudentiam,
888 1018 929 1047 ut
957 1010 1099 1047 dictum
1133 1018 1187 1047 est
1204 1010 1235 1046 ’¹‘.
1284 1011 1385 1058 Ergo

330 1064 585 1114 imprudentia
611 1076 689 1101 non
719 1071 774 1100 est
801 1063 964 1112 speciale
991 1070 1203 1111 peccatum.

385 1129 419 1154 2.
441 1118 672 1164 PRAETEREA,
702 1115 902 1164 prudentia
930 1116 1049 1163 magis
1078 1123 1132 1152 est
1160 1115 1283 1152 affinis
1303 1127 1386 1151 mo-

330 1169 470 1206 ralibus
508 1169 652 1206 actibus
685 1181 801 1218 quam
839 1168 1003 1205 scientia.
1052 1168 1129 1205 Sed
1163 1168 1384 1216 ignorantia,

331 1234 428 1271 quae
457 1222 662 1271 opponitur
680 1221 868 1269 scientiae,
897 1221 1050 1269 ponitur
1077 1221 1172 1257 inter
1192 1221 1386 1268 generales

331 1274 647 1324 causasspeceati.
697 1275 798 1322 Ergo
826 1274 946 1310 multo
973 1273 1091 1320 magis
1120 1273 1384 1322 imprudentia.

354 1322 420 1365 ³⁴3.
440 1328 673 1374 PRAETEREA,
701 1334 857 1375 peccata
885 1326 1104 1374 contingunt
1125 1338 1170 1362 ex
1188 1326 1263 1362 hoc
1282 1327 1386 1374 quod

330 1380 512 1417 virtutum
541 1379 842 1416 circumstantiae
871 1386 1181 1427 corrumpuntur:
1219 1379 1322 1415 unde
1351 1386 1387 1415 et

331 1432 537 1481 Dionysius
574 1432 682 1479 dicit,
712 1444 746 1468 iv
775 1443 856 1480 cap.
886 1431 931 1467 de
958 1431 1044 1467 Div.
1073 1431 1190 1468 Nom.
1210 1431 1245 1477 ³¹⁸,
1282 1431 1386 1479 quod

330 1485 473 1522 malum
501 1484 684 1534 contingit
708 1496 758 1520 ex
783 1483 1040 1533 singularibus
1067 1483 1277 1531 defectibus.
1309 1484 1386 1520 Sed

330 1538 449 1575 multa
467 1537 708 1585 requiruntur
725 1536 773 1573 ad
792 1535 1051 1584 prudentiam:
1081 1535 1177 1572 sicut
1200 1535 1306 1582 ratio,
1333 1536 1385 1572 in-

330 1590 508 1635 tenemus,
539 1589 719 1635 docilitas,
750 1595 786 1625 et
813 1595 936 1625 cetera
956 1600 1054 1635 quae
1083 1600 1197 1636 supra
1217 1587 1237 1609 ’¹‘
1263 1588 1386 1636 posita

330 1650 427 1680 sunt.
474 1643 576 1689 Ergo
613 1642 754 1678 multae
792 1648 878 1678 sunt
914 1640 1188 1689 imprudentiae
1229 1641 1385 1689 species.

330 1696 431 1743 Ergo
460 1707 538 1731 non
566 1701 623 1731 est
648 1701 849 1742 peccatum
877 1693 1049 1742 speciale.

384 1748 458 1785 SED
481 1758 637 1793 CONTRA,
658 1746 912 1795 imprudentia
932 1753 986 1782 est
1006 1745 1234 1782 contrarium
1255 1751 1271 1767 α
1298 1758 1386 1795 pru-

331 1799 491 1847 dentiae,
520 1807 562 1836 ut
589 1799 732 1836 dictum
762 1806 817 1836 est
834 1799 865 1836 *.
897 1799 974 1835 Sed
1001 1798 1200 1847 prudentia
1229 1806 1284 1835 est
1310 1811 1387 1836 una

329 1853 450 1890 virtus
478 1851 660 1900 specialis.
698 1852 800 1899 Ergo
829 1850 1083 1900 imprudentia
1112 1858 1167 1887 est
1190 1863 1311 1888 unum
1331 1851 1387 1890 vi-

330 1906 426 1942 tium
454 1905 629 1954 speciale.

385 1959 609 1994 Responmzo
637 1967 822 1994 DICENDUM
847 1956 951 2005 quod
979 1956 1133 2004 aliquod
1161 1956 1297 1994 vitium
1325 1958 1387 1993 vel

330 2018 528 2059 peccatum
544 2017 669 2058 potest
688 2009 759 2046 dici
778 2010 950 2056 generale
967 2009 1177 2057 dupliciter:
1206 2022 1285 2046 uno
1306 2021 1388 2046 mo-

333 2063 395 2110 do,
424 2063 615 2109 absolute,
644 2062 733 2111 quia
761 2061 900 2098 scilicet
928 2069 983 2098 est
1009 2062 1182 2109 generale
1215 2069 1387 2111 respectu

332 2115 505 2152 omnium
533 2122 800 2163 peccatorum;
829 2114 902 2151 alio
931 2114 1062 2161 modo,
1083 2114 1171 2162 quia
1200 2122 1255 2151 est
1277 2127 1388 2162 gene-

331 2169 410 2206 rale
446 2175 620 2216 respectu
660 2166 904 2215 quorundam
940 2166 1120 2203 vitiorum
1164 2179 1263 2214 quae
1303 2175 1389 2205 sunt

333 2220 478 2270 species
497 2220 588 2256 eius.
618 2219 748 2256 Primo
768 2226 896 2256 autem
925 2219 1043 2256 modo
1073 2226 1197 2267 potest
1216 2220 1289 2256 dici
1323 2220 1387 2256 ali-

333 2273 439 2322 quod
478 2271 613 2309 vitium
659 2272 832 2319 generale
867 2272 1073 2320 dupliciter.
1121 2272 1208 2309 Uno
1250 2273 1386 2321 modo,

333 2337 402 2374 per
421 2324 642 2362 essentiam:
672 2323 760 2372 quia
779 2323 916 2360 scilicet
933 2323 1172 2372 praedicatur
1191 2325 1238 2362 de
1266 2326 1389 2363 omni-

333 2379 405 2415 bus
423 2376 598 2426 peccatis.
627 2377 676 2413 Et
702 2376 777 2412 hoc
804 2376 924 2412 modo
947 2375 1200 2424 imprudentia
1227 2389 1305 2414 non
1333 2385 1389 2415 est

333 2431 507 2478 generale
542 2436 763 2478 peccatum,
800 2428 896 2465 sicut
931 2440 1002 2465 nec
1037 2428 1237 2476 prudentia
1275 2441 1388 2476 gene-

334 2483 419 2520 ralis
445 2482 584 2519 virtus:
614 2493 700 2518 cum
729 2480 800 2517 sint
829 2480 926 2517 circa
954 2488 1058 2517 actus
1092 2481 1290 2530 speciales,
1320 2483 1388 2519 sci-

333 2536 420 2572 licet
447 2535 544 2571 circa
571 2533 674 2582 ipsos
693 2541 798 2570 actus
824 2533 988 2570 rationis.
1007 2553 1032 2561 -
1050 2533 1135 2570 Alio
1163 2534 1293 2581 modo,
1319 2547 1388 2583 per

332 2587 672 2638 participationem.
713 2587 762 2623 Et
789 2587 863 2622 hoc
897 2586 1016 2622 modo
1052 2585 1305 2634 imprudentia
1333 2595 1389 2624 est

333 2640 507 2688 generale
535 2647 748 2688 peccatum.
785 2638 889 2675 Sicut
917 2638 1016 2675 enim
1044 2639 1243 2687 prudentia
1275 2639 1388 2687 parti-

334 2693 478 2742 cipatur
505 2691 796 2740 quodammodo
825 2691 863 2727 in
891 2691 1067 2727 omnibus
1093 2691 1305 2739 virtutibus,
1334 2693 1388 2729 in-

333 2752 516 2795 quantum
546 2751 601 2781 est
628 2743 807 2781 directiva
835 2755 978 2790 earum,
999 2744 1048 2780 ita
1077 2751 1112 2780 et
1135 2743 1389 2792 imprudentia

332 2797 372 2836 in
400 2797 578 2834 omnibus
605 2796 703 2833 vitiis
732 2803 769 2833 et
791 2796 971 2844 peccatis:
1000 2797 1144 2832 nullum
1173 2797 1273 2833 enim
1301 2810 1388 2846 pec-

334 2857 459 2888 catum
487 2849 659 2886 accidere
686 2856 811 2897 potest
843 2848 913 2885 nisi
932 2849 977 2885 sit
1005 2848 1170 2885 defectus
1199 2849 1237 2886 in
1261 2849 1386 2898 aliquo

333 2911 418 2940 actu
446 2902 599 2939 rationis
627 2901 828 2950 dirigentis,
853 2901 958 2950 quod
986 2901 1144 2950 pertinet
1171 2902 1220 2939 ad
1247 2901 1389 2951 impru-

335 2954 513 2992 dentiam.

388 3007 428 3044 Si
454 3019 548 3044 vero
578 3006 721 3044 dicatur
748 3013 947 3055 peccatum
976 3007 1149 3054 generale
1186 3019 1264 3043 non
1300 3006 1389 3044 sim-

333 3059 488 3108 pliciter,
509 3059 576 3096 sed
595 3059 805 3096 secundum
825 3059 978 3108 aliquod
997 3071 1126 3107 genus,
1148 3059 1236 3108 quia
1252 3059 1390 3096 scilicet

335 3112 500 3150 continet
528 3112 598 3149 sub
627 3123 667 3148 se
697 3112 832 3148 multas
861 3111 1025 3160 species;
1056 3111 1108 3148 sic
1136 3111 1389 3160 imprudentia

335 3172 391 3202 est
417 3165 589 3212 generale
617 3171 828 3212 peccatum.
860 3164 1037 3201 Continet
1065 3164 1166 3201 enim
1186 3165 1255 3201 sub
1276 3162 1315 3201 se
1337 3163 1389 3201 di-

332 3229 463 3254 versas
491 3217 635 3266 species
654 3217 854 3266 tripliciter.
883 3218 970 3255 Uno
991 3217 1146 3265 quidem
1170 3216 1302 3262 modo,
1322 3229 1390 3265 per

386 3329 413 3361 α)
432 3330 606 3355 contrarium.
623 3343 643 3349 -
659 3331 797 3356 contraria
816 3331 939 3357 PEGIxa.

386 3363 412 3396 β)
432 3364 587 3391 includitur.
608 3379 627 3385 -
644 3365 816 3391 includuntur
834 3367 887 3391 PH.

332 3398 550 3461 ”mvpzoralia
566 3414 586 3420 -
603 3401 725 3426 mortalis
742 3401 1044 3427 PACDEFGHIKLima.
1062 3415 1081 3421 -
1099 3401 1148 3425 Pro
1168 3401 1284 3432 ratione,
1303 3400 1387 3425 ratio-

1439 751 1658 798 oppositum
1678 751 1726 787 ad
1746 750 1913 787 diversas
1941 758 2065 799 partes
2086 750 2308 787 subiectivas
2327 751 2491 799 pruden-

1439 802 1544 839 tiae..
1571 803 1674 839 Sicut
1712 802 1811 839 enim
1850 803 2083 850 distinguitur
2110 803 2308 851 prudentia
2343 803 2380 839 in
2409 815 2491 839 mo-

1440 855 1642 901 nasticam,
1672 867 1768 903 quae
1808 863 1863 891 est
1899 855 2053 902 regitiva
2084 855 2215 902 unius,
2255 863 2290 891 et
2326 855 2364 891 in
2401 855 2491 892 alias

1440 907 1583 954 species
1620 907 1840 955 prudentiae
1869 920 1966 955 quae
1999 915 2085 943 sunt
2121 907 2365 944 multitudinis
2398 908 2491 955 regi-

1439 958 1550 1004 tivae,
1579 966 1620 994 ut
1648 971 1760 1006 supra
1788 958 1807 980 ’¹‘
1834 960 2004 996 habitum
2034 966 2108 1004 est3
2147 959 2196 996 ita
2216 959 2326 996 etiarn
2353 960 2492 1008 impru-
2518 968 2529 977 ·

1440 1010 1575 1047 dentia.
1598 1032 1621 1038 -
1649 1011 1735 1047 Alio
1765 1012 1894 1058 modo,
1924 1011 2135 1048 secundum
2159 1019 2284 1060 partes
2303 1012 2409 1060 quasi
2423 1025 2492 1061 po-

1439 1062 1608 1100 tentiales
1627 1063 1860 1111 prudentiae,
1881 1076 1979 1111 quae
2000 1071 2086 1100 sunt
2103 1064 2257 1100 virtutes
2281 1065 2490 1112 adiunctae,

1440 1124 1476 1152 et
1504 1115 1740 1164 accipiuntur
1760 1117 1969 1153 secundum
1998 1116 2169 1153 diversos
2197 1124 2300 1153 actus
2328 1117 2490 1154 rationis.

1441 1169 1489 1205 Et
1507 1169 1580 1205 hoc
1600 1169 1731 1216 modo,
1748 1176 1931 1216 quantum
1951 1168 1998 1205 ad
2015 1169 2202 1205 defectum
2222 1169 2375 1216 consilii,
2395 1170 2493 1206 circa

1441 1221 1544 1270 quod
1569 1228 1624 1258 est
1649 1221 1811 1269 eubulia,
1833 1230 1887 1258 est
1903 1221 2173 1270 praecipitatio,
2194 1221 2272 1258 sive
2296 1223 2491 1268 temeritas,

1440 1274 1716 1322 imprudentiae
1736 1274 1890 1322 species.
1912 1274 2108 1320 Quantum
2126 1286 2220 1310 vero
2241 1274 2288 1310 ad
2304 1275 2491 1311 defectum

1440 1326 1577 1373 iudicii,
1607 1327 1704 1363 circa
1723 1326 1826 1375 quod
1855 1334 1942 1363 sunt
1961 1326 2105 1374 synesis
2130 1334 2165 1363 et
2183 1338 2334 1374 gnome,
2355 1334 2410 1363 est
2438 1327 2492 1363 in-

1440 1379 1696 1416 consideratio.
1745 1380 1941 1425 Quantum
1963 1391 2062 1415 vero
2100 1380 2147 1416 ad
2179 1379 2304 1427 ipsum
2341 1390 2494 1427 praece-

1439 1439 1568 1480 ptum,
1599 1432 1702 1479 quod
1731 1439 1786 1468 est
1821 1431 1996 1480 proprius
2028 1439 2132 1467 actus
2170 1431 2409 1479 prudentiae,
2439 1438 2494 1467 est

1440 1484 1686 1520 inconstantia
1707 1491 1743 1520 et
1763 1484 2003 1533 negligentia.
2015 1505 2039 1511 -
2054 1483 2184 1520 Tertio
2201 1485 2319 1520 modo
2336 1491 2495 1531 possunt

1440 1536 1536 1572 sumi
1566 1548 1634 1583 per
1663 1536 1880 1584 oppositum
1910 1536 1959 1572 ad
1988 1548 2032 1572 ea
2060 1547 2158 1584 quae
2186 1535 2424 1584 requiruntur
2446 1536 2494 1572 ad

1439 1588 1702 1637 prudentiam,
1736 1600 1835 1636 quae
1872 1596 1958 1625 sunt
1993 1588 2102 1635 quasi
2139 1595 2264 1636 partes
2297 1588 2494 1635 integrales

1440 1641 1672 1690 prudentiae.
1721 1642 1796 1678 Sed
1826 1641 1915 1690 quia
1943 1640 2073 1677 omnia
2104 1640 2165 1677 illa
2197 1641 2419 1678 ordinantur
2445 1641 2495 1678 ad

1441 1694 1676 1741 dirigendum
1712 1694 1925 1742 praedictos
1961 1701 2036 1730 tres
2065 1693 2218 1729 rationis
2246 1701 2368 1740 actus,
2406 1693 2493 1730 inde

1440 1754 1496 1783 est
1532 1747 1636 1795 quod
1679 1758 1813 1783 omnes
1851 1746 2018 1783 defectus
2060 1745 2223 1795 oppositi
2264 1746 2495 1783 reducuntur

1440 1799 1488 1836 ad
1512 1807 1676 1847 quatuor
1701 1799 1910 1847 praedictas
1937 1806 2073 1847 partes.
2117 1798 2220 1835 Sicut
2246 1798 2431 1835 incautela
2459 1805 2495 1835 et

1440 1852 1767 1900 incircumspectio
1787 1851 1989 1888 includitur
2007 1849 2022 1880 β
2050 1851 2120 1888 sub
2140 1851 2490 1888 inconsideratione.

1441 1905 1557 1951 Quod
1585 1912 1712 1941 autern
1737 1904 1870 1952 aliquis
1899 1904 2050 1941 deficiat
2077 1916 2099 1940 a
2119 1903 2305 1941 docilitate
2332 1905 2394 1940 vel
2414 1916 2492 1940 me-

1441 1957 1563 1994 moria
1590 1958 1652 1994 vel
1681 1957 1843 2004 ratione,
1872 1956 2032 2005 pertinet
2059 1956 2108 1993 ad
2131 1956 2491 2005 praecipitationem.

1442 2010 1738 2059 lmprovidentia
1764 2021 1858 2046 vero
1893 2017 1929 2046 et
1963 2009 2131 2046 defectus
2167 2009 2430 2057 intelligentiae
2459 2015 2495 2045 et

1441 2063 1613 2099 solertiae
1641 2063 1827 2111 pertinent
1845 2061 1893 2099 ad
1922 2061 2185 2109 negligentiam
2218 2069 2254 2098 et
2280 2062 2494 2098 inconstan-

1440 2116 1542 2152 tiam.

1492 2170 1551 2205 AD
1571 2179 1706 2204 prunum
1734 2179 1831 2204 ERGO
1859 2178 2042 2204 monimum
2062 2166 2170 2214 quod
2197 2167 2290 2203 ratio
2319 2167 2380 2203 illa
2406 2179 2494 2215 pro-

1441 2221 1540 2258 cedit
1567 2220 1614 2257 de
1642 2220 1884 2267 generalitate
1905 2231 2002 2268 quae
2031 2226 2086 2255 est
2112 2220 2322 2256 secundum
2349 2219 2494 2267 partici-

1441 2273 1647 2322 pationem.

1493 2327 1552 2362 An
1580 2336 1769 2362 SECUNDUM
1797 2335 1980 2361 mmmmm
2008 2323 2113 2373 quod
2142 2323 2230 2372 quia
2258 2323 2411 2360 scientia
2440 2332 2496 2361 est

1440 2378 1560 2425 magis
1589 2384 1735 2414 remota
1766 2389 1788 2413 a
1815 2376 2022 2413 moralibus
2050 2388 2166 2425 quam
2201 2376 2402 2425 prudentia
2438 2389 2495 2414 se-

1441 2431 1611 2467 cundum
1638 2429 1831 2478 propriam
1859 2429 2044 2465 rationem
2071 2429 2286 2477 utriusque,
2323 2429 2412 2466 inde
2441 2437 2496 2467 est

1441 2482 1545 2531 quod
1573 2481 1783 2529 ignorantia
1811 2493 1889 2518 non
1916 2482 2031 2518 habet
2059 2481 2105 2518 de
2133 2494 2174 2518 se
2193 2482 2379 2518 rationem
2406 2494 2495 2530 pec-

1441 2535 1512 2571 cati
1548 2534 1702 2570 moralis
1729 2539 1761 2580 Υ,
1799 2533 1866 2570 sed
1903 2534 2026 2569 solum
2064 2533 2208 2570 ratione
2250 2534 2494 2581 negligentiae

1439 2587 1698 2635 praecedentis
1725 2586 1788 2622 vel
1825 2585 1981 2622 effectus
2017 2586 2218 2634 sequentis.
2264 2587 2313 2622 Et
2339 2594 2495 2635 propter

1440 2641 1514 2676 hoc
1539 2639 1693 2688 ponitur
1720 2638 1814 2675 inter
1841 2638 2034 2685 generales
2063 2651 2195 2675 causas
2222 2639 2378 2687 peccati.
2417 2639 2495 2676 Sed

1440 2691 1694 2740 imprudentia
1729 2690 1940 2727 secundum
1977 2690 2172 2739 propriam
2209 2691 2392 2728 rationem
2426 2692 2494 2729 im-

1440 2752 1565 2793 portat
1581 2744 1717 2780 vitium
1737 2743 1880 2779 morale
1895 2741 1920 2780 ⁶.
1950 2744 1999 2780 Et
2017 2743 2103 2780 ideo
2122 2744 2242 2791 magis
2260 2751 2385 2792 potest
2402 2744 2495 2792 poni

1441 2797 1604 2846 speciale
1632 2803 1842 2845 peccatum.

1493 2851 1552 2886 An
1580 2860 1738 2885 TERTmM
1766 2859 1949 2884 DmENDuM
1977 2848 2080 2896 quod
2116 2848 2269 2896 quando
2303 2848 2494 2897 corruptio

1442 2902 1677 2940 diversarum
1715 2900 2075 2937 circumstantiarum
2110 2901 2224 2937 habet
2251 2900 2353 2938 idem
2384 2901 2495 2938 moti-

1441 2967 1555 3001 vum,
1594 2966 1671 2990 non
1710 2953 1982 2990 diversificatur
2013 2953 2158 3001 peccati
2194 2953 2358 3002 species:
2400 2954 2495 2991 sicut

1443 3007 1612 3044 eiusdem
1641 3006 1779 3054 speciei
1808 3013 1863 3042 est
1888 3013 2087 3054 peccatum
2115 3013 2157 3042 ut
2183 3006 2313 3054 aliquis
2336 3006 2494 3055 accipiat

1442 3072 1520 3097 non
1548 3071 1616 3096 sua
1643 3058 1708 3095 ubi
1726 3063 1738 3079 ⁸
1766 3070 1844 3095 non
1873 3058 1997 3104 debet,
2024 3066 2059 3095 et
2077 3058 2232 3106 quando
2261 3071 2339 3095 non
2367 3059 2490 3096 debet.

1443 3112 1520 3149 Sed
1547 3112 1577 3148 si
1602 3111 1673 3148 sint
1701 3111 1851 3148 diversa
1878 3111 2033 3158 motiva,
2061 3118 2151 3148 tunc
2170 3118 2293 3148 essent
2320 3111 2491 3148 diversae

1442 3164 1602 3214 species:
1623 3171 1713 3212 puta
1733 3163 1762 3200 si
1776 3175 1874 3200 unus
1893 3163 2079 3212 acciperet
2096 3164 2198 3200 unde
2213 3162 2226 3189 ἶ
2244 3176 2322 3200 non
2337 3163 2491 3200 deberet

1442 3225 1483 3254 ut
1501 3218 1639 3254 faceret
1666 3216 1839 3252 iniuriam
1859 3216 1944 3252 loco
1964 3228 2083 3263 sacro,
2112 3216 2216 3264 quod
2244 3216 2382 3252 faceret
2407 3229 2491 3265 spe-

1493 3330 1517 3362 3)
1537 3330 1645 3355 morale.
1662 3344 1681 3349 —
1699 3331 1811 3355 mortale
1830 3330 1947 3356 PDGLa.
1965 3343 1983 3350 -
2002 3331 2051 3355 Pro
2065 3330 2139 3362 poni,
2159 3330 2212 3355 dici
2229 3330 2275 3355 Pa.

1492 3366 1514 3398 ε)
1534 3365 1586 3389 ubi.
1604 3378 1622 3384 -
1640 3368 1665 3390 et
1684 3365 1728 3390 ubi
1746 3365 1793 3390 Pa.
1810 3379 1828 3385 -
1846 3365 1897 3390 Pro
1915 3365 1992 3390 debet
2009 3366 2092 3398 primo
2114 3366 2186 3396 loco,
2205 3365 2310 3390 deberet
2328 3365 2493 3390 PABEFLsx

1439 3406 1464 3425 et
1481 3407 1506 3428 a,
1527 3400 1621 3424 debent
1638 3400 1694 3432 Ipx.

1489 3434 1514 3468 ζ)
1535 3435 1611 3460 unde.
1629 3448 1648 3455 -
1665 3435 1708 3460 ubi
1727 3435 1773 3460 Pa.
