2892 4056
201 2272 234 2293 ·S.
241 2271 285 2294 Th.
296 2272 409 2294 lect.xxu.

200 2323 279 2372 scili:
287 2330 393 2372 *1221'1'53411
400 2336 409 2340 '

200 2590 210 2600 ·
225 2589 248 2610 1·
262 2589 307 2611 112¹⁰
318 2606 324 2616 ,
344 2595 382 2617 qu.

455 176 504 221 84
1169 176 1435 222 QUAEs‘rio
1465 179 1515 223 x,
1545 177 1841 214 ARTICULUS
1868 177 1902 213 v

450 258 559 282 nostro
583 262 689 283 cavere
713 252 822 293 possit,
848 263 911 282 non
937 260 1041 283 tamen
1066 254 1174 284 debet:
1199 254 1274 294 quia
1297 264 1363 285 non
1387 262 1511 286 tenetur

450 295 601 336 impedire
625 306 679 327 eos
703 307 720 326 a
744 297 837 327 sacris
861 297 935 327 suis.

505 342 645 380 Apparet
664 347 769 371 autern
793 341 873 371 hanc
897 340 1191 371 determinationem
1213 351 1279 372 esse
1302 352 1418 379 veram,
1435 343 1510 383 quia

450 393 486 413 ex
502 393 537 413 ea
554 384 719 415 solvuntur
735 384 931 414 difficultates
947 385 1121 414 accidentes
1137 384 1169 414 in
1186 384 1381 422 huiusmodi,
1394 387 1510 417 scilicet

450 427 488 457 de
511 428 718 458 vendentibus
742 428 880 458 ballistas
903 435 1047 468 tempore
1070 428 1144 458 belli
1167 429 1284 460 iniusti.
1310 430 1345 460 In
1361 430 1410 460 his
1425 431 1510 460 enim
1535 456 1537 465 ‚

448 471 592 502 venditor
615 482 679 502 non
703 472 808 502 solum
832 478 946 512 potest,
964 473 1017 502 sed
1035 479 1168 509 tenetur,
1185 480 1341 513 quantum
1357 474 1389 504 in
1404 484 1437 504 se
1453 482 1508 510 est,
1535 477 1536 509 ἶ

1535 518 1536 531 ³
1562 518 1634 548 loco
1658 517 1788 547 inferius
1802 517 1819 536 '⁸‘
1842 517 1898 548 erit
1922 527 2036 548 sermo.

448 514 600 555 impedire
615 516 735 546 bellum
752 516 920 546 iniustum:
938 517 1041 547 multo
1059 516 1159 556 magis
1175 527 1272 557 quam
1288 517 1508 557 particularem

1563 254 1803 295 oppressionem
1826 254 1982 295 pauperis.
2007 255 2047 285 Et
2069 262 2233 295 propterea
2256 256 2307 286 isti
2329 266 2395 286 non
2413 262 2617 286 excusantur:

1563 298 1643 328 sicut
1665 307 1722 328 nec
1745 298 1914 328 vendentes
1937 307 2096 329 venenum
2119 299 2236 330 conscii
2259 300 2297 331 de
2319 299 2404 330 malo
2421 309 2483 330 usu
2498 299 2617 330 futuro.

1564 342 1651 372 Sicut
1674 341 1759 372 enim
1782 348 1906 372 tenetur
1928 342 2000 382 quis
2023 341 2143 373 auferre
2166 342 2306 382 gladium
2325 344 2364 374 de
2379 354 2477 374 manu
2497 343 2617 378 furiosi,

1563 386 1605 416 ita
1634 392 1757 416 tenetur
1784 386 1823 415 ad
1852 385 2091 426 impediendum
2118 386 2320 418 huiusmodi:
2344 394 2375 418 et
2403 394 2490 418 tanto
2518 386 2622 427 magist

1563 436 1684 470 quanto
1708 429 1775 460 sola
1798 429 1964 469 negatione
1986 430 2178 460 venditionis
2199 430 2261 462 hoc
2282 437 2428 471 possunt.
2450 431 2499 462 De
2514 430 2621 461 vendi—

1563 473 1684 503 toribus
1714 480 1820 504 autem
1849 473 2030 504 taxillorum
2061 479 2091 504 et
2120 474 2260 505 aliorum
2286 475 2471 506 huiusmodi
2498 475 2530 505 in
2557 485 2617 505 suo
2644 495 2655 505 ⁴

1231 632 1547 673 ARTICULUS
1578 631 1832 683 QUINTUS

1042 711 1194 742 UTRUM
1219 711 1315 742 s1NT
1340 711 1502 742 PLURES
1526 711 1840 742 INFIDELITATIS
1863 711 2032 743 spe-ems

1381 777 1455 807 lnfra,
1475 784 1520 809 qu.
1538 784 1571 807 xl,
1591 781 1639 801 art.
1661 784 1682 800 1.

530 855 537 868 r
573 860 630 918 {f
655 850 677 874 D
698 850 858 880 QUlNTUM
879 853 931 877 sn:
958 852 1196 878 PROCEDITUR.
1225 841 1384 878 Videtur
1403 842 1507 888 quod

458 944 623 1022 '55525
657 944 758 981 enim
787 946 883 983 fides
914 955 949 983 et
977 947 1180 983 infidelitas
1208 947 1282 983 sint
1309 946 1506 993 contraria,

446 1154 557 1190 etiam
587 1156 779 1194 obiectum
808 1158 1036 1196 infidelitatis
1057 1167 1112 1196 est
1130 1160 1269 1197 veritas
1288 1159 1430 1207 prima:
1461 1171 1506 1194 ea

442 1219 535 1243 vero
566 1220 664 1256 quae
693 1210 870 1248 discredit
906 1212 1069 1249 infidelis
1106 1212 1346 1249 materialiter
1374 1223 1417 1247 se
1440 1211 1505 1251 hav
1531 1245 1533 1253 s

1531 1266 1533 1276 '
1559 1262 1735 1298 tendatur
1763 1265 1974 1300 secundum
1999 1269 2013 1292 Υ
2039 1266 2365 1314 comparationem
2400 1266 2452 1302 ad
2475 1266 2619 1313 fidem,

444 1259 534 1296 bent
551 1261 590 1297 in
609 1261 840 1301 infidelitate.
863 1265 940 1301 Sed
961 1265 1170 1302 differentia
1190 1265 1401 1301 secundum
1422 1275 1505 1312 spe—

444 1312 539 1350 ciem
551 1326 633 1364 *non
648 1317 848 1354 attenditur
862 1319 1072 1354 secundum
1088 1317 1270 1367 principia
1285 1315 1504 1363 materialia,
1531 1331 1533 1369 ὲ

443 1366 510 1403 sed
539 1367 750 1405 secundum
783 1370 969 1419 principia
998 1369 1179 1408 formalia.
1215 1371 1316 1419 Ergo
1347 1369 1505 1406 infideli·
1530 1372 1532 1410 l

441 1418 526 1455 tatis
553 1433 632 1457 non
661 1430 748 1458 sunt
777 1423 950 1461 diversae
979 1424 1125 1472 species
1149 1423 1363 1461 secundum
1382 1423 1505 1460 diver·
1530 1426 1532 1459 ζ

1530 1483 1531 1502 ³
1560 1475 1766 1524 dupliciter.
1806 1475 1905 1522 Quia
1940 1484 2004 1513 aut
2032 1476 2200 1514 renititur
2231 1476 2323 1514 fidei
2355 1477 2527 1515 nondum
2557 1475 2619 1518 sue'

443 1471 590 1509 sitatem
620 1486 755 1511 eorum
785 1478 822 1512 in
851 1477 989 1524 quibus
1019 1477 1192 1514 infideles
1221 1484 1355 1513 errant.

496 1536 531 1561 2.
562 1527 799 1574 PRAETEREA,
830 1529 984 1567 infinitis
1013 1530 1139 1567 modis
1168 1537 1292 1579 potest
1320 1528 1454 1577 aliquis
1483 1540 1504 1564 a
1530 1549 1531 1580 g

441 1578 597 1615 veritate
617 1580 707 1617 fidei
733 1582 897 1620 deviare.
928 1582 968 1620 Si
987 1583 1098 1631 igitur
1117 1583 1328 1620 secundum
1350 1581 1504 1618 diversi·
1529 1584 1531 1596 ⁴

441 1639 535 1668 tates
569 1645 740 1671 errorum
771 1636 942 1674 diversae
976 1636 1122 1685 species
1157 1635 1387 1674 infidelitatis
1416 1634 1504 1671 assi·
1529 1644 1531 1678 ς

441 1693 611 1732 gnentur‚
632 1687 783 1725 videtur
807 1689 911 1736 sequi
942 1690 1046 1738 quod
1076 1689 1147 1726 sint
1176 1689 1342 1739 infinitae
1371 1688 1504 1726 infide-

440 1737 548 1774 litatis
578 1740 732 1786 species.
763 1743 812 1778 Et
831 1742 879 1778 ita
900 1743 1119 1779 huiusmodi
1145 1743 1290 1792 species
1319 1754 1396 1778 non
1417 1748 1503 1777 sunt
1529 1762 1530 1772 κ

1529 1838 1530 1844 ¹
1558 1795 1745 1843 assignari
1766 1803 1840 1831 tres
1867 1794 2082 1843 praedictae
2107 1794 2262 1844 species
2279 1795 2519 1832 infidelitatis.
2534 1814 2559 1823 -
2575 1794 2618 1845 Si

441 1791 751 1831 considerandae.

496 1844 530 1880 3.
564 1845 795 1894 Pmmzam,
821 1848 923 1885 idem
953 1860 1030 1885 non
1060 1848 1250 1885 invenitur
1278 1850 1316 1886 in
1346 1847 1503 1885 diversis

440 1897 651 1945 speciebus.
688 1900 762 1938 Sed
793 1901 972 1950 contingit
1001 1901 1166 1950 aliquem
1197 1899 1277 1938 esse
1307 1901 1502 1938 infidelem
1528 1919 1530 1938 ³

441 1961 486 1986 ex
515 1962 561 1986 eo
591 1954 693 2000 quod
724 1962 821 1991 errat
849 1955 947 1991 circa
977 1954 1138 1992 diversa.
1174 1955 1276 2003 Ergo
1306 1954 1503 1992 diversitas
1528 1987 1530 2001 ,

441 2015 612 2041 errorum
648 2018 725 2043 non
761 2008 847 2044 facit
880 2008 1050 2045 diversas
1084 2008 1230 2056 species
1263 2008 1501 2046 infidelitatis.

440 2056 502 2092 Sic
530 2057 640 2106 igitur
667 2059 895 2098 infidelitatis
924 2073 1002 2098 non
1031 2069 1118 2098 sunt
1144 2061 1271 2110 plures
1299 2061 1456 2110 species.

492 2110 567 2147 SED
596 2123 741 2150 CONTRA
770 2126 834 2150 EST
889 2113 967 2151 uod
995 2114 1122 2151 unicui
1151 2127 1199 2151 ue
1227 2113 1353 2151 virtuti
1381 2127 1404 2151 0
1462 2126 1502 2151 o-

863 2126 887 2163 q
1125 2127 1149 2162 q
1406 2126 1459 2163 pp
1528 2149 1530 2176 ἰ
1557 2167 1712 2205 alicuius
1726 2167 1871 2216 peccati
1886 2173 2010 2216 potest
2025 2165 2144 2215 accipi
2158 2164 2367 2215 dupliciter.
2379 2165 2466 2203 Uno
2481 2164 2612 2215 modo,

438 2171 577 2200 nuntur
594 2165 721 2213 plures
746 2167 892 2215 species
910 2167 1106 2205 vitiorum:
1131 2168 1269 2204 bonum
1295 2167 1396 2204 enim
1415 2179 1502 2205 con-

438 2217 547 2266 tingit
578 2230 651 2255 uno
685 2221 816 2266 modo,
855 2221 998 2258 malum
1035 2232 1124 2258 vero
1159 2220 1428 2269 multipliciter,
1461 2228 1503 2258 ut

437 2278 541 2318 patet
566 2283 636 2319 per
663 2272 914 2322 Dionysium,
940 2286 976 2310 1v
1008 2286 1090 2322 cap.
1124 2273 1170 2310 de
1197 2274 1284 2310 Div.
1314 2274 1431 2311 Nom.
1461 2273 1500 2319 ²¹³,

440 2330 476 2359 et
493 2336 563 2372 per
590 2325 880 2375 Philosophum,
907 2327 945 2363 in
965 2327 997 2363 Il
1017 2327 1137 2363 Ethic.
1159 2325 1180 2347 ’¹‘
1209 2327 1286 2363 Sed
1317 2327 1414 2363 fides
1447 2333 1502 2363 est

439 2389 515 2413 una
529 2377 659 2415 virtus.
682 2379 783 2427 Ergo
805 2380 837 2416 ei
860 2388 1108 2429 opponuntur
1128 2379 1255 2427 plures
1276 2378 1503 2416 infidelitatis
1526 2404 1528 2415 2
2598 2428 2602 2430 ἡ

1494 2463 1496 2467 ,
1555 2432 1702 2470 bonurn
1735 2445 1757 2470 a
1790 2444 1868 2480 quo
1907 2430 2095 2468 receditur
2133 2437 2189 2467 est
2225 2430 2383 2468 formale
2420 2425 2614 2479 obiectun'i

438 2442 594 2478 species.
1468 2474 1469 2477 Ἰ

492 2484 717 2522 RESPONDEO
735 2497 920 2522 mOENDUM
940 2485 1045 2533 quod
1066 2484 1256 2532 quaelibet
1272 2485 1391 2522 virtus
1411 2498 1500 2522 con-

439 2535 532 2572 sistit
550 2536 587 2572 in
606 2538 680 2574 hoc
700 2538 804 2586 quod
833 2538 987 2585 attingat
1006 2543 1023 2559 ‘²
1052 2538 1220 2586 regulam
1251 2538 1417 2586 aliquam
1438 2550 1500 2575 co-

438 2588 614 2636 gnitionis
633 2591 694 2627 vel
715 2591 944 2640 operationis
973 2592 1179 2636 humanae,
1208 2597 1249 2627 ut
1278 2603 1393 2640 supra
1406 2591 1428 2613 '¹‘
1447 2591 1500 2629 di-

438 2650 540 2679 ctum
562 2651 627 2680 est.
657 2645 849 2692 Attingere
870 2651 996 2681 autem
1016 2645 1185 2692 regulam
1207 2651 1263 2681 est
1280 2656 1359 2682 uno
1380 2645 1498 2682 modo

439 2696 536 2732 circa
563 2709 681 2734 unam
710 2697 930 2735 materiam:
961 2698 1029 2734 sed
1048 2710 1072 2734 a
1089 2698 1217 2745 regula
1238 2697 1389 2734 deviare
1410 2710 1499 2735 con-

438 2749 542 2796 tingit
569 2750 833 2799 multipliciter.
863 2751 912 2787 Et
937 2750 1024 2788 ideo
1043 2750 1107 2788 uni
1125 2749 1254 2787 virtuti
1272 2751 1390 2788 multa
1409 2750 1499 2788 vitia

438 2810 695 2850 opponuntur.
725 2803 933 2840 Diversitas
954 2812 1081 2840 autern
1101 2803 1279 2840 vitiorum
1300 2815 1399 2852 quae
1417 2803 1500 2840 uni—

438 2855 573 2903 cuique
589 2854 605 2885 β
622 2857 748 2894 virtuti
764 2856 969 2906 opponitur
988 2864 1113 2906 potest
1133 2856 1362 2894 considerari
1379 2856 1500 2906 dupli-

438 2907 538 2945 citer.
555 2909 642 2946 Uno
657 2911 789 2957 modo,
806 2910 1016 2948 secundum
1034 2909 1223 2947 diversam
1237 2908 1498 2949 habitudinem

438 2962 486 2998 ad
505 2962 696 3000 virtutem.
727 2964 775 3000 Et
795 2963 1005 3002 secundum
1025 2963 1100 3000 hoc
1121 2962 1393 3000 determinatae
1412 2970 1501 3000 sunt

438 3015 627 3062 quaedam
651 3017 797 3065 species
825 3017 1003 3054 vitiorum
1033 3028 1131 3064 quae
1159 3023 1407 3066 opponuntur
1425 3015 1499 3053 vir-

438 3067 525 3104 tuti:
556 3069 651 3105 sicut
676 3070 803 3106 virtuti
833 3070 967 3107 morali
996 3069 1202 3118 opponitur
1225 3081 1344 3106 unum
1363 3069 1497 3106 vitium

439 3121 650 3158 secundum
679 3134 875 3160 excessum
905 3123 955 3160 ad
975 3123 1165 3169 virtutem,
1187 3129 1223 3159 et
1242 3122 1343 3170 aliud
1361 3122 1497 3159 vitium

438 3174 649 3213 secundum
675 3176 862 3213 defectum
884 3188 905 3212 a
923 3175 1072 3213 virtute.
1089 3197 1113 3204 -
1130 3175 1214 3212 Alio
1235 3174 1354 3212 modo
1374 3182 1499 3225 potest

439 3228 668 3266 considerari
703 3228 901 3266 diversitas
929 3228 1110 3267 vitiorum
1141 3227 1406 3278 oppositorum
1434 3227 1498 3266 uni

491 3341 518 3372 α)
537 3340 663 3373 attingat.
681 3353 700 3358 -
718 3339 829 3371 attingit
848 3339 972 3362 PCEan.

492 3375 517 3408 β)
537 3375 685 3407 unicuique.
702 3389 722 3394 -
740 3375 787 3399 uui
806 3375 836 3400 Β.
854 3388 871 3391 -
890 3374 940 3398 Pro
958 3374 1109 3406 opponitur,
1129 3376 1299 3406 opponuntur
1317 3373 1355 3398 Pl.

490 3412 517 3444 γ)
535 3411 688 3436 secundum.
705 3424 722 3429 -
741 3411 813 3435 circa
833 3410 878 3434 Pa.

491 3445 515 3479 ὃ)
535 3447 580 3471 sic.
598 3460 610 3465 -
634 3449 697 3471 tunc
716 3446 760 3474 Pa,
780 3453 834 3470 om.
853 3445 872 3470 1.

492 3483 512 3513 ε)
532 3482 611 3514 quod.
630 3495 647 3500 —
665 3488 724 3506 cum
744 3481 840 3505 addunt
859 3480 1044 3512 BDFHLpAC.

1534 840 1536 877 ἔ
1561 839 1688 876 virtuti
1717 843 1926 879 secundum
1955 843 2237 891 corruptionem
2260 842 2498 881 diversorum
2519 855 2617 892 quae

655 903 734 928 non
748 893 820 929 sint
834 895 960 941 plures
976 894 1204 931 infidelitatis
1228 894 1384 943 species.
1407 894 1507 930 Cum
1533 911 1535 939 ff
1562 893 1611 930 ad
1637 894 1814 931 virtutem
1848 896 2099 944 requiruntur.
2134 896 2184 933 Et
2210 895 2425 932 secundum
2450 897 2525 933 hoc
2552 895 2622 932 uni

516 989 535 999 Ἴ
554 987 576 999 γ
1560 946 1704 993 virtuti,
1733 955 1826 996 puta
1853 949 2125 998 temperantiae
2153 949 2214 986 vel
2244 948 2467 995 fortitudini,
2497 960 2618 997 oppo—

499 1009 511 1022 κ
529 987 804 1045 NJoportet
833 1001 936 1047 quod
967 1000 1038 1036 sint
1068 1000 1165 1037 circa
1190 1000 1305 1037 idem.
1337 1000 1414 1036 Sed
1434 1000 1507 1036 for·
1532 997 1534 1048 j
1562 1007 1702 1036 nuntur
1739 1000 1884 1038 infinita
1921 1002 2030 1049 vitiae,
2074 1003 2287 1039 secundum·
2322 1002 2426 1050 quod
2464 1001 2621 1038 infinitis

445 1049 544 1084 male
574 1049 765 1086 obiectum
788 1051 879 1089 fidei
908 1060 963 1089 est
990 1053 1128 1090 veritas
1147 1053 1283 1103 prima,
1304 1066 1326 1090 a
1346 1065 1422 1103 qua
1441 1053 1506 1089 ha·
1532 1069 1534 1092 ;

445 1102 507 1138 bet
524 1102 719 1150 unitatem,
740 1103 827 1142 licet
844 1107 964 1142 multa
983 1106 1224 1143 materialiter
1243 1106 1381 1144 credat.
1403 1105 1505 1153 Ergo
1532 1109 1533 1138 ἰ

1532 1152 1533 1187 l
1561 1157 1607 1193 de
1629 1165 1665 1193 et
1683 1158 1923 1206 Pythagorici
1958 1160 2105 1196 malum
2131 1169 2343 1208 posuerunt
2360 1160 2562 1198 infinitum.

1560 1052 1686 1089 modis
1725 1054 1904 1102 contingit
1942 1055 2110 1093 diversas
2148 1054 2446 1095 circumstantias
2473 1054 2620 1091 virtutis

1561 1106 1766 1154 corrumpi,
1788 1115 1827 1143 ut
1845 1120 1868 1143 a
1888 1107 2109 1145 rectitudine
2128 1107 2273 1144 virtutis
2301 1105 2509 1145 recedatur.
2539 1107 2616 1144 Un-

1613 1209 1674 1245 Sic
1704 1221 1793 1257 ergo
1822 1211 2031 1248 dicendum
2058 1220 2115 1250 est
2140 1213 2256 1260 quod,
2278 1213 2311 1250 si
2336 1213 2536 1251 infideLitas
2563 1220 2617 1249 at-

1560 1313 1732 1352 diversae
1761 1323 1847 1353 sunt
1874 1316 2103 1354 infidelitatis
2132 1317 2275 1366 species
2305 1325 2340 1354 et
2366 1325 2530 1355 numero
2554 1318 2620 1355 de-

1559 1367 1793 1406 terminatae.
1820 1369 1918 1406 Cum
1940 1369 2041 1407 enim
2061 1367 2261 1419 peccatum
2282 1368 2508 1408 infidelitatis
2528 1366 2620 1409 con-⁷
2818 1371 2823 1397 ’-

1559 1420 1663 1458 sistat
1690 1422 1727 1459 in
1757 1422 1952 1460 renitendo
1981 1422 2091 1470 fidei,
2130 1424 2204 1460 hoc
2240 1431 2364 1472 potest
2401 1422 2622 1474 confingere

1559 1536 1731 1577 sceptae:
1771 1537 1807 1565 et
1834 1529 1917 1565 talis
1951 1537 2006 1566 est
2038 1529 2239 1566 infidelitas
2269 1540 2506 1578 paganorum
2534 1529 2620 1567 sive

1557 1582 1764 1630 gentilium.
1780 1584 1857 1619 Aut
1871 1582 2038 1619 renititur
2051 1582 2141 1620 fidei
2152 1582 2387 1620 Christianae
2402 1587 2621 1638 susceptae?

1557 1634 1619 1671 vel
1648 1636 1687 1672 in
1715 1635 1857 1683 figura,
1896 1642 1931 1671 et
1959 1635 2013 1672 sic
2045 1642 2100 1672 est
2134 1635 2335 1673 infidelitas
2363 1632 2616 1686 ludaeorum‘3

1556 1688 1619 1724 vel
1647 1688 1684 1725 in
1713 1689 1795 1737 ipsa
1823 1687 2128 1725 manifestatione
2145 1687 2324 1735 veritatis,
2345 1696 2382 1725 et
2408 1688 2462 1726 sic
2489 1685 2616 1730 estin*-

1557 1741 1719 1779 fidelitas
1737 1741 2030 1778 haereticorum.
2060 1741 2172 1778 Unde
2200 1741 2238 1778 in
2265 1741 2432 1789 generali
2457 1749 2619 1790 possunt

1556 1859 1650 1884 vero
1672 1848 1947 1897 distinguantur
1975 1847 2202 1885 infidelitatis
2230 1847 2375 1896 species
2403 1847 2617 1898 secundum

1558 1913 1726 1938 errorem
1747 1901 1785 1938 in
1806 1899 1965 1940 diversis
1985 1912 2083 1950 quae
2108 1900 2156 1938 ad
2176 1899 2294 1937 fidem
2312 1896 2514 1950 pertinent,
2532 1897 2619 1947 εἰς·ιι

1557 1967 1635 1992 non
1664 1962 1751 1992 sunt
1779 1953 2052 1992 determinatae
2080 1952 2308 1991 infidelitatis
2335 1953 2501 2003 species:
2527 1965 2616 2003 pos-

1558 2017 1644 2045 sunt
1673 2008 1775 2045 enim
1810 2019 1959 2044 errores
1994 2007 2031 2044 in
2068 2006 2258 2045 infinitum
2287 2005 2546 2056 multiplicari,
2563 2014 2617 2048 :ut

1528 2074 1530 2110 j
1557 2068 1661 2110 patet
1678 2072 1747 2110 per
1766 2060 2033 2108 Augusfinum,
2054 2059 2093 2096 in
2112 2059 2209 2097 libro
2227 2060 2274 2096 de
2290 2060 2524 2097 Haeresibus
2541 2058 2573 2096 ⁸.
2604 2082 2607 2090 ι

1609 2115 1668 2151 Αι)
1689 2125 1825 2151 PR1MUM
1845 2124 1942 2151 ERGO
1962 2125 2147 2154 mcENDUM
2175 2113 2280 2162 quod
2298 2117 2311 2134 ⁸
2329 2112 2498 2156 formalis
2519 2110 2614 2150 ratio

1557 2220 1770 2258 secundum
1799 2219 2049 2257 intentionem
2076 2218 2289 2268 peccantis:
2320 2226 2356 2256 et
2381 2218 2436 2256 sic
2458 2217 2470 2243 ²
2497 2217 2537 2255 id
2564 2216 2614 2266 ad

1556 2273 1663 2322 quod
1690 2273 2112 2322 convertimpeccans
2145 2279 2200 2308 est
2227 2271 2386 2309 formale
2420 2271 2615 2312 obiectum

1555 2327 1720 2375 peccati;
1759 2334 1795 2363 et
1824 2338 1869 2362 ex
1896 2327 1971 2362 hoc
1999 2324 2304 2363 diversificantur
2339 2324 2420 2361 eius
2456 2323 2614 2374 speciem·

1555 2379 1641 2416 Alio
1661 2379 1793 2427 modo,
1814 2378 2026 2416 secundum
2047 2378 2234 2414 rationem
2254 2377 2360 2414 mali:
2391 2384 2427 2414 et
2450 2376 2503 2414 sic
2522 2376 2614 2420 illud

1553 2485 1719 2534 peccati;
1753 2485 1820 2522 sed
1849 2497 1895 2522 ex
1923 2485 1996 2522 hac
2026 2491 2132 2533 parte
2159 2490 2362 2533 peccatum
2394 2495 2473 2522 non
2499 2472 2615 2523 habe't

1553 2539 1738 2587 speciem,
1767 2538 1888 2575 immo
1915 2537 2078 2586 privatio
2108 2544 2164 2574 est
2191 2536 2332 2585 speciei
2354 2542 2384 2573 η.
2415 2536 2478 2574 Sic
2505 2535 2616 2585 igitur

1554 2591 1759 2628 dicendum
1788 2598 1844 2628 est
1871 2591 1975 2640 quod
2002 2589 2231 2628 infidelitatis
2257 2589 2450 2627 obiectum
2474 2596 2532 2626 est
2547 2601 2614 2626 ve·

1552 2644 1641 2682 ritas
1668 2644 1792 2693 prima
1820 2644 1915 2681 sicut
1933 2656 1955 2681 a
1972 2655 2051 2693 qua
2080 2641 2242 2680 recedite
2270 2643 2338 2680 sed
2355 2643 2514 2680 formale
2533 2642 2614 2679 eius

1553 2697 1747 2734 obiectum
1776 2697 1871 2734 sicut
1890 2697 1939 2734 ad
1958 2697 2062 2744 quod
2091 2692 2322 2732 convertitur
2349 2702 2406 2732 est
2430 2695 2613 2743 sententia

1552 2750 1646 2787 falsa
1673 2761 1790 2798 quam
1811 2749 1999 2798 sequitur;
2029 2757 2066 2786 et
2084 2760 2129 2786 ex
2146 2749 2219 2787 hac
2240 2755 2348 2798 parte
2369 2748 2448 2785 eius
2467 2746 2613 2798 species

1554 2802 1866 2840 diversificantur.
1896 2802 2008 2840 Unde
2037 2802 2132 2839 sicut
2160 2801 2293 2838 caritas
2321 2808 2378 2838 est
2404 2814 2493 2850 una,
2514 2813 2613 2850 quae

1552 2856 1721 2893 inhaeret
1749 2867 1900 2892 summo
1929 2855 2045 2901 bono,
2072 2862 2159 2892 sunt
2186 2861 2315 2891 autern
2344 2854 2495 2892 diversa
2522 2853 2613 2892 vitia

1553 2909 1695 2946 caritati
1723 2908 1909 2958 opposita,
1939 2920 2036 2958 quae
2063 2919 2133 2958 per
2161 2907 2454 2944 conversionem
2483 2907 2531 2945 ad
2559 2904 2614 2949 ὤ·

1551 2975 1663 3000 versa
1692 2962 1794 2999 bona
1822 2960 2045 3011 temporalia
2073 2959 2258 2998 recedunt
2284 2960 2332 2997 ab
2351 2972 2430 2998 uno
2459 2958 2612 3000 sumfflo

1552 3015 1674 3063 bono,
1704 3023 1740 3052 et
1767 3014 1904 3052 iterum
1934 3013 2146 3052 secundum
2176 3013 2344 3052 diversas
2371 3002 2612 3063 habitudineg

1551 3068 1785 3106 inordinatas
1813 3068 1861 3106 ad
1889 3069 2038 3114 Deum;
2076 3067 2127 3105 ita
2158 3066 2272 3105 etiam
2309 3066 2410 3104 fides
2444 3074 2502 3104 est
2523 3079 2613 3105 runa

1551 3123 1682 3169 virtus,
1704 3134 1749 3158 ex
1780 3122 1855 3158 hoc
1875 3121 1980 3170 quod
1999 3121 2181 3158 adhaeret
2197 3120 2263 3157 uni
2281 3120 2426 3169 primae
2445 3119 2611 3165 veritati}

1553 3176 1618 3213 sed
1638 3174 1868 3212 infidelitatis
1887 3173 2033 3223 species
2062 3181 2150 3210 sunt
2172 3174 2326 3222 multae,
2347 3185 2392 3210 ex
2410 3174 2487 3210 hoc
2505 3170 2611 3222 quod

1552 3227 1725 3266 infideles
1747 3227 1916 3266 diversas
1935 3227 2047 3264 falsas
2066 3223 2079 3247 θ
2100 3225 2303 3264 sententias
2322 3223 2579 3276 sequuntur.'³
2604 3229 2609 3238 ²

1602 3337 1628 3369 ζ)
1646 3338 1692 3363 sic.
1710 3350 1729 3357 ·-
1746 3337 1889 3370 secundum
1908 3337 1957 3362 hoc
1976 3337 2022 3362 Pa.

1602 3375 1628 3405 η)
1643 3372 1765 3405 privan'o
1784 3375 1822 3397 est
1841 3371 1943 3404 speciei.
1962 3386 1978 3390 -
1998 3375 2037 3396 est
2051 3371 2172 3404 privatio
2184 3371 2279 3408 speciei
2297 3370 2421 3400 PCDILa,
2441 3369 2538 3403 speciei
2550 3369 2610 3402 prf-

1550 3408 1622 3433 vatio
1641 3410 1680 3433 est
1699 3407 1732 3437 G,
1751 3411 1790 3432 est
1805 3407 1925 3439 privatio
1945 3406 2046 3440 aliquae
2065 3407 2199 3432 editiones.
2241 3434 2247 3439 ,

1602 3441 1626 3475 θ)
1640 3443 1737 3477 salsas.
1754 3456 1774 3462 -
1791 3446 1817 3467 et
1828 3442 1918 3475 falsas
1937 3442 1982 3467 Ρα.

2693 500 2716 515 ιι.
2727 499 2802 521 mxu,
2813 498 2856 516 nrt.

2645 526 2664 546 2,
2700 524 2811 542 ommem.

2641 2063 2652 2075 ¹*
2666 2062 2754 2085 verens
2769 2062 2807 2085 flu.
