2892 4056
169 403 179 412 ³·
195 398 251 425 Cap.
267 403 337 419 xxvii.

172 611 181 620 ⁸
196 611 245 631 Art.
261 615 280 635 2,
295 616 318 636 4.

267 978 284 1003 *t

171 1032 179 1041 ⁸
192 1031 246 1058 Cap.
260 1036 308 1056 vni,
324 1036 346 1051 n.
358 1029 380 1050 6.

171 1068 181 1072 -
196 1057 219 1079 S.
230 1056 275 1078 Th.
287 1057 337 1078 lect.
349 1062 381 1078 ix.

170 1427 179 1437 ⁸
188 1426 293 1453 Qu.xxv‚
301 1429 342 1447 art.
357 1431 384 1453 9,

170 1452 386 1474 Comment.num.1.

407 167 483 203 214

407 235 512 272 ritate
540 235 623 284 plus
652 234 804 282 diligere
823 234 1039 282 proximum
1069 244 1183 281 quam
1214 244 1351 281 corpus
1375 246 1462 282 pro-

435 299 545 325 rium.

406 300 445 373 p>
463 341 536 377 SED
561 351 705 377 CONTRA
729 350 794 375 EST
821 339 924 386 quod
946 337 1178 384 Augustinus
1207 337 1306 384 dicit,
1328 338 1365 374 in
1386 339 1399 374 1
1419 338 1464 374 de

408 394 516 431 Doct.
543 393 674 429 Christ.
695 391 726 438 ³¹⁶,
756 391 861 438 quod
883 390 971 438 plus
994 391 1168 426 debemus
1196 390 1353 440 diligere
1375 402 1464 439 pro-

407 447 554 483 ximum
583 456 696 492 quam
725 455 860 491 corpus
881 443 1093 490 proprium.

462 500 685 534 Rsssponnsso
714 507 898 532 DlCENDUM
927 496 1030 542 quod
1064 495 1155 531 illud
1190 495 1310 543 magis
1338 504 1394 532 est
1420 506 1463 531 ex

409 550 560 588 caritate
589 548 821 596 diligendum
849 549 953 596 quod
981 547 1097 584 habet
1124 548 1336 596 pleniorem
1356 548 1466 584 ratio—

408 615 497 640 nem
519 601 704 648 diligibilis
733 612 777 636 ex
807 600 968 647 caritate,
998 608 1039 637 ut
1067 600 1210 637 dictum
1240 608 1294 637 est
1312 600 1343 637 ⁰⁸.
1366 601 1466 636 Con-

408 655 563 693 sociatio
580 662 707 690 autem
727 652 764 689 in
780 654 893 702 plena
907 653 1193 701 participatione
1213 652 1465 699 beatitudinis,

407 719 505 757 quae
526 714 581 743 est
598 706 692 743 ratio
714 705 889 754 diligendi
908 706 1139 755 proximum,
1157 713 1212 742 est
1229 705 1354 742 maior
1372 704 1465 742 ratio

408 759 583 808 diligendi
603 770 719 808 quam
733 759 969 807 participatio
989 758 1229 795 beatitudinis
1243 770 1312 807 per
1330 759 1467 795 redun—

408 813 587 859 dantiam,
608 823 707 860 quae
728 819 783 848 est
797 812 891 848 ratio
908 811 1085 859 diligendi
1104 811 1301 860 proprium
1317 823 1466 860 corpus.

407 867 456 902 Et
475 865 561 902 ideo
590 864 821 913 proximum,
842 873 1030 912 'quantum
1050 865 1099 901 ad
1123 865 1280 902 salutem
1304 864 1466 912 animae,

407 918 527 966 magis
554 918 739 955 debemus
770 918 922 965 diligere
950 929 1063 967 quam
1092 917 1291 966 proprium
1316 929 1467 966 corpus.

461 973 519 1008 An
543 982 681 1008 ramum
706 982 804 1008 ERGO
833 982 1018 1008 mensuum
1046 968 1150 1019 quo‘d
1179 970 1269 1018 quia
1287 975 1315 1018 Υ,
1335 981 1469 1008 secun-

409 1024 500 1061 dum
531 1024 821 1072 Philosophum,
842 1024 880 1061 in
901 1025 954 1060 IX
970 1024 1091 1061 Ethic.
1107 1023 1139 1071 ⁸⁸,
1159 1025 1468 1073 unumquodque

407 1077 558 1114 videtur
578 1089 658 1114 esse
678 1077 716 1114 id
736 1077 842 1125 quod
862 1085 916 1114 est
934 1076 1183 1125 praecipuum
1203 1076 1242 1113 in
1261 1077 1361 1126 ipso:
1382 1090 1468 1115 cum

477 1189 487 1222 )
507 1190 578 1221 quia.
595 1202 615 1209 —
634 1189 695 1214 Om.
714 1189 859 1219 PCDEHm
879 1197 927 1221 pto
945 1196 1014 1219 cum,
1034 1189 1105 1214 unde
1121 1197 1182 1214 cum
1201 1190 1302 1214 PDsCx
1319 1195 1346 1214 et
1363 1197 1408 1215 na.
1495 1189 1498 1255 Ι

461 1226 486 1258 ο)
506 1225 676 1258 intelligitur.
692 1238 711 1244 -
729 1225 895 1257 intelligatur
912 1224 1053 1256 ABFLpK.

1067 155 1332 201 QUAEs‘rlo
1361 156 1501 202 xxw,

1531 152 1826 190 ARTICULUS
1854 151 1905 188 Vl

1518 231 1652 269 dicitur
1671 229 1866 278 proximus
1886 240 1968 265 esse
1987 229 2108 276 magis
2128 229 2472 279 diligendusquam
2489 242 2575 278 pro-

1516 284 1642 333 prium
1672 293 1821 330 corpus,
1844 281 2056 328 intelligitur
2071 279 2086 303 ὃ
2104 282 2179 318 hoc
2207 283 2390 331 quantum
2419 283 2468 320 ad
2494 282 2576 322 ani-

1518 348 1640 382 mam,
1670 347 1768 384 quae
1797 342 1853 370 est
1879 334 2005 382 potior
2032 345 2120 381 pars
2149 334 2240 372 eius.

1571 391 1630 425 An
1663 398 1854 424 SECUNDUM
1886 398 2070 423 mcENDUM
2103 387 2209 435 quod
2241 399 2380 436 corpus
2407 396 2578 424 nostrum

1520 454 1574 483 est
1599 445 1849 495 propinquius
1877 445 2028 482 animae
2057 452 2208 482 nostrae
2236 454 2352 495 quarn
2381 446 2578 496 proximus

1519 507 1705 548 quantum
1726 498 1775 535 ad
1791 498 2096 535 constitutionem
2115 497 2291 546 propriae
2311 507 2479 536 naturae.
2502 499 2578 535 Sed

1521 559 1705 600 quantum
1741 552 1789 588 ad
1826 550 2152 600 participationem
2185 550 2424 590 beatitudinis
2458 551 2582 588 maior

1521 610 1578 641 est
1605 603 1836 641 consociatio
1865 603 2015 640 animae
2043 602 2206 652 proximi
2233 603 2282 640 ad
2310 604 2479 642 animam
2509 616 2580 641 no—

1521 664 1638 694 stram
1666 668 1782 705 quarn
1813 657 1926 693 etiam
1956 655 2125 705 corporis
2152 655 2307 704 proprii.
2574 682 2577 684 —

1574 712 1633 746 An
1661 720 1822 746 TER-rmn
1840 720 2023 747 niel-:NDUM
2049 709 2156 756 quod
2176 708 2328 745 cuilibet
2345 708 2493 747 homini
2512 709 2582 747 im-

1522 762 1640 799 minet
1659 775 1750 799 cura
1768 763 1911 811 proprii
1932 763 2122 811 corporis:
2151 773 2230 798 non
2254 768 2385 798 autem
2404 761 2579 799 imminet

1522 815 1674 852 cuilibet
1699 815 1847 852 homini
1876 823 1966 852 cura
1985 816 2033 852 de
2053 816 2171 852 salute
2198 813 2375 864 proximi,
2394 813 2466 850 nisi
2485 814 2583 850 forte

1522 868 1561 905 in
1581 879 1682 905 casu,
1713 869 1762 905 Et
1789 868 1876 905 ideo
1905 880 1983 905 non
2013 875 2069 905 est
2096 869 2143 905 de
2172 866 2395 904 necessitate
2420 865 2584 916 caritatis

1521 921 1627 970 quod
1646 921 1766 959 homo
1794 921 1994 970 proprium
2021 933 2161 969 corpus
2186 927 2356 970 ,exponat
2373 931 2445 968 pro
2463 919 2583 969 selme

1522 974 1704 1023 proximi,
1734 974 1805 1012 nisi
1832 974 1871 1011 in
1900 983 1990 1011 casu
2017 973 2123 1023 quod
2141 979 2153 995 ⁸
2172 980 2322 1010 tenetur
2356 972 2438 1009 eius
2475 971 2585 1022 saluti

1522 1027 1737 1076 providere.
1781 1027 1859 1064 Sed
1886 1028 1992 1075 quod
2025 1026 2159 1075 aliquis
2193 1033 2328 1075 sponte
2363 1025 2516 1063 adhoc
2543 1035 2585 1062 se

1525 1079 1672 1126 offerat,
1693 1079 1854 1128 pertinet
1871 1079 1922 1116 ad
1940 1079 2407 1128 perfectionem-caritatis.
2576 1091 2578 1094 ⁴

1577 1191 1599 1224 ε)
1620 1191 1699 1223 quod.
1716 1205 1736 1210 -
1753 1191 1861 1224 quando
1879 1191 1910 1221 D.
1930 1198 1990 1216 cum
2010 1191 2042 1224 G,
2059 1198 2113 1224 quo
2130 1191 2226 1217 Psan
2243 1196 2269 1218 et
2286 1199 2325 1217 as
2344 1209 2346 1211 >

1062 1302 1396 1336 Commentaria
1419 1303 1672 1339 Cardinalis
1693 1304 1894 1337 Caietam·

439 1393 460 1412 n
485 1381 617 1413 articulo
641 1382 774 1423 quinto,
798 1381 832 1411 in
855 1381 1063 1422 responsione
1085 1382 1125 1412 ad
1148 1381 1318 1420 ultimum,
1343 1383 1468 1414 adverte

413 1394 516 1457 Iduo.
540 1426 647 1456 Primo
672 1426 772 1466 quod,
796 1425 849 1456 ina
864 1426 928 1456 iam
942 1425 960 1443 ⁴¹*
973 1425 1055 1457 dicta
1073 1426 1182 1466 regula
1197 1427 1286 1476 quod
1305 1434 1470 1467 praecepta

373 1511 375 1515 Ι
410 1470 594 1501 affirmativa
617 1470 759 1510 obligant
781 1471 888 1510 quoad
908 1470 1090 1500 exercitium
1105 1470 1212 1501 solum
1227 1481 1260 1501 in
1276 1481 1350 1501 casu
1365 1481 1471 1501 neces-

194 2184 250 2211 Cap.
266 2190 346 2205 xxvnt.

176 2764 245 2792 Ἔαρ.
253 2769 310 2790 xxii,
318 2769 386 2784 xxvu.

177 2928 187 2938 ⁸
203 2927 258 2954 Cap.
277 2932 307 2953 iv,
327 2931 351 2947 n.
365 2932 386 2953 7.

409 1514 516 1551 sitatis,
526 1517 646 1545 Auctor
666 1514 741 1545 dicit
755 1515 844 1555 quod
860 1514 954 1545 etiam
970 1523 1029 1554 pro
1049 1513 1149 1546 salute
1165 1514 1320 1555 spirituali
1335 1515 1471 1555 proximi

409 1559 509 1589 homo
533 1568 600 1589 non
622 1565 746 1590 tenetur
769 1558 936 1599 proprium
959 1568 1074 1599 corpus
1093 1569 1250 1599 exponere
1274 1559 1334 1590 nisi
1347 1559 1380 1590 in
1397 1570 1471 1590 casu

409 1603 612 1634 necessitatis.
642 1603 737 1633 Extra
767 1610 874 1634 autem
897 1613 1006 1634 casum
1029 1603 1221 1634 necessitatis
1243 1604 1283 1633 ad
1306 1603 1472 1644 perfectio-

409 1657 484 1678 nem
511 1647 644 1678 caritatis
672 1647 734 1677 hoc
763 1654 893 1688 spectat.
928 1648 1060 1687 Propter
1092 1647 1181 1688 quod
1211 1647 1409 1679 laudabiliter
1439 1658 1472 1678 se
1525 1655 1599 1679 sunt
1621 1649 1654 1679 in
1677 1648 1808 1680 materia
1830 1649 2032 1685 defensionis,
2057 1655 2093 1680 ut
2114 1648 2244 1680 inferius
2259 1649 2276 1669 '¹‘
2293 1648 2442 1690 patebit„
2465 1655 2468 1688 ζ

1221 1781 1539 1824 ARTICULUS
1570 1782 1778 1824 SEXTUS
2141 1786 2150 1789 ’
2271 1775 2275 1778 ·
2318 1826 2321 1831 ,
2368 1828 2371 1837 Ι
2436 1790 2468 1840 Ιχ
2498 1773 2587 1848 *ῄζΙ

816 1873 971 1904 UTRUM
995 1874 1109 1905 UNUS
1132 1874 1351 1905 PROXIMUS
1374 1875 1441 1906 SIT
1464 1875 1596 1906 MAGIS
1619 1875 1880 1907 DlLlGENDUS
1903 1876 2030 1913 QUAM
2052 1874 2178 1906 ALIUS
2367 1876 2385 1923 ,ἵ
2423 1886 2427 1897 2
2461 1879 2505 1901 ss?
2543 1878 2589 1900 '³²3
2614 1852 2616 1854 Ι

641 1953 714 1984 Infra,
734 1961 778 1985 qu.
797 1961 864 1984 xL1v,
883 1958 929 1977 art.
949 1952 974 1984 8,
994 1954 1025 1978 ad
1047 1960 1075 1983 23
1095 1953 1126 1978 111
1146 1954 1228 1984 Sent„
1249 1954 1308 1980 dist.
1326 1962 1391 1985 xxxx,
1411 1959 1458 1979 art.
1479 1961 1506 1985 ας

499 2043 507 2056 ι
562 2046 580 2076 3
606 2036 647 2061 D
667 2035 807 2061 sax‘rUM
836 2036 889 2060 stc
918 2036 1159 2062 moeson-ua.
1180 2024 1340 2062 Videtur
1368 2024 1472 2074 quod

441 2070 450 2082 '
742 2077 938 2126 proximus
958 2089 1037 2114 non
1054 2077 1099 2114 sit
1119 2078 1239 2126 magis
1261 2077 1473 2126 diligendus

409 2247 528 2283 aeque
555 2234 736 2285 diligendi
761 2242 856 2273 sunt.
887 2237 962 2272 Sed
988 2249 1073 2274 cum
1098 2237 1270 2287 omnibus
1297 2236 1490 2285 prodesse

410 2300 501 2333 non¹
509 2287 650 2335 possis,
685 2290 742 2325 his
765 2289 1001 2338 potissimum
1030 2290 1299 2327 consulendum
1331 2295 1385 2327 est
1411 2290 1477 2338 qui

405 2353 480 2390 pro
500 2340 670 2378 locorum
690 2347 726 2378 et
743 2348 952 2391 temporum
980 2343 1040 2379 vel
1071 2342 1323 2391 quarumlibet
1344 2355 1473 2380 rerum

411 2394 758 2443 opportunitatibus,
788 2396 1020 2432 constrictius
1039 2401 1056 2417 ‘²
1076 2395 1142 2432 tihi
1173 2396 1283 2444 quasi
1308 2396 1474 2443 quadam

411 2453 510 2484 sorte
529 2449 749 2497 iunguntur.
779 2450 880 2496 Ergo
909 2449 1174 2497 proximorum
1203 2461 1302 2485 unus
1321 2461 1399 2485 non
1421 2456 1476 2485 est

413 2500 533 2547 magis
562 2501 773 2548 diligendus
801 2513 917 2549 quam
947 2502 1053 2538 alius.
1145 2503 1148 2506 ’

468 2565 502 2590 2.
533 2555 771 2599 PRAETEREA,
800 2554 867 2591 ubi
895 2567 971 2590 una
1001 2562 1036 2591 et
1056 2554 1191 2591 eadem
1222 2561 1278 2590 est
1306 2553 1400 2591 ratio
1421 2553 1475 2591 di-

411 2606 551 2654 ligendi
580 2607 765 2654 diversos,
787 2620 866 2644 non
895 2607 1008 2644 debet
1037 2620 1119 2644 esse
1148 2607 1357 2655 inaequalis
1386 2605 1476 2644 dile-

414 2659 498 2696 ctio.
531 2660 606 2698 Sed
628 2673 704 2698 una
724 2667 780 2698 est
798 2660 892 2698 ratio
914 2660 1090 2708 diligendi
1111 2673 1245 2697 omnes
1265 2660 1474 2709 proximos,

414 2712 554 2749 scilicet
581 2714 708 2759 Deus3
736 2721 778 2750 ut
803 2721 905 2762 patet
933 2726 1001 2762 per
1029 2712 1300 2761 Augustinum,
1321 2713 1359 2749 in
1389 2714 1402 2749 1
1431 2714 1476 2750 de

413 2767 522 2803 Doct.
548 2767 680 2803 Christ.
703 2767 724 2795 *-
747 2767 849 2815 Ergo
871 2779 1012 2803 -omnes
1041 2766 1237 2815 proximos
1271 2765 1498 2815 aequaliter

415 2819 567 2866 diligere
597 2820 794 2857 debemus.

470 2872 503 2908 3.
533 2872 775 2919 PRAETEREA,
814 2884 947 2909 amare
975 2877 1028 2908 est
1053 2871 1146 2909 velle
1178 2872 1317 2909 bonum
1346 2870 1477 2915 alicui,-

413 2931 455 2960 ut
474 2932 576 2973 patet
597 2938 666 2974 per
685 2925 975 2974 Philosophum,
1000 2924 1039 2962 in
1064 2926 1095 2962 II
1115 2926 1223 2977 Rhet.
1243 2924 1265 2947 '¹‘
1294 2924 1371 2962 Sed
1394 2936 1476 2962 om-

414 2977 526 3014 nibus
549 2979 732 3026 proximis
761 2979 921 3027 aequale
951 2978 1097 3015 bonum
1126 2978 1318 3024 volumus,
1339 2977 1478 3015 scilicet

412 3029 534 3067 vitam
564 3039 770 3068 aeternam.
808 3032 909 3079 Ergo
940 3043 1075 3068 omnes
1108 3030 1305 3080 proximos
1338 3040 1478 3079 aequa-

414 3080 497 3120 liter
525 3082 709 3121 debemus
740 3084 902 3132 diligere.

470 3137 543 3186 SED
573 3148 718 3174 CONTRA
746 3148 812 3174 Esr
839 3137 945 3187 quod
973 3144 1077 3174 tanto
1107 3136 1370 3186 unusquisque
1398 3147 1479 3173 ma-

415 3189 469 3238 gis
490 3189 603 3227 debet
622 3189 732 3238 diligi,
753 3198 895 3239 quanto
925 3191 1076 3238 gravius
1105 3197 1239 3239 peccat
1262 3188 1479 3238 qui-contra

1523 1390 1636 1424 sponte
1661 1391 1825 1424 exponunt
1846 1384 2000 1424 religiosi,
2035 1391 2178 1424 tempore
2196 1383 2318 1424 pestis,
2346 1384 2387 1414 nd
2416 1363 2590 1424 spiritu&
2644 1409 2655 1413 v·

1522 1427 1730 1502 ministrfffia
1752 1428 1885 1465 infectis,
1909 1429 2026 1470 quibus
2047 1428 2110 1468 ipsi
2125 1438 2191 1460 non
2206 1428 2398 1470 obligantur.
2414 1428 2464 1459 Et
2486 1428 2546 1467 sim
2549 1427 2589 1476 ‘212-

1525 1479 1571 1503 est
1593 1482 1627 1502 m
1681 1482 1728 1504 us.

1580 1516 1739 1553 Secundo,
1752 1516 1908 1547 rationem
1923 1516 2056 1547 litterae:
2076 1517 2152 1557 quia
2168 1513 2293 1547 homini*
2303 1509 2432 1547 cuilibet
2443 1511 2589 1557 imminet

1525 1570 1605 1591 cura
1619 1562 1748 1601 proprii
1762 1561 1922 1600 corporis;
1941 1570 2003 1591 non
2020 1565 2128 1591 autem
2145 1569 2225 1591 cura
2240 1561 2355 1591 saluus
2366 1559 2591 1601 proximitui&
2688 1568 2690 1571 ·
2711 1567 2713 1570 ⁴

1523 1605 1557 1635 in
1581 1614 1668 1636 casu.
1691 1605 1740 1635 Ex
1762 1605 1821 1636 hac
1840 1604 1926 1635 enim
1938 1605 2043 1638 radice
2056 1605 2176 1636 multae
2198 1604 2400 1645 quaestiones
2415 1604 2586 1645 solvendae,
2616 1628 2627 1639 .

1527 1954 1569 1979 De
1588 1954 1693 1984 Virtut„
1713 1962 1757 1987 qu.
1774 1962 1802 1986 11,
1822 1960 1868 1980 art.
1887 1962 1919 1988 93
1937 1954 1981 1979 Ad
2001 1954 2100 1984 Galat„
2120 1962 2176 1987 cap.
2194 1961 2233 1985 π,
2252 1936 2311 1980 lect..
2329 1961 2358 1980 11.
2488 1936 2501 1945 ¹¹
2556 1931 2587 1952 *H

1528 2037 1612 2061 rum
1634 2037 1751 2073 quam
1771 2025 1836 2073 qui
1856 2024 1931 2072 agit
1959 2032 2090 2062 contra
2110 2024 2353 2062 dilectionem
2372 2023 2535 2066 aliorum
2554 2022 2590 2063 l³:

1526 2078 1628 2115 unde
1648 2078 1765 2115 Levit.
1786 2090 1834 2115 xx
1848 2077 1876 2100 ³¹³·
1886 2078 2116 2128 praecipitur
2143 2077 2249 2126 quod
2266 2077 2335 2126 qui
2351 2075 2592 2130 maledixerit
2619 2083 2628 2092 ·
2642 2081 2711 2103 Vm·
2725 2087 2748 2109 ⁹·

1521 2130 1628 2179 patri
1644 2136 1712 2167 aut
1727 2130 1851 2177 matri,
1872 2136 1993 2168 morte
2011 2131 2216 2177 moriatur,
2246 2127 2354 2180 qu'od.
2379 2143 2459 2168 non
2483 2143 2592 2180 prae.-

1528 2184 1662 2232 cipitur
1681 2184 1728 2220 de
1746 2184 1805 2221 his
1833 2183 1897 2233 qui
1926 2184 2018 2221 alios
2047 2184 2224 2221 homines
2246 2183 2491 2221 maledicunt.
2522 2185 2592 2221 Er-

1526 2249 1574 2284 go
1595 2234 1785 2286 quosdam
1804 2237 2069 2286 proximorum
2089 2236 2209 2285 magis
2229 2236 2418 2274 debemus
2438 2236 2591 2285 diligere

1528 2301 1644 2338 quam
1675 2289 1781 2327 alios.
2247 2318 2249 2321 -

1581 2344 1807 2380 RESPONDEO
1836 2354 2020 2380 mcENDUM
2057 2343 2162 2391 quod
2191 2342 2290 2379 circa
2316 2343 2395 2380 hoc
2425 2341 2494 2380 fuit
2520 2314 2592 2380 dd·
2654 2370 2663 2374 -

1527 2396 1614 2444 plex
1635 2395 1777 2444 opinio.
1807 2395 1976 2443 Quidam
1996 2396 2100 2433 enim
2121 2395 2297 2432 dixerunt
2319 2395 2428 2443 quod
2447 2391 2592 2439 'omnes

1528 2447 1691 2497 proximi
1711 2455 1798 2484 sunt
1817 2447 2024 2498 aequaliter
2044 2459 2088 2485 ex
2104 2448 2256 2485 caritate
2274 2444 2453 2496 'diligendi
2472 2435 2593 2497 quitis*

1491 2514 1493 2516 ·
1528 2501 1688 2538 tum’ad
1717 2501 1909 2548 affectum,
1936 2501 2002 2538 sed
2030 2514 2108 2538 non
2138 2509 2323 2549 quantum
2353 2501 2402 2538 ad
2431 2501 2592 2539 exterio-

1529 2566 1610 2592 rem
1631 2554 1831 2601 effectum3
1860 2562 2048 2603 ponentes
2071 2554 2245 2592 ordinem
2272 2554 2480 2592 dilectionis
2510 2566 2592 2592 esse

1530 2607 1816 2655 intelligendum
1837 2608 2047 2645 secundum
2069 2607 2256 2645 exteriora
2275 2607 2475 2655 beneficia,
2492 2620 2591 2657 quae

1529 2660 1650 2709 magis
1688 2660 1874 2698 debemus
1901 2660 2123 2710 impendere
2150 2660 2476 2710 proximisquam
2503 2661 2592 2697 alie-

1529 2713 1606 2758 nis;
1636 2725 1714 2749 non
1743 2721 1871 2749 autem
1901 2713 2113 2750 secundum
2143 2713 2360 2750 interiorem
2390 2713 2588 2761 affectum,

1530 2777 1646 2815 quem
1676 2765 1884 2813 aequaliter
1916 2766 2103 2803 debemus
2136 2766 2360 2815 impendere
2389 2765 2591 2814 omnibus,

1531 2827 1644 2856 etiarn
1675 2831 1847 2857 lnlmlcls.
2370 2862 2371 2865 Ι
2503 2856 2509 2858 Ι

1584 2871 1661 2908 Sed
1688 2872 1764 2908 hoc
1783 2871 2084 2909 irrationabiliter
2113 2870 2255 2909 dicitur.
2286 2868 2379 2912 Non
2398 2870 2520 2909 enim·
2543 2863 2593 2914 f*-

1531 2936 1601 2962 nus
1631 2932 1688 2962 est
1704 2924 1899 2962 ordinatus
1927 2924 2084 2961 affectus
2114 2924 2286 2972 caritatis,
2317 2924 2384 2974 qui
2410 2932 2468 2962 est
2490 2923 2513 2932 “’
2577 2945 2592 2952 -

1530 2978 1630 3015 natio
1659 2977 1819 3026 gratiae,
1850 2977 1966 3027 quam
1996 2978 2182 3027 appetitus
2211 2978 2410 3026 naturalis,
2441 2975 2514 3027 qui*
2531 2983 2592 3016 est

1529 3030 1721 3068 inclinatio
1748 3038 1926 3068 naturae:
1954 3037 2115 3080 utraque
2136 3031 2239 3068 enim
2261 3029 2452 3068 inclinatio
2474 3036 2518 3067 ex
2539 3029 2593 3075 di÷

1529 3084 1619 3121 vina
1643 3083 1824 3133 sapientia
1851 3081 2034 3133 procedit.
2063 3083 2249 3121 Videmus
2279 3091 2406 3130 autem
2426 3082 2464 3120 in
2484 3081 2592 3129 natu*

1531 3137 1670 3174 ralibus
1699 3137 1805 3185 quod
1837 3136 2028 3174 inclinatio
2066 3137 2247 3174 naturalis
2281 3136 2594 3187 proportionamj‘·

1532 3191 1630 3227 actui
1657 3191 1719 3227 vel
1748 3189 1869 3227 motui
1905 3190 1970 3239 qui
2008 3188 2187 3227 convenit
2219 3197 2376 3227 naturae
2413 3186 2592 3236 uniuscu÷

417 3241 496 3279 eius
534 3242 774 3280 dilectionem
813 3251 1002 3293 operatur.
1047 3244 1122 3281 Sed
1160 3242 1311 3291 gravius
1346 3251 1480 3291 peccat
1530 3243 1682 3291 iusque:
1712 3243 1807 3280 sicut
1833 3251 1931 3282 terra
1949 3243 2065 3281 habet
2092 3244 2280 3280 maiorem
2308 3240 2592 3290 inclinationem

417 3294 482 3347 qui
509 3295 583 3344 agit
611 3302 742 3334 contra
771 3295 1010 3334 dilectionem
1040 3296 1255 3345 aliquorum
1283 3296 1478 3345 proximo·
1501 3292 1505 3332 Ι

470 3418 495 3450 α)
515 3419 694 3445 constrictius.
713 3433 731 3438 -
749 3419 886 3444 astrictius
905 3418 1065 3447 ABCEFGa‚
1087 3427 1138 3443 non
1158 3419 1277 3443 strictius
1300 3416 1379 3450 (enim
1399 3406 1483 3451 quasi*
1501 3417 1504 3482 Ι

416 3454 546 3486 quaedam
559 3455 646 3487 sorte)
666 3455 698 3479 D.
1260 3460 1268 3461 ‘

1531 3295 1721 3344 gravitatis
1751 3308 1867 3343 quarn
1897 3307 2008 3349 aqua,
2037 3296 2126 3346 quia
2155 3296 2343 3344 competit*
2357 3294 2392 3333 ei
2409 3301 2507 3348 {esses
2518 3295 2592 3352 Jsub

1583 3416 1607 3450 β)
1627 3418 1751 3443 aliorum.
1770 3433 1787 3437 —
1807 3407 1911 3443 illorurn
1932 3419 1949 3447 Ι,
1969 3419 2119 3450 aliquorum
2138 3418 2253 3444 aliorum
2272 3418 2319 3443 Pa.

2552 1656 2555 1658 Ι
2666 1633 2691 1649 u.
2705 1633 2767 1653 uir,
2783 1630 2827 1649 nrt.

2615 1660 2637 1683 7,
2688 1657 2784 1676 mnem-

2716 2019 2732 2053 β
