2892 4056
11 326 14 330 .
47 310 55 320 ¹
68 310 120 331 Art.
137 309 242 336 praeced.

142 358 157 391 β

44 521 55 530 ·
75 518 152 540 Tract-
180 518 256 540 xxm

44 545 69 567 in
75 544 185 570 Marmei.
190 545 255 567 loun.

45 577 95 599 up.
105 577 128 593 vi
138 587 143 597 ,
151 577 210 593 vers.
219 577 254 599 ²9.

47 602 56 612 ·
71 601 136 623 νει-ι.
153 607 170 623 ι.

140 637 157 663 Υ

20 1362 176 1394 ..Vm—⁸3·

42 1514 251 1573 mcc-:mt-

34 1671 172 1723 fvnd.
210 1671 212 1674 ’

54 2905 103 2927 ,tm

1013 174 1278 220 QUAESTIO
1308 175 1339 221 1,

334 262 372 297 4.
401 251 642 297 ΡΚΑΕΤΕΒΕΑ,
681 250 886 288 descensus
914 251 962 288 ad
991 251 1130 288 inferos
1159 259 1214 288 est
1242 264 1340 289 unus

284 302 331 340 de
359 302 520 339 articulis
547 303 658 349 fidei,
694 304 789 341 sicut
817 316 931 353 supra
949 304 969 326 *⁸
989 304 1131 341 dictum
1161 311 1226 341 est.
1263 305 1339 342 Sed

282 355 321 392 in
362 355 538 403 symbolo
576 356 731 393 Patrurn
766 355 780 386 β
818 369 895 393 non
932 358 976 394 fit
1011 357 1155 394 mentio
1193 358 1239 394 de
1277 357 1340 394 de-

283 419 420 444 scensu
438 408 486 444 ad
505 407 656 445 inferos.
687 410 788 457 Ergo
807 410 955 447 videtur
977 409 1247 447 insufficienter
1266 411 1341 447 col-

282 460 432 497 lectum.

339 513 372 550 5.
392 513 623 560 PRAETEREA,
640 514 734 551 sicut
747 514 979 562 Augustinus
994 514 1082 551 dicit
1094 514 1125 562 ²⁸⁸,
1148 527 1340 563 exponens

282 565 374 602 illud
402 566 505 602 Ioan.
527 578 587 602 X1v
604 566 635 612 *,
669 582 686 600 α
706 566 867 604 Creditis
885 571 901 595 Υ
921 567 958 603 in
986 568 1126 614 Deum,
1157 568 1249 604 etin
1277 580 1340 604 me

283 617 422 655 credite
451 634 484 665 ι»,
522 620 632 656 Petro
665 627 729 656 aut
755 619 875 656 Paulo
909 619 1119 667 credimus,
1158 621 1224 657 sed
1262 633 1340 657 non

276 670 444 707 ‘dicimur
478 673 631 709 credere
660 672 730 709 nisi
763 672 800 708 in
827 672 964 708 Deum.
1003 672 1102 708 Cum
1131 672 1241 720 igitur
1269 674 1339 710 Ec-

282 723 395 760 clesia
416 724 681 762 Catholica-sit
697 736 793 773 pure
821 723 961 772 aliquid
991 732 1170 771 creatum,
1190 726 1342 763 videtur

281 777 387 824 quod
414 776 727 814 inconvenienter
754 776 918 814 dicatur:
949 777 985 813 in
1015 790 1130 814 unam
1158 784 1338 824 sanctam,

281 830 503 867 catholicam
531 835 568 866 et
591 829 834 878 apostolicam
861 829 1080 866 Ecclesiam.

334 883 370 919 6.
400 883 642 929 PRAETEREA,
679 882 900 930 symbolum
938 882 987 918 ad
1014 883 1088 919 hoc
1116 883 1274 920 traditur
1301 891 1342 920 ut

281 934 327 971 sit
354 936 484 983 regula
511 934 614 971 fidei.
643 935 721 972 Sed
750 935 878 982 regula
900 934 991 971 fidei
1021 935 1134 972 debet
1161 936 1340 973 omnibus

279 988 444 1036 proponi
473 993 510 1023 et
535 987 698 1035 publice.
738 987 948 1034 Quodlibet
979 987 1088 1035 igitur
1120 989 1339 1036 symbolum

266 1039 436 1079 *deberet
471 1039 510 1076 In
544 1039 661 1076 missa
689 1040 851 1086 cantari,
889 1040 985 1078 sicut
1011 1041 1230 1089 symbolum
1268 1043 1339 1078 Pa-

278 1099 389 1130 trum.
424 1093 515 1129 Non
542 1092 693 1129 videtur
725 1105 815 1140 ergo
844 1105 927 1130 esse
960 1093 1194 1131 conveniens
1227 1094 1338 1131 editio

279 1145 524 1182 articulorum
552 1145 644 1182 fidei
673 1146 710 1183 in
740 1146 930 1194 symbolo.

332 1199 408 1235 Ser>
437 1209 582 1235 CONTRA
610 1210 676 1235 EST
704 1200 809 1246 quod
831 1198 1002 1235 Ecclesia
1019 1199 1241 1236 universalis
1261 1212 1339 1236 non

278 1258 402 1300 potest
430 1263 574 1298 errare,
611 1251 701 1300 quia
743 1251 881 1300 Spiritu
911 1252 1050 1289 Sancto
1088 1253 1338 1300 gubernatur,

265 1304 346 1352 ,qui
363 1311 422 1341 est
447 1303 607 1353 SpIritus
626 1304 811 1341 veritatis:
841 1305 916 1340 hoc
940 1304 1041 1341 enirn
1068 1305 1242 1353 promisit
1260 1307 1340 1342 Do-

279 1356 405 1394 minus
425 1357 630 1406 discipulis,
651 1358 755 1394 Ioan.
775 1369 834 1394 xvl
853 1358 882 1403 *,
904 1357 1050 1394 dicens:
1085 1358 1179 1395 Cum
1198 1358 1342 1394 venerit

279 1410 340 1447 ille
366 1410 525 1458 Spiritus
550 1410 732 1455 veritatis,
765 1410 910 1446 docebit
934 1422 1000 1447 vos
1028 1422 1176 1447 omnem
1204 1411 1339 1447 verita-

278 1468 363 1500 tem.
402 1463 478 1500 Sed
508 1463 728 1510 symbolum
766 1469 822 1498 est
859 1463 1079 1499 auctoritate
1116 1463 1340 1500 universalis

278 1514 472 1552 Ecclesiae
502 1515 645 1552 editum
673 1514 703 1550 ²¹⁶.
744 1514 848 1551 Nihil
877 1526 966 1563 ergo
999 1515 1273 1552 inconveniens
1302 1515 1340 1552 in

278 1579 326 1605 eo
355 1566 579 1605 continetur.

287 1643 306 1653 2
331 1621 557 1658 stponnuo
586 1631 769 1657 mmmmm
797 1620 914 1668 quod,
944 1620 1040 1657 sicut
1059 1622 1268 1669 Apostolus
1287 1621 1340 1658 di-

280 1673 339 1720 cit,
367 1674 419 1710 ad
442 1674 542 1710 Heb.
567 1685 602 1709 x1
626 1672 646 1694 '²‘
659 1702 668 1720 ,
705 1673 940 1709 accedentem
969 1674 1020 1710 ad
1045 1675 1169 1710 Deum
1199 1680 1342 1723 oportet

279 1726 442 1763 credere.
481 1726 647 1763 Credere
681 1735 810 1762 autem
843 1737 921 1762 non
949 1733 1075 1774 potest
1107 1727 1241 1774 aliquis
1270 1727 1340 1764 nisi

280 1778 321 1816 ei¹
335 1778 477 1816 veritas
505 1791 622 1828 quam
651 1779 779 1816 credat
806 1786 1053 1827 proponatur.
1083 1781 1132 1816 Et
1159 1780 1246 1817 ideo
1275 1793 1340 1817 ne-

280 1831 487 1870 cessarium
514 1832 583 1869 fuit
608 1831 808 1868 veritatem
836 1831 926 1868 fidei
965 1832 1003 1868 in
1039 1845 1161 1869 unum
1196 1833 1338 1881 colligi,

278 1892 322 1922 ut
347 1884 492 1922 facilius
530 1891 660 1934 posset
692 1883 872 1922 omnibus
904 1883 1091 1934 proponi,
1130 1897 1177 1922 ne
1207 1886 1340 1935 aliquis

278 1949 348 1987 per
366 1938 616 1986 ignorantiam
636 1949 660 1974 a
678 1937 768 1974 fidei
788 1934 801 1958 δ
819 1937 977 1974 veritate
1005 1938 1193 1975 deficeret.
1224 1939 1272 1975 Et
1291 1939 1340 1976 ab

278 1990 498 2028 huiusmodi
527 1990 749 2028 collectione
778 1987 1049 2027 sententiarum
1078 1991 1168 2027 fidei
1198 2003 1341 2028 nomen

277 2044 442 2092 symboli
469 2050 525 2080 est
551 2051 763 2092 acceptum.

331 2098 390 2134 AD
410 2108 546 2134 ramum
570 2108 668 2134 ERGO
688 2107 872 2133 mcrmnum
900 2096 1006 2145 quod
1025 2096 1164 2133 veritas
1192 2097 1282 2134 fidei
1303 2097 1341 2133 in

279 2161 387 2187 sacra
405 2149 599 2198 Scriptura
618 2149 756 2187 diffuse
776 2148 989 2186 continetur
1013 2156 1049 2185 et
1066 2149 1183 2186 variis
1204 2150 1341 2197 modis,

271 2202 318 2240 'et
342 2202 381 2240 in
409 2202 640 2250 quibusdam
669 2203 853 2247 obscure;
891 2202 942 2239 ita
974 2202 1079 2250 quod
1116 2202 1165 2239 ad
1194 2203 1342 2240 elicien—

281 2255 374 2293 dum
392 2255 483 2293 fidei
501 2255 700 2292 veritatem
725 2267 771 2291 ex
795 2255 1115 2303 sacra-Scriptura
1143 2256 1343 2304 requiritur

280 2309 439 2356 longum
468 2308 636 2345 studium
656 2315 693 2344 et
713 2307 944 2355 exercitium,
965 2308 1014 2344 ad
1033 2309 1138 2356 quod
1157 2321 1236 2345 non
1254 2321 1342 2357 pos-

282 2368 368 2398 sunt
386 2360 588 2409 pervenire
617 2372 754 2397 omnes
771 2360 822 2397 illi
846 2360 982 2409 quibus
1010 2361 1267 2398 necessarium
1289 2370 1344 2399 est

283 2425 513 2461 cognoscere
533 2413 624 2450 fidei
642 2413 850 2459 veritatem,
871 2425 1036 2460 quorum
1060 2414 1242 2462 plerique,
1264 2414 1344 2451 aliis

282 2466 443 2514 negotiis
471 2465 657 2514 occupati,
679 2465 803 2503 studio
823 2477 962 2504 vacare
990 2477 1068 2502 non
1096 2474 1266 2514 possunt.
1296 2468 1345 2504 Et

281 2519 368 2557 ideo
388 2519 457 2556 fuit
476 2518 733 2556 necessarium
761 2526 803 2554 ut
822 2530 866 2554 ex
886 2517 1078 2554 sententiis
1098 2530 1226 2555 sacrae
1247 2519 1344 2555 Scri-

282 2579 416 2622 pturae
437 2571 577 2621 aliquid
601 2571 845 2608 manifestum
874 2570 1078 2607 summarie
1108 2571 1345 2619 colligeretur

283 2625 388 2675 quod
402 2632 680 2674 proponeretur
699 2623 878 2660 omnibus
893 2623 942 2661 ad
958 2623 1205 2661 credendum.
1227 2624 1345 2670 Quod

337 2757 362 2791 β)
381 2757 503 2782 Parrum.
520 2770 540 2776 -·
556 2756 728 2788 antiquorum
748 2756 860 2780 Parrum
880 2756 908 2779 P.

335 2793 362 2827 γ)
385 2793 509 2818 Creditis.
526 2806 546 2810 -
566 2792 672 2817 Credite
696 2791 898 2823 ABCFHLpEG
922 2796 947 2815 et
965 2798 991 2815 x.
1010 2804 1029 2809 -
1046 2791 1096 2814 Pro
1115 2790 1238 2819 dicimur,
1253 2790 1346 2815 dicun-

284 2832 330 2854 tur
347 2826 617 2861 ABDEFGHL(pn?)‚
636 2827 749 2852 dicimus
767 2826 796 2855 C.
815 2826 908 2851 dicunt
926 2826 963 2850 lx.

1369 174 1663 212 ARTICULUS
1692 176 1726 211 X
2397 175 2443 210 23

1393 252 1550 299 quidem
1579 265 1655 289 non
1685 260 1739 290 est
1767 252 1935 290 additum
1964 263 2090 288 sacrae
2121 251 2351 299 Scripturae,
2380 252 2447 288 sed

1394 304 1519 352 potius
1548 317 1593 341 ex
1622 317 1726 342 sacra
1755 305 1946 353 Scriptura
1974 311 2211 352 assumptum
2232 309 2255 340 ἰ.
2316 323 2319 326 <

1447 360 1505 393 Αι)
1525 369 1713 395 SECUNDUM
1735 369 1916 395 met-:unum
1945 357 2048 405 quod
2077 357 2114 392 in
2143 356 2319 393 omnibus
2347 367 2448 404 sym-

1377 410 1491 446 bolis
1511 410 1645 446 eadem
1674 411 1762 448 fidei
1789 410 1928 447 veritas
1959 410 2126 446 docetur.
2158 409 2234 445 Sed
2263 409 2314 445 ibi
2336 420 2448 457 opor-

1394 469 1445 498 tet
1472 463 1657 510 populum
1691 463 1900 510 diligentius
1931 461 2062 499 instrui
2095 461 2143 498 de
2175 461 2264 498 fidei
2292 461 2448 498 veritate

1394 515 1459 551 ubi
1489 527 1634 552 errores
1662 515 1878 563 insurgunt,
1915 527 1963 552 ne
1995 515 2092 552 fides
2119 514 2345 563 simplicium
2380 526 2449 562 per

1393 568 1601 605 haereticos
1621 577 1895 616 corrumpatur.
1925 569 1974 604 Et
2001 569 2096 604 haec
2115 567 2181 603 fuit
2200 579 2314 603 causa
2333 578 2448 614 quare

1395 632 1549 658 necesse
1578 621 1646 657 fuit
1665 621 1777 658 edere
1805 622 1913 669 plura
1940 621 2126 668 symbola.
2156 620 2265 666 Quae
2287 620 2324 656 in
2345 620 2447 656 nullo

1394 673 1467 710 alio
1488 673 1665 710 differunt
1684 674 1754 710 nisi
1773 674 1876 722 quod
1896 674 1932 710 in
1951 685 2029 710 uno
2053 672 2200 721 plenius
2221 672 2450 721 explicantur

1395 738 1492 774 quae
1508 727 1546 763 in
1561 726 1633 763 alio
1654 726 1892 763 continentur
1911 725 2099 774 implicite,
2112 725 2323 762 secundum
2344 725 2449 773 quod

1395 780 1565 826 exigebat
1592 779 1869 816 haereticorum
1898 778 2081 815 instantia.

1447 834 1505 868 An
1520 842 1678 868 TERTIUM
1694 843 1877 868 mcENDuM
1897 832 2001 878 quod
2022 830 2208 867 confessio
2229 830 2318 866 fidei
2337 829 2450 867 tradi-

1394 893 1454 921 tur
1473 884 1511 920 in
1530 884 1707 931 symbolo
1727 884 1833 932 quasi
1858 895 1903 919 ex
1921 894 2086 931 persona
2108 882 2221 918 totius
2244 882 2448 928 Ecclesiae,

1394 948 1492 984 quae
1512 947 1579 984 per
1598 936 1716 972 fidem
1735 936 1873 972 unitur.
1904 936 2016 973 Fides
2036 942 2163 971 autem
2184 935 2376 971 Ecclesiae
2396 942 2451 971 est

1394 990 1490 1026 fides
1519 989 1696 1025 formata:
1713 985 1808 1025 ‘talis
1837 988 1937 1025 enim
1966 988 2061 1025 fides
2090 987 2279 1024 invenitur
2306 987 2343 1024 in
2369 1000 2451 1024 om-

1394 1042 1505 1079 nibus
1526 1041 1596 1078 illis
1615 1041 1679 1089 qui
1699 1049 1785 1078 sunt
1804 1053 1965 1077 numero
1986 1048 2022 1077 et
2040 1040 2175 1077 merito
2201 1040 2247 1077 de
2269 1040 2449 1077 Ecclesia.

1395 1096 1444 1131 Et
1471 1094 1557 1131 ideo
1588 1094 1775 1130 confessio
1809 1094 1899 1131 fidei
1930 1094 1967 1130 in
2001 1093 2177 1141 symbolo
2211 1093 2367 1130 traditur
2395 1105 2451 1129 se-

1395 1147 1562 1185 cundum
1592 1146 1696 1196 quod
1725 1146 1903 1183 convenit
1921 1145 2010 1183 fidei
2038 1146 2239 1182 formatae:
2268 1153 2310 1181 ut
2337 1145 2451 1182 etiam

1394 1201 1424 1237 si
1452 1201 1517 1249 qui
1544 1200 1677 1237 fideles
1708 1199 1827 1236 fidem
1856 1199 2058 1235 formatam
2091 1210 2169 1234 non
2202 1199 2364 1246 habent,
2402 1198 2451 1234 ad

1393 1254 1492 1290 hanc
1519 1254 1683 1289 formam
1711 1252 1923 1301 pertingere
1952 1252 2136 1289 studeant.

1446 1308 1505 1342 An
1534 1317 1706 1348 QUARTUM
1733 1317 1916 1342 mcENDUM
1953 1305 2058 1352 quod
2096 1304 2142 1342 de
2181 1305 2367 1341 descensu
2404 1303 2450 1340 ad

1393 1359 1532 1395 inferos
1551 1359 1675 1395 nullus
1695 1370 1800 1394 error
1829 1366 1906 1394 erat
1935 1365 2085 1394 exortus
2105 1357 2207 1406 apud
2227 1356 2451 1403 haereticos,

1395 1419 1430 1447 et
1449 1411 1537 1447 ideo
1566 1423 1644 1447 non
1673 1411 1739 1446 fuit
1759 1411 2016 1447 necessarium
2045 1411 2209 1458 aliquam
2239 1409 2453 1458 explicatio-

1395 1475 1482 1500 nem
1512 1463 1610 1499 circa
1642 1463 1716 1499 hoc
1744 1463 1837 1499 fieri.
1876 1464 1924 1498 Et
1951 1471 2105 1511 propter
2136 1464 2211 1499 hoc
2238 1474 2317 1498 non
2344 1461 2452 1498 reite-

1395 1523 1496 1552 ratur
1511 1516 1547 1552 in
1569 1515 1745 1563 symbolo
1762 1516 1928 1561 Patrum,
1945 1515 2013 1551 sed
2033 1515 2256 1564 supponitur
2270 1522 2452 1562 tanquam

1394 1568 1780 1618 praedeterminatum
1796 1568 1834 1604 in
1849 1567 2025 1616 symbolo
2045 1568 2331 1616 Apostolorum.
2361 1567 2453 1602 Non

1396 1622 1496 1658 enirn
1526 1621 1742 1669 symbolum
1772 1632 1937 1669 sequens
1964 1621 2091 1657 abolet
2118 1620 2363 1669 praecedens,
2386 1618 2454 1655 sed

1395 1674 1520 1722 potius
1548 1674 1639 1711 illud
1669 1673 1832 1722 exponit,
1862 1681 1903 1710 ut
1931 1673 2073 1710 dictum
2102 1681 2158 1710 est
2175 1673 2206 1708 ²⁸.

1448 1730 1506 1764 Ab
1535 1738 1697 1769 Qumrum
1725 1738 1908 1764 monimum
1937 1726 2052 1774 quod,
2082 1726 2112 1762 si
2142 1726 2286 1762 dicatur
2313 1725 2348 1761 in
2368 1736 2454 1761 san-

1395 1786 1493 1817 ctam
1525 1780 1732 1816 Ecclesiam
1769 1779 2010 1824 catholicam,
2049 1786 2104 1815 est
2140 1779 2214 1815 hoc
2247 1777 2453 1825 intelligen-

1396 1834 1487 1870 dum
1524 1832 1736 1869 secundum
1776 1832 1880 1880 quod
1917 1832 2013 1868 fides
2049 1839 2177 1868 nostra
2214 1831 2370 1867 refertur
2405 1829 2453 1866 ad

1396 1885 1576 1934 Spiritum
1606 1886 1801 1931 Sanctum,
1832 1884 1895 1933 qui
1924 1883 2131 1921 sanctificat
2158 1882 2384 1929 Ecclesiam,
2414 1889 2455 1918 ut

1396 1939 1441 1975 sit
1469 1951 1622 1975 sensus:
1658 1938 1778 1974 Credo
1807 1938 1844 1973 in
1873 1937 2050 1984 Spiritum
2079 1938 2257 1973 Sanctum
2293 1935 2454 1983 sanctifi-

1395 1997 1542 2028 cantem
1569 1991 1789 2027 Ecclesiam.
1820 1990 1896 2026 Sed
1925 1989 2059 2026 melius
2088 1997 2154 2036 est,
2179 1997 2215 2026 et
2242 1989 2452 2025 secundum

1397 2044 1701 2082 communiorem
1730 2054 1853 2089 usum,
1873 2050 1915 2078 ut
1934 2054 2012 2079 non
2032 2050 2196 2091 ponatur
2215 2042 2265 2078 ibi
2286 2042 2323 2078 in
2344 2040 2367 2087 ζ,
2389 2041 2453 2077 sed

1396 2097 1615 2146 simpliciter
1635 2096 1778 2133 dicatur
1808 2101 1976 2132 sanctam
1989 2095 2198 2132 Ecclesiam
2218 2093 2454 2131 catholicam.-

1397 2151 1491 2187 sicut
1519 2150 1631 2186 etiam
1662 2150 1742 2185 Leo
1769 2148 1874 2196 Papa
1891 2147 1912 2169 ’¹‘
1931 2147 2028 2184 dicit.

1450 2205 1508 2239 Ab
1529 2213 1672 2239 SEXTUM
1692 2213 1875 2238 DICENDUM
1893 2202 2008 2249 quod,
2029 2200 2119 2248 quia
2143 2199 2362 2248 symbolum
2384 2199 2454 2235 Pa-

1396 2264 1496 2292 trum
1527 2263 1582 2291 est
1611 2254 1882 2291 declarativum
1911 2253 2075 2301 symboli
2103 2253 2391 2302 Apostolorum,
2419 2258 2456 2287 et

1398 2309 1511 2346 etiarn
1541 2308 1607 2344 fuit
1636 2307 1829 2344 conditum
1859 2306 1935 2343 fide
1963 2306 2037 2342 iam
2066 2305 2303 2342 manifestata
2328 2311 2364 2340 et
2385 2304 2456 2340 Ec-

1398 2361 1510 2398 clesia
1547 2372 1683 2409 pacem
1721 2360 1897 2406 habente,
1925 2366 2080 2407 propter
2115 2359 2190 2395 hoc
2230 2357 2380 2406 publice
2417 2357 2456 2393 in

1399 2414 1514 2451 missa
1542 2421 1722 2450 cantatur.
1753 2413 1980 2460 Symbolum
2008 2419 2136 2458 autem
2164 2411 2454 2459 Apostolorum,

1399 2467 1504 2514 quod
1540 2474 1712 2514 ternpore
1753 2464 2026 2513 persecutionis
2065 2464 2207 2501 editum
2246 2463 2336 2510 fuit,
2379 2462 2455 2499 fide

1400 2520 1573 2555 nondum
1601 2517 1801 2566 publicata,
1824 2518 1968 2554 occulte
1997 2517 2130 2553 dicitur
2157 2516 2194 2552 in
2214 2516 2341 2552 Prima
2364 2522 2400 2551 et
2418 2515 2455 2551 in

1400 2570 1673 2619 Completorio,
1690 2569 1797 2617 quasi
1817 2576 1947 2606 contra
1965 2570 2140 2606 tenebras
2160 2580 2329 2605 errorum
2349 2579 2456 2616 prae-

1399 2623 1594 2660 teritorum
1623 2630 1660 2659 et
1687 2622 1907 2658 futurorum.

1452 2754 1477 2787 ὅ)
1496 2762 1513 2779 a
1526 2754 1602 2787 fidei.
1620 2753 1717 2786 -fidei
1735 2760 1752 2777 a
1772 2753 1822 2782 Pa3
1834 2752 1903 2784 fidei
1920 2759 1973 2776 om.
1992 2752 2024 2776 G.

1452 2790 1474 2822 ε)
1493 2792 1666 2821 assumptum.
1684 2802 1703 2807 -
1720 2790 1852 2819 sumptum
1872 2787 1901 2812 P.

1451 2825 1478 2857 ζ)
1498 2825 1534 2849 ibi
1551 2824 1588 2849 in.
1605 2838 1624 2843 —
1643 2823 1678 2848 ibi
1697 2823 1756 2856 FpA
1777 2828 1802 2847 et
1819 2830 1846 2853 x,
1865 2823 1891 2847 in
1910 2823 1939 2852 B,
1959 2830 2011 2847 om.
2031 2823 2064 2846 H.

1073 2950 1390 2992 ARTICULUS
1420 2949 1669 2993 DECIMUS

546 3036 701 3067 UTRUM
724 3035 783 3066 AD
809 3035 996 3067 suMMUM
1018 3033 1286 3065 PONriricEM
1307 3034 1555 3065 PERTINEAT
1578 3033 1689 3064 FIDEI
1715 3032 1950 3064 SYMBOLUM
1974 3032 2194 3064 ORDINARE

934 3104 1008 3135 Infra,
1027 3111 1071 3137 qu.
1090 3112 1123 3133 xi,
1142 3108 1190 3128 art.
1211 3111 1234 3133 2,
1253 3104 1284 3128 ad
1306 3103 1333 3134 3;
1353 3104 1395 3129 De
1414 3104 1480 3132 Por„
1501 3111 1544 3136 qu.
1563 3112 1587 3134 x,
1607 3109 1653 3129 art.
1672 3111 1697 3134 4,
1717 3103 1748 3127 ad
1771 3102 1809 3127 13.

320 3191 385 3230 ,Ji-5⁵
409 3196 475 3233 ,Γῆ
499 3187 522 3212 D
542 3186 704 3212 DEcmuM
723 3186 776 3212 s1c
796 3185 1035 3212 raonem-rua.
1063 3173 1223 3211 Videtur
1242 3174 1347 3222 quod
1403 3173 1644 3222 plicationem
1665 3172 1905 3209 articulorum
1926 3172 2027 3219 fidei,
2058 3172 2154 3209 sicut
2181 3171 2322 3208 dictum
2352 3178 2406 3207 est
2424 3171 2455 3207 *.

341 3236 359 3245 ’·
423 3236 580 3285 non
607 3227 792 3276 pertineat
810 3227 858 3265 ad
887 3228 1091 3264 Summum
1119 3226 1347 3264 Pontificem
1404 3226 1480 3264 Sed
1506 3225 1544 3263 in
1566 3225 1684 3263 veteri
1703 3226 1950 3262 Testamento
1979 3224 2122 3262 articuli
2149 3223 2239 3261 fidei
2267 3223 2386 3271 magis
2413 3235 2457 3260 ac

406 3325 417 3333 “
461 3324 474 3348 N

310 3308 321 3323 Ι

313 3326 319 3333 ’
428 3342 450 3357 -’
476 3333 618 3372 editio
638 3333 801 3382 symboli
820 3332 1032 3370 necessaria
1048 3339 1104 3369 est
1117 3340 1273 3381 propter
1287 3345 1349 3369 ex-

343 3465 370 3497 α)
390 3465 484 3498 magis.
502 3478 521 3484 -
539 3465 626 3497 magis
643 3471 675 3489 ac
694 3462 731 3496 (et
750 3462 781 3497 C)
803 3463 890 3496 magis
910 3462 977 3488 CsK.

451 3271 471 3318 ᾖ
501 3280 590 3319 fidei
619 3281 837 3329 symbolum
872 3279 1058 3317 ordinare.
1097 3280 1212 3317 Nova
1245 3279 1348 3325 enim
1404 3278 1522 3327 magis
1558 3278 1840 3327 explicabantur
1875 3277 2087 3315 secundum
2124 3284 2341 3325 temporum
2374 3287 2456 3312 suc-

1403 3331 1614 3369 cessionem
1642 3337 1798 3380 propter
1815 3332 1888 3368 hoc
1907 3330 2012 3380 quod
2030 3330 2170 3368 veritas
2191 3327 2280 3366 fidei
2300 3328 2418 3376 magis
2439 3333 2456 3350 α

2580 2046 2595 2075 ζ

2482 2154 2598 2181 ⁸Rufinus,
2608 2154 2692 2176 Comm.

2482 2182 2507 2202 in
2517 2181 2594 2209 symb.
2606 2180 2688 2208 Apost.

2485 3177 2544 3199 *An-t.
2552 3177 2667 3205 praec-,ad
2672 3183 2693 3198 ι.
