2892 4056
64 815 150 838 ’Rom
165 821 229 844 ¹5¹¹-·
239 815 272 836 0-

139 842 169 869 la,
179 841 272 868 Omnia,

29 865 35 898 j
87 873 136 890 on.
143 867 162 895 1,
169 867 246 890 Τηετ.
256 868 276 890 ῐ.

32 1315 158 1360 :inm
171 1342 204 1366 η.

263 1333 270 1335 ”
301 1344 401 1373 meas,
417 1335 503 1365 Ioan.
521 1334 577 1365 ult.
593 1333 641 1376 11“);

1023 162 1289 209 QUAESTIO
1318 163 1352 208 1,
1382 163 1675 199 ARTICULUS
1704 164 1737 198 X

299 242 387 273 Haec
409 251 548 282 namque
571 241 748 281 propositio
772 241 804 270 in
826 241 937 271 ultima
952 241 1000 271 sui
1020 247 1106 281 parte
1131 250 1195 270 non
1212 247 1258 270 est
1273 250 1354 270 vera.

301 285 463 323 Quoniam
491 285 633 326 quaestio
658 285 695 314 de
718 284 780 314 fide
804 291 909 315 exorta
939 291 1043 324 potest
1072 284 1271 315 determinari
1300 293 1356 324 per

300 329 562 360 communitatem
584 329 757 364 Ecclesiae,
787 339 842 359 seu
867 329 1038 359 concilium
1065 329 1219 368 generale.
1257 328 1356 359 Com-

300 373 438 404 munitas
453 373 540 403 enim
555 372 712 403 Ecclesiae
735 373 890 412 praesidet
907 371 965 403 toti
975 371 1148 413 Ecclesiae,
1170 372 1251 405 sicut
1269 380 1356 403 com-

300 416 439 448 munitas
461 416 594 447 civitatis
618 416 675 446 toti
700 416 828 447 civitati:
853 416 929 456 quia
953 422 982 446 et
1006 416 1151 456 princeps
1174 416 1257 446 vices
1273 425 1357 445 com-

301 460 463 491 munitatis
485 460 573 500 gerit,
598 467 628 490 et
650 460 733 499 leges
757 467 787 490 et
810 459 1055 499 consuetudines
1078 460 1116 489 ab
1131 459 1199 499 ipsa
1214 459 1357 491 multitu-

301 504 382 534 dinis
405 503 524 535 unitate
548 503 779 534 institutionem
802 510 833 533 et
855 502 1091 533 destitutionem
1107 504 1292 534 sortiuntur.
1317 502 1369 532 Et

301 547 344 578 sic
365 547 399 577 in
422 547 532 583 littera,
557 548 635 577 dum
652 557 669 577 a
685 547 879 587 praesidente
897 546 994 576 totius
1010 546 1167 576 Ecclesiae
1184 547 1222 576 ad
1238 547 1357 586 Papam

301 591 509 627 descenditur,
526 591 689 631 sophisma
705 590 926 621 committitur:
947 590 1099 630 quoniam
1116 590 1184 630 ipsa
1201 591 1358 621 Ecclesiae

301 635 524 670 communitas,
545 645 627 675 quae
642 634 675 665 in
690 633 826 665 concilio
841 633 977 673 generali
996 633 1163 670 invenitur,
1180 635 1358 674 praesidens
1383 641 1385 654 ¹

301 678 516 725 superiorest,
541 686 571 709 et
586 679 625 720 ad
640 688 710 718 eam
733 683 850 718 spectat
873 676 974 720 finalis
990 677 1207 708 determinatio
1232 679 1270 708 de
1285 677 1357 714 fide,

301 716 416 762 tripete
437 719 519 763 'quae
542 717 732 753 effarentur
754 718 870 761 potest.
904 720 918 731 ²

357 765 409 797 111.
434 767 484 796 Ad
508 766 624 796 horum
644 765 780 796 brevem'
790 763 1031 803 intelligentiam
1055 763 1224 806 (quoniam
1244 765 1277 795 in
1300 772 1358 795 tra-

301 809 821 851 emm-specialideAucmr-itate
831 808 940 848 Papae
961 813 992 838 et
1016 808 1152 839 Consilii
1166 808 1276 839 *haec
1299 815 1359 838 tra-

302 852 469 895 ctavimus)
493 853 657 884 sciendum
671 859 718 883 est
747 852 845 892 quod,
871 851 946 893 quia
965 858 1102 895 papatus
1124 852 1156 883 in
1175 852 1238 883 hoc
1261 851 1360 882 differt

302 897 456 936 &ceteris
475 897 622 938 humanis
645 892 881 938 principatibus
894 895 983 937 quod
1006 894 1117 935 reliqui
1140 896 1178 925 ab
1194 895 1262 936 ipsa
1279 895 1360 930 mul-

301 932 435 974 titudine
445 934 609 986 originem
624 931 991 981 etpotestate'msshaben't
1007 937 1194 982 (multitudo
1210 949 1359 979 namque,

302 977 629 1023 cessitis-{evindicantis
635 979 819 1026 fraudeque,
845 980 883 1013 d'e
903 982 970 1013 iure
986 990 1116 1013 naturae
1137 982 1234 1013 libera
1251 990 1306 1018 est,
1331 990 1361 1012 et

301 1020 546 1063 wnffimirgabi
560 1027 766 1067 'capuanum
791 1027 842 1056 ma
867 1032 1025 1066 potestate·
1051 1036 1133 1067 quae
1164 1026 1361 1057 multitudini

301 1070 455 1113 videtur),
483 1078 617 1111 papatus
641 1078 748 1101 autem
772 1077 908 1105 nomast
929 1071 969 1101 ab
985 1070 1148 1107 Ecclesia,
1171 1071 1227 1100 sed
1249 1081 1267 1100 a
1290 1070 1360 1100 Deo

301 1115 559 1157 immediatffi.,ita
581 1115 671 1158 quod
692 1124 751 1155 nec
764 1115 806 1156 ¹ab
822 1114 962 1146 Ecclesia
986 1121 1093 1149 ortum
1113 1113 1208 1145 habet
1229 1124 1288 1147 nec
1303 1124 1361 1155 po-

302 1166 314 1202 t
349 1153 456 1209 tatem,
471 1155 538 1202 tam
549 1154 762 1233 principaissitef
774 1168 876 1199 ,quam
890 1154 1132 1194 ministerialiter
1155 1157 1256 1200 (Iesus
1271 1157 1360 1189 Chri-

302 1213 316 1234 s
338 1195 369 1233 ’ἕ
391 1203 540 1244 ¹namque,
564 1202 672 1233 verus*
711 1194 776 1238 eus,
800 1211 867 1232 non
890 1212 946 1242 per
968 1196 1125 1240 Ecclesiae
1149 1209 1203 1233 aut
1225 1203 1362 1242 Aposto-

300 1247 408 1278 lorum
431 1246 641 1278 ministerium
665 1246 823 1282 medium,
851 1246 906 1276 sed
932 1256 987 1286 per
1011 1246 1151 1286 seipsum
1177 1245 1360 1276 immediate

301 1291 593 1334 papamereafit
616 1297 646 1321 et
668 1291 804 1330 Papam,
829 1299 903 1320 cum
927 1289 1003 1320 dixit
1025 1290 1135 1321 Petro:
1166 1291 1265 1320 Pasce
1287 1300 1361 1320 oves

301 1377 459 1419 praesidet
481 1378 524 1409 sic
547 1384 583 1408 ut
605 1387 670 1408 non
685 1378 791 1408 solum
807 1377 930 1417 singula
946 1377 1097 1413 membra,
1122 1378 1176 1407 sed
1190 1376 1258 1417 ipsa
1274 1377 1362 1407 coin-

302 1414 442 1457 munitas
464 1421 637 1457 Ecclesiae,
667 1421 791 1451 subsint
813 1421 917 1462 Papae
946 1419 1016 1464 (per
1046 1421 1107 1451 hoc
1132 1421 1225 1459 ¹enim
1252 1421 1361 1453 solum

302 1465 524 1500 communitati
546 1465 759 1496 multitudinis
789 1474 884 1504 supra
907 1464 1082 1504 principem
1105 1471 1243 1504 potestas
1266 1474 1361 1494 reser-

301 1514 393 1545 nult·
414 1508 490 1551 quia
512 1509 551 1539 ab
565 1508 635 1548 ipsa
650 1508 855 1547 multitudine
878 1507 1072 1548 principatus
1095 1515 1125 1539 et
1147 1508 1292 1548 princeps
1309 1508 1361 1539 de-

316 1591 319 1594 *
358 1552 428 1590 det,
451 1552 514 1583 hoc
536 1558 643 1582 autem
666 1552 700 1582 in
722 1558 840 1591 papatu
865 1557 896 1581 et
916 1550 1003 1592 Papa
1025 1551 1135 1582 locum
1158 1561 1223 1582 non
1247 1552 1360 1582 habere

301 1553 366 1672 ἓξ
404 1595 495 1639 atet):
519 1595 607 1638 solus
621 1595 716 1636 igitur
730 1595 815 1635 Papa
838 1602 962 1635 praeest
975 1595 1035 1626 toti
1050 1595 1217 1632 Ecclesiae,
1241 1603 1272 1626 et
1295 1606 1360 1626 non

380 1607 507 1676 ἓὼὲὲο,
531 1645 567 1670 ut
589 1638 790 1679 congregatio
814 1637 1084 1675 Constantiensis‚
1108 1639 1204 1671 unius
1237 1646 1358 1670 tantum

301 1684 526 1723 musae,
546 1683 630 1714 ,εἰπε
651 1692 712 1714 suo
733 1683 827 1723 trapa
852 1683 969 1719 dubio,
999 1690 1142 1723 tempore
1174 1683 1360 1722 schismatis,

300 1727 805 1768 massin-setaniyetsalem
827 1727 1012 1763 Ecclesiam,
1039 1737 1139 1768 quam
1160 1737 1218 1758 nec
1240 1728 1361 1768 simpli-

300 1771 389 1818 Μ,
422 1771 666 1818 §secundina
676 1773 878 1821 praesentem
899 1778 974 1803 tunc
994 1771 1153 1805 Ecclesiae
1174 1779 1291 1803 statum
1313 1782 1361 1803 re·

359 1826 395 1862 e(
412 1810 540 1859 stabat,
565 1810 756 1860 dfissffffvlssse.⁸
769 1815 893 1853 videtur
917 1815 943 1846 *.
967 1814 1203 1860 Propter-quae
1226 1826 1291 1846 non
1316 1823 1362 1847 est

302 1826 489 1894 &affectetis
500 1856 564 1898 iliis
579 1855 766 1893 curandum.
777 1859 779 1863 ’
790 1858 826 1890 ln
839 1859 929 1891 cuius
945 1859 1082 1899 signum,
1095 1858 1251 1901 quidquid
1266 1859 1360 1892 etiam

302 1893 733 1946 &fiifflbaeouedtcn'tiis
755 1902 862 1939 simul,
885 1903 960 1934 sede
979 1910 1118 1939 vacante,
1140 1902 1183 1934 ibi
1208 1910 1359 1935 stamtum

302 1943 587 1988 pennodumesu
609 1953 999 1988 mnquamiessentsupra
1013 1948 1146 1987 Papam,
1166 1948 1361 1986 nullum'ha·

302 1991 538 2030 bnssmeffecpwn
559 1991 717 2029 hactenus¹
731 1991 800 2027 ‘nisi
823 1991 960 2026 schisma
981 1991 1046 2026 iam
1061 1991 1117 2027 ,bis
1139 1992 1213 2022 inde
1235 1999 1360 2029 ortum,

303 2034 542 2081 §filicetsffuel
563 2036 623 2066 sub
646 2035 791 2076 Eugenio
802 2035 849 2068 N
872 2042 904 2071 et
925 2035 1042 2074 iterum
1063 2036 1123 2069 sub
1146 2036 1228 2067 lulio
1252 2036 1290 2068 11.
1321 2037 1362 2069 Et

363 2111 366 2114 Δ
397 2089 431 2111 m
459 2077 583 2118 semer
606 2077 749 2120 oportuit
779 2089 891 2110 omnes
909 2079 1126 2119 ‘succumbere
1156 2087 1186 2110 et
1209 2079 1360 2111 subiicere

410 2127 507 2167 mano
526 2089 693 2159 gentifici,
723 2122 792 2164 ipsa
814 2114 942 2154 veritate
971 2130 1001 2153 et
1028 2122 1167 2154 Ecclesia
1197 2123 1360 2155 Catholica

303 2162 520 2207 ee‘getiwssst
537 2167 703 2208 nunquam
716 2166 892 2197 'Romanus
914 2166 1059 2197 Pontifex
1081 2166 1256 2204 succubuit,
1281 2177 1361 2198 nun-

302 2205 817 2252 fflhbassedesiarderelicms
839 2218 907 2242 estt‘
931 2211 1196 2252 quit-nunquam
1224 2212 1285 2242 illis
1307 2213 1360 2242 de-

303 2253 680 2292 mmfflbdmssvs
706 2272 741 2291 ⁷.
788 2275 848 2287 w>
1044 2274 1061 2290 ε.
1126 2270 1160 2290 ‘st
1196 2277 1198 2284 ι
1311 2272 1357 2293 ‚ml

299 2298 554 2348 ‡,;1·y32Et5;de⁴
578 2333 595 2342 ‚.
621 2298 628 2305 “
675 2333 690 2345 ,Δ
715 2298 899 2348 :quidem
926 2298 1021 2348 primi
1045 2298 1182 2345 termino
1207 2306 1282 2337 *tota
1302 2300 1360 2330 Ec-

303 2322 397 2416 §iiffilg
409 2340 546 2416 ἒὲῗῗέἠῒψ
565 2341 636 2415 iringa
655 2348 802 2392 .⁰¹'}²t,²⁰}¹e
816 2340 942 2385 Nicolai
954 2341 995 2379 V,
1015 2342 1070 2384 qui
1086 2342 1234 2394 successit
1248 2343 1360 2374 imme—

302 2384 1360 2471 ιεέωςὲωἳρωῖἕέἓοἷῖἑιῖξῗῗὲἕεῖῗυίὝξὲῗῖἔἛξῖ,

303 2473 569 2514 &positumque
592 2474 761 2504 combusto
784 2473 931 2512 Eugenio
953 2474 988 2504 i11
1009 2482 1067 2504 sua
1089 2481 1201 2510 statua,
1224 2483 1293 2505 non
1313 2483 1360 2506 re-

302 2517 456 2558 cognovit
476 2516 617 2549 Ecclesia
637 2517 671 2549 in
690 2517 821 2557 Papam,
844 2516 939 2548 etiam
961 2517 1112 2554 defuncto
1127 2518 1283 2558 Eugenio,
1307 2519 1362 2549 sed

302 2561 474 2605 Nicolaum
489 2571 508 2592 a
522 2560 743 2598 Cardinalibus
759 2561 906 2599 electum,
923 2561 1101 2603 superstite,
1117 2569 1154 2592 ut
1168 2561 1289 2593 dictum
1305 2569 1360 2598 est,

303 2602 424 2641 Felice,
448 2602 592 2647 adoravit
598 2613 607 2641 ;
643 2603 771 2641 notorie
794 2610 904 2635 testata
927 2612 972 2636 est
1007 2604 1177 2642 concilium
1206 2615 1273 2636 non
1296 2615 1362 2636 esse

303 2646 399 2699 'supra
418 2649 548 2689 Papam,
573 2646 744 2679 concilium
767 2647 845 2678 nihil
868 2657 962 2688 posse
984 2655 1092 2679 contra
1107 2648 1226 2689 Papam
1242 2644 1362 2680 c‘ertux'n

303 2690 572 2724 etentes-abimum
593 2701 630 2722 ac
652 2690 866 2722 catholicum.
1163 2691 1167 2693 “
1237 2731 1239 2733 ¹

305 2743 338 2765 rr*
355 2736 398 2767 h
415 2736 556 2768 termino
583 2744 719 2777 quoqne*
737 2736 868 2766 secundi
889 2735 1067 2766 schin-atis
1095 2736 1278 2767 universalis
1300 2737 1361 2767 Ec-

247 2755 249 2757 ι
303 2780 506 2817 ἀειὴᾴἀβω
526 2779 742 2820 multipliciter
764 2786 876 2814 testata
889 2786 945 2811 est.
968 2780 1052 2812 Nam
1072 2780 1362 2817 licetfiaeritindi-

304 2831 392 2860 cmm
413 2823 771 2874 prius,conciliabulum
789 2823 941 2857 Pisanum
963 2831 1072 2855 contra
1086 2815 1212 2865 'Papam
1236 2818 1362 2868 Iulium,

305 2864 489 2910 auctoritate
509 2866 638 2898 ‘concilii
661 2866 947 2908 Constantiensisn*
969 2867 1002 2900 in
1025 2863 1164 2910 capitulo
1186 2866 1362 2909 Frequens,

304 2921 323 2942 a
346 2901 686 2944 mffifis'carllinalibus
717 2909 978 2948 evinchoaturh',
1009 2911 1089 2942 adeo
1117 2918 1153 2942 ut
1178 2910 1363 2952 processerit

303 2953 407 2996 nsqtr'e
417 2954 473 2985 -ud
483 2955 730 2995 suspensionem
736 2954 831 2991 {mh
854 2954 994 2986 vidimus
1005 2954 1116 2986 tamen·
1123 2954 1186 2986 sub
1194 2953 1361 2993 ·Leone⁹X,

304 2998 660 3040 quiveritioeaeegmt,
679 3006 798 3029 »omues
819 2999 932 3030 nmndi
953 2999 1127 3039 principes,
1147 3000 1310 3040 praelatos
1327 2996 1363 3031 iet

304 3042 454 3079 nde-ins
461 3042 600 3079 coneilio
614 3043 926 3083 Lamumuquod
939 3043 1044 3079 adhuc
1058 3044 1160 3080 durat,
1174 3043 1361 3080 adhnuisse,

304 3093 345 3129 et,
356 3086 470 3130 ipsum.
487 3086 597 3119 solum
621 3086 752 3122 unicum
771 3097 811 3120 ac
832 3097 941 3119 vetum
960 3086 1131 3120 concilium
1152 3087 1315 3128 comitem}
1331 3095 1362 3122 et

305 3128 441 3169 concilio
460 3127 579 3173 'Pisano
602 3129 780 3162 renuntiate
803 3140 858 3161 eos
881 3131 936 3173 qui
959 3130 1187 3169 adhaeserant„
1211 3137 1262 3162 tan
1287 3141 1362 3162 uam

302 3172 494 3214 'congregato
519 3184 536 3204 a
552 3183 617 3204 non
634 3173 821 3204 habentibus
836 3180 1025 3214 potestatem
1048 3142 1360 3214 congregandiiiud.

302 3218 452 3249 Vidimus
474 3217 569 3249 etiam
592 3218 763 3248 cardinales
785 3218 841 3258 qui
864 3218 978 3251 Pisano
1002 3218 1210 3260 adhaerebant
1225 3220 1360 3250 concilio

303 3261 463 3303 professos
478 3261 604 3302 publice
623 3271 656 3292 se
671 3261 896 3299 schismaticos.
907 3268 938 3292 et
953 3261 1199 3294 conciliabulum
1215 3262 1294 3293 illud
1308 3263 1360 3294 Pi-

302 3315 418 3338 sanum
434 3305 598 3338 damnasse
613 3305 646 3336 in
662 3305 742 3337 haec
752 3305 848 3336 verba
861 3305 1036 3345 specialiter
1050 3312 1082 3337 et
1101 3316 1258 3346 expresse:
1282 3308 1358 3345 Nos,

303 3350 377 3381 olim
394 3349 477 3380 nube
491 3349 670 3380 schismatis
678 3349 820 3386 -obdueti,
835 3358 994 3389 uper-nu
1005 3349 1230 3390 illustrationis
1241 3351 1360 3382 lumine

302 3397 335 3435 et
345 3394 458 3436 gratia
471 3394 624 3430 serenati,
640 3398 862 3433 compertoque
875 3393 1053 3424 schismatis
1067 3394 1180 3435 laqueo
1195 3403 1256 3435 quo
1277 3400 1360 3425 tene-

303 3437 429 3475 bamur,
445 3443 513 3473 etc„
526 3437 677 3468 Pisanum
698 3436 954 3475 conciliabulum,
967 3438 1097 3479 eiusque
1111 3438 1311 3469 indictionem
1322 3449 1362 3470 ac

299 3482 406 3512 omnia
422 3486 452 3512 et
466 3481 596 3522 singula
617 3482 648 3511 in
665 3491 701 3511 eo
716 3486 820 3521 gesta,
836 3481 1143 3522 anathematizamus
1160 3492 1199 3512 ac
1209 3491 1359 3521 pronun-

445 3560 554 3585 Summs
572 3559 672 3584 Tutior„
692 3560 722 3584 D.
742 3560 854 3584 Taomr.
873 3560 904 3583 T.
924 3560 954 3584 V.

667 1341 696 1364 et
712 1344 749 1364 ex
765 1335 826 1364 hoc
842 1333 983 1374 sequitur
998 1334 1086 1373 quod
1102 1335 1187 1375 Papa
1205 1334 1371 1375 ΕειῄιεᾲιιςΑ

1385 1338 1392 1408 ,
1414 1362 1416 1366 ,

2415 166 2461 202 25

1409 241 1536 276 tiamus,
1564 241 1722 271 credimus
1737 250 1776 281 qc
1789 241 1970 280 simpliciter
1990 241 2178 281 confitemur
2194 243 2286 272 irrita
2303 247 2331 271 et
2356 244 2464 272 inania

1409 293 1448 313 ac
1470 284 1590 314 nullius
1613 285 1735 314 roboris
1751 285 1800 314 vel
1815 285 1974 322 momenti,
1996 290 2025 315 et
2039 295 2059 314 a
2077 295 2139 315 non
2154 285 2337 316 habentibus
2356 292 2464 316 aucto-

1409 328 1535 357 ritatem
1550 333 1643 368 gesta
1667 333 1697 358 et
1711 328 1819 368 facta,
1839 330 1915 368 quin
1934 330 2043 369 potius
2058 330 2234 359 temeritate
2247 335 2463 369 praesumpta.

1410 370 1498 403 Haec
1519 370 1564 402 illi
1587 371 1619 402 in
1635 371 1790 403 ,schedula
1814 373 1852 402 ab
1875 372 1951 412 ipsis
1974 373 2098 412 publice
2121 373 2200 403 lecta
2222 373 2254 403 in
2279 373 2465 404 consistorio

1410 414 1459 444 die
1482 414 1601 450 Lunae,
1626 425 1665 455 27
1682 415 1698 433 *
1721 416 1770 445 die
1793 416 1909 446 mensis
1924 416 2004 446 Iunii
2026 417 2116 452 1513,
2134 427 2239 446 coram
2257 418 2363 447 Leone
2382 418 2420 447 X.

1465 458 1511 488 Ex
1535 458 1651 498 quibus
1675 466 1759 499 patet
1782 461 1870 500 quod
1894 470 1949 490 nec
1973 467 2039 490 tota
2062 461 2199 491 Ecclesia
2223 461 2317 491 simul
2341 471 2467 501 congre-

1410 509 1481 541 gata
1503 502 1535 532 in
1556 503 1620 532 suis
1644 503 1787 542 praelatis
1813 505 1930 543 absque
1946 504 2093 534 Romano
2109 504 2270 540 Pondfice,
2295 512 2330 535 ut
2353 505 2411 535 fuit
2434 505 2465 534 in

1412 546 1637 577 constitutione
1666 547 1793 586 capituli
1821 548 1984 588 Frequens
2013 548 2185 578 concilium
2209 548 2463 584 Constantiense,

1413 597 1448 621 ut
1471 597 1556 629 patet
1578 590 1610 620 in
1636 600 1726 620 χχχιχ
1754 591 1890 621 sessione
1918 591 2069 626 eiusdem,
2094 599 2198 631 potest
2220 592 2338 632 aliquid
2371 602 2465 632 supra

1412 633 1541 673 Papam.
1565 634 1608 674 Et
1621 634 1795 674 capitulum
1810 635 1898 670 illud,
1919 642 2029 675 utpote
2044 636 2228 675 Apostolica
2244 636 2323 666 Sede
2337 644 2465 667 vacante

1412 677 1541 714 factum,
1566 684 1674 710 contra
1690 678 1756 708 iura
1772 678 1865 708 etiam
1882 679 2031 710 canonica
2046 679 2072 715 *,
2097 679 2212 720 quibus
2232 686 2357 710 cavetur
2378 680 2464 720 quod

1413 722 1484 751 sede
1508 728 1636 752 vacante
1661 721 1741 752 nihil
1761 722 1979 752 innovandum
2003 730 2067 759 est,
2092 723 2165 763 quia
2189 724 2275 754 deest
2298 723 2465 764 episcopus

1413 765 1468 805 qui
1491 765 1591 804 possit
1613 774 1705 795 suam
1728 766 1975 796 iurisdictionem
1999 766 2090 804 tueri,
2114 767 2192 797 nihil
2214 768 2296 798 valet
2318 768 2466 798 adversus

1413 810 1515 848 Papae
1539 815 1737 848 potestatem.
1762 810 1802 839 Et
1825 809 2047 840 confirmatum
2064 817 2109 840 est
2131 811 2193 840 hoc
2216 811 2247 841 in
2264 811 2465 843 Lateranensi

1413 852 1474 882 isto
1499 852 1643 887 concilio,
1667 853 1747 882 inter
1769 853 1859 884 cuius
1883 854 2004 884 decreta
2018 854 2035 872 *
2059 855 2116 884 sub
2140 855 2247 885 Leone
2263 855 2291 886 X
2314 855 2467 886 habentur

1414 896 1490 925 haec
1505 896 1616 925 verba:
1643 896 1724 926 Cum
1751 898 1845 926 etiam
1871 897 1973 927 solum
1997 897 2177 928 Romanum
2202 899 2384 940 Pontificem
2403 909 2466 940 pro

1414 944 1553 978 tempore
1576 940 1779 977 existentem,
1805 945 1956 980 tanquam
1981 942 2200 971 auctoritatem
2230 952 2329 982 supra
2360 944 2466 973 omnia

1415 983 1548 1013 concilia
1569 983 1745 1020 habentem,
1768 985 1972 1014 conciliorum
1998 985 2249 1022 indicendorum,
2270 986 2466 1027 transferen-

1414 1027 1527 1057 dorum
1543 1036 1581 1056 ac
1596 1027 1868 1057 dissolvendarum
1883 1029 2016 1067 plenum
2033 1030 2083 1059 ius
2098 1034 2128 1058 et
2138 1035 2324 1069 potestatem
2341 1030 2466 1067 habere,

1415 1070 1530 1107 nedum
1550 1080 1596 1105 'ex
1617 1080 1731 1102 sacrae
1754 1071 1940 1111 scripturae
1963 1073 2151 1109 testimonio,
2168 1073 2260 1103 dictis
2281 1079 2464 1105 sanctorum

1414 1114 1568 1152 Patr-um„
1582 1124 1622 1150 ac
1639 1115 1777 1145 aliorum
1794 1115 2011 1147 Romanorum
2031 1117 2216 1157 Pontificum
2239 1127 2468 1157 sacrorumque

1415 1168 1572 1198 canonum
1586 1158 1733 1196 decretis,
1745 1159 1802 1190 sed
1810 1161 1947 1200 propria
1964 1161 2056 1191 etiam
2073 1161 2243 1191 eorundem
2261 1161 2465 1191 conciliorum

1415 1202 1614 1243 confessione
1636 1202 1804 1245 manifeste
1826 1208 1955 1234 constet.
1980 1203 2066 1235 Haec
2089 1204 2141 1234 ibi.
2166 1204 2212 1234 Ex
2235 1205 2350 1245 quibus
2373 1205 2468 1235 habes

1415 1244 1585 1276 concilium
1608 1245 1715 1286 ipsu‘m
1739 1245 1833 1277 ⁴fateri
1857 1247 1975 1287 Papam
2006 1257 2100 1287 supra
2124 1248 2231 1278 omnia
2259 1248 2389 1278 concilia
2414 1248 2468 1278 ha-

1414 1291 1487 1320 bere
1510 1291 1746 1326 auctoritatem,
1772 1297 1802 1321 et
1824 1291 1896 1321 ideo
1920 1301 2013 1331 posse
2037 1292 2182 1328 indicere,
2206 1292 2385 1327 transferre,
2411 1299 2466 1322 etc.

1469 1334 1508 1365 V.
1533 1334 1574 1364 Et
1596 1334 1748 1375 quoniam
1773 1341 1895 1365 constat
1918 1335 2007 1375 quod
2030 1336 2248 1366 determinatio
2268 1336 2468 1366 constitutiva

1414 1377 1532 1407 habens
1555 1378 1621 1407 vim
1644 1378 1817 1408 coactivam
1847 1385 1989 1417 respectu
2013 1379 2110 1409 totius
2139 1380 2178 1409 ad
2202 1380 2268 1410 eius
2292 1380 2391 1410 solius
2414 1390 2467 1409 au-

1415 1421 1591 1466 ctoritatem
1621 1428 1740 1461 spectat
1763 1422 1818 1462 qui
1848 1422 2003 1461 praesidet
2031 1423 2099 1459 toti,
2130 1423 2271 1463 alioquin
2296 1423 2467 1454 coactivam

1413 1464 1479 1494 vim
1503 1475 1568 1495 non
1583 1465 1712 1495 haberet
1733 1471 1875 1505 respectu
1891 1466 2001 1502 totius;
2026 1466 2097 1496 ideo
2114 1467 2243 1497 secundi
2259 1467 2345 1497 dubii
2361 1467 2440 1497 moti
2452 1467 2470 1486 *

1413 1508 1477 1539 iam
1488 1515 1574 1548 patet
1586 1509 1712 1539 solutio.
1725 1511 1847 1539 Auctor
1858 1519 1995 1550 namque
2008 1510 2159 1550 supponit
2171 1511 2259 1550 quod
2270 1511 2469 1540 verissimum

1414 1559 1470 1588 est,
1482 1552 1599 1583 scilicet
1610 1553 1718 1582 solum
1728 1552 1848 1592 Papam
1864 1563 2005 1592 praeesse
2017 1553 2173 1584 Ecclesiae
2188 1554 2354 1584 universali
2371 1553 2469 1596 (unde

1414 1603 1445 1627 et
1467 1596 1646 1638 Episcopus
1676 1596 1789 1626 dicitur
1813 1603 1843 1627 et
1866 1604 1912 1627 est
1939 1597 2095 1628 Ecclesiae
2120 1597 2335 1639 Catholicae),
2362 1605 2469 1629 aucto·

1413 1636 1600 1681 ritatemque
1635 1639 1817 1670 universalis
1851 1640 2008 1671 Ecclesiae
2041 1648 2073 1672 et
2101 1642 2225 1672 concilii
2259 1641 2470 1682 principaliter

1414 1684 1596 1716 et‘totaliter
1619 1684 1751 1714 residere
1773 1684 1807 1714 in
1821 1685 1907 1724 Papa
1929 1685 1962 1715 in
1979 1686 2216 1716 determinando
2240 1694 2275 1716 ea
2294 1695 2375 1727 quae
2397 1693 2470 1716 sunt

1413 1727 1496 1761 fidei.

1469 1773 1510 1804 Et
1531 1772 1613 1808 licet,
1638 1779 1673 1803 ut
1695 1772 1728 1802 in
1751 1772 1855 1812 primo
1879 1773 2070 1813 proponitur
2092 1773 2189 1804 dubio
2204 1773 2231 1809 *,
2247 1774 2332 1813 Papa
2347 1780 2383 1804 ut
2406 1772 2468 1804 sin-

1414 1815 1530 1856 gularis
1553 1826 1687 1859 persona
1711 1816 1811 1856 possit
1834 1826 1934 1846 errare
1957 1816 1990 1846 in
2012 1815 2092 1852 fide;
2116 1824 2152 1848 ut
2174 1817 2260 1857 Papa
2283 1824 2398 1854 tamen,
2422 1817 2470 1847 iu-

1415 1860 1550 1891 dicando
1581 1866 1611 1890 et
1634 1859 1812 1890 definiendo
1842 1859 1919 1900 quid
1942 1861 2115 1890 tenendum
2138 1861 2177 1890 ab
2201 1861 2340 1891 Ecclesia
2363 1861 2402 1893 sit
2431 1861 2469 1891 de

1415 1903 1486 1940 fidae,
1504 1913 1604 1934 errare
1619 1913 1685 1934 non
1701 1909 1814 1945 potest.
1841 1904 1938 1941 Quod
1953 1914 1991 1935 ex
2003 1914 2041 1934 eo
2058 1904 2255 1935 convincitur
2269 1904 2344 1945 quia
2359 1915 2471 1935 omnes

1415 1948 1550 1978 fatemur
1573 1948 1662 1988 quod
1682 1954 1751 1978 tota
1765 1948 1905 1978 Ecclesia
1928 1957 2028 1979 errare
2043 1957 2108 1978 non
2125 1955 2239 1988 potest,
2262 1955 2393 1989 propter
2404 1958 2470 1979 ver-

1414 1993 1494 2024 bum
1505 1991 1632 2028 Christi,
1644 1991 1756 2025 Matth.
1773 1991 1827 2024 ult.
1842 1991 1869 2028 *,
1891 1992 1976 2023 Ecce
1989 2002 2050 2032 ego
2067 1993 2223 2025 vobiscum
2237 2002 2309 2026 sum
2327 1993 2472 2023 omnibus

1414 2037 1523 2071 diebus
1538 2046 1637 2077 usque
1649 2036 1693 2067 ad
1707 2037 2009 2068 consummationem
2025 2037 2163 2068 saeculi:
2181 2043 2212 2067 et
2225 2037 2310 2077 Papa
2324 2037 2470 2069 determi-

1415 2087 1509 2112 nante
1532 2079 1719 2111 iudicialiter
1749 2087 1779 2110 et
1802 2079 1959 2110 definitive
1987 2080 2106 2121 aliquid
2129 2090 2196 2110 esse
2219 2080 2411 2111 haereticum
2441 2088 2472 2111 et

1415 2125 1453 2154 ab
1477 2123 1616 2154 Ecclesia
1644 2133 1702 2163 pro
1726 2123 1844 2154 haeresi
1867 2123 2068 2160 habendum,
2100 2130 2222 2154 constat
2247 2125 2336 2164 quod
2359 2133 2471 2157 omnes

1414 2174 1559 2200 tenemur
1581 2174 1751 2207 acceptare,
1776 2174 1806 2198 et
1828 2167 2001 2199 haereticus
2025 2174 2201 2198 censeretur
2218 2168 2415 2209 quicumque
2431 2168 2471 2198 de

1416 2219 1518 2243 cetero
1542 2218 1660 2242 teneret
1690 2212 1876 2251 oppositum
1899 2212 2112 2252 pertinaciter:
2136 2218 2202 2242 tota
2221 2211 2315 2252 igitur
2332 2212 2470 2243 Ecclesia

1415 2266 1515 2291 errare
1538 2261 1646 2295 posset
1668 2265 1802 2296 sequens
1826 2256 2119 2287 determinationem
2140 2256 2259 2296 Papae,
2282 2256 2308 2287 si
2330 2256 2414 2296 Papa
2437 2256 2470 2286 in

1415 2300 1470 2332 tali
1493 2299 1677 2333 definitione
1700 2306 1807 2340 posset
1830 2309 1938 2333 errare.
1972 2299 2173 2331 Credendum
2198 2306 2244 2331 est
2265 2299 2359 2340 igitur
2382 2300 2470 2341 quod

1415 2343 1661 2386 promissionem
1679 2343 1836 2375 Ecclesiae
1860 2342 1975 2375 factam
1990 2354 2008 2373 a
2027 2343 2164 2381 Christo,
2188 2343 2313 2380 scilicet,
2333 2343 2471 2384 Spiritus

1415 2387 1554 2419 Sanctus
1582 2387 1703 2418 docebit
1734 2397 1789 2418 vos
1810 2397 1933 2418 omnem
1958 2388 2133 2425 veritatem,
2167 2388 2253 2418 loan.
2272 2397 2323 2417 x1v
2343 2387 2369 2424 *‚
2393 2387 2469 2427 ipse,

1415 2431 1467 2462 cui
1490 2431 1555 2462 noh
1579 2438 1626 2462 est
1647 2430 1803 2461 difficilius
1832 2441 1889 2472 per
1911 2441 2014 2462 unum
2036 2441 2134 2472 quam
2156 2441 2212 2472 per
2234 2431 2468 2462 multitudinem

1415 2475 1597 2515 adimplere,
1621 2485 1677 2514 per
1699 2484 1802 2505 unum
1824 2482 1919 2515 caput
1942 2475 2040 2506 tocius
2054 2475 2211 2506 Ecclesiae
2232 2475 2412 2515 adimpleat,
2435 2482 2471 2506 ut

1416 2520 1472 2552 tex·
1484 2519 1664 2553 :divinitatis
1679 2525 1827 2555 servetur,
1851 2528 1932 2559 quae
1946 2518 2096 2555 interiora
2117 2529 2173 2559 per
2186 2519 2292 2553 media
2314 2526 2344 2550 et
2367 2520 2470 2550 media

1416 2572 1471 2602 per
1487 2572 1612 2592 summa
1627 2563 1781 2602 gubernat
1794 2559 1820 2592 ⁴¹.
1844 2562 1884 2593 Et
1899 2572 1964 2607 qua
1980 2562 2102 2595 tatione
2117 2563 2203 2596 dedit
2217 2563 2372 2595 Ecclesiae
2387 2563 2470 2605 prin-

1416 2600 1555 2648 cipatum
1579 2603 1817 2647 monarcbicum
1840 2615 1934 2648 supra
1954 2606 2052 2636 totius
2074 2606 2231 2637 Ecclesiae
2246 2606 2335 2643 vires,
2360 2607 2468 2639 eadem

1416 2650 1536 2681 ratione
1552 2641 1742 2680 monarchae
1756 2648 1775 2666 *
1794 2649 1839 2679 illi
1863 2655 2051 2689 potestatem
2067 2649 2235 2692 definiendi
2258 2659 2339 2690 quae
2355 2660 2468 2693 oppor-

1416 2700 1493 2724 tuna
1507 2699 1581 2725 sunt
1603 2691 1694 2724 dedit*
1711 2693 1829 2733 absque
1852 2692 1989 2723 defectu:
2013 2694 2118 2724 Deum
2134 2694 2219 2724 enim
2242 2694 2348 2725 minus
2371 2695 2468 2734 quam

1416 2744 1564 2768 naturam
1586 2736 1717 2768 deficere
1739 2737 1828 2768 decet
1849 2737 1882 2767 in
1902 2737 2094 2768 necessariis.

1470 2782 1523 2814 Ad
1544 2781 1576 2812 id
1599 2791 1674 2813 vero
1690 2781 1779 2821 quod
1799 2781 1834 2812 in
1848 2781 1954 2821 primo
1976 2781 2074 2812 dubio
2089 2780 2229 2818 affertur,
2254 2781 2344 2822 quod
2366 2792 2423 2822 par
2435 2782 2468 2813 in

1415 2835 1525 2867 parem
1534 2835 1600 2857 non
1614 2825 1708 2856 habet
1721 2824 1902 2865 imperium,
1918 2831 1992 2856 etc.:
2010 2841 2028 2848 -
2040 2825 2209 2857 dicendum
2225 2833 2271 2856 est
2282 2826 2371 2867 quod
2384 2826 2470 2866 Papa

1417 2869 1581 2910 dupliciter
1604 2868 1729 2899 definit:
1760 2868 1876 2899 scilicet
1897 2869 1945 2898 vel
1970 2878 2007 2898 ex
2029 2869 2096 2899 sola
2119 2869 2302 2900 auctoritate
2325 2876 2468 2910 papatus,

1416 2912 1447 2944 et
1469 2913 1579 2944 dehis
1608 2912 1749 2953 procedit
1772 2919 2012 2952 argumentum,
2041 2919 2072 2943 et
2099 2913 2206 2953 regula
2235 2913 2324 2954 quod
2350 2922 2407 2953 par
2436 2913 2468 2943 in

1415 2966 1524 2997 parem
1546 2966 1612 2987 non
1631 2957 1725 2987 habet
1738 2955 1924 2996 imperium3
1947 2956 1997 2987 vel
2021 2966 2057 2986 ex
2071 2956 2256 2988 auctoritate
2277 2963 2411 2997 papatus
2434 2963 2470 2988 ut

1415 3002 1536 3032 substat
1550 3000 1672 3031 divinae
1689 3000 1879 3031 assistentiae
1892 2999 2037 3040 dirigenti
2055 3000 2089 3030 in
2101 3000 2164 3031 hoc
2187 3007 2267 3032 certe
2285 3007 2316 3032 et
2329 3000 2467 3032 indubie.

1414 3046 1455 3077 Et
1477 3045 1510 3076 in
1533 3045 1582 3075 his
1603 3044 1690 3085 Papa
1711 3043 1787 3084 ligat
1808 3044 1949 3085 seipsum
1968 3051 2002 3075 et
2025 3054 2229 3082 successores,
2253 3051 2284 3077 et
2306 3044 2416 3077 definit
2429 3045 2468 3075 ir-

1414 3088 1643 3122 revocabiliter:
1668 3098 1706 3119 eo
1730 3088 1818 3130 quod
1840 3089 1910 3119 sine
1925 3089 2123 3138 poenitentia
2145 3094 2220 3120 sunt
2237 3089 2321 3121 dona
2336 3089 2408 3126 Dei,
2434 3096 2469 3119 ut

1415 3131 1528 3164 dicitur
1550 3132 1593 3163 ad
1614 3133 1704 3163 Rom.
1724 3142 1755 3162 χι
1768 3131 1795 3162 *.
1819 3131 1861 3162 Et
1878 3138 1958 3163 rano
1975 3139 2021 3164 est
2043 3132 2118 3175 quia
2141 3132 2173 3162 in
2187 3131 2236 3162 his
2251 3132 2336 3172 Papa
2351 3132 2469 3163 excedit

1414 3176 1569 3216 seipsum:
1594 3176 1675 3206 sicut
1698 3175 1808 3212 David,
1832 3175 1864 3206 in
1889 3175 2066 3206 excedendo
2086 3176 2235 3216 seipsum,
2259 3186 2291 3206 se
2311 3183 2341 3207 et
2357 3186 2467 3206 omnes

1414 3230 1485 3251 vere
1500 3220 1649 3251 iudicavit
1664 3220 1839 3256 mendaces,
1857 3219 1962 3250 dicens
1973 3220 2003 3250 *:
2023 3220 2096 3261 Ego
2111 3220 2180 3250 dixi
2195 3221 2227 3250 in
2241 3229 2370 3250 excessu
2387 3228 2468 3250 meo:

1418 3264 1530 3295 Omnis
1543 3265 1636 3294 homo
1652 3264 1800 3294 mendax.
1823 3263 1914 3294 Talia
1928 3270 2035 3294 autem
2054 3270 2128 3294 sunt
2142 3274 2177 3294 ea
2192 3274 2273 3304 quae
2290 3270 2363 3294 sunt
2378 3263 2464 3293 fidei:

1414 3308 1503 3349 quod
1526 3308 1643 3339 scilicet
1664 3308 1749 3347 Papa
1771 3317 1838 3338 non
1861 3317 1898 3338 ex
1913 3307 1982 3338 sola
1994 3315 2129 3348 papatus
2145 3307 2336 3343 auctoritate,
2361 3308 2414 3338 sed
2431 3317 2467 3337 ex

1414 3358 1532 3392 papatu
1560 3359 1596 3382 ut
1618 3353 1738 3382 substat
1761 3351 1884 3382 divinae
1906 3351 2097 3382 assistentiae
2127 3351 2165 3381 ad
2188 3350 2344 3381 Ecclesiae
2371 3350 2467 3381 fidem

1414 3406 1520 3427 veram
1544 3396 1729 3431 docendam,
1754 3394 1863 3425 definit
1876 3395 2062 3427 iudicialiter
2083 3395 2115 3426 in
2132 3394 2259 3426 materia
2273 3393 2357 3432 fidei,
2381 3404 2467 3425 exce-

1387 3465 1388 3469 ,
1415 3440 1491 3470 dens
1515 3439 1669 3479 seipsum;
1702 3446 1732 3469 et
1755 3446 1919 3479 propterea
1947 3439 2132 3469 determinat
2158 3449 2222 3468 non
2246 3444 2387 3478 respectu
2410 3439 2467 3468 ho-

1415 3493 1496 3519 rum,
1522 3483 1576 3513 sed
1600 3483 1780 3523 simpliciter
1804 3490 1834 3513 et
1856 3483 2105 3518 irrevocabiliter,
2131 3492 2165 3512 ac
2188 3482 2262 3521 ligat
2278 3492 2310 3512 se
2333 3489 2363 3513 et
2379 3482 2465 3513 alios.

2309 3567 2327 3591 4

2493 423 2502 433 ⁸
2517 429 2540 444 ²2
2557 423 2611 444 PAR.

2492 684 2503 695 ⁸
2509 684 2540 705 Ca
2559 698 2565 704 .
2573 683 2642 705 Novit
2651 684 2698 710 ille,

2493 709 2528 758 Ze
2539 691 2601 732 §ede
2613 710 2701 732 Vacan-

2494 867 2502 874 ”
2518 865 2580 886 Sess.
2595 871 2626 885 xi.

2496 1477 2503 1484 ’
2519 1475 2589 1496 Num.
2603 1481 2628 1497 ιι.

2495 1785 2506 1795 ⁸
2521 1785 2590 1806 Num.
2606 1791 2621 1806 ι.

2500 1996 2508 2005 ”
2523 1995 2588 2017 Vers.
2603 2001 2639 2017 20.

2499 2400 2505 2406 ·
2520 2397 2585 2419 Vcrs.
2600 2399 2639 2423 26:
2655 2404 2704 2426 cap.

2498 2430 2542 2450 xvi,
2558 2430 2616 2446 vers.
2631 2430 2659 2449 η.

2496 2574 2506 2584 ⁸
2527 2573 2622 2601 Dionys.
2639 2573 2701 2596 Ecct.

2496 2599 2563 2620 Hier.
2573 2616 2580 2625 ‚
2603 2605 2654 2626 cap.
2673 2606 2686 2620 v
2698 2607 2703 2624 ς

2497 2625 2562 2647 Cael.
2570 2626 2646 2651 Hier„
2652 2632 2703 2653 cap.

2496 2658 2670 2704 :¹:nonarchiae
2677 2682 2693 2702 P
2699 2698 2704 2702 .

2496 3142 2503 3150 ·
2520 3141 2584 3162 Vers.
2599 3147 2634 3168 29.

2496 3235 2502 3242 ·
2514 3234 2551 3255 Ps.
2562 3239 2677 3260 cxv‚vers.
2689 3239 2700 3254 2

2493 3261 2564 3286 (cxiv.
2580 3266 2638 3282 vers.
2655 3262 2689 3285 n).
