2892 4056
0 3397 6 3440 -ημ
0 3301 6 3388 -—---
0 3078 10 3294 -2—v-mv-oe-ss
0 2986 10 3067 -r-vss
0 2881 10 2977 v-—vvv
0 2856 3 2867 <
0 2838 5 2842 2
0 2819 5 2827 ¹
0 2801 5 2807 ⁷
0 2772 2 2777 <

0 3762 8 4056 z—w--n-——v-—m—rzw-
0 3716 5 3753 μὴ
0 3695 3 3706 -

990 163 1254 209 QUAESTIO
1282 162 1332 210 v,
1362 162 1657 199 ARTmULUs
1688 163 1737 198 111
2398 163 2443 209 57

334 242 394 278 AD
412 251 602 277 SECUNDUM
620 251 803 277 DICENDUM
831 240 936 289 quod
961 240 1056 278 fides
1076 253 1172 290 quae
1194 248 1248 278 est
1267 241 1334 279 do-

282 305 375 334 num
394 292 534 342 gratiae
561 291 713 329 inclinat
731 293 930 331 hominem
958 293 1006 331 ad
1026 294 1260 331 credendum
1278 305 1336 330 se-

282 345 451 385 cundum
471 344 636 394 aliquem
665 345 845 383 affectum
864 345 875 371 t
905 346 1006 393 boni,
1028 346 1140 383 etiam
1160 347 1190 383 si
1210 346 1255 383 sit
1281 345 1335 383 in-

282 397 426 436 formis.
464 397 575 435 Unde
598 397 695 434 fides
722 410 820 446 quae
841 406 896 435 est
922 399 960 436 in
989 399 1239 436 daemonibus
1258 411 1337 436 non

284 458 339 488 est
366 450 512 488 donum
540 450 699 498 gratiae3
730 451 797 488 sed
826 451 944 499 magis
973 459 1157 499 coguntur
1184 451 1232 488 ad
1259 463 1338 488 cre-

283 503 452 541 dendum
482 514 526 539 ex
554 503 837 552 perspicacitate
860 503 1038 541 naturalis
1065 503 1282 541 intellectus.

334 631 359 663 ζ)
373 631 506 665 affectum.
518 646 537 651 -
550 632 669 665 effectum
682 633 873 661 ABDEFHLas
890 633 1059 658 secundum...
1072 635 1233 659 credendum
1246 642 1300 659 om.
1312 642 1339 659 x.
1365 639 1368 665 ι

1442 242 1500 276 AD
1520 252 1679 277 TERTIUM
1701 252 1884 278 DlCENDUM
1904 240 2010 288 quod
2038 241 2113 277 hoc
2140 240 2264 289 ipsum
2291 240 2447 277 daemo-

1389 292 1500 330 nibus
1530 293 1699 341 displicet
1727 293 1832 342 quod
1851 293 1956 341 signa
1975 293 2065 330 fidei
2093 300 2179 330 sunt
2196 300 2274 330 tam
2294 293 2448 330 eviden-

1388 345 1439 382 tia
1466 353 1508 382 ut
1535 358 1603 394 per
1631 358 1676 382 ea
1704 346 1857 383 credere
1892 346 2180 394 compellantur.
2221 346 2270 382 Et
2298 345 2383 382 ideo
2410 345 2448 382 in

1390 399 1493 488 nullio
1532 398 1674 435 malitia
1708 411 1840 435 eorum
1874 399 2054 436 minuitur
2090 411 2159 447 per
2186 403 2204 425 ⁷¹
2237 399 2312 435 hoc
2345 398 2450 446 quod

1391 463 1452 488 cre
1482 459 1562 487 unt.

1447 635 1474 666 η)
1490 642 1550 666 per.
1563 648 1581 652 —
1601 635 1626 659 in
1646 635 1720 665 ABF,
1739 642 1792 659 om.
1815 634 1862 666 pE.

956 712 1285 746 Commentario.
1307 714 1558 747 cardinalis
1580 714 1780 747 Caietam

314 801 335 821 n
358 789 490 821 articulo
514 791 654 821 secundo
677 790 819 821 eiusdem
845 791 974 832 quintae
1003 793 1211 832 quaestionis,
1234 793 1266 823 in
1291 803 1336 823 re-

287 803 489 875 lsponsione
524 834 564 865 ad
586 834 779 871 secundum,
809 835 944 866 dubium
973 836 1090 876 duplex
1119 846 1155 867 ex
1184 837 1338 867 Durando

243 890 259 924 ’.’
285 879 340 909 ubi
364 888 458 918 supra
473 877 501 913 *‚
518 885 549 908 et
570 887 603 908 re
626 878 693 918 ipsa
712 879 857 909 occurrit.
881 879 1003 915 Primo,
1028 890 1068 910 an
1090 880 1175 910 idem
1199 881 1238 911 sit
1259 880 1341 911 iudi-

285 923 372 955 cium
394 922 433 953 de
456 921 665 955 daemonibus
688 928 719 953 et
732 922 915 954 hominibus
931 923 1087 955 damnatis
1102 925 1210 964 quoad
1224 924 1341 954 haben-

285 967 360 996 dam
382 965 488 996 fidem.
511 983 531 988 —
554 965 711 1003 Secundo,
735 973 892 1007 quantum
920 968 1021 998 valeat
1049 967 1128 999 ratio
1157 968 1276 999 litterae
1301 968 1343 998 al-

284 1010 346 1041 lata
373 1010 413 1040 ad
444 1009 665 1040 sustinendum
694 1010 783 1051 quod
812 1011 845 1041 in
869 1011 1078 1042 daemonibus
1108 1022 1174 1042 non
1202 1012 1240 1043 sit
1264 1011 1342 1042 fides

284 1053 440 1084 informis.

341 1097 435 1129 Ratio
450 1096 545 1137 primi
561 1097 648 1128 dubii
661 1104 707 1129 est
721 1098 797 1139 quia
811 1099 844 1129 in
860 1099 1044 1130 hominibus
1059 1099 1214 1130 damnatis
1226 1101 1344 1140 absque

283 1149 414 1183 peccato
437 1147 547 1172 contra
569 1140 674 1178 fidem,
698 1152 796 1183 quam
819 1153 920 1184 usque
944 1145 983 1174 ad
1007 1150 1144 1175 mortem
1163 1151 1343 1180 tenuerunt,

283 1192 425 1219 remanet
452 1185 529 1216 fides
555 1184 712 1217 informis.
740 1187 895 1228 Alioquin
923 1198 990 1218 non
1018 1188 1282 1228 distinguerentur
1305 1188 1343 1218 ab

282 1227 479 1260 infidelibus:
500 1236 530 1261 et
546 1229 670 1262 habitus
687 1238 940 1272 corrumperetur
955 1232 1021 1262 sine
1038 1232 1230 1273 corruptivo.
1255 1232 1345 1270 Quo-

285 1274 372 1304 niam
395 1274 483 1305 nulla
500 1281 630 1314 apparet
646 1284 740 1305 causa
754 1276 981 1316 corruptionis:
1005 1275 1082 1307 fides
1097 1276 1182 1306 enim
1201 1275 1345 1306 informis

284 1317 381 1350 statui
403 1316 615 1349 damnationis
637 1329 703 1349 non
718 1326 880 1360 repugnat,
897 1330 972 1351 cum
986 1319 1063 1351 fides
1077 1320 1117 1351 sit
1138 1320 1233 1351 etiam
1248 1329 1344 1360 prae-

285 1363 454 1395 teritorum
476 1368 508 1394 et
529 1363 701 1401 malorum,
722 1371 758 1394 ut
779 1364 978 1404 Augustinus
997 1364 1080 1400 dicit,
1096 1365 1129 1394 in
1147 1364 1303 1395 Enchirid
1317 1364 1344 1394 *.

252 1426 260 1433 ·
285 1407 327 1438 Et
348 1409 471 1438 Auctor
492 1406 622 1438 inferius
645 1407 678 1438 in
700 1417 755 1448 qu.
778 1417 862 1444 xvm,
886 1414 943 1439 art.
971 1409 986 1438 3
1003 1407 1030 1443 ⁴2
1055 1418 1173 1448 negans
1200 1417 1290 1448 spem
1312 1407 1346 1438 in

286 1451 452 1487 damnatis,
475 1451 608 1483 sustinet
629 1451 663 1482 in
686 1451 730 1481 eis
752 1450 848 1482 fidem
871 1451 1054 1482 informem.

342 1493 480 1525 Secundi
501 1501 609 1526 autem
632 1494 719 1525 dubii
742 1494 821 1525 ratio
846 1502 892 1526 est
914 1494 989 1536 quia
1015 1494 1176 1525 inclinatio
1201 1495 1239 1524 ad
1263 1504 1346 1535 opus

285 1537 410 1573 bonum
425 1547 491 1568 non
507 1545 662 1579 repugnat
680 1538 891 1570 damnationis
910 1539 1013 1570 statui.
1038 1539 1136 1576 Quod
1156 1548 1192 1569 ex
1208 1548 1246 1569 eo
1262 1544 1348 1578 patet

285 1581 360 1623 quia
382 1582 416 1612 in
438 1581 482 1612 eis
506 1589 647 1614 remanet
669 1582 845 1623 synderesis
867 1582 1021 1613 inclinans
1044 1583 1084 1613 ad
1107 1583 1240 1613 bonum.
1271 1583 1347 1612 Non

285 1625 381 1667 igitur
403 1635 442 1657 ex
463 1626 526 1657 hoc
549 1627 638 1667 quod
659 1626 737 1657 fides
759 1626 905 1657 informis
934 1627 1063 1658 inclinat
1091 1627 1132 1657 ad
1155 1626 1348 1657 credendum

285 1670 464 1704 secundum
486 1670 626 1711 aliquem
648 1670 795 1703 affectum
814 1671 900 1708 boni,
917 1671 1110 1701 removenda
1125 1677 1171 1701 est
1186 1681 1204 1701 a
1220 1671 1348 1701 daemo-

286 1714 390 1747 nibus.
414 1714 477 1746 Sed
499 1715 581 1747 sicut
602 1715 750 1747 voluntas
773 1725 886 1746 eorum
916 1715 1071 1747 obstinata
1095 1715 1203 1746 ceteris
1226 1714 1347 1746 actibus

286 1757 420 1800 apponit
451 1759 570 1789 malam
599 1759 739 1800 aliquam
769 1759 1002 1796 conditionem,
1030 1759 1073 1789 ita
1103 1766 1134 1790 et
1163 1758 1347 1789 huiusmodi

287 1803 415 1834 habitus
437 1802 521 1834 actui
543 1803 686 1844 apponit.

345 1847 383 1878 ll.
399 1847 452 1877 Ad
466 1847 607 1887 primum
623 1847 758 1878 dubium
773 1847 887 1878 dicitur
901 1847 1001 1888 quod,
1013 1847 1190 1877 secundum
1201 1846 1350 1877 Auctoris

288 1891 475 1928 doctrinam,
483 1891 606 1922 nullam
616 1891 744 1922 invenio
756 1891 962 1922 differentiam
973 1891 1054 1922 inter
1064 1891 1210 1921 homines
1222 1891 1351 1921 damna-

287 1943 339 1967 tos
355 1941 386 1966 et
401 1935 572 1967 daemones
587 1936 696 1976 quoad
711 1935 929 1976 propositum:
950 1942 980 1966 et
996 1935 1074 1966 ratio
1090 1935 1122 1965 in
1142 1935 1244 1966 littera
1258 1934 1349 1965 indu-

289 1987 338 2011 cta
354 1980 526 2020 aequaliter
545 1979 654 2010 locum
669 1979 763 2010 habet
776 1979 810 2009 in
825 1979 976 2020 utrisque.
997 1979 1038 2010 Et
1051 1985 1218 2019 propterea
1233 1978 1314 2009 sicut
1333 1989 1351 2008 a

288 2023 498 2057 daemonibus
513 2030 643 2064 negatur
657 2023 735 2054 fides
750 2023 896 2054 informis
910 2023 971 2054 hoc
987 2023 1020 2053 in
1035 2023 1119 2059 loco,
1131 2023 1174 2054 ita
1191 2033 1209 2053 a
1221 2023 1350 2053 damna-

288 2066 527 2108 tisintelligitur
549 2068 664 2108 negari.
688 2067 934 2106 Distinguuntur
957 2073 1066 2098 autem
1082 2067 1115 2097 in
1129 2066 1253 2098 inferno
1277 2066 1352 2096 fide-

287 2112 333 2144 les
355 2113 394 2142 ab
407 2111 588 2142 infidelibus
607 2112 781 2142 charactere
796 2111 956 2141 indelebili
974 2117 1172 2147 remanente;
1197 2117 1229 2141 et
1247 2120 1351 2150 poena

289 2155 412 2192 maiori,
437 2156 546 2188 ceteris
568 2155 712 2196 paribus;
732 2162 767 2188 et
789 2155 922 2185 demum
944 2155 1108 2195 signaculo
1124 2155 1267 2185 maculae
1283 2155 1352 2195 pol-

290 2201 376 2232 lutae
398 2199 472 2231 fidei
495 2207 666 2240 susceptae.
691 2199 916 2239 Corrumpitur
939 2205 1055 2235 autem,
1076 2209 1131 2229 seu
1155 2198 1268 2230 desinit
1286 2208 1352 2229 esse

290 2243 367 2275 fides
390 2243 536 2276 informis
559 2250 689 2285 propter
707 2249 824 2274 statum
839 2243 872 2274 in
886 2243 1023 2274 termino
1038 2242 1229 2283 simpliciter.
1254 2243 1353 2280 Quod

292 2287 365 2320 dico
394 2293 524 2331 propter
553 2287 718 2318 existentes
748 2287 990 2329 quodammodo
1013 2286 1046 2317 in
1068 2287 1119 2317 via
1142 2293 1173 2317 et
1195 2286 1352 2328 quodam-

293 2332 394 2365 modo
414 2331 449 2362 in
471 2331 624 2363 termino:
649 2338 685 2362 ut
707 2331 786 2362 olim
808 2331 914 2362 Patres
929 2338 1017 2362 erant
1031 2331 1064 2361 in
1079 2331 1191 2367 limbo,
1208 2338 1239 2362 et
1253 2331 1353 2361 modo

293 2375 424 2419 quidam
453 2374 562 2406 fideles
590 2381 665 2406 sunt
692 2375 726 2405 in
754 2375 950 2415 purgatorio.
981 2374 1086 2406 Status
1114 2375 1198 2405 enim
1228 2375 1353 2406 termini

1393 793 1576 833 simpliciter
1599 793 1773 833 opponitur
1796 792 1868 823 fidei
1896 793 2016 824 ratione
2040 799 2142 823 actus:
2167 793 2217 823 vel
2246 793 2396 833 positive,
2421 799 2457 823 ut

1394 843 1492 868 status
1515 837 1633 877 patriae
1656 837 1777 867 ratione
1799 836 1930 867 visionis
1953 838 2061 867 beatae
2083 846 2181 877 quam
2203 837 2310 876 ponit;
2333 838 2384 868 vel
2403 847 2456 867 ne-

1394 881 1505 921 gative,
1530 887 1565 911 ut
1588 887 1686 911 status
1701 880 1814 911 inferni
1837 881 1957 911 ratione
1980 887 2067 911 actus
2090 880 2210 921 proprii
2233 880 2305 912 fidei
2319 881 2383 912 illic
2396 881 2456 911 im—

1395 924 1562 964 possibilis.
1595 924 1675 955 Satis
1705 925 1791 954 enim
1819 924 2002 955 rationabile
2038 931 2084 955 est
2114 931 2150 954 ut
2178 925 2265 955 Deus
2295 925 2457 956 subtrahat

1396 968 1540 998 habitum
1563 967 1635 999 fidei
1659 967 1790 1004 infusae,
1816 968 1999 999 adveniente
2020 974 2101 998 statu
2125 969 2157 998 in
2181 978 2247 1008 quo
2272 978 2337 999 non
2354 975 2458 1010 potest

1397 1012 1533 1052 amplius
1557 1011 1639 1042 exire
1663 1012 1695 1041 in
1719 1018 1836 1042 actum.

1453 1056 1546 1086 Ratio
1571 1062 1676 1086 autern
1700 1055 1795 1086 huius
1819 1054 1914 1097 (quae
1937 1056 1970 1085 in
1994 1055 2133 1085 secundo
2158 1055 2254 1086 dubio
2279 1054 2458 1098 discutitur)

1398 1107 1445 1131 est
1467 1100 1542 1141 quia
1565 1100 1693 1130 inclinat
1708 1109 1774 1130 non
1789 1099 1895 1130 solum
1910 1100 1949 1129 ad
1965 1099 2158 1130 credendum
2174 1098 2358 1141 (daemones
2374 1100 2459 1131 enim

1399 1142 1560 1186 credunt):
1586 1144 1640 1174 sed
1663 1143 1738 1184 quia
1768 1143 1896 1174 inclinat
1919 1144 1959 1174 ad
1985 1143 2178 1176 credendum
2206 1144 2382 1174 secundum
2405 1144 2459 1175 ali-

1399 1198 1496 1229 quem
1515 1187 1662 1219 affectum
1678 1187 1764 1224 boni,
1781 1197 1847 1218 non
1864 1187 2024 1223 naturalis,
2041 1187 2096 1217 sed
2111 1187 2247 1227 gratuiti.
2273 1188 2359 1219 Licet
2375 1188 2461 1218 enim

1398 1232 1430 1262 in
1456 1231 1611 1262 damnatis
1628 1231 1780 1262 naturalia
1794 1231 1923 1271 integra,
1941 1238 1971 1262 et
1985 1231 2120 1271 gratuita
2134 1231 2320 1268 indelebilia,
2337 1238 2373 1262 ut
2388 1231 2461 1262 cha-

1399 1283 1540 1312 racteres,
1565 1282 1778 1316 perseverent;
1802 1275 1932 1306 virtutes
1955 1283 2063 1306 tamen
2079 1274 2225 1306 affectum
2245 1276 2368 1306 bonum
2385 1285 2461 1306 con-

1400 1320 1562 1351 stituentes
1587 1330 1644 1350 nec
1668 1319 1838 1360 acquisitae
1857 1329 1914 1351 nec
1930 1319 2053 1350 infusae
2068 1326 2281 1359 perseverant:
2305 1319 2381 1360 quia
2396 1319 2461 1360 ple-

1400 1364 1537 1395 nitudini
1554 1364 1690 1394 malitiae
1705 1371 1736 1394 et
1751 1363 1895 1395 miseriae
1914 1373 2027 1394 eorum
2045 1363 2227 1394 inconvenit
2241 1363 2369 1394 affectus
2384 1364 2463 1394 boni

1399 1407 1536 1448 gratuiti.
1561 1408 1602 1437 Et
1623 1407 1694 1437 licet
1716 1408 1864 1438 voluntas
1887 1408 1971 1438 mala
1993 1407 2094 1447 possit
2112 1407 2330 1438 conditionem
2345 1408 2463 1438 malam

1401 1451 1484 1483 actui
1506 1450 1579 1482 fidei
1602 1450 1748 1481 informis
1771 1461 1931 1491 apponere
1955 1461 2018 1492 qua
2041 1450 2128 1482 fieret
2151 1452 2253 1482 malus
2268 1451 2460 1491 simpliciter,

1400 1501 1436 1526 ut
1459 1501 1544 1535 patet
1567 1494 1599 1524 in
1622 1494 1795 1524 viatoribus
1819 1495 1844 1525 si
1868 1495 1939 1536 quis
1962 1495 2116 1534 acciperet
2138 1494 2235 1525 fidem
2259 1495 2376 1527 Christi
2396 1505 2463 1526 non

1401 1545 1437 1569 ut
1459 1539 1564 1569 bonus
1588 1545 1681 1574 esset,
1706 1539 1762 1568 sed
1789 1545 1824 1569 ut
1847 1545 1954 1578 posset
1977 1545 2128 1579 tyrannus
2151 1548 2234 1575 esse;
2259 1539 2336 1569 haec
2358 1546 2463 1570 tamen

1401 1582 1560 1623 appositio
1584 1592 1650 1612 non
1674 1582 1775 1612 aufert
1797 1582 1890 1613 illurn
1920 1582 2066 1613 affectum
2089 1582 2167 1612 boni
2190 1583 2331 1623 gratuiti;
2356 1583 2411 1624 qui
2431 1583 2463 1613 in

1402 1626 1558 1657 damnatis
1581 1636 1648 1656 non
1670 1626 1838 1663 invenitur,
1862 1627 1933 1657 licet
1956 1627 1989 1657 in
2013 1626 2057 1657 eis
2076 1626 2203 1657 affectus
2223 1628 2299 1657 boni
2316 1627 2465 1658 naturalis

1401 1670 1590 1708 inveniatur,
1613 1670 1790 1701 maculatus
1814 1677 1920 1702 tamen
1943 1670 2089 1711 apposita
2111 1671 2195 1701 mala
2219 1671 2402 1702 conditione
2425 1672 2464 1701 ab

1403 1715 1559 1745 obstinata
1584 1714 1758 1745 voluntate.
1783 1714 1875 1745 Fides
1898 1725 2037 1756 namque
2054 1721 2101 1746 est
2115 1715 2266 1755 perfectio
2289 1715 2465 1746 intellectus

1403 1768 1469 1789 non
1492 1758 1652 1795 absolute,
1677 1759 1730 1789 sed
1755 1766 1791 1789 ut
1813 1759 1893 1790 moti
1916 1769 1934 1789 a
1957 1759 2120 1790 voluntate
2150 1758 2321 1790 affecta‘ad
2343 1760 2466 1790 bonum

1403 1802 1650 1843 supernaturale.
1674 1805 1772 1833 Actus
1787 1809 1894 1833 autem
1914 1803 1969 1844 qui
1984 1803 2018 1833 in
2034 1803 2189 1834 damnatis
2209 1810 2300 1834 erunt
2322 1810 2465 1844 respectu

1402 1846 1604 1877 beatitudinis
1618 1847 1760 1882 amissae,
1778 1847 1941 1877 Trinitatis
1957 1846 2103 1883 offensae,
2120 1854 2188 1883 etc„
2206 1858 2272 1878 non
2289 1854 2363 1879 sunt
2378 1854 2467 1878 actus

1402 1890 1476 1921 fidei
1508 1890 1647 1926 infusae,
1672 1891 1727 1921 sed
1757 1890 1946 1930 cognitionis
1973 1891 2143 1932 acquisitae
2167 1901 2203 1922 ex
2226 1892 2296 1922 illa:
2320 1892 2370 1922 vel
2393 1891 2467 1922 fidei

1404 1941 1539 1971 coactae,
1565 1941 1601 1965 ut
1623 1934 1662 1965 de
1686 1935 1894 1965 daemonibus
1918 1934 1951 1965 in
1974 1935 2076 1966 littera
2099 1935 2222 1966 dicitur.

1459 1979 1526 2009 Nec
1557 1981 1678 2009 Auctor
1706 1978 1836 2010 inferius
1864 1979 1996 2009 sustinet
2024 1978 2121 2010 fidem
2146 1979 2178 2010 in
2209 1979 2380 2010 damnatis:
2413 1980 2467 2010 sed

1406 2022 1653 2063 comparativam
1679 2022 1781 2053 illam:
1811 2024 1923 2064 Magis
1945 2028 2049 2063 potest
2073 2033 2140 2054 esse
2159 2023 2241 2062 fides
2263 2023 2412 2064 informis
2434 2025 2467 2054 in

1404 2066 1566 2097 damnatis
1580 2077 1675 2107 quam
1692 2076 1773 2107 spes.
1789 2067 1877 2098 Haec
1893 2066 1979 2097 enim
1996 2067 2210 2108 comparativa
2225 2073 2272 2098 est
2286 2076 2374 2098 vera:
2392 2067 2468 2108 quia

1406 2111 1473 2151 spei
1501 2110 1662 2141 obiectum
1692 2117 1835 2151 respectu
1866 2111 2090 2142 damnatorum
2122 2122 2187 2142 non
2222 2111 2370 2147 salvatur;
2394 2110 2467 2142 fidei

1407 2161 1514 2185 autem
1530 2154 1691 2185 obiectum
1707 2155 1843 2186 salvatur
1858 2162 2000 2195 respectu
2017 2165 2139 2186 eorum.
2164 2156 2206 2186 Et
2228 2156 2317 2196 quod
2337 2155 2414 2185 haec
2430 2155 2470 2186 sit

1405 2208 1479 2229 vera
1500 2198 1634 2230 intentio
1651 2199 1718 2229 eius
1738 2205 1834 2239 patet,
1857 2199 1932 2239 quia
1947 2205 2056 2230 tractat
2075 2199 2118 2230 ibi
2136 2199 2224 2229 illam
2240 2199 2468 2235 auctoritatem,

1406 2243 1588 2274 Daemones
1611 2243 1746 2273 credunt
1765 2248 1795 2273 et
1813 2244 2078 2281 contremiscunt,·
2100 2253 2158 2274 nec
2178 2243 2279 2283 magis
2304 2243 2343 2273 de
2365 2243 2469 2274 homi-

1406 2286 1500 2317 nibus
1523 2297 1622 2328 quam
1645 2287 1683 2317 de
1707 2287 1916 2317 daemonibus
1939 2287 2096 2328 loquitur,
2120 2298 2138 2318 a
2161 2287 2278 2328 quibus
2300 2287 2471 2319 abstulerat

1406 2331 1503 2371 paulo
1527 2337 1599 2362 ante
1623 2330 1728 2362 fidem.
1754 2331 1909 2369 Quamvis
1933 2331 1994 2362 hoc
2017 2331 2108 2372 signo
2125 2341 2192 2362 non
2215 2331 2255 2362 sit
2270 2340 2371 2372 opus:
2395 2331 2470 2372 quia

1407 2376 1501 2405 verba
1517 2385 1575 2406 sua
1598 2384 1664 2405 non
1688 2375 1748 2405 nisi
1771 2375 2043 2416 comparationem
2066 2374 2252 2416 significant.

1101 2509 1417 2552 ARTICULUS
1446 2509 1675 2552 TERTIUS

309 2594 466 2629 UTRUM
489 2592 765 2626 HAERETICUS
789 2593 863 2631 QUI
887 2591 1115 2624 DISCREDIT
1138 2593 1264 2624 UNUM
1287 2593 1544 2624 ARTICULUM
1567 2592 1681 2623 FIDEI
1704 2592 1852 2624 POSSIT
1875 2593 2048 2624 HABERE
2071 2594 2097 2624 F
2099 2594 2205 2624 IDEM
2229 2594 2456 2625 1NFORMEM

1160 2645 1217 2676 DE
1240 2645 1349 2676 ALIIS
1373 2644 1605 2676 ARTICULIS

362 2727 394 2752 m
413 2726 495 2756 Seni„
516 2725 575 2750 dist.
593 2731 662 2754 xxm,
680 2732 727 2757 qu.
744 2731 781 2754 nr,
801 2729 847 2749 art.
870 2723 893 2755 3,
912 2723 962 2756 qu⁸
982 2730 1011 2754 ²3
1032 2723 1074 2748 De
1097 2723 1184 2753 Ver-it„
1205 2731 1250 2756 qu.
1268 2730 1318 2754 xxv,
1338 2729 1385 2748 art.

321 2820 355 2840 »Ἄ
381 2815 389 2837 2
412 2819 464 2840 »Μ
506 2807 529 2832 n
547 2797 707 2833 ‘reanum
733 2806 788 2832 sic
805 2805 1044 2831 PROCEDITUR.
1073 2793 1231 2831 Videtur
1249 2794 1355 2842 quod

325 2832 381 2894 §.33⁵
426 2829 478 2890 Γέἰιῖ
507 2847 718 2885 haereticus
737 2847 801 2896 qui
819 2846 996 2885 discredit
1013 2859 1134 2884 unum
1155 2847 1353 2884 articulum

316 2931 324 2942 ,
356 2902 433 2955 'jn
445 2886 492 2940 'r‘
507 2900 599 2938 fidei
625 2900 744 2950 possit
771 2900 912 2937 habere
939 2899 1058 2937 fidem
1083 2899 1288 2937 informem
1307 2900 1354 2937 de

357 2973 362 2977 ⁴
387 2955 449 2982 Ὗ)
509 2953 589 2991 aliis
611 2953 784 2992 articulis.
815 2953 908 2991 Non
936 2953 1035 2990 enim
1063 2952 1271 2991 intellectus
1290 2965 1355 2992 na-

296 3005 425 3046 turalis
442 3005 619 3046 haeretici
636 3013 695 3044 est
711 3005 902 3055 potentior
929 3017 1046 3054 quam
1065 3005 1272 3043 intellectus
1295 3018 1356 3044 ca-

297 3058 436 3096 tholici.
468 3059 545 3096 Sed
572 3059 779 3096 intellectus
807 3058 979 3096 catholici
1004 3058 1145 3106 indiget
1170 3058 1355 3107 adiuvari,

298 3111 348 3149 ad
368 3111 602 3149 credendum
616 3123 900 3161 quemcumque
915 3111 1114 3148 articulum
1133 3111 1235 3159 fidei,
1251 3112 1354 3149 dono

298 3163 400 3202 fidei.
429 3165 532 3213 Ergo
550 3164 702 3202 videtur
721 3164 826 3213 quod
850 3177 922 3202 nec
938 3163 1115 3202 haeretici
1134 3164 1281 3215 aliquos
1300 3177 1358 3202 ar-

298 3217 432 3257 ticulos
452 3222 470 3238 ²
498 3217 652 3256 credere
674 3217 820 3266 possint
839 3216 918 3255 sine
939 3217 1042 3256 dono
1061 3216 1152 3256 fidei
1171 3217 1354 3256 informis.

354 3282 388 3307 2.
415 3271 648 3317 PRAETEREA,
669 3270 764 3307 sicut
790 3270 861 3307 sub
888 3269 965 3308 fide
994 3269 1233 3310 continentur
1250 3271 1356 3309 multi

1408 2731 1450 2754 ro,
1475 2724 1507 2748 ad
1530 2731 1575 2754 ως
1596 2723 1638 2748 De
1661 2723 1772 2752 Vir-tut„
1791 2731 1835 2756 qu.
1849 2731 1876 2754 n,
1896 2728 1943 2749 art.
1966 2722 2005 2753 13.
2024 2724 2056 2748 ad
2075 2722 2106 2754 63
2126 2723 2223 2754 Quodl.
2242 2724 2284 2755 Vl,
2303 2731 2349 2756 qu.
2367 2731 2402 2749 w.

1410 2794 1490 2841 tria,
1521 2794 1760 2831 continentur
1785 2795 1927 2831 multae
1947 2795 2222 2832 conclusiones.
2253 2794 2331 2832 Sed
2349 2795 2469 2832 homo

1410 2847 1543 2896 aliquis
1571 2854 1695 2896 potest
1721 2848 1864 2884 habere
1892 2847 2089 2884 scientiam
2116 2847 2348 2895 geometriae
2373 2847 2471 2884 circa

1411 2900 1598 2950 quasdam
1618 2900 1868 2948 geometricas
1888 2900 2163 2948 conclusiones,
2180 2900 2259 2937 aliis
2279 2900 2469 2948 ignoratis.

1410 2953 1513 3001 Ergo
1542 2954 1662 2990 homo
1690 2953 1825 3002 aliquis
1861 2959 1987 3002 potest
2012 2954 2155 2991 habere
2182 2953 2303 2991 fidem
2332 2953 2379 2990 de
2408 2953 2472 2991 ali-

1410 3006 1549 3055 quibus
1577 3005 1739 3044 articulis
1767 3005 1870 3053 fidei,
1900 3005 1994 3043 alios
2022 3018 2101 3044 non
2130 3006 2339 3044 credendo.

1466 3060 1501 3096 3.
1521 3060 1755 3106 PRAETEREA,
1785 3059 1880 3096 sicut
1906 3059 2027 3096 homo
2056 3059 2186 3096 obedit
2212 3060 2298 3096 Deo
2325 3059 2374 3096 ad
2394 3070 2472 3095 cre-

1411 3112 1581 3150 dendum
1614 3111 1790 3149 articulos
1818 3111 1930 3159 fidei,
1959 3112 2010 3149 ita
2047 3111 2160 3149 etiarn
2198 3113 2246 3149 ad
2284 3111 2473 3148 servanda

1411 3165 1592 3203 mandata
1619 3164 1721 3215 legis.
1762 3164 1839 3201 Sed
1866 3165 1987 3202 homo
2015 3172 2140 3214 potest
2169 3177 2250 3201 esse
2288 3164 2472 3201 obediens

1415 3218 1514 3257 circa
1540 3217 1731 3267 quaedam
1760 3217 1938 3257 mandata
1968 3225 2005 3255 et
2031 3230 2111 3255 non
2139 3218 2244 3269 circa
2257 3217 2339 3254 alia.
2369 3217 2471 3264 Ergo

1414 3278 1538 3320 potest
1564 3271 1707 3308 habere
1739 3271 1860 3309 fidem
1889 3269 1986 3308 circa
2013 3271 2203 3319 quosdam
2231 3269 2408 3309 articulos
2438 3276 2473 3306 et

300 3323 445 3360 articuli
472 3322 580 3370 fidei,
610 3323 660 3360 ita
687 3323 758 3360 sub
785 3335 863 3360 una
889 3322 1057 3371 scientia,
1085 3331 1176 3372 puta
1204 3335 1358 3372 geome-
1414 3336 1492 3361 non
1521 3319 1619 3360 circa
1648 3323 1752 3360 alios.

354 3455 382 3488 α)
400 3455 537 3482 articulos.
550 3469 569 3475 -
579 3455 648 3489 fidei
665 3455 761 3480 addunt
778 3454 824 3480 Pa.

443 3507 553 3532 Sumus
571 3507 672 3532 Tuom.
691 3507 723 3533 D.
735 3506 850 3532 Tuom
869 3507 902 3533 T.
919 3508 950 3533 V.
