2892 4056
197 2577 205 2585 ⁸
215 2575 292 2596 Tract.
306 2581 337 2596 tx.
348 2587 358 2591 -
370 2575 405 2597 Cf.

196 2602 272 2623 Tract.
312 2601 384 2623 XLIII
400 2618 405 2626 ,

197 2627 303 2649 LXXXV
323 2627 347 2648 in

196 2660 268 2681 vang.
278 2653 344 2675 Ioany

295 2681 308 2714 β

374 2627 405 2649 Ε.

196 2784 404 2811 '1⁸11⁸²,qu.xvm.

195 2814 236 2831 art.
254 2817 276 2837 5:

195 2840 237 2857 8η.
252 2843 272 2857 2.

299 2816 337 2836 qu.

291 2889 307 2915 Υ

359 2816 405 2836 mv,

458 166 526 201 142
1139 158 1404 204 QUAESTIO
1434 161 1536 207 xix,
1566 160 1860 196 ARTICULUS
1888 160 1923 197 v

452 234 579 270 Deum
608 234 703 271 sicut
729 235 767 271 in
794 236 925 281 finem,
956 243 991 271 et
1018 247 1086 283 per
1115 247 1351 284 consequens
1377 249 1503 285 poena
1558 238 1725 273 cundum
1744 248 1852 273 suam
1867 237 2143 275 substantiam‘
2163 251 2241 277 non
2256 240 2374 277 oritur
2388 251 2434 277 ex
2447 247 2608 277 tumore.

451 297 530 322 non
557 286 733 323 timeatur
759 295 940 335 tanquam
969 287 1175 335 principale
1204 289 1364 335 malum,
1397 289 1502 336 quod
1558 289 1635 325 Sed
1655 289 1733 324 eius
1753 288 1934 325 servilitas
1953 301 1998 325 ex
2017 297 2167 327 tumore
2187 292 2365 329 nascitur:
2386 293 2625 341 inquantum*

451 338 630 386 contingit
657 339 694 375 in
715 340 877 375 habente
898 339 1100 375 caritatem.
1133 339 1223 376 Non
1243 340 1345 376 enirn
1365 341 1503 377 tollitur
1557 341 1695 376 scilicet
1722 341 1840 377 homo
1869 341 2048 378 affectum
2076 353 2188 379 suum
2218 355 2295 380 non
2318 345 2400 382 vult
2427 345 2610 382 subiicere

451 391 594 438 species
617 391 766 427 habitus
793 403 861 439 per
888 392 961 427 hoc
990 391 1093 439 quod
1123 391 1202 427 eius
1231 392 1422 429 obiectum
1440 394 1502 430 vel
1557 393 1644 439 iugo
1674 392 1832 429 iustitiae
1861 405 1929 441 per
1957 405 2142 431 amorem.

449 442 535 478 finis
555 443 748 479 ordinatur
763 443 810 479 ad
826 443 1040 479 ulteriorem
1059 443 1189 480 finem.
1216 445 1264 480 Et
1282 444 1369 480 ideo
1389 445 1503 481 timor
1609 447 1667 480 AD
1695 456 1854 482 TER‘r1UM
1882 457 2065 483 DICENDUM
2093 446 2198 494 quod
2221 459 2329 484 amor
2353 450 2610 486 mercenarius

449 494 594 531 servilis
621 495 831 531 secundum
861 507 969 531 suam
998 495 1244 532 substantiam
1273 497 1396 533 bonus
1426 505 1500 543 est,
1557 497 1689 533 dicitur
1708 496 1719 522 t
1739 498 1803 545 qui
1823 499 1949 534 Deum
1973 498 2088 546 diligit
2113 506 2268 547 propter
2295 501 2397 538 bona
2419 509 2609 550 tempora-

448 547 515 583 sed
544 547 726 583 servilitas
755 547 834 582 eius
863 548 963 583 mala
992 555 1057 583 est.
1528 587 1530 598 ἶ
1557 549 1615 585 lia.
1647 549 1763 598 Quod
1790 550 2001 587 secundum
2030 563 2070 587 se
2100 551 2241 588 caritati
2269 554 2527 590 contrariatur.
2563 554 2612 590 Et

500 600 558 634 AD
587 611 722 635 PRIMUM
749 610 846 635 ERGO
877 611 1058 635 DICENDUM
1086 600 1191 646 quod
1218 601 1382 637 verbum
1410 601 1501 637 illud
1528 599 1530 606 ’
1556 599 1650 637 ideo>
1671 613 1781 638 amor
1808 603 2062 640 mercenarius
2091 615 2243 651 semper
2275 612 2330 641 est
2357 606 2491 643 malus.
2535 607 2609 643 Sed

447 651 643 696 Augustini
671 651 955 698 intelligendum
985 660 1040 687 est
1077 653 1122 688 de
1153 664 1198 688 eo
1231 652 1296 700 qui
1324 652 1410 689 facit
1437 653 1501 689 ali·
1554 653 1666 689 timor
1700 654 1844 691 servilis
1873 656 2082 693 secundum
2112 668 2221 693 suam
2250 657 2499 701 substantiam
2528 671 2607 695 non

447 702 536 750 quid
556 703 691 739 timore
710 703 834 740 servili
854 703 1077 751 inquantum
1098 712 1152 741 est
1171 704 1327 751 servilis,
1347 713 1388 741 ut
1406 705 1502 741 scili·
1555 706 1733 754 importat
1761 707 1830 744 nisi
1858 707 2034 745 timorem
2063 721 2233 757 poenae,
2264 709 2344 745 sive
2371 710 2544 747 timeatur
2570 718 2612 748 ut

447 762 504 790 cet
523 767 601 791 non
617 763 720 792 amet
737 756 927 803 iustitiam,
940 757 1007 793 secl
1027 757 1151 793 solum
1172 757 1301 793 timeat
1319 769 1499 805 poenam.
1555 758 1759 806 principale
1788 761 1949 807 malum,
1979 761 2060 798 sive
2089 773 2166 798 non
2194 762 2372 798 timeatur
2398 770 2440 799 ut
2465 764 2610 800 malum

498 808 556 843 AD
585 819 773 845 SECUNDUM
802 820 985 845 DICENDUM
1013 809 1119 856 quod
1147 809 1261 846 timor
1280 809 1424 846 servilis
1443 822 1501 846 se·
1555 810 1773 860 principale.

495 918 516 950 ε)
537 926 613 944 suam
631 921 815 947 substantiam.
828 935 847 941 —
858 929 935 946 suum
954 922 1082 947 obiectum
1101 922 1181 955 Glpx,
1199 930 1275 948 suam
1294 923 1358 948 sb'm
1378 923 1406 952 F,
1424 931 1501 948 suum
1608 924 1633 957 ζ)
1653 925 1760 950 dicitur.
1772 939 1792 945 -
1804 926 1864 951 Om.
1877 926 2133 959 ABCDEFGt-upxn
2151 933 2177 952 et
2189 935 2214 958 x.
2228 931 2267 953 est
2279 928 2347 958 sKn;
2365 928 2443 958 Quod
2455 927 2612 960 omAEGsA,

443 954 586 979 subiectum
605 957 682 980 ceteri
702 961 726 980 et
745 957 790 981 Pa.
809 969 827 974 -
846 957 895 981 Pro
914 960 1025 986 tumore,
1045 957 1141 983 timore
1159 958 1243 990 primo
1262 958 1319 983 loco
1334 958 1501 983 PBCDEFHI
1555 959 1618 991 quia
1637 960 1713 991 Clam
1734 961 1770 985 Et
1787 965 1845 986 ante
1865 961 1924 986 ideo
1942 969 1995 986 om.
2014 961 2066 987 1⁸11.

442 989 568 1022 KLstA
587 995 612 1014 et
629 998 692 1020 m,
712 992 792 1016 altero
811 991 887 1016 iidem
908 992 1018 1024 exceptis
1038 992 1100 1017 Esn.

1222 1123 1537 1171 ARTICULUS
1567 1125 1824 1174 QUINTUS

729 1203 884 1234 UTRUM
908 1204 1048 1236 TIMOR
1070 1205 1258 1236 SERvms
1282 1206 1348 1236 SIT
1372 1206 1478 1236 IDEM
1501 1206 1544 1236 IN
1568 1206 1836 1238 SUBSTANTIA
1859 1207 1953 1238 CUM
1975 1208 2143 1240 TIMORE
2167 1209 2321 1241 FILIALI

1202 1283 1232 1307 111
1253 1283 1335 1312 Sent„
1355 1283 1414 1308 dist.
1432 1290 1513 1314 xxxw,
1533 1291 1577 1316 qu.
1596 1291 1623 1315 11,
1643 1289 1689 1309 art.
1710 1284 1738 1315 3,
1758 1285 1808 1317 qu²
1830 1293 1852 1309 1.

474 1364 536 1407 μὴ»
558 1368 614 1397 2121<
653 1363 675 1388 D
695 1363 856 1393 QUINTUM
874 1363 928 1388 sm
947 1364 1185 1390 PROCEDITUR.
1205 1353 1366 1390 Videtur
1393 1353 1498 1401 quod
1524 1353 1527 1402 l
1551 1362 1678 1391 autern
1704 1354 1828 1402 specie
1859 1355 2003 1392 malurn
2030 1368 2192 1404 poenae,
2214 1357 2317 1406 quod
2345 1358 2480 1406 refugit
2498 1359 2612 1399 timor

470 1373 630 1464 ’ἧᾼξξὲ
651 1404 766 1440 timor
784 1404 929 1441 servilis
944 1404 990 1441 sit
1003 1405 1106 1442 idem
1127 1406 1164 1442 in
1184 1405 1390 1442 substantia
1412 1418 1498 1442 cum
1524 1405 1527 1459 ξ
1551 1406 1715 1453 servilis,
1755 1415 1791 1444 et
1818 1409 1963 1445 malum
1992 1409 2145 1458 culpae,
2185 1411 2291 1458 quod
2328 1411 2462 1460 refugit
2498 1413 2612 1452 timor

459 1455 581 1504 ’,γ’,νς
601 1462 623 1498 ἐ
637 1455 787 1493 timore
806 1457 920 1494 filiali.
943 1459 997 1494 Ita
1018 1458 1118 1494 enim
1138 1458 1288 1495 videtur
1302 1470 1342 1495 se
1356 1459 1497 1495 habere
1524 1462 1526 1491 Ι
1549 1459 1682 1506 filialis,
1699 1467 1740 1495 ut
1759 1471 1803 1496 ex
1822 1460 2044 1509 supradictis
2058 1462 2079 1483 '¹
2091 1469 2205 1511 patet.
2235 1462 2346 1500 Unde
2366 1462 2610 1506 manifestum

461 1501 474 1513 ”
496 1484 588 1539 53¹³*
612 1502 766 1547 &timor
783 1510 905 1546 filialis
925 1510 973 1547 ad
993 1510 1171 1548 servilem
1195 1511 1289 1547 sicut
1308 1511 1404 1548 fides
1423 1511 1497 1548 for·
1524 1495 1526 1530 Ι
1550 1519 1606 1548 est
1633 1512 1737 1560 quod
1765 1512 1879 1550 timor
1907 1514 2052 1551 servilis
2081 1523 2118 1551 et
2144 1515 2266 1552 filialis
2295 1528 2373 1553 non
2393 1525 2480 1554 sunt
2506 1518 2610 1563 idem

440 1568 542 1596 mata
561 1560 610 1596 ad
628 1561 844 1609 informem,
874 1575 1039 1611 quorum
1068 1576 1190 1600 unum
1220 1571 1274 1600 est
1303 1576 1389 1600 cum
1410 1576 1497 1612 pec·
1523 1609 1525 1615 ἑ
1549 1565 1762 1602 secundum
1791 1566 2052 1613 substantiam,
2074 1568 2140 1604 sed
2162 1568 2343 1606 differunt
2362 1571 2500 1618 specie.

440 1621 523 1649 cato
553 1615 713 1661 mortali,
736 1615 838 1652 aliud
856 1628 950 1652 vero
979 1629 1068 1653 non.
1100 1616 1177 1653 Sed
1202 1616 1336 1652 eadem
1364 1628 1497 1653 secun·
1523 1619 1525 1664 ξ
1602 1619 1660 1653 AD
1690 1629 1826 1654 PRlMUM
1853 1630 1951 1656 ERGO
1976 1631 2160 1657 DICENDUM
2189 1622 2293 1670 quod
2321 1622 2418 1660 fides
2446 1624 2610 1662 formata

439 1666 532 1702 dum
560 1667 808 1704 substantiam
838 1676 893 1704 est
919 1669 1018 1705 fides
1051 1669 1214 1705 formata
1249 1676 1284 1704 et
1313 1669 1494 1706 informis.
1550 1677 1586 1706 et
1613 1669 1784 1706 informis
1820 1683 1899 1708 non
1927 1672 2106 1710 differunt
2142 1675 2354 1711 secundum
2392 1676 2607 1724 obiectum,

439 1719 540 1765 Ergo
561 1720 674 1756 etiam
695 1721 797 1756 idern
818 1729 872 1757 est
887 1721 1099 1757 secundum
1119 1721 1366 1757 substantiam
1383 1721 1497 1758 timor
1548 1730 1709 1769 utraque
1729 1723 1831 1759 enim
1850 1724 1946 1761 fides
1962 1732 1998 1760 et
2017 1725 2133 1762 credit
2152 1727 2236 1762 Deo
2258 1734 2295 1763 et
2318 1728 2435 1765 credit
2458 1730 2606 1767 Deum:

438 1771 583 1808 servilis
613 1780 648 1808 et
675 1773 809 1809 filialis.
1522 1820 1524 1828 Κ
1549 1775 1617 1810 sed
1636 1774 1814 1812 differunt
1837 1777 1961 1813 solum
1981 1789 2049 1825 per
2077 1778 2230 1826 aliquod
2256 1780 2520 1830 extrinsecum,
2540 1781 2609 1818 sci-

492 1835 528 1860 2.
549 1825 781 1872 PRAETEREA‚
793 1826 943 1862 habitus
963 1825 1264 1862 diversificantur
1282 1826 1495 1863 secundum
1547 1827 1634 1863 licet
1661 1827 1872 1865 secundum
1892 1830 2144 1877 praesentiam
2174 1839 2210 1868 et
2237 1833 2447 1870 absentiam
2477 1834 2608 1872 carita-

438 1877 595 1914 obiecta.
627 1879 702 1915 Sed
730 1878 832 1914 idern
863 1886 918 1915 est
949 1878 1142 1915 obiectum
1175 1878 1319 1915 timoris
1353 1878 1496 1915 servilis
1522 1879 1523 1900 ³
1548 1879 1605 1916 tis.
1635 1880 1684 1916 Et
1702 1879 1789 1916 ideo
1809 1893 1887 1918 non
1912 1881 2089 1919 differunt
2108 1886 2320 1921 secundum
2345 1886 2606 1927 substantiam.

438 1938 474 1966 et
488 1930 623 1966 filialis:
645 1931 733 1979 quia
750 1939 911 1980 utroque
930 1931 1066 1968 timore
1086 1931 1239 1967 timetur
1254 1932 1370 1967 Deus.
1393 1932 1494 1979 Ergo
1549 1931 1626 1968 Sed
1653 1932 1766 1968 timor
1793 1933 1937 1970 servilis
1967 1942 2002 1971 et
2030 1935 2151 1972 filialis
2185 1936 2365 1974 differunt
2393 1941 2606 1978 secundum

436 1983 538 2019 idem
560 1990 615 2019 est
638 1984 850 2021 secundum
879 1984 1127 2021 substantiam
1154 1983 1268 2020 timor
1296 1983 1440 2020 servilis
1461 1992 1496 2021 et
1549 1984 1696 2021 obiecta
1715 1983 1740 2021 δ.
1771 1986 1820 2021 Et
1838 1986 1925 2023 ideo
1946 1999 2023 2024 non
2044 1995 2099 2024 est
2118 1988 2247 2025 similis
2268 1990 2373 2027 ratio.

436 2035 550 2072 timor
577 2036 711 2072 filialis.
1601 2039 1660 2073 An
1688 2049 1877 2076 SECUNDUM
1904 2051 2087 2077 mCENnUM
2119 2041 2225 2090 quod
2258 2042 2371 2080 timor
2398 2044 2553 2090 servilis!
2570 2052 2608 2083 et

491 2090 524 2125 3.
556 2089 795 2135 PRAETEREA,
826 2089 919 2126 sicut
946 2090 1066 2126 horno
1095 2096 1221 2137 sperat
1247 2088 1317 2125 frui
1345 2089 1430 2125 Deo
1460 2096 1496 2125 et
1547 2089 1662 2126 timor
1679 2090 1801 2127 filialis
1820 2103 1899 2128 non
1917 2092 2058 2129 habent
2085 2093 2248 2131 eandem
2275 2091 2605 2147 habitudinem-iit}

437 2140 548 2178 etiam
577 2142 625 2177 ab
655 2153 701 2178 eo
731 2142 917 2178 beneficia
945 2142 1137 2188 obtinere,
1167 2141 1217 2178 ita
1246 2141 1358 2178 etiam
1387 2141 1495 2178 timet
1547 2142 1696 2179 Deum:
1735 2155 1825 2180 nam
1852 2144 1965 2181 timor
1993 2145 2137 2182 servilis
2174 2147 2324 2196 respicit
2349 2149 2476 2189 Deum
2509 2150 2606 2190 sicut

435 2194 599 2242 separari
618 2206 640 2230 a
659 2195 743 2231 Deo
774 2202 809 2231 et
836 2207 981 2243 poenas
1007 2196 1055 2232 ab
1077 2206 1122 2230 eo
1141 2194 1230 2242 pati.
1261 2194 1337 2230 Sed
1358 2194 1493 2230 eadem
1546 2194 1773 2242 principium
1806 2196 2032 2234 inflictivum
2064 2197 2297 2246 poenarum;
2335 2201 2448 2238 timor
2474 2199 2604 2240 autem

436 2254 491 2283 est
510 2259 596 2295 spes
617 2259 691 2295 qua
711 2259 910 2295 speramus
938 2247 1008 2283 frui
1037 2248 1122 2284 Deo
1143 2254 1179 2283 et
1198 2258 1273 2295 qua
1296 2258 1493 2294 speramus
1546 2246 1668 2283 filialis
1697 2248 1844 2296 respicit
1871 2250 1996 2286 Deum
2025 2263 2102 2287 non
2131 2251 2226 2289 sicut
2258 2253 2484 2302 principium
2514 2255 2604 2292 actil-

435 2299 506 2335 alia
526 2304 543 2321 α
563 2299 748 2336 beneficia
776 2300 946 2336 obtinere
975 2300 1023 2336 ab
1052 2311 1117 2345 eo,
1146 2306 1187 2335 ut
1215 2299 1356 2335 dictum
1386 2306 1442 2335 est
1459 2298 1490 2335 ²⁸².
1518 2327 1520 2349 ἰ
1546 2311 1640 2336 vum
1670 2301 1823 2348 culpae,
1861 2303 1929 2339 sed
1957 2303 2082 2351 potius
2110 2304 2206 2341 sicut
2232 2305 2437 2344 terminum
2473 2319 2496 2344 a
2524 2311 2603 2357 qut)

435 2352 536 2399 Ergo
567 2352 678 2388 etiam
705 2352 809 2389 idem
837 2360 893 2389 est
919 2352 1034 2388 timor
1060 2351 1195 2397 filialis,
1217 2363 1293 2400 quo
1315 2351 1492 2387 timemus
1546 2352 1680 2400 refugit
1698 2354 1862 2401 separari
1880 2366 1949 2402 per
1968 2356 2131 2404 culpam.
2162 2357 2211 2393 Et
2229 2358 2316 2395 ideo
2341 2370 2385 2395 ex
2405 2359 2480 2396 hoc
2499 2360 2607 2398 obie-

434 2405 714 2452 separationem
734 2417 756 2441 a
776 2406 873 2451 Deo,
895 2412 931 2441 et
954 2404 1068 2441 timor
1096 2404 1252 2451 servilis,
1277 2416 1355 2453 quo
1384 2403 1492 2440 time·
1517 2436 1519 2445 .
1546 2411 1605 2440 cto
1621 2405 1727 2453 quod
1747 2413 1802 2442 est
1820 2407 1925 2443 Deus
1944 2419 2022 2444 non
2044 2418 2328 2458 consequuntur
2341 2411 2602 2450 ‘identitatem

435 2469 522 2493 mus
550 2458 598 2493 ab
627 2469 674 2493 eo
701 2457 838 2506 puniri.
1546 2457 1695 2505 speciei.
1734 2458 1835 2504 Quia
1864 2459 1976 2496 etiam
2013 2469 2139 2498 motus
2166 2464 2354 2500 naturales
2390 2465 2606 2502 secundum*

488 2510 562 2546 SED
591 2521 735 2547 CONTRA
759 2522 824 2546 Es·r
843 2510 947 2557 quod
975 2509 1218 2556 Augustinus,
1243 2520 1356 2556 super
1372 2509 1490 2545 Prim.
1517 2547 1518 2559 ἶ
1543 2509 1805 2546 habitudinem
1825 2511 1873 2548 ad
1898 2512 2062 2560 aliquem
2092 2515 2296 2552 terminum
2324 2517 2450 2564 specie
2479 2517 2602 2555 diver-

438 2563 616 2598 Canonic.
637 2564 744 2599 Ioan.
765 2562 796 2608 ²⁸,
819 2562 906 2599 dicit
935 2574 1016 2598 esse
1046 2561 1142 2598 duos
1168 2561 1338 2607 timores,
1368 2573 1489 2598 unum
1516 2566 1518 2584 ²
1545 2561 1756 2599 sificantur:
1785 2575 1863 2600 non
1892 2565 1993 2601 enim
2024 2574 2079 2603 est
2096 2567 2198 2604 idern
2227 2576 2354 2605 motus
2382 2569 2508 2618 specie
2536 2571 2601 2619 qui

434 2614 621 2659 servilem,
652 2623 688 2651 et
716 2615 832 2652 aliurn
861 2614 1014 2651 filialem
1039 2615 1101 2650 vel
1132 2621 1289 2650 castum.
1545 2621 1601 2650 est
1618 2615 1666 2650 ab
1687 2615 1862 2652 albedine
1891 2625 1927 2653 et
1945 2618 2010 2665 qui
2031 2626 2086 2655 est
2104 2620 2153 2656 ad
2172 2621 2399 2658 albedinem.

487 2668 711 2704 RESPONDEO
739 2679 922 2704 mcENoUM
952 2667 1055 2714 quod
1084 2666 1236 2714 proprie
1259 2664 1274 2694 β
1298 2665 1490 2702 obiectum
1596 2668 1654 2703 An
1673 2679 1833 2704 TER'nUM
1853 2681 2035 2707 meantium
2063 2673 2167 2719 quod
2196 2684 2283 2720 spes
2303 2674 2453 2722 respicit
2469 2675 2599 2713 Deum

432 2720 575 2756 timoris
605 2728 659 2756 est
687 2721 842 2757 malum.
873 2721 923 2756 Et
940 2719 1029 2767 quia
1049 2726 1152 2755 actus
1181 2726 1217 2755 et
1244 2718 1394 2754 habitus
1420 2718 1491 2754 dis·
1543 2718 1639 2755 sicut
1666 2719 1892 2768 principium
1921 2730 1999 2758 tarn
2028 2732 2200 2771 respectu
2235 2725 2418 2763 fruitionis
2446 2727 2599 2765 divinae

431 2772 650 2819 tinguuntur
669 2773 879 2809 secundum
909 2772 1067 2817 obiecta,
1089 2779 1131 2807 ut
1150 2783 1195 2807 ex
1221 2770 1488 2818 dictis*patet,
1515 2817 1516 2824 ἵ
1543 2783 1658 2818 quam
1696 2780 1869 2820 respectu
1905 2774 2178 2824 cuiuscumque
2219 2778 2370 2814 alterius
2410 2780 2597 2817 beneficii.

432 2837 586 2862 necesse
615 2833 671 2861 est
699 2825 802 2873 quod
835 2825 1047 2861 secundum
1080 2823 1336 2861 diversitatem
1370 2823 1491 2859 malo·
1514 2830 1516 2868 ι
1544 2823 1634 2860 Non
1662 2824 1714 2860 sic
1742 2833 1868 2862 autem
1898 2834 1953 2863 est
1981 2827 2028 2864 de
2056 2826 2202 2865 timere.
2242 2830 2291 2866 Et
2318 2831 2405 2867 ideo
2435 2842 2514 2869 non
2542 2838 2600 2869 est

432 2890 516 2914 rum
546 2877 658 2914 etiam
691 2878 846 2914 timores
880 2877 1006 2925 specie
1040 2876 1227 2913 differant.
1266 2875 1488 2912 Differuntt
1542 2875 1670 2912 similis
1698 2877 1803 2914 ratio.

485 2998 512 3029 α)
531 2997 593 3022 alia.
611 3011 630 3016 -
648 2998 737 3029 aliqua
756 2999 786 3027 L,
805 3005 858 3023 om.
877 2999 904 3022 P.
1238 3024 1240 3027 ⁴
1539 2996 1585 3021 sed
1604 2982 1702 3022 matiam
1720 2999 1776 3029 BL,
1799 3000 1942 3026 secundum
1967 3003 2064 3027 malum
2084 3002 2115 3033 Κ,
2134 3004 2277 3029 secundum
2296 3008 2322 3030 et
2341 3005 2438 3030 malum
2459 3005 2486 3035 F,
2506 3006 2554 3031 sed
2571 3009 2598 3032 et

484 3031 509 3064 β)
523 3033 644 3064 proprie.
660 3045 680 3051 -
693 3033 836 3064 proprium
856 3034 883 3057 P.
1540 3032 1638 3057 malum
1657 3034 1690 3059 H.
2567 3056 2569 3058 .

482 3067 509 3100 γ)
526 3067 668 3101 Βὲθὲννηΐ-
681 3081 698 3085 -
713 3067 810 3101 Οἰθὲνΐ
824 3068 1077 3096 PABDEFHKLRa5
1096 3075 1144 3101 pro
1157 3070 1183 3092 et
1197 3067 1305 3098 malum,
1317 3073 1334 3090 a
1348 3065 1418 3090 ”¹⁶1⁰
1433 3067 1483 3096 AB,
1591 3067 1615 3101 ὅ)
1636 3068 1718 3095 Sed...
1736 3069 1843 3094 obiecta.
1862 3084 1882 3089 —
1900 3070 1962 3096 Om.
1980 3072 1999 3096 P
2006 3079 2014 3102 ;
2033 3072 2236 3098 substantiam...
2255 3075 2396 3100 secundum
2416 3083 2470 3102 orn.
2489 3075 2521 3104 G.
2542 3102 2546 3107 ,
2583 3104 2595 3117 3¹

1592 3102 1614 3137 ε)
1633 3109 1837 3137 consequuntur.
1854 3119 1874 3125 -
1891 3106 2010 3138 sequitur
2029 3107 2060 3138 G,
2079 3109 2248 3141 consequitur
2266 3109 2371 3135 PLtma.

2638 1482 2650 1493 ⁸
2663 1482 2722 1506 Part.
2731 1482 2752 1511 Ι,
2761 1487 2849 1511 quae-t.

2637 1514 2718 1536 xum,
2733 1512 2774 1531 ιι.
2788 1515 2808 1537 5.
