2892 4056
86 488 97 498 ⁸
111 487 179 518 νει-ς,
193 493 212 509 ².

86 588 96 598 ⁸
119 588 175 615 cap.
199 593 269 613 ιι-νι,

85 613 185 639 ι1.ιιιιι,
194 614 216 635 in
225 617 269 635 vet.

84 646 161 662 xxxin.

83 1139 95 1150 ⁸
113 1138 157 1160 -De
182 1138 273 1161 Invidia
283 1154 293 1166 ,

65 1191 67 1194 ⁴
82 1170 160 1220 γόης.
171 1197 204 1218 ιι,
216 1197 240 1213 ιι.
249 1197 265 1219 ι,
273 1197 293 1220 3.

997 193 1262 240 QUAESTIO
1292 191 1469 240 XXXVI,
1499 192 1793 229 ARTICULUS
1823 193 1836 228 1

326 269 489 317 alterius,
518 270 695 307 tristatur.
725 271 774 308 Et
793 270 881 308 inde
908 279 964 308 est
982 273 1087 321 quod
1111 278 1301 308 amatores
1320 271 1388 307 ho-

325 322 429 360 noris
448 329 535 360 sunt
553 322 674 371 magis
701 324 833 362 invidi.
863 324 912 361 Et
938 324 1107 361 similiter
1134 324 1249 360 etiam
1271 323 1387 372 pusil-

324 374 484 413 lanimes
503 383 591 412 sunt
609 375 749 413 invidi:
780 377 868 425 quia
888 377 1019 414 omnia
1042 384 1218 425 reputant
1236 387 1387 424 magna,

326 436 363 465 et
389 428 571 477 quidquid
610 429 702 466 boni
737 429 847 466 alicui
875 429 1040 475 accidat,
1079 437 1254 478 reputant
1281 440 1321 466 se
1348 428 1387 465 in

323 492 463 529 magno
500 490 699 530 superatos
728 494 822 519 esse.
857 482 969 519 Unde
998 489 1034 518 et
1060 483 1130 518 Iob
1148 481 1206 517 v*
1234 481 1386 518 dicitur:

323 534 530 570 Par-nulum
556 535 690 571 occidit
716 535 872 571 invidia:
904 535 953 571 Et
981 534 1069 571 dicit
1097 534 1319 581 Gregorius,
1349 533 1386 570 in

323 586 358 623 V
375 586 520 623 Moral.
540 586 572 634 ¹¹²,
602 588 707 636 quod
736 588 902 625 invidere
927 598 1001 624 non
1025 598 1227 635 possumus
1246 587 1319 623 nisi
1335 587 1388 623 eis

323 650 416 687 quos
443 639 550 676 nohis
577 640 614 676 in
643 641 770 688 aliquo
798 639 972 676 meliores
993 645 1185 687 putamus.

375 694 434 728 An
463 704 637 734 QUARTUM
665 704 850 730 nicentium
882 692 987 740 quod
1022 692 1209 728 memoria
1240 699 1387 740 praete-

322 744 480 781 ritorum
501 745 706 792 bonorum,
727 745 951 794 inquantum
982 745 1135 781 fuerunt
1162 744 1301 787 habita,
1323 744 1388 781 de-

373 855 401 887 η)
422 855 515 881 multa.
531 868 552 874 -
569 855 681 880 multum
701 855 748 880 Pa.

2427 202 2499 237 291

1441 270 1680 306 lectationem
1710 278 1852 306 causat:
1883 270 1951 306 sed
1980 269 2206 318 inquantum
2235 275 2323 304 sunt
2350 268 2502 314 amissa,

1441 330 1597 359 causant
1623 323 1819 359 tristitiam.
1849 323 1898 359 Et
1919 322 2147 371 inquantum
2175 322 2224 357 ab
2253 321 2332 357 aliis
2360 321 2503 356 haben-

1440 382 1512 421 tur,
1533 383 1689 411 causant
1708 375 1912 412 invidiam:
1941 375 2031 424 quia
2058 375 2132 412 hoc
2161 373 2328 410 maxime
2353 373 2504 410 videtur

1440 427 1581 475 gloriae
1609 428 1785 476 propriae
1815 428 2009 475 derogare.
2039 428 2090 464 Et
2107 427 2194 464 ideo
2225 426 2313 463 dicit
2330 426 2503 463 Philoso-

1439 480 1550 530 phus,
1580 480 1618 516 in
1648 481 1679 515 ΙΙ
1704 481 1812 517 Rhet.
1833 480 1864 527 *⁷
1894 481 1998 528 quod
2025 491 2130 517 senes
2157 480 2323 516 invident
2348 479 2504 515 iuniori-

1441 534 1530 577 bus,·
1563 538 1600 568 et
1625 532 1679 568 illi
1715 533 1780 580 qui
1810 533 1927 569 multa
1947 539 1966 560 η
1985 533 2244 581 expenderunt
2278 533 2330 569 ad
2360 532 2506 580 aliquid

1440 585 1740 634 consequendum
1783 586 1948 622 invident
1977 586 2033 622 his
2067 586 2133 634 qui
2161 586 2295 634 parvis
2331 585 2504 633 expensis

1441 638 1532 675 illud
1557 643 1643 675 sunt
1670 638 1877 682 consecuti,·
1914 639 2044 675 dolent
2077 638 2178 676 enim
2217 639 2264 676 de
2297 637 2503 675 amissione

1441 703 1598 728 suorum
1627 690 1832 736 bonorum,
1855 691 1956 727 etde
1985 691 2060 727 hoc
2087 692 2192 739 quod
2221 690 2281 728 alii
2310 690 2504 728 consecuti

1441 751 1528 780 sunt
1556 745 1671 780 bona.

995 933 1331 966 Commentaria
1351 933 1604 966 Oardinah's
1626 934 1827 966 Caietam

352 1021 374 1042 ιι
389 1011 524 1043 articulo
539 1011 645 1051 primo
662 1011 859 1052 quaestionis
873 1011 1167 1052 trigesimaesextae,
1182 1012 1263 1042 circa
1278 1011 1389 1042 defini-

325 1023 476 1086 ltionem
496 1055 648 1092 invidiae,
672 1055 790 1086 scilicet
811 1057 901 1096 quod
924 1063 971 1087 est
993 1057 1122 1087 tristitia
1145 1056 1184 1086 de
1206 1056 1287 1086 bono
1309 1056 1387 1086 alte-

321 1101 569 1140 riusqmtenus
591 1105 639 1130 est
652 1099 877 1131 diminutivum
893 1101 1051 1141 propriae
1071 1101 1199 1141 gloriae
1215 1101 1265 1131 vel
1285 1101 1387 1131 excel<

320 1144 456 1181 latiae,
481 1144 618 1174 dubium
648 1153 686 1174 ex
713 1144 851 1174 Martino
881 1144 1017 1175 occurrit
1037 1144 1056 1163 ²⁸
1085 1143 1302 1184 multipliciter
1327 1144 1390 1175 hoc

319 1187 538 1228 impugnante.
565 1188 689 1225 Primo,
714 1189 900 1220 auctoritate
921 1189 1116 1225 Aristotelis,
1139 1188 1174 1218 in
1197 1189 1223 1219 11
1242 1188 1336 1219 Rhet.
1353 1188 1388 1225 *‚

320 1231 378 1262 nbi
396 1231 607 1263 differentiam
627 1233 710 1263 inter
723 1233 876 1263 invidiam
892 1239 924 1263 et
941 1233 1095 1264 nemesim
1112 1242 1148 1264 ac
1161 1233 1312 1271 timorem
1327 1242 1387 1273 po-

319 1276 374 1307 nit*
390 1286 453 1322 pet·
469 1277 644 1317 bue-quod
667 1277 804 1308 nemesis
827 1284 874 1308 est
896 1277 935 1307 de
958 1278 1046 1308 bono
1070 1277 1206 1317 indigni;
1231 1277 1328 1308 timor
1350 1277 1389 1308 de

279 1331 288 1333 ⁴
320 1318 414 1352 bono
433 1321 562 1351 alterius
584 1328 743 1362 quatenus
766 1322 930 1358 nocivum;
959 1321 1078 1352 invidia
1106 1328 1214 1352 autem
1237 1322 1276 1352 de
1300 1322 1388 1352 bono

47 2194 52 2199 ⁸
80 2207 92 2218 ⁸
105 2207 195 2235 Cap.v‚
210 2212 234 2230 n.
249 2213 266 2229 1.

82 3095 95 3107 ⁸
106 3094 176 3117 Num.
191 3101 226 3117 ιιι.

82 3134 93 3147 ⁸
105 3135 178 3158 Num.
193 3141 224 3157 w.

83 3163 108 3175 ⁸·
118 3161 191 3184 Num.
206 3167 236 3184 vt.

82 3190 93 3202 ⁸
105 3188 164 3216 Cap.
176 3195 198 3215 v,
208 3195 232 3211 tx
241 3195 292 3217 sqq.

83 3399 93 3410 ⁸
107 3398 165 3427 Cap.
184 3405 220 3426 tx,
235 3405 258 3421 n.
273 3405 293 3428 3.

320 1365 449 1397 alterius
471 1371 604 1416 propter
622 1366 732 1416 ipsum
748 1366 942 1415 proximum:
969 1365 1030 1396 Ubi
1052 1372 1139 1406 patet
1154 1366 1243 1407 quod
1265 1365 1390 1396 tristitia

321 1409 360 1440 de
383 1410 471 1439 bono
493 1410 631 1450 proximi
654 1410 731 1450 quia
751 1410 827 1440 inde
850 1409 973 1440 eveniet
995 1410 1166 1440 diminutio
1189 1410 1308 1449 gloriae
1330 1419 1389 1440 no-

319 1461 412 1489 strae,
435 1454 535 1484 timot
551 1461 608 1490 est,
630 1463 698 1485 non
719 1453 848 1484 invidia.

373 1496 498 1534 Deinde
520 1507 616 1538 super
629 1498 689 1529 hac
706 1498 893 1528 auctoritate
908 1496 1021 1528 fundat
1035 1503 1175 1537 quatuor
1190 1504 1386 1537 argumenta.

318 1541 543 1572 Primumest.
577 1542 676 1573 Nulla
702 1541 825 1573 tristitia
852 1541 892 1571 de
921 1542 1008 1572 bono
1039 1541 1167 1572 alterius
1194 1541 1387 1582 inquantum

318 1585 631 1626 pertrhocimminet
651 1586 744 1617 nobis
766 1585 944 1626 periculum
970 1585 1104 1616 alicuius
1127 1586 1324 1622 nocumenti,
1341 1592 1388 1616 est

318 1629 455 1662 invidia:
475 1637 563 1670 patet
583 1629 645 1661 ism
665 1640 703 1661 ex
723 1630 796 1670 ipso
819 1630 948 1660 Thoma
977 1630 1072 1661 etiam
1094 1629 1128 1660 in
1150 1630 1214 1660 hoc
1242 1630 1386 1661 articulo.

318 1673 383 1705 Sed
403 1674 528 1705 tristitia
550 1675 590 1704 de
613 1675 700 1706 bono
719 1674 853 1706 alterius
873 1674 1067 1715 inquantum
1089 1680 1138 1705 est
1159 1674 1387 1706 diminutivum

318 1718 467 1759 propriae
488 1718 681 1758 gloriaevel
705 1718 915 1755 excellentiae,
940 1725 988 1749 est
1010 1718 1133 1750 tristitia
1148 1719 1188 1749 de
1203 1719 1291 1749 bono
1313 1728 1386 1759 pro-

317 1762 398 1796 inf-ni
418 1763 612 1804 inquantum
634 1763 782 1794 imminet
803 1763 897 1794 nobis
920 1762 1099 1803 periculum
1131 1762 1264 1794 alicuius
1286 1773 1386 1794 nocu-

319 1807 430 1838 menti.
453 1807 540 1847 Ergo
561 1807 750 1838 huiusmodi
771 1807 896 1839 tristitia
919 1817 985 1838 non
1009 1814 1056 1838 est
1081 1806 1210 1838 invidia.
1234 1824 1256 1830 -
1277 1807 1385 1838 Minor

319 1858 421 1891 patet:
452 1851 528 1892 quia
550 1851 724 1883 diminutio
755 1851 874 1891 gloriae
900 1852 951 1882 vel
978 1851 1178 1882 excellentiae
1209 1858 1256 1882 est
1282 1851 1386 1882 maius

320 1902 554 1926 nocumentum
575 1906 675 1936 quam
697 1895 869 1926 diminutio
892 1895 1085 1927 divitiarum.
1262 1911 1273 1927 ι

377 1940 561 1970 Secundum
577 1947 633 1971 est.
657 1940 773 1970 Nullus
789 1940 885 1971 timor
908 1947 955 1971 est
977 1939 1105 1970 invidia.
1130 1939 1192 1970 Sed
1207 1939 1330 1970 tristitia
1345 1939 1385 1970 de

320 1983 408 2014 bono
431 1983 568 2024 proximi
591 1991 628 2015 ut
651 1984 843 2015 diminutivo
873 1984 1019 2024 propriae
1049 1983 1250 2015 excellentiae
1280 1991 1326 2014 est
1349 1983 1385 2014 ti-

318 2037 401 2058 mor.
431 2028 516 2067 Ergo
547 2038 615 2059 non
638 2035 684 2059 est
714 2028 843 2059 invidia.
872 2045 893 2051 -
923 2028 1027 2059 Maior
1048 2035 1149 2068 patet:
1173 2027 1249 2069 quia
1276 2035 1386 2059 contra

319 2080 353 2102 se
371 2071 508 2103 invicem
525 2072 620 2103 timor
642 2080 674 2103 et
694 2072 814 2103 invidia
835 2072 1072 2112 distinguuntur
1101 2073 1140 2103 ab
1163 2072 1332 2103 Aristotele
1355 2079 1386 2104 et

318 2115 458 2148 Thomu.
482 2132 504 2140 ·-
527 2117 635 2147 Minor
657 2123 757 2156 patet:
781 2116 858 2157 quia
879 2117 986 2147 omnis
1005 2117 1135 2147 tristitia
1155 2126 1197 2147 ex
1211 2117 1385 2156 apprehen-

317 2161 414 2192 tinne.
420 2160 536 2202 flaturi
557 2162 734 2201 corruptivi
748 2166 806 2192 aut
820 2162 1033 2192 contristativi
1055 2161 1095 2191 de
1107 2170 1211 2201 prope
1225 2170 1384 2200 apparen-

318 2205 364 2237 tia
382 2211 431 2235 en
451 2205 560 2241 timor,
582 2205 760 2236 secundum
782 2205 997 2241 Aristotelem,
1021 2205 1055 2235 in
1078 2205 1193 2235 eodem
1214 2204 1297 2235 libro
1311 2205 1338 2235 *.

373 2248 522 2280 Tettium
543 2257 599 2280 est.
624 2249 791 2290 Quidquid
813 2249 888 2280 facit
909 2249 1067 2281 tristitiam
1091 2249 1130 2280 de
1153 2249 1241 2279 bono
1257 2249 1384 2280 alterius

318 2301 395 2325 non
409 2302 478 2324 esse
494 2299 632 2334 propter
659 2295 763 2334 ipsum
781 2295 970 2333 proximum
994 2294 1034 2324 de
1057 2293 1148 2325 cuius
1170 2294 1258 2324 bono
1281 2294 1383 2324 trista-

317 2340 416 2373 mur,
423 2335 480 2367 sed
502 2344 634 2377 propter
662 2347 740 2368 eum
761 2337 818 2378 qui
840 2337 996 2374 tristatur,
1026 2337 1102 2368 facit
1129 2337 1288 2369 tristitiam
1316 2348 1383 2369 non

318 2390 389 2413 esse
408 2381 573 2412 invidiam.
594 2381 658 2413 Sed
682 2391 750 2412 ease
772 2381 1000 2413 diminutivum
1023 2381 1170 2422 propriae
1185 2382 1384 2414 excellentiae

318 2425 394 2457 facit
414 2426 574 2457 tristitiam
602 2426 647 2456 de.
665 2426 754 2456 bono
777 2425 913 2465 proximi
943 2435 1011 2456 esee
1033 2435 1100 2456 non
1123 2433 1253 2466 propter
1279 2426 1383 2465 proxi-

319 2479 419 2501 mum?
434 2471 473 2501 de
497 2470 588 2501 cuius
609 2470 697 2500 bono
720 2469 897 2506 tristamur,
927 2469 984 2500 sed
1006 2476 1136 2509 propter
1163 2479 1224 2500 nos
1251 2470 1306 2510 qui
1330 2470 1382 2500 tri-

318 2521 450 2546 stamur.
479 2515 575 2554 Ergo.
599 2531 621 2537 -
643 2513 746 2544 Maior
769 2520 854 2553 patet
882 2523 920 2544 ex
943 2513 1127 2544 definitione
1149 2513 1338 2545 Aristotelis.
1361 2530 1383 2538 -

318 2559 426 2590 Minor
449 2569 486 2589 ex
508 2558 650 2589 terminis
673 2565 720 2589 est
743 2565 828 2588 nota.

355 2603 534 2640 Quartum
549 2609 605 2634 est.
621 2602 775 2633 Possibile
791 2609 838 2633 est
853 2602 942 2642 quod
957 2601 1071 2642 aliquis
1087 2601 1226 2632 tristetur
1241 2601 1280 2632 de
1294 2602 1382 2633 bo'no

318 2647 456 2688 proximi
479 2654 610 2688 propter
630 2647 740 2687 ipsum
762 2646 962 2686 proximum,
985 2645 1060 2686 quia
1083 2645 1202 2676 scilicet
1223 2655 1290 2676 non
1313 2646 1383 2677 vult

318 2691 387 2723 sibi.
400 2693 481 2723 bene
503 2700 586 2728 esse;
611 2698 642 2722 et
665 2701 730 2722 non
755 2691 830 2731 quia
854 2690 1081 2721 diminutivum
1113 2690 1260 2730 propriae
1284 2690 1382 2720 excel-

317 2736 442 2776 lentiae.
471 2736 515 2767 Et
543 2734 694 2776 possibile
723 2742 772 2766 est
799 2735 889 2775 quod
918 2734 1032 2775 aliquis
1062 2733 1200 2765 tristetur
1227 2735 1267 2764 de
1294 2734 1381 2765 bono

318 2780 456 2820 proximi
476 2787 635 2821 quatenus
659 2779 850 2811 diminutivo
874 2778 1019 2818 propriae
1044 2778 1253 2814 excellentiae,
1269 2786 1300 2810 et
1315 2789 1382 2810 non

318 2831 450 2865 propter
470 2823 582 2864 ipsum
597 2824 791 2863 proximum.
815 2823 876 2854 Sed
890 2823 923 2854 in
946 2823 1135 2853 huiusmodi
1149 2832 1224 2853 casu
1240 2823 1381 2863 primum

318 2875 367 2900 est
382 2868 516 2905 «invidia,
533 2875 571 2900 et
587 2878 654 2899 non
669 2868 856 2899 secundum.
882 2867 991 2907 Igitur.
1013 2884 1034 2890 -
1057 2867 1104 2898 Ex
1127 2867 1175 2897 his
1191 2875 1277 2907 patet
1292 2868 1381 2908 quod

319 2912 432 2953 opinio
455 2912 604 2944 Tliomae
617 2912 814 2943 ,contradicit
835 2911 997 2943 Aristoteli
1021 2917 1052 2942 et
1073 2911 1132 2942 sibi
1154 2911 1224 2950 ipsi.

334 2984 341 2989 ,
374 2957 477 2988 ΙΙμΑᾱ
492 2956 609 2988 horum
627 2957 806 2988 evidentem
824 2956 984 2991 notitiam,
996 2957 1183 2995 exponenda
1195 2963 1250 2991 est,
1264 2955 1380 2995 primo,

319 3001 474 3032 'sententia
495 3001 673 3032 Aristotelis
696 3001 735 3031 de
751 3000 876 3032 obiecto
891 2999 1042 3036 invidiae;
1066 3001 1218 3036 secundo,
1235 3000 1381 3030 ostende-

319 3052 371 3085 tur
394 3045 484 3086 quod
505 3044 556 3076 via
576 3044 705 3076 Martini
732 3051 832 3076 estet
854 3051 962 3077 contra
991 3045 1196 3075 Aristotelem
1219 3051 1249 3074 et
1271 3051 1380 3075 contra

319 3088 483 3120 veritatem
496 3089 530 3125 *;
554 3088 871 3126 renim-conferenda
885 3096 932 3120 est
947 3088 1099 3120 sententia
1114 3088 1292 3120 Aristotelis
1307 3098 1381 3121 cum

320 3133 464 3165 doctrina
498 3133 652 3165 *Auctoris
680 3133 710 3169 *;
734 3140 865 3174 quat-⁹10,
900 3133 1142 3173 respondebitur
1171 3132 1302 3163 obiectis
1334 3132 1379 3164 **..

321 3177 438 3214 Quoad
457 3177 614 3218 primum,
631 3177 826 3213 Aristoteles,
843 3177 885 3208 in·
898 3178 924 3208 11
938 3178 1030 3208 Rhet-
1048 3175 1073 3213 *,
1098 3183 1233 3208 tractans
1255 3177 1294 3207 de
1309 3187 1380 3216 pas-

320 3221 465 3253 sionibus
496 3221 639 3258 animaet
662 3221 752 3262 ponit
781 3228 921 3262 quatuor
951 3221 1091 3254 tristitiae
1115 3221 1276 3261 passiones
1300 3220 1381 3257 circa

320 3266 445 3297 bonum
467 3265 623 3297 alienum:
646 3265 764 3300 seilicet
786 3265 944 3302 timorem,
963 3265 1220 3302 aemulationem,
1235 3265 1380 3305 indigna-

319 3309 440 3341 tionem
464 3316 496 3342 et
518 3309 679 3341 invidiam.
710 3310 752 3341 Et
773 3310 813 3340 ad
835 3310 985 3341 timorem
1007 3317 1146 3349 spectare
1175 3309 1245 3341 vult
1270 3309 1381 3341 dolere

319 3353 360 3386 de
382 3355 491 3386 aliena
509 3355 726 3394 prosperitate
752 3360 912 3394 quatenus
934 3364 976 3384 ex
998 3354 1054 3384 illa
1077 3353 1208 3395 aliquod
1236 3354 1380 3385 imminet

320 3399 411 3430 nobis
440 3398 562 3429 malum
576 3398 610 3434 *3
633 3398 674 3429 ad
697 3398 944 3430 aemulationem
968 3407 1043 3428 vero
1066 3404 1187 3437 spectat
1207 3398 1316 3429 dolere
1340 3397 1381 3429 de

318 3443 426 3474 alieno
447 3443 540 3480 bono,
564 3452 627 3473 non
649 3444 726 3483 quia
749 3443 834 3474 alius
855 3444 914 3474 hoc
936 3442 1039 3479 habet,
1062 3442 1119 3473 sed
1141 3443 1216 3482 quia
1239 3443 1306 3481 ipse
1324 3442 1380 3473 illo

82 3486 94 3496 ⁸
108 3485 167 3513 0¹1⁸·
184 3491 223 3513 ¹¹,
240 3491 263 3508 ὓ·
279 3491 296 3508 ¹·
321 3486 452 3524 earet*;
476 3487 516 3518 ad
540 3486 790 3527 indignationem
813 3494 921 3518 autern
935 3493 1055 3526 spectat
1068 3485 1177 3516 dolere
1199 3486 1237 3516 de
1246 3495 1379 3526 prospe-

1442 1013 1538 1043 ritate
1553 1012 1679 1054 indigni
1689 1012 1719 1048 *;
1736 1013 1776 1043 ad
1791 1012 1943 1043 invidiam
1960 1013 2091 1042 demum
2107 1019 2227 1052 spectat
2247 1011 2357 1042 dolere
2376 1012 2416 1042 de
2423 1022 2503 1052 pro-

1440 1058 1592 1096 speritate
1609 1057 1754 1097 aequalis
1770 1062 1800 1087 et
1820 1057 1933 1090 similis
1944 1056 1970 1087 *.
1992 1056 2053 1087 Ubi
2072 1056 2214 1096 perspice
2234 1056 2350 1095 primo,
2366 1063 2505 1097 quatuor

1441 1100 1579 1131 rationes
1602 1100 1751 1132 formales
1775 1101 1889 1132 obiecti
1913 1101 2032 1131 doloris
2054 1101 2088 1130 in
2111 1100 2214 1130 alieno
2238 1101 2335 1131 bono.
2358 1101 2504 1141 Perspice

1441 1146 1598 1182 secundo,
1632 1146 1721 1186 quod
1747 1144 1923 1186 indignatio
1951 1152 1983 1176 et
2013 1144 2131 1175 invidia
2159 1144 2191 1174 in
2220 1145 2289 1174 sola
2319 1145 2503 1176 conditione

1441 1189 1580 1220 hominis
1603 1189 1642 1220 de
1665 1199 1732 1230 quo
1753 1197 1800 1220 est
1823 1190 1916 1220 dolor
1938 1188 2100 1220 differunt:
2126 1198 2199 1219 nam
2227 1195 2359 1229 utraque
2383 1196 2430 1219 est
2447 1190 2504 1220 do—

1440 1233 1490 1264 lor
1512 1234 1697 1274 perturbans
1722 1234 1760 1264 de
1783 1233 1991 1274 prosperitate
2013 1233 2124 1270 aliena,
2142 1233 2196 1263 sed
2211 1232 2387 1272 indignatio
2403 1240 2449 1264 est
2465 1234 2504 1263 de

1441 1278 1648 1318 prosperitate
1671 1278 1802 1318 indigni,
1825 1278 1944 1309 invidia
1966 1287 2042 1308 vero
2067 1278 2106 1307 de
2128 1277 2335 1318 prosperitate
2363 1277 2504 1318 aequalis

1441 1329 1471 1352 et
1494 1322 1615 1354 similis.
1647 1323 1692 1353 Ita
1715 1323 1805 1363 quod
1834 1322 1915 1353 sicut
1937 1322 2118 1372 indignatus
2141 1331 2231 1362 aegre
2254 1321 2314 1352 fert
2335 1321 2504 1362 indignum

1441 1366 1629 1406 prosperari,
1653 1377 1720 1397 non
1743 1373 1910 1406 propterea
1925 1366 2001 1406 quia
2024 1366 2114 1396 timet
2129 1366 2218 1406 quod
2242 1375 2279 1396 ex
2272 1358 2415 1406 indigni
2430 1377 2504 1407 pro-

1441 1410 1586 1450 speritate
1609 1410 1731 1451 aliquid
1753 1411 1828 1441 mali
1852 1411 1910 1441 sibi
1934 1410 2066 1446 eveniat,
2090 1410 2145 1440 sed
2168 1420 2204 1440 ea
2219 1409 2341 1440 ratione
2365 1410 2439 1451 quia
2455 1411 2503 1441 in-

1441 1454 1554 1494 dignus
1577 1462 1796 1495 prosperatur;
1819 1455 1863 1485 ita
1877 1454 2002 1486 invidus
2018 1463 2109 1494 aegre
2131 1454 2190 1485 fert
2203 1453 2370 1484 hominem
2388 1465 2503 1496 aequa-

1439 1498 1503 1528 lem
1527 1505 1558 1530 et
1580 1498 1718 1529 similem
1734 1499 1920 1539 prosperari,
1945 1508 2010 1528 non
2033 1498 2108 1538 quia
2132 1498 2241 1528 timeat
2259 1499 2349 1538 quod
2365 1508 2403 1529 ex
2418 1499 2503 1529 illius

1441 1542 1646 1583 prosperitate
1670 1543 1790 1583 aliquid
1813 1543 1947 1573 alterum
1977 1542 2035 1572 sibi
2058 1541 2134 1572 mali
2157 1541 2289 1578 eveniat,
2314 1542 2369 1572 sed
2399 1553 2435 1573 ea
2457 1553 2504 1574 ra-

1439 1586 1527 1618 tione
1549 1587 1624 1627 quia
1639 1587 1780 1628 aequalis
1794 1593 1825 1618 et
1839 1586 1951 1617 similis
1966 1593 2180 1627 prosperatur.
2205 1586 2247 1616 Et
2262 1596 2318 1626 per
2330 1586 2403 1623 hoc,
2420 1593 2504 1618 uter-

1439 1641 1502 1671 que
1526 1631 1612 1662 dolet
1635 1641 1701 1662 non
1725 1631 1801 1672 quia
1823 1630 1882 1661 sibi
1905 1631 2004 1667 timet,
2024 1631 2078 1661 sed
2098 1630 2173 1671 quia
2196 1630 2274 1661 alter
2290 1638 2502 1670 prosperatur.

1439 1675 1527 1706 Haec
1555 1682 1603 1706 est
1626 1675 1720 1715 plana
1749 1675 1903 1706 sententia
1925 1674 2102 1706 Aristotelis
2130 1674 2264 1711 ibidem,
2289 1681 2325 1705 ut
2346 1682 2432 1715 patet
2454 1675 2502 1706 in-

1439 1719 1550 1750 tuenti.
1574 1737 1594 1742 -
1618 1720 1705 1750 Haec
1727 1719 1767 1750 de
1789 1719 1905 1760 primo.

1493 1764 1546 1794 111.
1571 1764 1688 1801 Quoad
1703 1764 1881 1794 secundum
1896 1763 1922 1799 *,
1947 1769 2065 1803 quanta
2081 1761 2253 1792 differentia
2273 1768 2319 1792 est
2333 1762 2414 1792 inter
2428 1773 2502 1803 pro-

1438 1807 1620 1847 speritatem
1643 1808 1770 1838 alterius
1793 1807 1933 1838 hominis
1955 1807 2116 1842 absolute,
2141 1812 2172 1836 et
2194 1806 2438 1846 prosperitatem
2460 1807 2502 1838 al-

1438 1852 1540 1883 terius·
1556 1852 1697 1882 hominis
1713 1852 1853 1892 aequalis
1876 1859 1907 1882 et
1929 1851 2050 1887 similis,
2073 1857 2159 1881 tanta
2183 1857 2230 1880 est
2252 1850 2399 1882 distantia
2421 1851 2503 1883 inter

1438 1896 1638 1936 phantasiam
1660 1896 1787 1927 Martini
1810 1904 1841 1927 et
1864 1895 2053 1926 sententiam
2074 1893 2263 1925 Aristotelis.
2287 1895 2370 1925 Nam
2396 1896 2502 1926 Marti-

1438 1950 1498 1971 nus
1521 1940 1614 1981 ponit
1635 1940 1787 1971 invidiam
1813 1950 1881 1971 esse
1904 1941 2051 1970 dolorem
2074 1939 2113 1969 de
2137 1940 2224 1969 bono
2248 1938 2376 1970 alterius
2398 1939 2501 1970 homi-

1438 1984 1485 2015 nis
1517 1985 1682 2021 absolute,
1717 1995 1773 2016 seu
1797 1991 1928 2025 propter
1960 1983 2068 2024 ipsum
2099 1983 2282 2014 hominem:
2316 1983 2501 2015 Aristoteles

1438 2037 1546 2060 autem
1567 2029 1660 2069 ponit
1688 2029 1840 2060 invidiam
1870 2039 1938 2059 esse
1960 2028 2107 2058 dolorem
2130 2028 2177 2058 de.
2191 2027 2400 2067 prosperitate
2427 2029 2501 2059 alte-

1437 2073 1500 2107 rius
1532 2074 1672 2104 hominis
1702 2073 1843 2114 aequalis
1874 2080 1904 2103 et
1933 2072 2055 2103 similis.
2085 2072 2126 2102 Et
2153 2078 2337 2112 propterea,
2373 2073 2501 2104 credens

1437 2128 1469 2148 se
1499 2118 1589 2158 sequi
1622 2118 1843 2155 Aristotelem,
1873 2118 1969 2157 longe
1998 2116 2152 2146 aberravit
2181 2117 2220 2146 ab
2251 2115 2318 2146 eius
2347 2116 2500 2148 doctrina.

1437 2161 1510 2192 Fuit
1532 2169 1650 2198 autem,
1668 2169 1704 2193 ut
1726 2170 1817 2202 puto,
1836 2161 1917 2192 ratio
1941 2161 2054 2191 erroris
2069 2160 2118 2191 sui
2137 2159 2217 2190 illud
2239 2160 2417 2191 Aristotelis
2432 2171 2499 2192 ver-

1437 2207 1530 2242 bum,
1555 2212 1692 2246 propter
1718 2207 1820 2247 ipsum
1845 2206 2044 2246 proximum.
2077 2203 2203 2235 Putavit
2231 2204 2315 2234 enim
2346 2205 2501 2236 Martinus

1434 2251 1619 2290 proximum
1651 2260 1718 2281 esse
1746 2260 1866 2281 nomen
1895 2249 2109 2288 substantiae,
2137 2248 2228 2289 quasi
2256 2248 2403 2286 dixisset,
2420 2260 2500 2290 pro-

1430 2300 1507 2334 pter
1528 2296 1631 2335 ipsum
1654 2295 1756 2325 alium
1779 2295 1958 2325 hominem:
1981 2303 2056 2324 cum
2082 2299 2189 2324 tamen
2213 2292 2253 2323 sit
2278 2302 2398 2323 nomen
2421 2294 2500 2325 acci-

1436 2339 1539 2370 dentis
1573 2338 1870 2379 comprehendentis
1904 2345 2078 2378 utrumque
2107 2337 2229 2368 dictum
2259 2336 2418 2374 accidens,
2443 2338 2500 2369 sci-

1435 2383 1507 2414 licet
1529 2384 1665 2424 aequale
1687 2390 1718 2414 et
1739 2384 1853 2414 simile.
1875 2382 1960 2412 Nam
1981 2382 2099 2418 statim,
2119 2381 2224 2430 posita
2247 2380 2430 2412 definitione
2452 2383 2499 2412 in-

1435 2427 1537 2458 vidiae
1561 2427 1740 2467 supradicta
1760 2427 1792 2463 *,
1815 2426 1926 2465 volens
1956 2426 2116 2457 declarare
2134 2425 2290 2456 rationem
2312 2425 2346 2456 in
2369 2426 2500 2457 homine

1436 2471 1598 2502 inventam
1626 2481 1723 2511 quare
1753 2481 1811 2501 sua
1833 2470 2026 2510 prosperitas
2056 2470 2094 2500 ab
2117 2469 2228 2500 invido
2259 2479 2349 2508 aegre
2372 2470 2498 2508 feratur,

1437 2514 1517 2545 dixit·
1535 2515 1624 2555 quod
1647 2521 1694 2545 est
1702 2520 1839 2555 propter
1859 2515 1961 2554 ipsum
1979 2515 2180 2554 proximum,
2197 2523 2253 2544 seu
2266 2515 2498 2563 propinquum,

1436 2559 1498 2589 hoc
1521 2566 1568 2589 est
1598 2566 1727 2599 propter
1759 2558 1996 2598 proximitatem
2025 2568 2081 2588 seu
2112 2557 2384 2599 propinquitatem
2415 2559 2499 2590 illius

1437 2602 1590 2639 hominis,
1614 2603 1703 2643 quod
1732 2603 1790 2633 sub
1814 2601 1883 2632 aliis
1911 2602 2013 2632 verbis
2042 2602 2159 2632 dixerat
2176 2603 2331 2642 *aequalis
2359 2607 2390 2632 et
2411 2604 2499 2633 simi-

1436 2647 1492 2678 lis.-
1515 2647 1577 2678 hoc
1591 2653 1648 2683 est,
1664 2647 1752 2687 quod
1776 2645 1968 2687 prosperitas
1984 2646 2086 2676 aliena
2108 2645 2181 2676 ideo
2201 2646 2342 2676 subiacet
2362 2646 2499 2678 invidiae

1435 2690 1511 2731 quia
1533 2698 1580 2722 est
1602 2691 1742 2731 aequalis
1765 2698 1796 2721 et
1818 2690 1940 2727 similis,
1964 2700 2020 2720 seu
2043 2690 2119 2731 quia
2142 2697 2189 2720 est
2210 2690 2394 2731 propinqui.

1491 2735 1612 2766 Contra
1641 2735 1807 2766 veritatem
1831 2741 1938 2765 autem
1962 2741 2020 2771 est,
2052 2734 2128 2776 quia
2158 2734 2301 2765 eiusdem
2330 2735 2429 2765 moris
2453 2743 2499 2767 est

1435 2778 1515 2810 velle
1543 2779 1639 2810 alicui
1666 2779 1791 2810 homini
1819 2779 1958 2814 malum,
1988 2785 2068 2819 puta
2096 2787 2252 2815 mortem,
2280 2779 2443 2815 absolute;
2469 2787 2499 2811 et

1435 2823 1543 2854 dolere
1566 2823 1605 2854 de
1619 2824 1706 2854 bono
1731 2823 1894 2864 opposito,
1917 2823 1979 2854 hoc
2003 2830 2050 2854 est
2071 2822 2134 2853 vita
2156 2823 2267 2863 ipsius,
2284 2823 2439 2860 absolute,
2463 2831 2499 2855 ut

1435 2874 1531 2908 patet.
1553 2868 1616 2899 Sed
1638 2867 1718 2898 velle
1741 2867 1835 2898 alicui
1858 2867 2004 2898 absolute
2028 2867 2151 2898 malum
2174 2867 2286 2898 mortis
2315 2875 2437 2908 spectat
2458 2869 2499 2899 ad

1436 2911 1547 2943 vitium
1571 2911 1646 2943 odii.
1670 2912 1756 2952 Ergo
1780 2911 1893 2942 tristari
1916 2912 1955 2942 de
1977 2911 2042 2942 vita
2064 2911 2197 2942 alicuius
2220 2911 2365 2943 absolute
2379 2919 2499 2953 spectat

1433 2956 1473 2987 ad
1497 2956 1620 2987 odium.
1644 2956 1686 2986 Et
1708 2956 1794 2986 idem
1817 2962 1864 2987 est
1885 2956 1924 2987 de
1948 2955 2016 2987 aliis
2041 2955 2134 2987 bonis
2158 2966 2194 2986 ac
2218 2955 2308 2987 malis
2330 2956 2496 2988 iudicium.

1434 3001 1508 3031 Non
1531 3010 1607 3040 ergo
1629 3000 1746 3030 invidia
1770 2999 1972 3040 distinguitur
1995 3000 2034 3031 ab
2058 3000 2134 3031 odio
2158 3000 2234 3041 quia
2257 3000 2369 3031 odium
2386 3008 2433 3032 est
2454 3011 2498 3032 re-

1433 3052 1544 3085 spectu
1568 3044 1645 3075 mali
1668 3044 1762 3075 alieni
1786 3051 1916 3085 propter
1937 3045 2046 3085 ipsum
2073 3044 2257 3081 hominem,
2279 3045 2355 3085 quia
2382 3045 2498 3076 scilicet

1434 3089 1494 3129 ipsi
1527 3089 1672 3120 absolute
1707 3089 1830 3119 malum
1857 3089 2024 3125 volumus;
2056 3096 2088 3120 et
2116 3089 2235 3120 invidia
2264 3096 2311 3119 est
2341 3090 2379 3119 de
2410 3090 2496 3120 bono

1434 3140 1564 3174 propter
1586 3131 1740 3169 eundem,
1765 3132 1840 3174 quia
1862 3133 1979 3165 scilicet
1999 3133 2060 3174 ipsi
2083 3134 2228 3164 absolute
2251 3134 2375 3164 bonum
2405 3134 2497 3165 nolu-

1434 3187 1517 3214 mus,
1533 3184 1569 3208 ut
1582 3177 1736 3208 Martinus
1759 3177 1918 3208 somniare
1933 3177 2066 3209 videtur.
2090 3177 2152 3208 Sed
2170 3185 2301 3218 uterque
2315 3177 2372 3208 iste
2389 3186 2496 3210 motus

1434 3222 1530 3253 unius
1545 3229 1576 3253 et
1591 3221 1734 3252 eiusdem
1753 3221 1852 3252 moris
1868 3229 1924 3258 est,
1937 3221 2004 3252 odii
2018 3221 2176 3253 scilicet.-
2186 3223 2274 3253 Haec
2289 3222 2328 3252 de
2344 3223 2495 3254 secundo.

1490 3266 1542 3298 IV.
1567 3266 1684 3304 Quoad
1700 3262 1829 3297 tertium
1843 3266 1872 3303 *,
1887 3266 2042 3298 sententia
2056 3266 2234 3297 Aristotelis
2248 3275 2304 3306 per
2319 3266 2496 3298 doctrinam

1433 3309 1582 3341 Auctoris
1596 3320 1660 3340 non
1679 3310 1865 3347 excluditur,
1878 3311 1934 3342 sed
1949 3310 2125 3351 exponitur.
2141 3311 2346 3341 Declarantur
2361 3310 2495 3350 singula.

1434 3354 1528 3385 Ratio
1550 3354 1583 3384 in
1604 3353 1713 3394 primis
1735 3355 1774 3385 ab
1797 3354 1966 3386 Aristotele
1989 3355 2141 3395 explicata
2163 3354 2195 3384 in
2219 3354 2343 3385 obiecto
2359 3354 2495 3386 invidiae

1434 3398 1598 3429 manifeste
1613 3408 1645 3428 se
1661 3405 1747 3430 tenet
1762 3409 1799 3430 ex
1815 3406 1902 3439 parte
1925 3399 1968 3429 rei
1981 3408 1988 3429 2
2012 3409 2088 3429 nam
2103 3398 2294 3439 prosperitas
2310 3399 2494 3440 propinqui,

1433 3452 1488 3474 seu
1512 3442 1624 3474 similis
1647 3449 1678 3474 et
1700 3442 1851 3484 aequalis,
1866 3443 1899 3474 in
1914 3453 1947 3474 re
1970 3443 2039 3483 ipsa
2061 3442 2228 3473 invenitur.
2252 3443 2294 3473 Et
2315 3443 2393 3474 nihil
2409 3444 2494 3474 aliud

1433 3486 1466 3517 in
1487 3497 1521 3517 re
1534 3487 1604 3527 ipsa
1618 3497 1699 3527 quae
1723 3494 1769 3518 est
1782 3487 1917 3518 invidiae
1940 3487 2110 3523 obiectum,
2128 3487 2304 3518 secundum
2321 3487 2493 3527 veritatem,

2530 482 2540 492 ⁸
2548 483 2603 503 Loc.
2612 482 2651 504 cit.
2660 482 2682 503 in
2693 488 2740 509 arg.

2626 536 2642 559 η

2530 1016 2540 1027 ⁸
2555 1015 2611 1043 Cap.
2628 1022 2658 1041 tx,
2675 1022 2697 1037 n.
2712 1022 2727 1038 ι.

2530 1055 2541 1065 ⁸
2555 1055 2611 1082 Cap.
2627 1061 2662 1081 ix,
2679 1062 2700 1076 n.
2716 1062 2740 1084 3;

2531 1087 2572 1108 cap
2595 1088 2617 1107 x.
2634 1088 2687 1103 n.1.

2529 1768 2539 1777 ⁸
2554 1766 2590 1788 Cf.
2600 1773 2663 1788 num.
2676 1773 2741 1794 prae—

2529 1794 2580 1814 ced.

2527 2432 2619 2454 ⁸Num.
2633 2432 2739 2459 praeced.

2524 3274 2533 3283 ⁸
2549 3273 2583 3294 Cf.
2600 3279 2664 3294 num.
2682 3279 2706 3294 ιι.
