2892 4056
165 1398 331 1446 sffipleznffi

164 1452 228 1525 ¹332}
232 1457 343 1500 fa

163 1531 310 1557 Ve..rs44

168 2649 178 2658 ⁴
193 2647 379 2669 maledictionem

406 203 479 251 248

1073 202 1339 249 QUAESTIO
1368 203 1512 251 XXXI,
1542 202 1838 240 ARTICULUS
1867 203 1918 239 IV

1056 326 1059 327 γ
1077 296 1410 329 Oommentarta
1432 296 1685 330 cardinalis
1707 297 1909 330 Caietani

434 388 454 410 N
470 379 602 409 articulo
619 378 710 409 tertio
728 378 869 408 eiusdem
884 376 1081 416 quaestionis
1102 375 1410 416 trigesimaeprirnae,
1430 377 1463 406 in

407 391 643 463 Iresponsione
667 422 707 452 ad
731 422 867 456 tertium,
885 420 1063 450 notandum
1077 420 1216 451 occurrit
1232 421 1321 460 quod
1343 423 1465 452 Auctor

405 474 509 498 censet
532 476 625 507 posse
649 465 899 505 praeponderare
915 464 1021 494 debito
1043 464 1226 494 restituendi
1243 464 1376 495 domino
1392 475 1465 505 pro-

404 511 473 551 prio
499 521 565 541 rem
595 520 685 540 suam
716 508 774 538 sibi
805 508 1012 538 necessariam
1042 508 1074 537 in
1105 514 1242 538 extrema
1272 508 1464 544 necessitate,

404 555 547 585 debitum
581 553 797 584 benefaciendi
821 552 908 582 alteri
932 552 1027 582 etiarn
1050 552 1084 581 in
1107 558 1245 582 extrema
1264 553 1464 583 necessitate:

403 599 445 629 ita
469 599 566 639 quod,
583 597 608 627 si
630 605 690 636 ego
713 594 816 626 habeo
832 604 948 636 panem
971 595 1057 636 Petri
1080 595 1112 625 in
1130 602 1267 626 extrema
1283 593 1465 626 necessitate

405 642 577 677 constituti,
595 647 700 681 potest
714 640 899 680 contingere
921 640 1011 679 quod
1034 640 1134 669 debeo
1150 639 1242 670 illum
1259 649 1376 680 panem
1400 648 1467 670 ma·

403 687 450 726 gis
473 688 547 716 dare
578 685 689 715 Ioanni
716 684 812 714 etiam
836 684 868 714 in
890 690 1031 714 extrema
1063 684 1248 714 necessitate
1273 684 1465 720 constituto;

403 737 481 770 puta
504 730 529 759 si
552 728 615 759 vita
640 728 767 758 Ioannis
791 735 838 758 est
862 728 946 758 unde
969 728 1087 768 pendet
1107 727 1238 768 publica
1260 728 1359 764 salus,
1383 726 1467 759 Petri

403 781 510 804 autem
533 782 619 802 mors
652 782 767 812 parum
797 778 851 802 aut
875 770 954 801 nihil
982 770 1091 802 damni
1115 771 1202 802 affert
1228 770 1388 802 Ecclesiae
1411 781 1467 802 seu

403 817 601 857 reipublicae.
627 817 668 846 Et
690 823 736 846 est
760 816 880 846 dictum
903 816 965 846 hoc
989 816 1062 846 satis
1087 816 1255 856 singulare.
1279 816 1320 846 Et
1343 816 1467 846 adverte

403 862 491 902 quod
515 870 579 891 non
605 860 679 890 dicit
702 860 791 900 quod
813 860 906 890 liceat
928 860 1067 900 privatae
1090 869 1245 900 personae
1269 859 1391 891 auferre
1415 870 1469 900 pa·

403 915 476 936 nem
500 916 518 935 a
540 905 634 935 Petro
658 904 691 934 in
714 911 854 935 extrema
876 904 1062 935 necessitate
1081 905 1268 941 constituto,
1284 911 1320 935 ut
1342 904 1468 935 benefa-

1514 377 1575 407 ciat
1596 376 1686 406 alteri
1716 376 1999 416 praeponderanti:
2029 376 2085 406 sed
2109 376 2184 407 dicit
2207 378 2297 417 quod
2325 378 2399 408 licet
2424 388 2492 408 non
2515 378 2584 408 red-

1515 421 1587 450 dere
1610 420 1656 450 illi
1679 429 1748 450 rem
1772 430 1875 470 suern,
1896 420 1954 451 sed
1978 419 2163 450 benefacere
2187 420 2226 451 de
2248 421 2302 451 illa
2325 422 2412 453 alteri
2427 432 2584 462 praepon-

1515 464 1645 495 deranti.
1670 464 1768 494 Aliud
1801 464 1887 494 enim
1902 470 1957 494 est
1978 464 2084 494 maius
2116 464 2284 495 vinculum
2304 465 2429 496 vincere
2459 466 2584 496 minus:

1516 515 1547 538 et
1570 506 1658 538 aliud
1682 505 1799 549 facere
1821 509 1942 539 malum
1967 514 2002 538 ut
2025 509 2173 539 eveniant
2195 508 2312 546 bona*‚
2344 510 2433 551 quod
2461 509 2586 540 videtur
2614 510 2757 563 affici-³⁰35
2771 516 2824 537 0⁸1³

1517 552 1702 592 contingere:
1722 551 1876 583 auferenti
1900 552 2021 592 privata
2040 552 2226 583 auctoritate
2249 553 2288 583 ab
2305 553 2453 584 existente
2477 554 2510 583 in
2535 563 2585 584 ex-

1516 602 1617 626 trema
1636 596 1831 627 necessitate.

1573 640 1608 670 In
1634 641 1749 670 eodem
1777 640 1913 671 articulo
1940 640 2044 676 tertio,
2075 640 2109 670 in
2130 640 2340 679 responsione
2363 641 2402 671 ad
2423 648 2585 681 quartum,

1517 683 1660 724 perspice
1675 690 1815 725 'quoque
1839 685 1939 725 quod,
1955 685 2029 715 iicet
2051 683 2107 714 filii
2129 684 2232 724 magis
2249 684 2419 724 diligantur
2442 686 2586 716 absolute

1518 738 1617 768 quarn
1640 735 1795 768 parentes,
1818 729 1852 759 in
1877 739 1951 760 casu
1984 735 2091 759 tamen
2116 728 2309 758 necessitatis
2338 735 2483 769 parentes
2513 735 2588 760 sunt

1517 772 1618 812 magis
1631 772 1781 812 diligendi
1793 783 1888 813 opere
1900 778 1930 803 et
1941 774 2075 803 veritate
2085 772 2111 808 *,
2130 779 2261 812 propter
2270 770 2437 803 vinculum
2450 780 2587 813 susceptl

1519 814 1673 847 beneficii.
1698 817 1739 847 Et
1762 817 1874 847 eadem
1897 817 2019 847 ratione
2044 817 2144 857 magis
2172 816 2308 857 relinqui
2332 817 2426 847 debet
2449 817 2588 848 coniunx

1520 869 1618 901 quam
1642 867 1787 901 parentes
1809 860 1843 891 in
1865 861 2001 892 articulo
2026 860 2228 891 necessitatis,

1180 1021 1498 1066 ARTICULUS
1526 1020 1802 1073 QUARTUS

994 1106 1150 1137 UTRUM
1172 1106 1492 1148 BENEFICENTIA
1516 1106 1582 1137 SIT
1606 1107 1764 1138 vimus
1787 1106 2003 1137 SPECl-ALIS

445 1202 496 1243 ἢ»
516 1204 571 1227 η»

425 1200 582 1300 {Q
614 1238 866 1275 beneficentia
894 1238 940 1274 sit
959 1238 1132 1286 specialis
1150 1238 1282 1274 virtus.
1313 1239 1472 1274 Praece-

418 1270 579 1381 'stgwr
554 1290 679 1340 ’(Ῥῑει
708 1292 811 1327 enim
841 1290 890 1327 ad
918 1291 1075 1327 virtutes
1105 1291 1350 1328 ordinantur:
1382 1290 1470 1339 quia

473 1338 492 1348 a

419 1319 554 1381 15³⁴&
569 1328 603 1380 Χ
615 1341 846 1394 legislatores
862 1342 1057 1380 mtendunt
1061 1344 1200 1392 facere
1213 1344 1382 1381 homines
1397 1344 1472 1380 vir-

338 1405 374 1447 gf
402 1403 547 1443 tuosos,
578 1398 675 1433 sicut
703 1396 836 1434 dicitur
864 1396 902 1432 in
932 1396 963 1432 II
990 1397 1111 1434 Ethic.
1131 1396 1152 1419 '¹‘
1189 1398 1266 1433 Sed
1296 1409 1468 1433 seorsum

369 1450 512 1487 datur
530 1457 778 1499 praeceptum
796 1451 842 1487 de
859 1448 1113 1487 beneficentia
1129 1457 1164 1487 et
1184 1451 1231 1487 de
1253 1449 1469 1487 dilectione:

378 1502 538 1541 dicitur
563 1502 666 1540 enim
686 1502 820 1540 Matth.
841 1514 865 1538 v
881 1503 916 1524 ⁵¹²·
908 1500 1095 1552 .Diligite
1122 1503 1292 1540 inimicos
1311 1509 1470 1540 vestros.-

403 1557 608 1604 benefacite
635 1557 692 1593 his
720 1555 785 1605 qui
802 1555 963 1592 oderunt
977 1567 1056 1594 vos.
1086 1555 1188 1605 Ergo
1214 1554 1469 1628 beneficentia

405 1617 460 1647 est
486 1610 606 1647 virtus
635 1608 807 1646 distincta
836 1622 858 1646 a
888 1609 1051 1647 caritate.

458 1674 493 1700 2.
522 1663 757 1709 PRAETEREA‚
777 1661 866 1699 vitia
887 1662 1088 1700 virtutibus
1108 1670 1366 1711 opponuntur.
1393 1661 1469 1699 Sed

404 1715 677 1754 beneficentiae
718 1723 967 1764 opponuntur
996 1717 1125 1766 aliqua
1154 1715 1332 1765 specialia
1359 1715 1469 1763 vitia,

403 1782 471 1819 per
503 1780 602 1817 quae
637 1776 915 1805 nocumentum
951 1769 1129 1818 proximo
1164 1766 1340 1805 infertur:
1374 1775 1470 1817 puta

403 1822 551 1882 rapina,
584 1819 727 1858 furtum
757 1829 793 1858 et
821 1821 893 1858 alia
918 1820 1151 1859 huiusmodi.
1191 1823 1292 1869 Ergo
1326 1820 1470 1858 benefi-

405 1876 526 1913 centia
555 1880 611 1911 est
638 1874 810 1923 specialis
837 1874 969 1912 virtus.

456 1930 493 1966 ⁴3.
514 1928 747 1975 ΡΚΑΕΤΕΕΕΑ,
770 1926 902 1965 caritas
922 1941 1000 1965 non
1021 1925 1260 1976 distinguitur
1276 1926 1316 1963 in
1330 1927 1469 1963 multas

405 1981 563 2030 species.
609 1981 686 2018 Sed
723 1979 981 2019 'beneficentia
1021 1979 1174 2019 videtur
1216 1980 1389 2028 distingui
1430 1979 1468 2017 in

405 2036 544 2072 multas
587 2035 752 2083 species,
792 2035 1005 2072 secundum
1049 2034 1220 2072 diversas
1262 2033 1468 2071 beneficio-

405 2101 490 2125 rum
528 2084 686 2136 species.
725 2089 828 2135 Ergo
862 2087 1115 2125 beneficentia
1152 2094 1207 2124 est
1244 2087 1315 2124 alia
1350 2087 1469 2124 virtus

405 2155 427 2179 a
456 2137 620 2178 caritate.

459 2194 533 2231 SED
566 2203 713 2231 CONTRA
745 2202 810 2230 EST
848 2191 953 2242 quod
982 2200 1087 2230 actus
1124 2191 1281 2230 interior
1310 2200 1346 2230 et
1370 2199 1469 2230 exte·

404 2247 478 2284 rior
506 2260 585 2284 non
614 2245 809 2296 requirunt
844 2246 1013 2284 diversas
1040 2246 1210 2284 virtutes.
1245 2246 1325 2283 Sed
1351 2247 1467 2283 bene-

405 2301 556 2338 ficentia
586 2307 622 2336 et
647 2299 918 2337 benevolentia
950 2312 1030 2337 non
1059 2298 1238 2336 differunt
1271 2299 1344 2336 nisi
1373 2299 1469 2336 sicut

614 1197 635 1223 D
657 1194 830 1228 QUARTUM
850 1196 904 1222 SIC
924 1195 1167 1223 PROCEDITUR.
1187 1184 1347 1222 Videtur
1366 1185 1471 1233 quod
1519 1183 1572 1221 tIa
1599 1195 1678 1221 non
1708 1192 1763 1221 est
1790 1185 1862 1221 alia
1889 1185 2008 1221 virtus
2036 1196 2057 1221 a
2086 1185 2260 1233 caritate,
2289 1186 2340 1223 ita
2372 1196 2444 1223 nec
2472 1187 2589 1224 bene-

1523 1237 1686 1273 ficentia.

1576 1289 1802 1327 Responnsso
1819 1298 2008 1326 D1CENDUM
2029 1287 2135 1336 quod
2151 1286 2312 1327 virtutes
2332 1289 2589 1329 diversifican-

1521 1350 1581 1379 tur
1609 1341 1824 1380 secundum
1854 1342 2024 1379 diversas
2053 1341 2220 1379 rationes
2249 1341 2400 1380 obiecti.
2439 1345 2589 1382 Eadem

1521 1403 1652 1432 autem
1673 1404 1729 1433 est
1756 1395 1850 1432 ratio
1874 1395 2041 1432 formalis
2061 1395 2199 1432 obiecti
2219 1395 2381 1433 caritatis
2410 1404 2447 1434 et
2473 1397 2590 1435 bene-

1521 1449 1714 1486 ficentiae:
1744 1460 1834 1486 nam
1859 1455 2019 1496 utraque
2039 1447 2190 1498 respicit
2208 1459 2458 1487 communem
2479 1450 2590 1488 ratio-

1522 1513 1612 1539 nem
1632 1501 1736 1550 boni,
1756 1509 1799 1538 ut
1827 1513 1871 1538 ex
1898 1501 2133 1551 praedictis*
2160 1509 2275 1551 patet.
2304 1503 2417 1540 Unde
2445 1501 2590 1541 benefi-
2618 1513 2627 1522 ·

1523 1555 1645 1592 centia
1672 1567 1751 1592 non
1771 1562 1828 1592 est
1855 1555 1927 1592 alia
1944 1555 2065 1592 virtus
2084 1568 2107 1592 a
2127 1555 2292 1603 caritate,
2322 1556 2391 1593 sed
2418 1557 2592 1596 nominat

1523 1607 1718 1656 quendam
1747 1607 1910 1645 caritatis
1938 1615 2077 1645 actum.

1575 1661 1634 1698 An
1653 1672 1792 1699 ramum
1811 1672 1910 1698 ERGO
1931 1671 2116 1698 mmmmm
2145 1661 2250 1710 quod
2279 1669 2484 1712 praecepta
2508 1670 2592 1702 non

1522 1711 1659 1751 dantur
1688 1715 1734 1751 de
1762 1714 1953 1751 habitibus
1968 1715 2167 1761 virtutum,
2189 1712 2258 1752 sed
2285 1712 2333 1752 de
2354 1714 2512 1754 actibus.
2539 1714 2591 1754 Et

1521 1765 1608 1804 ideo
1630 1764 1828 1804 diversitas
1848 1774 2145 1816 praeceptorum
2162 1776 2244 1804 non
2263 1765 2448 1816 significat
2467 1768 2590 1807 diver-

1521 1831 1585 1857 sos
1609 1819 1762 1857 habitus
1789 1818 1986 1867 virtutum,
2016 1822 2083 1858 sed
2112 1819 2286 1858 diversos
2314 1827 2433 1859 actus.

1574 1873 1633 1910 An
1658 1884 1850 1910 SECUNDUM
1878 1884 2064 1911 mceunum
2091 1871 2198 1923 quod
2235 1873 2332 1911 sicut
2360 1872 2493 1912 omnia
2527 1876 2591 1912 be-

1521 1926 1658 1963 neficia
1683 1926 1862 1976 proximo
1892 1927 2067 1987 exhibita,
2095 1927 2322 1975 inquantum
2348 1919 2592 1968 consideran-

1518 1985 1581 2016 tur
1615 1979 1686 2016 sub
1721 1979 1920 2017 communi
1951 1977 2101 2017 ratione
2134 1979 2247 2028 boni,
2278 1978 2515 2018 reducuntur
2539 1981 2592 2027 ad

1521 2042 1712 2079 amorem3
1740 2032 1793 2070 ita
1821 2032 1952 2070 omnia
1968 2040 2216 2082 nocumenta,
2240 2033 2473 2083 inquantum
2501 2040 2592 2072 con·-

1520 2085 1734 2124 siderantur
1761 2086 1975 2124 secundum
2000 2094 2251 2124 communem
2274 2084 2463 2125 rationem
2480 2085 2589 2141 mali,

1521 2140 1753 2177 reducuntur
1771 2138 1820 2177 ad
1841 2137 1986 2177 odium.
2015 2141 2136 2176 Prout
2154 2146 2283 2177 autern
2304 2134 2592 2178 considerantur

1521 2193 1735 2230 secundum
1763 2192 1908 2242 aliquas
1933 2193 2116 2242 speciales
2139 2192 2306 2230 rationes
2328 2194 2392 2231 vel
2413 2190 2509 2231 boni
2526 2192 2591 2232 vel
2624 2214 2627 2221 =

1519 2246 1624 2306 rnali,
1646 2246 1879 2283 reducuntur
1905 2244 1954 2283 ad
1978 2245 2122 2296 aliquas
2141 2245 2326 2295 speciales
2343 2245 2502 2284 virtutes
2528 2240 2592 2285 vei

1519 2298 1623 2337 vitia.
1654 2298 1703 2336 Et
1729 2298 1944 2336 secundum
1963 2300 2038 2336 hoc
2067 2299 2181 2336 etiam
2209 2306 2296 2336 sunt
2324 2298 2498 2337 diversae
2526 2300 2592 2365 be-

405 2361 510 2390 actus
548 2353 709 2390 exterior
738 2360 774 2390 et
800 2353 976 2390 interior:
1011 2353 1100 2402 quia
1131 2351 1386 2389 beneficentia
1415 2359 1469 2389 est
1521 2352 1750 2390 neficiorum
1779 2351 1940 2401 species.

407 2405 576 2443 executio
614 2405 917 2443 benevolentiae.
948 2405 1072 2454 Ergo,
1103 2405 1199 2443 sicut
1233 2404 1468 2443 benevolen-

1573 2404 1687 2443 Unde
1710 2412 1818 2454 patet
1846 2404 2046 2453 responsio
2076 2405 2125 2442 ad
2153 2404 2318 2442 tertium.

1085 2501 1417 2535 Commentario
1437 2501 1690 2535 Cardinnh's
1708 2501 1912 2534 Caietam

410 2593 456 2655 IN
480 2583 612 2613 articulo
643 2590 757 2625 quarto
788 2590 865 2614 nota
894 2583 1140 2623 responsionem
1169 2583 1210 2613 ad
1241 2582 1411 2618 ultimum,
1435 2587 1471 2612 ut

437 2627 540 2667 possis
565 2627 778 2658 diversitatem
802 2626 982 2668 specificam
997 2634 1205 2668 peccatorum
1228 2626 1422 2657 discernere:
1443 2632 1487 2661 etz,

406 2668 575 2712 praecipue
599 2671 861 2702 maledictionum
876 2669 903 2708 ⁴³,
928 2682 968 2702 an
992 2668 1058 2702 odii
1081 2671 1131 2702 vel
1153 2669 1217 2701 irae
1236 2677 1292 2701 aut
1307 2669 1473 2711 uniusque

1521 2581 1592 2619 sint,
1610 2588 1707 2623 prout
1730 2592 1834 2613 unum
1855 2581 1971 2613 vitium
1998 2581 2134 2623 imperat
2157 2581 2254 2619 alteri,
2279 2581 2361 2613 sicut
2382 2591 2440 2623 per
2459 2581 2592 2622 opposi-

1523 2633 1593 2657 tum
1617 2636 1681 2657 una
1704 2626 1804 2658 virtus
1826 2626 1963 2666 imperat
1987 2625 2085 2657 alteri.

2615 770 2780 818 iram·
2792 775 2827 796 ¹⁸¹

2614 804 2628 819 V
