2892 4056
181 384 196 405 S
200 358 259 406 effi.
267 365 308 406 xliti}
310 365 333 407 t?
336 366 378 407 'vii
382 371 390 375 -

180 412 202 422 ··
210 411 250 432 Ori
268 418 329 436 enes.
347 412 389 433 ho-

179 437 249 459 mil.I
272 438 296 459 in
312 438 389 464 Cant„

179 470 228 491 cap.
245 470 276 490 ιι,
293 471 351 486 vers.
366 473 389 491 4·

168 2126 177 2135 ⁴
189 2125 254 2147 Vers.
270 2131 306 2150 24.

168 2343 177 2351 ⁴
194 2341 259 2363 vers,
274 2342 309 2366 28,
324 2348 358 2370 33.
379 2348 382 2350 ⁷

421 180 496 204 220

417 308 459 336 ut
478 300 644 338 amicitia
664 301 833 337 solvatur
850 302 913 337 vel
934 301 1142 348 minuatur3
1163 310 1206 339 ut
1224 303 1480 353 Philosophus

418 353 517 400 dicit,
530 355 569 390 in
578 355 664 391 VIII
680 354 799 390 Ethic.
815 353 836 375 *
850 355 900 390 Et
914 354 1014 400 ideo,
1031 362 1072 391 ut
1080 355 1307 392 Ambrosius
1322 356 1363 378 *³¹²
1378 357 1478 404 dicit,

417 407 506 443 boni
531 407 723 443 domestici
747 412 833 442 sunt
855 406 964 443 malis
980 407 1077 453 filiis
1099 410 1370 456 praeponendi.
1401 410 1477 446 Sed

415 471 485 507 per
504 472 545 495 se
564 459 771 507 loquendo,
799 466 908 506 pater
935 459 1133 507 magis‘est
1152 461 1340 498 amandus
1361 474 1478 510 quam

416 519 546 549 mater.
576 514 764 548 Amantur
784 511 884 547 enim
903 520 1012 559 pater
1036 520 1071 549 et
1089 520 1212 550 mater
1235 522 1276 550 ut
1293 514 1478 563 principia

416 565 606 612 quaedam
622 564 804 600 naturalis
820 564 985 612 originis.
1007 566 1119 602 Pater
1138 574 1264 603 autem
1283 568 1399 604 habet
1418 579 1479 604 ex-

415 617 671 654 cellentiorem
697 617 884 653 rationem
900 617 1075 666 principii
1095 631 1211 667 quarn
1227 627 1367 656 mater:
1389 620 1479 668 quia

413 678 521 718 pater
542 677 597 705 est
623 670 852 718 principium
880 682 950 719 per
977 673 1139 708 modum
1173 673 1328 719 agentis,
1357 679 1480 709 mater

413 730 541 759 autem
557 722 676 769 magis
696 735 765 771 per
783 724 946 760 modum
965 723 1142 772 patientis
1161 732 1197 761 et
1216 725 1408 761 materiae.
1430 726 1478 762 Et

410 776 510 821 ideo,
530 787 600 823 per
619 787 660 812 se
680 776 889 824 loquendo,
905 784 1015 824 pater
1034 784 1090 814 est
1109 777 1231 825 magis
1252 777 1476 825 diligendus.

463 830 522 864 Ao
542 839 679 865 PRIMUM
703 840 802 866 ERGO
821 840 1007 867 DICENDUM
1036 830 1143 879 quod
1171 830 1210 867 in
1229 831 1477 878 generatione

1070 172 1336 217 QUAESTIO
1366 175 1506 222 XXVI,
1536 175 1830 211 ARTICULUS
1859 175 1911 211 XI

418 247 640 284 huiusmodi
666 255 768 284 tanta
788 260 870 284 esse
900 249 1074 285 distantia
1092 249 1239 286 virtutis
1260 258 1296 287 et
1315 252 1479 289 malitiae
1503 253 1505 264 ¹

1531 251 1696 288 hominis
1717 259 1837 288 mater
1856 252 2042 290 ministrat
2069 255 2267 292 materiam
2287 258 2458 306 corporis
2476 257 2592 295 infor-

1532 316 1658 341 mem:
1692 305 1878 341 formatur
1897 312 2024 342 autem
2051 317 2124 354 per
2147 307 2326 346 virtutem
2346 310 2591 348 formativam

1532 369 1630 405 quae
1652 364 1707 393 est
1723 357 1762 393 in
1781 357 1928 393 semiue
1945 358 2074 406 patris.
2103 359 2152 396 Et
2171 362 2347 409 quamvis
2370 360 2594 401 huiusmodi

1530 410 1650 446 virtus
1670 421 1748 446 non
1767 409 1887 457 possit
1911 422 2037 447 creare
2067 411 2235 450 animam
2260 414 2496 463 rationalem,
2517 416 2590 453 dis-

1531 462 1638 511 ponit
1657 469 1785 498 tamen
1812 463 2012 499 materiam
2037 466 2278 512 corporalem
2301 469 2351 505 ad
2369 468 2591 506 huiusmodi

1531 515 1675 551 formae
1705 515 2000 563 susceptionem.
2160 552 2162 555 ,

1588 570 1646 604 AD
1679 579 1871 605 SECUNDUM
1898 580 2084 606 DICENDUM
2112 570 2218 618 quod
2244 571 2320 608 hoc
2350 573 2514 621 pertinet
2540 572 2591 610 ad

1530 620 1644 657 aliam
1673 621 1861 658 rationem
1890 622 2120 659 dilectionis:
2150 622 2222 660 alia
2242 623 2344 661 enim
2365 633 2421 662 est
2443 625 2590 675 species

1530 673 1716 710 amicitiae
1745 686 1820 722 qua
1849 674 2037 722 diligimus
2065 683 2272 723 amantem,
2302 684 2339 713 et
2364 689 2440 725 qua
2473 678 2589 726 diligi—

1529 738 1615 762 mus
1634 733 1892 774 generantem.
1922 728 2037 764 Nunc
2056 736 2186 765 autem
2215 729 2411 778 loquimur
2429 731 2476 767 de
2496 732 2590 768 ami-

1529 778 1614 815 citia
1641 790 1740 827 quae
1770 780 1930 816 debetur
1956 781 2053 829 patri
2082 788 2119 818 et
2146 781 2257 818 matri
2286 782 2500 820 seeundum
2526 796 2589 831 ge-

1529 831 1737 869 nerationis
1763 832 1951 870 rationem
1971 831 1997 870 δ.

462 958 487 992 δ)
507 960 647 985 rationem.
663 974 683 980 -
703 961 739 986 Et
753 967 804 993 per
822 961 871 986 hoc
884 964 964 993 patet
981 962 1118 994 responsib
1136 962 1173 987 ad
1191 963 1299 988 tertium
1325 962 1395 988 addit
1413 963 1450 995 G,
1468 964 1512 989 Ad
1530 963 1638 989 tertium
1647 967 1727 997 patet
1745 964 1814 989 addit
1826 965 1846 989 P
1852 972 1859 995 ;
1879 972 1969 998 margo
1983 965 2020 990 D:
2039 965 2082 990 hie:
2096 965 2184 999 deficit
2202 964 2240 990 ad
2253 966 2378 995 tertium,·
2396 972 2487 998 margo
2498 966 2534 991 L:
2552 963 2591 991 ad

409 995 517 1020 tertium
537 996 603 1021 nihil
621 996 702 1025 dicim
721 996 752 1021 cf.
770 996 915 1022 Comment.
937 997 1058 1022 Caietani.

1087 1085 1417 1118 Commentaria.
1440 1074 1689 1120 cardinatis
1711 1087 1911 1120 Caietam

411 1183 458 1245 ΙΝ
489 1172 621 1203 articulo
653 1171 778 1203 decimo
807 1173 940 1203 sollicite
964 1182 1116 1203 conserva
1139 1173 1228 1213 quod
1251 1173 1395 1203 formalis
1425 1180 1473 1204 est
1494 1174 1497 1194 ¹
1522 1174 1555 1203 in
1579 1173 1704 1204 obiecto
1733 1182 1789 1213 per
1812 1183 1844 1204 se
1868 1172 2046 1204 dilectionis
2069 1182 2168 1216 quam
2196 1174 2276 1206 ratio
2300 1174 2434 1207 difficilis
2464 1185 2520 1207 seu
2543 1176 2588 1207 la-

439 1226 554 1253 sermo,
579 1224 610 1247 et
623 1216 733 1247 ceteris
756 1217 895 1257 paribus.
920 1217 968 1247 Ex
989 1216 1051 1247 hoc
1075 1216 1161 1246 enim
1184 1216 1354 1247 solvuntur
1375 1226 1471 1257 quae-

407 1261 539 1291 stiones.

461 1305 503 1336 Et
526 1305 552 1336 si
574 1305 608 1335 in
631 1311 688 1335 tuo
713 1305 821 1335 codice
845 1305 931 1335 deest
953 1304 1119 1345 responsio
1143 1304 1193 1334 adv
1207 1304 1350 1341 tertium,
1376 1311 1473 1345 prout

406 1349 440 1379 in
463 1349 608 1389 pluribus
624 1349 773 1389 quaesitis
789 1356 855 1380 tarn
870 1349 1032 1389 impressis
1047 1359 1146 1390 quarn
1166 1348 1290 1388 scriptis
1310 1349 1473 1380 codicibus

406 1393 511 1423 inveni
530 1393 678 1424 deficere:
702 1411 723 1416 -
739 1393 817 1424 scito
833 1393 1093 1433 respondendum
1117 1403 1183 1424 esse
1199 1393 1288 1434 quod
1304 1393 1406 1423 maior
1423 1404 1472 1424 ex-

407 1437 549 1468 cellentia
572 1437 717 1478 principii
740 1437 774 1467 in
790 1444 876 1477 patre
893 1438 1124 1478 praeponderat
1147 1437 1261 1468 maiori
1283 1437 1385 1468 labori
1407 1447 1473 1468 rna—

406 1482 460 1512 tris
490 1481 523 1512 in
546 1481 765 1522 generatione:
794 1481 949 1523 quoniam
973 1482 1052 1512 ratio
1076 1482 1154 1512 boni
1178 1481 1279 1522 magis
1302 1481 1476 1512 attenditur

1523 1217 1654 1247 boriosi.
1679 1216 1720 1247 Et
1734 1217 1904 1257 praecipue
1923 1217 1985 1248 hoc
2000 1217 2160 1249 invenitur
2174 1219 2207 1249 in
2225 1219 2409 1259 proposito:
2433 1220 2590 1260 quoniam

1524 1267 1685 1291 maternus
1700 1260 1791 1291 labor
1803 1261 1885 1292 intra
1899 1262 2101 1293 latitudinem
2123 1262 2240 1303 passivi
2255 1263 2490 1304 materialiaque
2504 1265 2589 1304 prin-

1525 1305 1598 1345 cipii
1621 1305 1836 1342 concluditur;
1869 1312 1970 1336 totam
1993 1316 2132 1347 namque
2154 1307 2356 1338 latitudinem
2379 1307 2496 1347 passivi
2522 1318 2589 1339 ma·

1525 1349 1704 1390 terialisque
1729 1349 1874 1390 principii
1897 1350 2005 1380 excedi
2028 1351 2066 1381 ab
2090 1350 2192 1382 activo
2217 1350 2373 1392 principio
2393 1357 2524 1382 constat.
2549 1352 2591 1384 Et

1526 1393 1599 1424 ideo
1619 1393 1761 1434 undique
1783 1401 2010 1435 argumentum
2026 1393 2146 1425 deficit:
2170 1394 2316 1436 quamvis
2333 1395 2448 1427 directe
2463 1405 2501 1427 ex
2516 1405 2590 1436 pro·

1526 1437 1602 1478 priis
1625 1437 1722 1478 patris
1746 1445 1777 1469 et
1798 1439 1906 1469 matris
1930 1445 1966 1470 ut
1988 1438 2142 1480 principia
2169 1445 2244 1470 sunt
2265 1439 2491 1480 generationis,
2515 1449 2590 1481 pro-

1528 1482 1627 1513 cedat.

1131 1637 1449 1679 ARTICULUS
1479 1637 1814 1679 UNDECIMUS

638 1742 794 1774 UTRUM
819 1741 949 1772 HOMO
972 1741 1079 1771 PLUS
1102 1703 1275 1770 DEBEAr
1299 1724 1502 1770 DILIGERE
1527 1739 1711 1770 UXOREM
1736 1740 1862 1777 QUAM
1884 1738 2063 1770 PATREM
2079 1735 2143 1771 'ET
2167 1740 2355 1772 MATREM

761 1829 791 1853 111
812 1829 893 1859 Sent„
914 1829 972 1853 dist.
991 1836 1056 1859 mx,
1076 1833 1122 1853 art.
1142 1835 1167 1860 7,
1187 1828 1218 1852 ad
1240 1826 1268 1858 3;
1290 1827 1330 1852 De
1349 1827 1456 1856 Virtut„
1476 1834 1521 1859 qu.
1539 1834 1567 1858 11,
1587 1832 1634 1852 art.
1654 1834 1679 1860 9,
1698 1827 1730 1852 ad
1754 1826 1799 1858 ¹83
1818 1827 1862 1852 Aa
1881 1827 1985 1859 Ephes„
2005 1835 2061 1860 cap.
2080 1835 2104 1859 ν,
2124 1828 2184 1853 lect.
2201 1835 2225 1852 x.

617 1922 638 1946 D
649 1920 861 1956 UNDECIMUM
871 1920 925 1945 slc
936 1919 1177 1945 PROCEDITUR.
1190 1907 1349 1944 Videtur
1364 1907 1470 1955 quod

539 1989 570 2023 N,
617 1963 735 1999 homo
751 1963 835 2010 plus
853 1962 991 1998 debeat
1006 1961 1160 2009 diligere
1175 1973 1337 1997 uxorem
1353 1956 1470 2008 quam

557 2004 766 2065 'patrem
787 2023 823 2052 et
842 2022 1018 2052 matrem.
1047 2015 1186 2051 Nullus
1215 2013 1318 2051 enim
1348 2012 1472 2050 dimit-

573 2059 659 2106 tit
687 2081 767 2106 rem
796 2068 965 2116 aliquam
994 2067 1065 2105 nisi
1092 2080 1163 2116 pro
1197 2079 1237 2103 re
1266 2066 1388 2114 magis
1417 2065 1471 2103 di-

406 2123 512 2158 lecta.
544 2122 621 2159 Sed
653 2123 745 2159 Gen.
777 2134 800 2158 11
828 2121 847 2143 *
877 2121 1011 2158 dicitur
1047 2120 1152 2169 quod
1184 2127 1342 2168 propter
1376 2131 1472 2156 uxo-

406 2188 487 2212 rem
508 2174 691 2223 relinquet
704 2176 816 2212 homo
834 2180 985 2223 patrem
1010 2180 1046 2210 et
1062 2179 1235 2211 matrem.
1267 2175 1368 2221 Ergo
1389 2185 1471 2209 ma-

405 2229 461 2276 gis
495 2228 609 2266 debet
628 2228 781 2276 diligere
801 2240 960 2264 uxorem
996 2240 1112 2276 quam
1133 2234 1281 2276 patrem
1308 2227 1370 2263 vel
1391 2238 1471 2262 ma-

406 2290 515 2318 trem.

461 2346 495 2371 2.
525 2335 762 2380 PRAETEREA,
793 2334 1002 2382 Apostolus
1031 2333 1134 2379 dicit,
1164 2333 1216 2370 ad
1239 2333 1375 2381 Ephes.
1396 2344 1420 2368 v
1437 2331 1469 2379 *,

406 2388 511 2437 quod
545 2388 620 2424 viri
651 2388 786 2424 debent
820 2386 979 2436 diligere
1015 2397 1155 2423 uxores
1190 2386 1286 2422 sicut
1319 2386 1469 2434 seipsos.

407 2441 484 2478 Sed
513 2442 633 2477 horno
664 2439 783 2488 magis
818 2441 931 2477 debet
965 2439 1117 2487 diligere
1147 2439 1315 2488 seipsum
1354 2451 1470 2488 quam

405 2501 593 2543 parentes.
629 2494 731 2541 Ergo
762 2493 874 2530 etiam
905 2493 1025 2541 magis
1054 2493 1167 2529 debet
1195 2492 1350 2540 diligere
1377 2504 1471 2528 uxo-

407 2560 487 2584 rem
517 2559 634 2595 quam
662 2553 850 2594 parentes.

461 2601 495 2637 3.
529 2601 771 2646 PRAETEREA,
810 2599 875 2636 ubi
904 2606 992 2636 sunt
1024 2599 1151 2647 plures
1188 2598 1352 2634 rationes
1381 2597 1471 2636 dile-

406 2653 552 2698 ctionis,
574 2653 624 2689 ibi
646 2653 759 2690 debet
775 2665 862 2689 :esse
883 2652 1006 2689 maior
1030 2651 1192 2689 dilectio.
1224 2651 1300 2688 Sed
1320 2650 1357 2687 in
1378 2651 1471 2688 ami-

406 2706 490 2743 citia
519 2718 619 2754 quae
650 2714 703 2742 est
741 2705 789 2742 ad
826 2717 987 2742 uxorem
1026 2712 1112 2742 sunt
1139 2705 1267 2754 plures
1307 2704 1470 2741 rationes

441 1928 495 1969 ω’ἶι
522 1931 590 1990 Ἶξῗῖ<

453 1972 474 1982 ΟΔ
546 1970 571 1982 Q*

256 2771 268 2785 x
283 2771 297 2789 ¹»
340 2770 378 2791 7-·
407 2759 632 2796 dilectionis:
651 2758 739 2795 dicit
754 2759 855 2796 enim
873 2758 1142 2807 Philosophus,
1160 2757 1197 2794 in
1211 2757 1299 2794 VIlI
1314 2757 1469 2804 Ethic.*‚

169 2765 248 2812 Sp'l‘ii.
264 2770 369 2812 1¹ectf¹'x11.

406 2812 511 2860 quod
540 2813 576 2849 in
606 2814 678 2849 hac
714 2812 879 2849 amicitia
909 2812 1055 2848 videtur
1087 2823 1165 2848 esse
1194 2810 1280 2847 utile
1312 2816 1347 2847 et
1373 2810 1471 2847 dele-

406 2866 539 2902 ctabile
566 2871 603 2902 et
622 2870 780 2913 propter
805 2866 992 2910 virtutem,
1016 2862 1055 2901 'si
1073 2870 1089 2885 α
1108 2863 1267 2901 virtuosi
1291 2864 1365 2901 sint
1383 2876 1469 2901 con-

406 2920 523 2968 iuges.
555 2920 656 2966 Ergo
678 2919 802 2955 maior
831 2919 945 2956 debet
965 2930 1046 2962 esse
1067 2917 1216 2956 dilectio
1241 2917 1289 2955 ad
1308 2929 1468 2954 uxorem

407 2984 524 3020 quam
553 2972 602 3008 ad
629 2980 817 3020 parenteS.

461 3025 535 3061 SED
552 3036 696 3061 CONTRA
712 3037 778 3061 EST
797 3025 900 3073 quod
920 3024 980 3061 vir
1003 3024 1108 3061 debet
1126 3024 1284 3073 diligere
1309 3035 1467 3061 uxorem

405 3089 514 3114 suam
534 3077 629 3114 sicut
647 3090 800 3114 carnem
820 3090 942 3123 suam,
963 3085 1004 3114 ut
1025 3077 1160 3114 dicitur
1183 3078 1234 3114 ad
1250 3077 1385 3126 Ephes.
1405 3077 1466 3114 v*.

408 3131 484 3175 Sed
515 3143 653 3179 corpus
692 3143 805 3167 suum
844 3131 970 3167 minus
1006 3131 1119 3167 debet
1155 3131 1274 3168 homo
1314 3129 1467 3178 diligere

406 3196 522 3232 quam
562 3184 801 3232 proximum,
841 3191 882 3220 ut
910 3196 1024 3232 supra
1043 3183 1063 3206 ’¹‘
1083 3183 1224 3221 dictum
1264 3191 1330 3220 est.
1370 3185 1470 3220 Inter

406 3236 603 3286 proximos
632 3244 760 3273 autem
791 3237 910 3284 magis
938 3237 1122 3274 debemus
1152 3237 1305 3284 diligere
1333 3249 1469 3285 paren-

406 3298 474 3327 tes.
505 3290 606 3338 Ergo
627 3290 748 3338 magis
769 3290 954 3327 debemus
983 3290 1137 3338 diligere
1155 3297 1331 3340 parentes
1351 3302 1468 3338 quam

406 3356 579 3380 uxorem.

461 3478 488 3510 α)
507 3478 538 3502 si.
556 3492 574 3496 —
592 3478 691 3503 scilicet
708 3478 910 3510 EF1K1.sApxn,
929 3478 952 3502 si
970 3478 1070 3502 scilicet
1088 3479 1176 3502 Bst.

1576 1907 1803 1944 RESPONDEO
1832 1918 2016 1944 DICENDUM
2045 1907 2164 1955 quod,
2185 1907 2281 1944 sicut
2308 1907 2452 1954 dictum
2477 1915 2534 1945 est
2549 1908 2586 1954 ²¹⁶,
2616 1921 2626 1931 *

1509 1975 1513 1978 ⁴
1521 1959 1662 2006 gradus
1681 1959 1893 1996 dilectionis
1921 1960 2064 1997 attendi
2091 1968 2219 2009 potest
2242 1968 2279 1997 et
2297 1961 2511 1998 secundum
2531 1973 2590 1999 ra·

1521 2012 1669 2049 tionem
1689 2013 1792 2060 boni,
1815 2020 1850 2049 et
1879 2013 2093 2051 secundum
2122 2013 2429 2052 coniunctionem
2457 2015 2507 2052 ad
2533 2013 2588 2053 di-

1521 2066 1713 2113 ligentem.
1744 2066 1966 2103 Secundum
1994 2066 2106 2114 igitur
2131 2066 2319 2104 rationem
2347 2067 2452 2114 boni,
2480 2066 2587 2116 quod

1523 2126 1579 2156 est
1598 2119 1791 2156 obiectum
1820 2119 2041 2167 dilectionis,
2061 2120 2182 2168 magis
2210 2128 2298 2157 sunt
2325 2120 2503 2168 diligendi
2521 2132 2588 2169 pa-

1523 2180 1647 2209 rentes
1668 2185 1784 2221 quarn
1805 2184 1943 2209 uxores
1962 2171 1993 2209 βε
2020 2173 2109 2221 quia
2129 2172 2332 2220 diliguntur
2350 2174 2421 2210 sub
2441 2173 2588 2211 ratione

1521 2225 1694 2274 principii
1723 2233 1759 2262 et
1787 2225 2046 2262 eminentioris
2075 2226 2274 2263 cuiusdam
2303 2226 2406 2263 boni.
2443 2227 2588 2264 Secun-

1521 2279 1622 2325 dum
1655 2286 1784 2316 autem
1821 2278 2008 2315 rationem
2046 2279 2322 2316 coniunctionis
2359 2280 2479 2327 magis
2509 2279 2589 2316 dili-

1522 2331 1646 2379 genda
1676 2340 1731 2368 est
1763 2343 1879 2368 uxor:
1910 2332 1998 2381 quia
2026 2345 2123 2368 uxor
2158 2332 2398 2380 coniungitur
2433 2332 2518 2369 viro
2547 2339 2590 2370 ut

1521 2397 1598 2422 una
1627 2397 1716 2422 caro
1747 2385 2155 2432 existens‚‚secundum
2185 2385 2275 2422 illud
2303 2386 2438 2422 Matth.
2467 2397 2527 2423 xur
2545 2385 2586 2422 *:

1521 2440 1655 2486 Itaque
1682 2439 1759 2475 iam
1788 2450 1862 2474 non
1881 2444 1970 2474 sunt
1995 2438 2080 2484 duo,
2099 2438 2166 2475 sed
2193 2450 2268 2475 una
2287 2450 2390 2476 caro.
2421 2439 2470 2475 Et
2497 2438 2586 2476 ideo

1521 2492 1704 2529 intensius
1734 2491 1896 2538 diligitur
1913 2503 2030 2528 uxor:
2060 2492 2128 2529 sed
2155 2491 2280 2530 maior
2299 2491 2513 2530 reverentia
2532 2499 2588 2530 est

1522 2544 1744 2594 parentibus
1774 2544 2000 2582 exhibenda.

1576 2600 1635 2636 Ao
1664 2610 1802 2636 PRIMUM
1830 2609 1929 2635 ERGO
1958 2609 2143 2636 DICENDUM
2171 2595 2278 2646 quod
2301 2609 2380 2635 non
2399 2604 2586 2647 quantum

1523 2652 1571 2689 ad
1592 2651 1724 2688 omnia
1753 2651 1937 2688 deseritur
1962 2659 2072 2700 pater
2100 2659 2136 2688 et
2163 2657 2285 2688 mater
2311 2658 2468 2700 propter
2494 2660 2587 2701 1110ss

1523 2718 1625 2742 rem:
1656 2704 1694 2741 in
1714 2704 1944 2754 quibusdam
1976 2704 2077 2741 enirn
2106 2703 2226 2752 magis
2255 2703 2370 2741 debet
2387 2702 2508 2741 homo
2529 2711 2587 2741 asa

1523 2758 1654 2795 sistere
1681 2756 1902 2806 parentibus
1931 2769 2047 2805 quam
2076 2754 2196 2794 uxori.
2227 2755 2304 2793 Sed
2331 2764 2517 2805 quantum
2537 2755 2585 2794 ad

1521 2811 1706 2848 unionem
1728 2810 1887 2847 carnalis
1907 2811 2068 2858 copulae
2084 2817 2120 2846 et
2139 2808 2440 2857 cohabitationis,
2452 2809 2586 2847 relictis

1522 2865 1701 2902 omnibus
1720 2862 1954 2912 parentibus,
1974 2863 2095 2900 homo
2116 2862 2298 2900 adhaeret
2316 2861 2438 2900 uxori.
2581 2900 2583 2902 .

1574 2919 1632 2954 AD
1657 2929 1847 2954 SECUNDUM
1875 2928 2059 2953 DICENDUM
2081 2916 2187 2965 quod
2206 2916 2245 2954 in
2262 2914 2391 2952 verbis
2410 2912 2586 2964 Apostoli

1522 2984 1600 3008 non
1621 2978 1676 3008 est
1695 2969 1980 3017 intelligendum
2000 2969 2106 3017 quod
2130 2969 2249 3006 homo
2271 2968 2410 3006 debeat
2432 2967 2585 3016 diligere

1521 3036 1681 3061 uxorem
1711 3036 1820 3060 suam
1850 3022 2057 3071 aequaliter
2085 3021 2156 3060 sibi
2176 3021 2267 3071 ipsi:
2297 3022 2366 3059 sed
2386 3021 2475 3071 quia
2495 3020 2586 3059 dile-

1522 3078 1595 3114 ctio
1626 3089 1743 3127 quarn
1781 3075 1917 3124 aliquis
1953 3076 2070 3113 habet
2106 3075 2154 3113 ad
2192 3074 2361 3124 seipsum
2399 3082 2456 3111 est
2489 3073 2583 3112 ratio

1521 3130 1733 3168 dilectionis
1753 3141 1870 3178 quarn
1900 3127 1984 3178 quis
2012 3128 2128 3166 habet
2154 3127 2202 3166 ad
2222 3139 2383 3165 uxorem
2403 3127 2474 3165 sibi
2494 3139 2584 3165 con-

1521 3184 1701 3221 iunctam.

1575 3238 1633 3274 AD
1653 3248 1813 3274 TER'rluM
1828 3247 2013 3272 DICENDUM
2028 3231 2133 3283 quod
2150 3233 2264 3271 etiam
2279 3233 2318 3271 in
2338 3232 2503 3270 amicitia
2516 3245 2584 3283 pa-

1521 3298 1628 3326 terna
1648 3289 1893 3326 inveniuntur
1921 3288 2061 3325 multae
2090 3287 2254 3324 rationes
2285 3284 2505 3324 dilectionis.
2535 3282 2584 3325 Et

1522 3350 1707 3391 quantum
1738 3342 1786 3379 ad
1824 3341 1967 3391 aliquid
1994 3338 2302 3390 praeponderant
2330 3338 2466 3376 rationi
2494 3335 2584 3376 diless

1573 3476 1597 3510 β)
1619 3483 1727 3502 uxores.
1745 3490 1764 3495 -
1782 3483 1855 3501 uxor
1872 3476 1998 3501 GILsBC.

2614 2400 2625 2411 ⁸
2639 2398 2704 2422 Vm.
2719 2398 2742 2420 6.
