2892 4056
425 245 499 281 300

1075 239 1339 286 QUAESTIO
1370 240 1563 285 xxxvn,
1593 237 1888 275 ARTicULus
1918 239 1931 273 1

869 419 1278 497 QUAESTIO
1322 416 2142 474 TRIGESIMASEPTIMA

1202 528 1243 568 D
1262 528 1300 568 E
1348 528 1390 568 D
1409 529 1426 568 1
1444 527 1477 568 s
1496 527 1531 567 c
1550 527 1588 567 o
1608 527 1648 567 R
1666 527 1707 566 D
1725 527 1743 566 1
1761 526 1803 567 A

1241 634 1276 659 IN
1304 634 1398 660 DUOS
1425 633 1628 659 ARTICULOS
1655 633 1773 658 DIVISA

422 731 608 812 Dumna
643 717 962 755 considerandum
1001 725 1055 754 est
1097 717 1143 754 de
1175 717 1338 766 peccatis
1380 729 1477 766 quae

184 787 193 796 ⁸
209 786 244 808 Cf.
260 792 298 813 qu.
314 791 392 810 xxxiv.

183 812 269 833 Introd.

183 887 192 896 ⁸
208 887 254 913 Qu.
270 891 364 906 xxxviii.

184 940 192 948 ⁸
208 938 253 964 Qu.
270 943 346 958 xxxix.

178 1789 187 1798 ⁸
201 1785 268 1808 Vers.
285 1788 306 1814 6,
321 1794 342 1815 7.

175 2265 184 2275 ⁸
200 2265 266 2286 Vers.
282 2271 316 2292 39.

175 2580 182 2587 ·
198 2578 265 2599 Vers.
280 2585 311 2600 21.

503 778 746 820 opponuntur
771 770 857 819 paci
875 770 906 807 ²⁸.
942 770 990 806 Et
1026 770 1163 819 primo,
1190 769 1236 806 de
1275 769 1476 816 discordia,

419 837 517 874 quae
539 832 593 860 est
610 824 648 860 in
669 824 800 869 corde;
826 822 1008 870 secundo,
1031 823 1078 860 de
1103 823 1356 870 contentione,
1378 834 1478 870 quae

420 885 474 914 est
494 878 530 913 in
550 888 616 913 ore
630 876 666 922 *ς
687 876 807 922 tertio,
829 876 876 913 de
895 876 953 913 his
972 887 1072 924 quae
1090 875 1280 924 pertinent
1299 876 1346 912 ad
1367 887 1476 924 opus,

419 930 569 976 scilicet,
601 929 646 966 de
676 929 891 977 schismate,
922 929 999 965 rixa
1022 936 1063 965 vet
1089 929 1188 965 bello
1207 927 1239 965 ²¹⁸.

1532 717 1642 753 Circa
1669 716 1838 765 primum
1866 707 2099 765 quaeruntur
2126 718 2225 754 duo:

1585 787 1736 824 Primo:
1764 794 1892 823 utrum
1922 786 2112 823 discordia
2141 786 2187 824 sit
2213 794 2428 835 peccatum.

1586 857 1787 895 Secundo:
1815 865 1943 894 utrum
1972 856 2018 893 sit
2045 856 2123 893 filia
2150 856 2272 894 inanis
2299 858 2452 906 gloriae.

1225 1027 1542 1070 ARTICULUS
1573 1026 1778 1070 PRIMUS

1121 1113 1277 1144 UTRUM
1300 1112 1534 1144 mscoamA
1557 1112 1624 1143 SIT
1648 1111 1886 1143 PECCATUM

1290 1186 1366 1217 Infra,
1385 1194 1430 1219 qu.
1448 1193 1509 1218 xm,
1529 1191 1576 1211 art.
1597 1193 1621 1216 2,
1641 1186 1673 1210 ad
1693 1193 1719 1211 2.

452 1290 474 1306 s,
500 1275 505 1287 ¹
533 1284 572 1307 ,ς
625 1267 648 1293 D
672 1268 809 1294 ptumum
832 1269 886 1294 Sic
913 1268 1153 1294 PRocemrux.
1178 1256 1339 1294 Videtur
1367 1256 1474 1303 quod

442 1300 489 1327 ’Ὗ
552 1308 589 1327 '⁴³
627 1308 814 1347 discordia
838 1322 916 1347 non
939 1310 986 1346 sit
1002 1318 1214 1358 peccatum.
1243 1309 1474 1346 Discordare

433 1391 454 1408 11

431 1406 445 1420 ’”
469 1408 557 1446 9⁷³¹?
581 1406 611 1447 N
625 1415 831 1452 voluntate.
852 1415 928 1452 Sed
943 1416 1018 1452 hoc
1033 1428 1111 1452 non
1124 1415 1274 1453 videtur
1289 1426 1371 1452 esse
1385 1426 1473 1463 pec-

415 1476 560 1503 catum:
590 1466 678 1515 quia
695 1468 873 1504 voluntas
901 1468 1064 1516 proximi
1083 1480 1161 1505 non
1182 1476 1237 1505 est
1257 1468 1386 1515 regula
1404 1479 1474 1504 vo-

413 1519 562 1556 luntatis
589 1527 753 1568 nostrae,
781 1521 849 1557 sed
877 1522 957 1557 sola
983 1522 1162 1558 voluntas
1191 1521 1331 1558 divina.
1370 1521 1473 1568 Ergo

415 1571 603 1609 discordia
630 1585 708 1609 non
738 1581 794 1609 est
811 1581 1025 1621 peccatum.

468 1637 503 1662 2.
533 1626 769 1674 PRAETEREA,
798 1626 1030 1676 quicumque
1059 1626 1202 1663 inducit
1229 1626 1396 1676 aliquem
1425 1625 1473 1662 ad

413 1678 669 1726 peccandum,
699 1686 735 1715 et
762 1678 842 1728 ipse
868 1687 1012 1729 peccat.
1061 1679 1138 1716 Sed
1165 1679 1346 1716 inducere
1378 1679 1475 1715 inter

413 1730 560 1779 aliquos
588 1731 816 1768 discordiam
849 1744 928 1769 non
954 1732 1105 1770 videtur
1133 1744 1215 1770 esse
1252 1739 1472 1780 peccatum:

414 1782 548 1821 dicitur
568 1784 667 1821 enim
684 1785 768 1821 Act.
787 1796 872 1821 xxm
891 1784 922 1832 ³¹³,
952 1787 1055 1833 quod
1082 1785 1201 1822 sciens
1224 1785 1365 1821 Paulus
1384 1784 1473 1832 quia

414 1847 489 1872 una
520 1847 614 1884 pars
649 1842 742 1873 esset
777 1837 1084 1874 Sadducaeorum
1122 1843 1159 1874 et
1188 1837 1308 1874 altera
1339 1837 1474 1874 Phari-

411 1900 600 1934 saeorum,
621 1890 849 1926 exclamavit
866 1891 902 1927 in
923 1891 1098 1927 concilio.-
1129 1890 1211 1927 Viri
1214 1891 1376 1938 fratres,
1399 1901 1472 1940 ego

411 1942 638 1978 Pharisaeus
656 1954 752 1988 sum,
764 1943 874 1990 filius
892 1944 1206 1980 Pharisaeorum:
1226 1943 1271 1979 de
1284 1954 1349 1991 spe
1363 1949 1399 1979 et
1416 1955 1473 1980 re-

410 1995 640 2031 surrectione
666 2001 902 2032 mortuorum
930 2008 1001 2045 ego
1022 1997 1177 2032 iudicor.
1207 1997 1358 2032 Etcum
1379 1997 1472 2033 haec

411 2048 574 2093 dixisset,
590 2049 696 2095 facta
715 2054 769 2085 est
785 2049 960 2085 dissensio
980 2050 1076 2086 inter
1087 2049 1312 2086 Pharisaeos
1327 2054 1363 2085 et
1379 2050 1471 2086 Sad-

411 2101 584 2137 ducaeos.
614 2101 715 2148 Ergo
745 2100 934 2138 discordia
961 2114 1039 2138 non
1068 2109 1124 2138 est
1149 2109 1363 2150 peccatum.

467 2154 499 2189 3.
529 2154 770 2200 PRAETEREA,
799 2162 1021 2203 peccatum,
1050 2154 1254 2203 praecipue
1289 2156 1470 2202 mortale,

410 2205 449 2242 in
468 2206 604 2242 sanctis
624 2206 711 2243 viris
731 2219 810 2244 non
828 2207 1029 2244 invenitur.
1060 2208 1138 2244 Sed
1166 2207 1204 2244 in
1224 2208 1362 2244 sanctis
1380 2208 1471 2245 viris

410 2259 600 2295 invenitur
619 2259 823 2296 discordia:
843 2260 977 2297 dicitur
997 2260 1098 2296 enim
1116 2261 1199 2297 Act.
1219 2272 1267 2296 xv
1285 2260 1324 2296 *z
1353 2262 1471 2298 Facta

410 2317 464 2347 est
490 2312 665 2349 dissensio
698 2314 795 2350 inter
820 2313 982 2349 Paulum
1019 2318 1054 2349 et
1080 2314 1320 2358 Barnabam,
1354 2314 1404 2350 ita
1433 2319 1472 2350 ut

410 2365 640 2401 discederent
665 2367 714 2402 ab
741 2365 911 2402 invicem.
959 2366 1061 2413 Ergo
1091 2365 1281 2402 discordia
1308 2377 1387 2402 non
1417 2373 1472 2403 est

410 2425 622 2464 peccatum,
654 2425 689 2453 et
716 2417 882 2454 maxime
911 2419 1082 2454 mortale.

465 2470 538 2506 SED
559 2481 704 2506 CONTRA
727 2482 792 2507 Es‘r
813 2471 918 2519 quod
941 2472 992 2507 ad
1018 2470 1100 2507 Gal.
1117 2482 1140 2506 v
1154 2470 1174 2492 *
1202 2470 1469 2518 dissensiones,

410 2521 506 2570 idest
535 2522 757 2569 discordiae,
787 2531 980 2571 ponuntur
1006 2523 1102 2560 inter
1122 2535 1239 2571 opera
1263 2524 1396 2570 carnis,
1423 2525 1470 2560 de

411 2574 548 2623 quibus
580 2575 753 2612 subditur
772 2575 811 2612 *ε
846 2577 919 2618 Qui
945 2576 1033 2612 talia
1062 2581 1192 2625 agunt,
1213 2587 1375 2624 regnum
1396 2577 1472 2613 Dei

410 2639 484 2664 non
503 2634 780 2677 consequuntur
798 2627 823 2665 β.
855 2628 959 2665 Nihil
979 2636 1105 2664 autem
1127 2628 1291 2665 excludit
1311 2641 1334 2666 a
1351 2640 1470 2676 regno

410 2680 481 2716 Dei
514 2681 584 2717 nisi
611 2689 811 2729 peccatum
843 2682 1015 2718 mortale.
1063 2682 1164 2728 Ergo
1194 2681 1382 2718 discordia
1415 2679 1470 2719 est

408 2741 608 2781 peccatum
637 2735 810 2771 mortale.

461 2787 685 2823 Responmzo
705 2798 889 2823 mcENDUM
909 2788 1012 2834 quod
1034 2786 1223 2823 diseordia
1239 2785 1468 2823 concordiae

173 2839 380 2869 ⁸Qu.xxix‚art.3.
409 2840 624 2887 opponitur,
660 2840 875 2876 Concordia
903 2847 1043 2886 autem,
1072 2846 1114 2875 Ut
1141 2851 1255 2887 supra
1276 2840 1296 2860 ²⁸
1325 2839 1467 2876 dietum

408 2899 474 2937 est,
493 2903 537 2928 ex
553 2892 702 2929 caritate
719 2900 908 2929 causatur:
930 2892 1156 2940 inquantum
1177 2891 1316 2928 scilicet
1335 2892 1469 2929 caritas

408 2945 616 2981 multorum
642 2945 757 2982 corda
777 2945 968 2992 coniungit
993 2945 1030 2981 in
1050 2944 1190 2992 aliquid
1209 2957 1342 2991 unum,
1363 2946 1466 2993 quod

410 3004 464 3032 est
491 2997 743 3045 principaliter
762 2998 914 3045 quidem
943 2998 1089 3034 bonum
1119 2997 1306 3044 divinum,
1333 3010 1467 3034 secun-

408 3048 513 3085 dario
534 3058 659 3086 autem
679 3051 826 3086 bonum
845 3050 1020 3098 proximi.
1050 3049 1250 3087 Discordia
1270 3050 1380 3097 igitur.
1395 3056 1466 3087 ealt

409 3101 553 3138 ratione
575 3111 628 3138 est
650 3110 863 3150 peccatum,
893 3103 1118 3152 inquantum
1138 3102 1358 3139 huiusmodi
1379 3115 1468 3139 con-

409 3154 560 3190 cordiae
590 3155 846 3191 contrariatur.
894 3156 970 3192 Sed
1008 3156 1206 3192 sciendum
1236 3155 1341 3203 quod
1373 3156 1467 3192 haec

409 3207 612 3244 concordia
640 3219 708 3255 per
728 3208 955 3244 discordiam
984 3208 1123 3244 tollitur
1142 3208 1353 3256 dupliciter:
1387 3221 1466 3244 uno

409 3259 562 3307 quidem
591 3260 721 3306 modo,
751 3273 819 3308 per
843 3273 901 3305 se;
931 3260 1003 3297 alio
1027 3273 1122 3297 vero
1152 3262 1283 3306 modo,
1313 3272 1383 3308 per
1408 3273 1467 3297 ac-

409 3312 549 3349 cidens.
596 3314 669 3349 Per
702 3325 741 3349 se
775 3313 929 3360 quidem
967 3313 1005 3350 in
1042 3313 1218 3350 humanis
1253 3313 1398 3350 actibus
1431 3321 1468 3349 et

408 3365 575 3401 motibus
604 3365 737 3402 dicitur
765 3378 846 3402 esse
875 3366 912 3402 id
940 3366 1045 3414 quod
1079 3373 1134 3402 est
1166 3366 1379 3402 secundum
1411 3365 1468 3402 in-

566 1372 568 1374 ’
607 1359 728 1399 {enim
748 1363 795 1398 ab
815 1362 941 1411 aliquo
962 1370 1018 1399 est
1037 1364 1211 1399 recedere
1232 1363 1279 1398 ab
1296 1361 1493 1398 alterius*

1524 1255 1746 1293 tentionem.
1776 1255 1888 1292 Unde
1915 1267 1985 1304 per
2012 1266 2052 1292 se
2082 1253 2275 1292 discordat
2302 1256 2437 1306 aliquis
2463 1269 2486 1294 a
2502 1270 2592 1307 pro-

1524 1308 1628 1345 ximo
1658 1307 1813 1357 quando
1842 1307 2004 1344 scienter
2032 1313 2069 1343 et
2106 1319 2150 1344 ex
2182 1307 2389 1346 intentione
2421 1310 2593 1349 dissentit

1525 1374 1547 1398 a
1576 1362 1679 1398 bono
1705 1360 1834 1397 divino
1864 1367 1900 1396 et
1924 1372 1946 1396 a
1973 1359 2138 1408 proximi
2167 1360 2284 1408 bono,
2313 1360 2351 1398 in
2380 1373 2457 1410 quo
2479 1363 2592 1401 debet

1526 1413 1751 1450 consentire.
1782 1414 1831 1450 Et
1856 1413 1932 1451 hoc
1961 1420 2018 1450 est
2043 1420 2246 1461 peccatum
2274 1415 2436 1451 mortale
2455 1427 2502 1453 ex
2520 1427 2591 1453 suo

1524 1478 1674 1514 genere,
1695 1474 1852 1515 propter
1871 1465 2178 1503 contrarietatem
2197 1466 2246 1504 ad
2266 1466 2482 1504 caritatem:
2506 1468 2593 1506 licet

1524 1520 1636 1568 primi
1668 1527 1796 1556 motus
1830 1519 1943 1556 huius
1972 1519 2202 1567 discordiae,
2230 1526 2388 1568 propter
2413 1520 2592 1570 imperfe—

1525 1573 1692 1610 ctionem
1722 1580 1841 1619 actus,
1870 1573 1944 1609 sint
1969 1580 2126 1620 peccata
2153 1572 2329 1610 venialia.

1579 1627 1652 1662 Per
1680 1625 1856 1662 accidens
1890 1632 2017 1662 autem
2048 1625 2088 1661 in
2115 1625 2293 1663 humanis
2325 1625 2471 1663 actibus
2500 1638 2590 1664 con-

1524 1678 1710 1715 sideratur
1737 1690 1783 1714 ex
1811 1679 1886 1714 hoc
1909 1677 2015 1727 quod
2043 1677 2186 1727 aliquid
2215 1685 2270 1715 est
2295 1685 2445 1728 praeter
2471 1678 2594 1717 inten‘

1523 1731 1681 1768 tionem.
1729 1730 1841 1768 Unde
1878 1743 1968 1768 cum
2005 1730 2163 1768 intentio
2198 1731 2415 1780 aliquorum
2454 1738 2510 1770 est
2541 1734 2564 1771 α’

1524 1784 1679 1832 aliquod
1713 1784 1860 1821 bonum
1888 1783 1994 1832 quod
2026 1783 2188 1832 pertinet
2214 1785 2264 1822 ad
2294 1785 2485 1822 honorem
2516 1785 2605 1829 Dei.

1522 1838 1585 1873 vel
1604 1837 1802 1873 utilitatem
1821 1836 1996 1884 proximi,
2017 1836 2086 1873 sed
2104 1849 2204 1873 unus
2222 1838 2399 1875 aestimat
2415 1839 2490 1875 hoc
2507 1850 2603 1880 ωεοΥ

1522 1890 1680 1936 bonum,
1704 1889 1798 1926 alius
1818 1896 1946 1926 autem
1967 1889 2082 1926 habet
2105 1890 2333 1927 contrariam
2352 1890 2601 1939 opinionem,

1524 1943 1714 1980 discordia
1752 1950 1842 1979 tunc
1876 1949 1931 1978 est
1963 1954 2032 1990 per
2060 1942 2236 1980 accidens
2275 1952 2405 1980 contra
2442 1944 2589 1982 bonum

1523 1995 1697 2033 divinum
1724 1996 1787 2032 vel
1814 1995 1988 2043 proximi.
2023 1996 2072 2032 Et
2098 1995 2181 2032 talis
2210 1996 2400 2034 discordia
2427 2009 2506 2034 non
2535 2005 2591 2035 est

1521 2056 1738 2098 peccatum,
1768 2060 1839 2084 nec
1867 2056 2053 2096 repugnat
2081 2048 2241 2096 caritati,
2271 2049 2343 2086 nisi
2368 2049 2589 2088 huiusmodi

1523 2101 1713 2139 discordia
1741 2101 1787 2137 sit
1813 2102 1876 2138 vel
1905 2113 1993 2138 cum
2023 2113 2152 2138 errore
2181 2101 2280 2139 circa
2310 2114 2354 2139 ea
2375 2114 2474 2151 quae
2503 2111 2590 2140 sunt

1522 2155 1570 2192 de
1590 2154 1813 2191 necessitate
1833 2154 1974 2201 salutis,
1990 2154 2054 2190 vel
2071 2154 2278 2202 pertinacia
2298 2155 2465 2192 indebite
2484 2156 2589 2194 adhi-

1523 2208 1676 2244 beatur:
1704 2219 1792 2243 cum
1813 2206 1928 2243 etiam
1948 2219 2064 2255 supra
2084 2208 2103 2228 ²¹²
2133 2207 2275 2244 dictum
2298 2216 2353 2245 est
2372 2209 2478 2256 quod
2498 2221 2588 2246 con-

1524 2260 1654 2297 cordia
1691 2271 1791 2308 quae
1829 2267 1885 2296 est
1922 2259 2083 2296 caritatis
2120 2259 2278 2297 effectus
2315 2268 2370 2298 est
2401 2262 2492 2298 unio
2519 2274 2587 2299 vo-

1522 2315 1724 2359 luntatum,
1755 2324 1833 2349 non
1861 2311 1952 2348 unio
1982 2312 2222 2361 opinionum.

1577 2367 1634 2402 Ex
1663 2377 1741 2413 quo
1779 2372 1882 2413 patet
1910 2365 2015 2412 quod
2044 2365 2235 2402 discordia
2266 2366 2501 2415 quandoque
2535 2375 2591 2405 est

1523 2431 1568 2455 ex
1596 2425 1755 2467 peccato
1792 2418 1906 2454 unius
1933 2425 2101 2464 tantum,
2137 2426 2230 2468 puta
2259 2429 2347 2456 cum
2380 2432 2479 2457 unus
2507 2421 2590 2458 vult

1522 2472 1691 2517 bonum,
1731 2470 1790 2506 cui
1827 2470 1921 2507 alius
1959 2470 2120 2507 scienter
2157 2472 2312 2509 resistit:
2356 2474 2589 2523 quandoque

1521 2531 1651 2561 autem
1673 2530 1728 2559 est
1748 2535 1836 2559 cum
1856 2531 2014 2571 peccato
2034 2524 2245 2572 utriusque,
2266 2533 2358 2574 puta
2382 2537 2470 2563 cum
2490 2534 2589 2564 uter-

1522 2589 1597 2625 que
1626 2575 1797 2613 dissentit
1829 2587 1851 2612 a
1880 2576 1984 2612 bono
2014 2576 2184 2624 alterius,
2220 2585 2256 2614 et
2282 2585 2442 2627 uterque
2471 2578 2590 2628 diligit

1521 2630 1669 2667 bonum
1698 2628 1911 2678 proprium.

1574 2683 1633 2719 An
1653 2693 1791 2719 ramum
1814 2692 1914 2718 ERGO
1940 2693 2124 2718 DicENnum
2149 2683 2253 2731 quod
2272 2683 2450 2720 voluntas
2475 2684 2588 2722 unius

1520 2733 1689 2776 hominis
1712 2734 1926 2771 secundum
1951 2747 1991 2770 se
2011 2735 2250 2772 considerata
2274 2747 2354 2772 non
2378 2743 2434 2773 est
2458 2737 2588 2785 regula

1520 2787 1725 2824 voluntatis
1748 2787 1912 2824 alterius.
1943 2787 2020 2824 Sed
2048 2788 2274 2836 inquantum
2293 2789 2472 2826 voluntas
2498 2801 2588 2839 pro-

1520 2840 1613 2876 ximi
1640 2839 1811 2876 inhaeret
1833 2839 2019 2876 voluntati
2044 2840 2128 2887 Dei,
2157 2841 2200 2877 fit
2219 2838 2232 2862 ὃ
2259 2853 2328 2889 per
2347 2853 2587 2891 consequens

1521 2893 1651 2940 regula
1680 2893 1846 2940 regulata
1879 2893 2089 2929 secundum
2118 2893 2283 2941 primam
2313 2895 2512 2942 regulam.>
2538 2896 2588 2933 Et

1521 2945 1608 2982 ideo
1625 2945 1843 2982 discordare
1859 2957 1881 2981 a
1896 2946 1958 2981 tali
1973 2945 2168 2982 voluntate
2185 2954 2240 2983 est
2257 2955 2477 2995 peccatum:
2499 2948 2587 2998 quia

1520 3011 1589 3046 per
1616 2999 1690 3035 hoe
1719 2997 1955 3035 discordatur
1983 3010 2004 3034 a
2033 2999 2162 3046 regula
2191 2999 2329 3036 divina.

1572 3053 1631 3087 AD
1668 3062 1858 3087 SECUNDUM
1897 3062 2080 3088 DicENDum
2123 3052 2227 3100 quod
2273 3052 2370 3089 sicut
2407 3054 2586 3091 voluntas

1519 3103 1685 3140 hominis
1706 3103 1917 3140 adhaerens
1937 3105 2022 3140 Deo
2039 3111 2095 3141 est
2109 3105 2301 3153 quaedam
2322 3107 2451 3154 regula
2471 3113 2584 3154 recta,

1520 3168 1541 3191 a
1556 3168 1632 3204 qua
1652 3163 1851 3204 peccatum
1873 3164 1928 3192 est
1947 3156 2182 3202 discordare;
2210 3158 2259 3194 ita
2280 3158 2393 3195 etiam
2409 3159 2585 3196 voluntas

1519 3208 1687 3245 hominis
1703 3210 1800 3246 Deo
1821 3209 2009 3246 contraria
2029 3218 2084 3246 est
2103 3210 2295 3258 quaedam
2324 3223 2504 3260 perversa
2529 3223 2586 3249 re-

1520 3262 1617 3308 gula,
1648 3274 1670 3298 a
1699 3273 1773 3310 qua
1802 3262 1947 3298 bonum
1977 3270 2031 3299 est
2059 3262 2288 3301 discordare.
2323 3265 2465 3301 Facere
2495 3276 2584 3313 ergo

1521 3313 1748 3350 discordiam
1765 3326 1834 3362 per
1848 3326 1963 3362 quam
1978 3315 2117 3352 tollitur
2131 3316 2233 3352 bona
2249 3317 2454 3354 concordia
2467 3329 2584 3365 quam

1521 3366 1654 3402 caritas
1682 3367 1788 3414 facit,
1827 3374 1882 3403 est
1919 3379 2034 3415 grave
2071 3376 2290 3417 peccatum:
2319 3370 2422 3406 unde
2451 3369 2585 3406 dicitur

462 3478 489 3509 α)
509 3478 628 3502 alterius.
645 3491 664 3497 -
682 3478 738 3502 eius
756 3478 787 3509 A,
806 3478 918 3502 alicuius
937 3477 966 3502 C.

463 3511 488 3544 β)
507 3516 710 3545 consequuntur.
728 3526 747 3531 -
764 3516 958 3545 consequentur
977 3513 1111 3538 PDGIKL.

1573 3480 1598 3511 γ)
1618 3486 1659 3504 ea.
1675 3493 1694 3498 —
1712 3480 1803 3504 eadem
1823 3481 1868 3504 Pa.

1573 3512 1597 3546 ὃ)
1609 3515 1655 3546 fit.
1673 3528 1691 3533 -
1709 3521 1776 3546 quae
1787 3515 1823 3547 fit
1841 3516 1874 3546 P3
1894 3516 1984 3540 eadem
2005 3523 2053 3548 pro
2067 3516 2195 3547 primam,
2210 3516 2361 3548 propriam.

2616 2220 2688 2242 ⁸L0e.
2699 2219 2798 2248 eit.,=rt.
2807 2225 2824 2246 ι;

2615 2250 2659 2269 ιη.
2672 2253 2694 2276 3,
2709 2246 2738 2268 nd
2751 2252 2772 2268 2.

2887 2062 2892 2078 ,..
2887 2028 2892 2052 ...Δ
2890 2009 2892 2014 .
2887 1955 2892 1998 ..—
2885 1919 2892 1937 .-
2886 1842 2892 1907 ...m—
2885 1731 2892 1829 -ῌ-μ.

2889 3879 2892 3884 .
2883 3571 2892 3848 -.m-—;v.„m-—2-...i-„
2890 3548 2892 3552 Δ
2887 3516 2892 3537 .,
2882 3494 2892 3508 l-
