2892 4056
714 166 1249 230 SANCTISSIMI
1302 163 1626 226 DOMINI
1682 163 2002 226 NOSTRI

971 324 1744 485 LEONIS

1068 572 1250 608 DIVINA
1283 573 1646 608 PROVIDENTIA

592 711 1479 868 PAPAE
1649 713 2130 867 XIII

1089 958 1626 1029 LITTERAE

1019 1099 1076 1130 AD
1101 1099 1505 1130 REVERENDISSIMUM
1529 1100 1705 1130 PATREM

759 1195 882 1248 FR.
917 1194 1362 1247 ANDREAM
1404 1194 1963 1248 FRUHWIRTH

1089 1302 1115 1325 S.
1134 1300 1360 1324 THEOLOGIAE
1379 1301 1630 1324 PROFESSOREM

796 1387 1051 1417 MAGISTRUM
1074 1387 1338 1417 GENERALEM
1361 1387 1532 1417 ORDINIS
1555 1387 1926 1418 PRAEDICATORUM

1209 1496 1536 1530 —.Q2.-tjffl

1246 1610 1379 1632 DILEc‘ro
1400 1611 1481 1632 FlLlo

870 1692 1073 1722 ANDREAE
1098 1692 1369 1722 FRUHWIRTH
1393 1692 1615 1722 MAGISTRO
1639 1692 1853 1722 GENERALI

1138 1789 1273 1812 ORDINIS
1293 1788 1587 1812 PRAEDICATORUM

1091 1886 1256 1950 LEO
1309 1887 1432 1949 PP.
1488 1888 1635 1949 XIII

1202 2024 1406 2058 DILECTE
1434 2025 1528 2058 FILI

865 2121 1067 2153 Salutem
1089 2125 1133 2154 et
1156 2122 1470 2162 Apostolioam
1494 2122 1860 2155 Benefflotionem

352 2282 366 2290 ⁸
442 2325 453 2333 q
478 2281 681 2338 l'Quum
719 2282 851 2323 certa
887 2271 1049 2324 Nobis
1087 2292 1202 2339 spes
1239 2283 1370 2324 esset
1413 2271 1598 2323 fructus
1635 2272 1869 2323 uberrimi
1907 2272 1991 2337 qui
2029 2282 2345 2337 promanaret
2381 2272 2446 2322 ad

420 2358 430 2375 ³
457 2338 486 2369 ³
542 2341 722 2392 studia
764 2343 1086 2408 provehenda
1131 2362 1295 2394 rerum
1339 2342 1617 2394 divinarum
1664 2342 1949 2407 solidaeque
1994 2342 2362 2413 philosophiae,
2406 2342 2446 2392 si

451 2396 546 2468 ζῆ
562 2430 693 2462 nova
735 2423 1043 2464 accuraretur
1080 2414 1228 2464 editio
1272 2432 1481 2479 operum
1526 2412 1581 2463 S.
1607 2412 1838 2463 Thomae
1882 2400 2176 2478 AquinatiS‚
2227 2412 2445 2478 partibus

319 2520 324 2527 ,
358 2523 363 2530 .
421 2521 428 2526 .
561 2481 792 2533 omnibus
819 2482 1030 2550 expleta,
1055 2503 1115 2533 eo
1141 2483 1423 2549 appulimus
1449 2482 1670 2532 animum
1695 2482 1796 2532 ab
1785 2483 1903 2548 ipsis
1930 2482 2102 2532 Nostri
2127 2481 2445 2532 Pontificatus

281 2554 509 2606 exordiis
576 2551 752 2616 Atque
788 2552 883 2602 hoc
921 2553 1191 2619 cogitatum
1234 2552 1476 2603 Nostrum
1521 2552 1687 2603 litteris
1726 2552 2080 2618 explicavimus
2117 2571 2239 2617 quas
2286 2552 2445 2602 idibus

279 2622 585 2676 Octobribus
622 2641 754 2672 anno
793 2636 1149 2671 MDCCCLXXIX
1186 2622 1414 2673 dedimus
1452 2623 1517 2672 ad
1553 2622 1713 2673 clarae
1751 2622 2020 2673 memoriae
2057 2621 2236 2672 Virum
2269 2621 2444 2673 Cardi-

279 2694 443 2746 nalem
468 2692 788 2745 Antoninum
826 2693 890 2743 de
915 2692 1057 2743 Luca
1093 2691 1403 2743 Praefectum
1430 2692 1585 2742 Sacro
1612 2690 1836 2743 Consilio
1868 2691 2053 2743 Studiis
2078 2692 2445 2758 disciplinarum

278 2765 530 2832 regundis.
573 2763 644 2815 Ibi
682 2773 730 2815 et
755 2762 872 2815 illud
908 2762 1195 2830 adiecimus,
1238 2763 1480 2829 placuisse
1517 2762 1678 2813 Nobis
1705 2773 1757 2813 ut
1782 2782 1841 2816 ea
1867 2763 2126 2813 ederentur
2151 2781 2303 2828 opera
2332 2781 2446 2812 cum

278 2834 637 2900 probatissimis
664 2834 984 2900 interpretum
1010 2833 1203 2884 illorum
1230 2832 1612 2884 commentariis
1663 2832 1800 2883 Tum
1826 2832 2041 2898 pressius
2079 2851 2184 2882 rem
2215 2842 2446 2899 urgentes

279 2923 410 2956 anno
454 2905 663 2956 subinde
706 2904 968 2970 insequuto
1005 2923 1051 2954 a.
1093 2903 1143 2955 d.
1187 2918 1260 2953 XV
1298 2904 1551 2955 Kalendas
1595 2902 1914 2969 FebruariaS,
1968 2922 2057 2968 per
2100 2902 2217 2952 alias
2266 2902 2446 2952 litteras

279 2973 490 3025 Nostras
517 2986 653 3026 motu
690 2974 893 3040 proprio
925 2975 1064 3025 datas
1102 2974 1215 3024 huic
1247 2974 1448 3025 editioni
1486 2974 1733 3024 curandae
1758 2971 2084 3039 praefecimus
2119 2982 2446 3023 memoratum

281 3042 599 3095 Cardinalem
625 3045 688 3096 de
713 3044 873 3111 Luca,
903 3044 1124 3110 aliosque
1148 3045 1274 3095 duos
1301 3065 1361 3095 ex
1387 3044 1564 3095 eodem
1593 3043 1746 3094 Sacro
1779 3042 2008 3110 Collegio
2033 3043 2247 3093 delectos
2273 3041 2441 3107 Viros,

279 3113 518 3165 Ioannem
558 3114 781 3165 Simeoni
820 3124 867 3165 et
903 3114 1159 3165 Thomam
1197 3114 1436 3183 Zigliara,
1480 3114 1658 3180 quibus
1697 3114 1770 3164 ius
1808 3123 2204 3180 potestatemque
2242 3111 2447 3162 fecimus

280 3184 524 3235 statuendi
561 3183 748 3235 Nostro
786 3184 986 3236 nomine
1017 3185 1258 3251 quidquid
1294 3186 1359 3236 ad
1391 3204 1502 3236 eam
1534 3204 1640 3235 rem
1667 3184 1912 3251 pertinere
1948 3183 2286 3250 intelligerent.
2338 3181 2447 3232 Nec

279 3254 495 3322 segniter
532 3254 596 3304 illi
635 3273 808 3304 manus
845 3255 915 3305 rei
939 3255 1187 3323 gerendae
1223 3255 1571 3322 admoverunt,
1615 3265 1663 3305 et
1689 3265 1882 3321 septem
1920 3273 2047 3319 quae
2085 3273 2183 3304 iam
2221 3252 2447 3319 prodiere

279 3324 533 3375 volumina
557 3324 767 3375 dilucide
805 3325 1020 3376 studium
1057 3326 1399 3376 demonstrant
1425 3345 1524 3391 quo
1563 3325 1627 3376 illi
1654 3324 1996 3375 contenderint
2034 3323 2229 3374 Nostris
2256 3322 2445 3373 obtem-

279 3413 452 3460 perare
478 3394 738 3445 mandatis
785 3393 962 3462 Quum
987 3415 1106 3446 vero
1133 3415 1268 3446 mors
1295 3415 1379 3446 eos
1406 3395 1747 3462 praeripuerit,
1773 3414 1925 3461 opere
1952 3394 2174 3444 nondum
2200 3392 2442 3458 absolut0‚
