2892 4056
90 423 202 446 'Ama

89 3311 100 3322 ⁵
112 3311 164 3333 An.
177 3317 198 3340 3,
218 3310 241 3338 6,
260 3316 298 3336 lo;

89 3342 129 3365 qn.
142 3343 210 3365 xxm,
224 3340 267 3359 nrt.
282 3343 298 3364 1,

993 177 1260 224 QUAESTIO
1288 175 1408 222 XXV,
1436 175 1731 212 ARTICULUS
1760 175 1828 211 XII

1439 253 1634 289 utilitatem
1663 252 1887 298 hominum,
1926 259 1967 287 ut
1994 261 2110 299 supra
2128 249 2148 271 *
2172 250 2315 287 dictum
2344 258 2409 286 est.
2449 251 2497 286 Et
2523 253 2631 281 ’Art-³·

325 259 430 308 pacis
449 266 486 295 et
504 257 667 295 foederis
697 266 752 294 est
778 269 848 306 per
871 257 1077 294 caritatem.
1107 257 1208 303 Ergo
1229 255 1276 291 ad
1297 254 1385 291 dae-

287 331 291 336 ·
326 323 475 358 mones,
496 311 560 359 qui
589 318 675 347 sunt
702 310 838 347 inferni
865 310 1011 346 incolae
1036 317 1072 345 et
1090 308 1222 345 mortis
1249 319 1386 356 procu-

327 371 481 410 ratores,
511 363 704 400 caritatem
732 364 875 400 habere
892 374 983 402 anon
1012 362 1210 398 debemus

379 417 606 453 Responnzo
626 428 811 453 DICENDUM
830 415 948 464 quod,
964 414 1061 451 sicut
1079 426 1193 462 supra
1207 413 1227 436 '¹‘
1241 413 1384 450 dictum

327 476 394 516 est,
414 469 452 505 in
479 469 744 517 peccatoribus
765 481 810 505 ex
836 467 988 504 caritate
1017 467 1204 503 debemus
1233 466 1385 513 diligere

326 529 511 567 naturam,
533 529 734 569 peccatum
764 521 880 557 odire.
911 521 953 556 In
973 519 1130 555 nomine
1151 527 1278 555 autem
1298 519 1386 555 dae-

326 573 451 610 monis
489 574 718 621 significatur
745 581 879 610 natura
897 579 1054 620 peccato
1084 572 1308 608 deformata.
1338 571 1387 608 Et

326 626 413 662 ideo
435 627 642 663 daemones
671 638 715 663 ex
743 626 892 663 caritate
921 637 999 661 non
1028 632 1115 661 sunt
1143 624 1331 672 diligendi.

379 679 428 715 Et
456 679 486 715 si
515 692 594 716 non
621 680 688 716 fiat
714 679 773 716 vis
801 678 839 714 in
867 677 1036 723 nomine,
1065 685 1101 713 et
1129 677 1300 725 quaestio
1329 688 1386 713 re—

326 732 466 768 feratur
493 733 541 769 ad
569 732 652 769 illos
680 731 829 780 spiritus
858 730 923 778 qui
951 730 1160 766 daemones
1189 729 1385 775 dicuntur,

325 791 454 822 utrum
483 784 557 821 sint
585 797 631 821 ex
660 784 811 821 caritate
840 782 1038 830 diligendi:
1074 782 1386 831 respondendum

327 845 393 885 est,
418 837 630 875 secundum
657 835 867 885 praemissa
886 836 919 882 *,
949 835 1054 884 quod
1083 835 1225 884 aliquid
1253 847 1299 872 ex
1327 847 1386 872 ca-

326 889 432 927 ritate
470 889 632 937 diligitur
669 888 877 937 dupliciter.
915 888 1003 925 Uno
1031 889 1170 934 modo,
1210 888 1304 924 sicut
1338 887 1386 924 ad

326 954 442 991 quem
471 941 634 979 amicitia
661 941 833 978 habetur.
873 941 922 977 Et
949 941 1001 977 sic
1037 940 1087 977 ad
1114 940 1198 976 illos
1236 940 1386 988 spiritus

326 995 487 1032 caritatis
505 994 710 1032 amicitiam
730 994 871 1031 habere
886 1005 965 1030 non
983 1005 1200 1042 possumus.
1222 992 1388 1030 Pertinet

326 1047 428 1084 enim
448 1047 496 1084 ad
516 1047 704 1084 rationem
733 1046 919 1085 amicitiae
942 1054 985 1082 ut
1003 1045 1134 1082 amicis
1162 1046 1300 1083 nostris
1319 1046 1387 1082 bo-

325 1111 418 1136 num
435 1099 612 1137 velimus.
642 1099 737 1136 Illud
761 1106 888 1137 autem
918 1099 1185 1137 bonumvitae
1211 1106 1387 1136 aeternae

287 1186 290 1190 .
325 1152 601 1201 quod‘respicit
629 1153 776 1199 caritas,
805 1152 997 1201 spiritibus
1022 1151 1094 1189 illis
1112 1164 1135 1188 a
1153 1153 1238 1189 Deo
1269 1159 1387 1188 aeter-

325 1205 457 1243 naliter
476 1205 664 1243 damnatis
692 1217 738 1242 ex
767 1206 919 1242 caritate
937 1206 1036 1242 velle
1065 1217 1143 1242 non
1162 1217 1386 1254 possumus:

324 1258 400 1294 hoc
429 1258 530 1303 enim
560 1266 787 1308 repugnaret
815 1258 956 1295 caritati
975 1258 1060 1304 Dei,
1081 1270 1150 1306 per
1169 1270 1286 1306 quarn
1308 1258 1388 1294 eius

325 1310 504 1348 iustitiam
533 1312 806 1360 approbamus.

378 1363 464 1400 Alio
485 1364 603 1401 modo
625 1364 786 1412 diligitur
804 1363 946 1412 aliquid
966 1363 1061 1400 sieut
1083 1363 1188 1412 quod
1207 1364 1388 1400 volumus

325 1428 551 1465 permanere
571 1412 777 1454 ut'bonum
797 1416 967 1454 alterius:
995 1427 1065 1464 per
1088 1428 1204 1464 quem
1225 1416 1387 1453 modum
1412 1407 1415 1484 1

327 1481 372 1505 ex
389 1469 540 1506 caritate
557 1470 742 1517 diligimus
762 1469 994 1506 irrationales
1010 1476 1212 1515 creaturas,
1228 1468 1388 1516 inquan—

325 1529 406 1558 tum
430 1523 612 1559 volumus
642 1534 705 1559 eas
733 1533 959 1570 permanere
988 1522 1036 1557 ad
1065 1520 1224 1567 gloriam
1253 1521 1325 1557 Dei
1354 1528 1389 1557 et

378 1642 405 1675 γ)
423 1645 459 1667 et.
476 1656 495 1661 -
512 1642 592 1667 etiam
611 1642 850 1674 BCDEFGIKLKR,
869 1651 923 1668 om.
942 1644 977 1674 A;
997 1643 1077 1668 etiam
1096 1651 1149 1668 om.
1168 1627 1253 1667 DGsC
1272 1647 1297 1667 et
1315 1650 1341 1667 n.

2420 185 2492 220 207

1438 317 1507 354 per
1525 306 1627 341 hunc
1648 306 1809 342 modum
1830 312 1866 341 et
1880 309 1895 332 Υ
1915 311 2089 340 naturam
2119 302 2353 339 daemonum
2383 303 2496 339 etiam

1439 369 1484 394 ex
1505 357 1656 394 caritate
1686 358 1839 405 diligere
1858 368 2084 405 possumus:
2114 355 2339 403 inquantum
2359 355 2498 391 scilicet

1437 411 1619 447 volumus
1638 410 1721 446 illos
1742 409 1891 458 spiritus
1919 410 1957 446 in
1986 409 2064 445 suis
2091 408 2323 444 naturalibus
2348 419 2498 444 conser-

1437 463 1520 501 vari
1548 462 1598 499 ad
1625 462 1784 509 gloriam
1813 462 1898 499 Dei.
2504 464 2507 466 '

1490 517 1550 551 An
1578 526 1715 559 ptumum
1743 526 1840 551 ERGO
1870 526 2052 551 mcENDUM
2081 513 2186 561 quod
2215 525 2324 549 mens
2346 514 2498 560 angelo—

1439 581 1524 605 rum
1544 580 1622 604 non
1641 568 1755 604 habet
1773 567 2114 615 impossibilitatem
2134 567 2181 602 ad
2197 574 2389 602 aeternam
2410 566 2498 601 bea-

1438 620 1638 658 titudinem
1666 620 1906 666 habendam,
1941 620 2035 656 sicut
2061 620 2176 656 habet
2203 631 2312 655 mens
2341 618 2499 655 daemo-

1439 686 1544 711 num.
1582 674 1631 709 Et
1658 672 1745 710 ideo
1781 672 1946 708 amicitia
1975 672 2155 718 caritatis,
2194 683 2294 720 quae
2323 671 2500 707 fundatur

1439 739 1554 776 super
1569 724 1916 762 communicatione
1931 724 2033 761 vitae
2053 732 2227 761 aeternae
2245 724 2365 771 magis
2381 736 2499 771 quam

1439 792 1554 828 super
1581 777 1929 815 communicatione
1958 785 2132 825 naturae,
2166 777 2330 814 habetur
2358 777 2405 814 ad
2435 789 2500 813 an-

1438 834 1555 881 gelos,
1586 844 1664 868 non
1692 838 1820 868 autem
1850 829 1900 866 ad
1930 829 2151 866 daemones.

1492 887 1551 922 An
1578 895 1770 922 SECUNDUM
1802 894 1987 920 DicENDuM
2024 883 2129 931 quod
2163 882 2339 919 homines
2366 894 2501 931 pecca-

1439 946 1540 975 tores
1577 938 1614 973 in
1652 938 1724 974 hac
1752 936 1830 972 vita
1866 936 2008 972 habent
2025 935 2330 984 ‘possibilitatem
2365 947 2500 984 perve-

1439 990 1569 1028 niendi
1588 990 1638 1027 ad
1657 989 1929 1026 beatitudinem
1959 995 2165 1025 aeternam.
2196 988 2313 1034 Quod
2337 1000 2415 1024 non
2435 988 2500 1024 ha-

1439 1045 1530 1081 bent
1557 1043 1607 1079 illi
1631 1042 1696 1091 qui
1716 1050 1803 1079 sunt
1825 1042 1865 1078 in
1887 1039 2036 1078 inferno
2061 1041 2251 1087 damnati3
2282 1041 2328 1077 de
2349 1041 2499 1090 quibus,

1441 1104 1625 1146 quantum
1654 1096 1703 1133 ad
1730 1096 1825 1142 hoc,
1865 1102 1920 1132 est
1949 1094 2085 1131 eadem
2122 1094 2217 1130 ratio
2255 1094 2351 1131 sicut
2389 1102 2425 1130 et
2453 1094 2500 1131 de

1441 1149 1707 1188 daemonibus.

1493 1205 1552 1240 An
1570 1213 1731 1239 TERTIUM
1753 1212 1938 1238 montinum
1967 1201 2071 1249 quod
2098 1199 2236 1236 utilitas
2263 1212 2362 1248 quae
2390 1199 2501 1236 nobis

1442 1268 1486 1293 ex
1515 1255 1769 1293 daemonibus
1805 1253 1982 1303 provenit
2014 1265 2094 1290 non
2121 1261 2177 1290 est
2210 1265 2254 1290 ex
2283 1264 2417 1289 eorum
2446 1253 2500 1289 in—

1440 1309 1620 1356 tentione,
1642 1309 1708 1345 sed
1730 1319 1774 1344 ex
1794 1306 2033 1344 ordinatione
2054 1306 2204 1343 divinae
2224 1305 2499 1355 providentiae.

1442 1363 1490 1399 Et
1517 1362 1605 1399 ideo
1645 1373 1689 1398 ex
1717 1361 1792 1397 hoc
1828 1373 1906 1397 non
1939 1359 2156 1396 inducimur
2192 1359 2241 1396 ad
2278 1359 2500 1396 habendum

1441 1414 1647 1452 amicitiam
1677 1426 1810 1450 eorum
1831 1411 1864 1450 ⁶:
1895 1412 1962 1450 sed
1982 1411 2031 1450 ad
2050 1413 2124 1449 hoc
2144 1413 2249 1460 quod
2269 1412 2388 1449 simus
2415 1413 2500 1449 Deo

1441 1467 1574 1514 amici,
1613 1466 1678 1515 qui
1711 1478 1845 1502 eorum
1879 1478 2100 1514 perversam
2133 1465 2383 1502 intentionem
2413 1477 2502 1501 con-

1441 1519 1552 1556 vertit
1579 1519 1616 1556 in
1645 1526 1815 1555 nostram
1843 1518 2053 1555 utilitatem.

1494 1640 1519 1673 ὃ)
1538 1648 1639 1666 eorum.
1657 1654 1676 1659 -
1694 1641 1756 1665 Om.
1774 1640 1839 1664 ABF
1842 1640 1871 1664 L.

1048 1776 1366 1818 ARTICULUS
1396 1758 1777 1816 DUODECIMUS

370 1859 525 1890 UTRUM
549 1859 887 1890 CONVENIENTER
911 1860 1244 1891 ENUMERENTUR
1267 1859 1481 1897 QUATUOR
1504 1859 1561 1889 EX
1585 1857 1805 1888 CARITATE
1829 1855 2083 1886 DILIGENDA:
2109 1854 2304 1886 SCILICET
2328 1855 2455 1892 DEUS,

939 1904 1168 1941 PROXIMUS,
1194 1903 1362 1935 CORPUS
1385 1903 1596 1934 NOSTRUM
1621 1902 1678 1932 ET
1702 1901 1786 1932 NOS
1811 1900 1883 1931 IPSI

998 1979 1029 2003 111
1049 1979 1131 2008 Sent„
1151 1978 1209 2003 dist.
1229 1985 1314 2009 xxvm,
1333 1982 1381 2003 art.
1399 1985 1430 2010 75
1450 1977 1492 2002 De
1509 1976 1614 2004 Vir-tut„
1634 1982 1679 2007 qu.
1699 1982 1727 2005 n,
1745 1979 1791 1999 art.
1810 1982 1836 2007 7.

363 2063 366 2074 ·
394 2063 419 2085 x2
445 2067 511 2104 ,Ἢν
537 2056 559 2081 D
588 2056 827 2082 Duonsscmum
859 2057 913 2082 Sic
952 2057 1192 2082 moenum-uit.
1226 2044 1386 2081 Videtur

376 2108 380 2115 ’
455 2086 642 2155 {quod
671 2097 983 2135 inconvenienter
1005 2105 1276 2134 enumerentur
1294 2109 1386 2146 qua-

481 2152 505 2189 ‘ff
538 2158 624 2186 tuor
642 2162 687 2186 ex
708 2150 860 2187 caritate
881 2151 1084 2199 diligenda:
1110 2151 1250 2188 scilicet
1268 2152 1385 2197 Deus,

438 2240 441 2242 .
511 2203 746 2251 proximus,
777 2216 916 2252 corpus
944 2212 1117 2241 nostrum
1148 2212 1183 2240 et
1211 2216 1281 2240 nos
1303 2203 1384 2252 ipsi.

296 2278 303 2285 ·
328 2253 379 2291 Ut
398 2253 499 2290 enim
519 2256 752 2303 Augustinus
772 2257 870 2303 dicit,
891 2269 1004 2306 super
1016 2259 1124 2294 Ioan.
1141 2258 1171 2304 *,
1192 2257 1258 2305 qui
1275 2262 1292 2278 ‘²
1311 2269 1386 2293 non

328 2306 453 2355 diligit
477 2308 623 2354 Deum,
662 2321 730 2345 nec
761 2310 922 2358 sezpsum
955 2311 1087 2360 diligit.
1127 2311 1168 2347 In
1197 2309 1270 2346 Dei
1296 2322 1386 2358 ergo

330 2359 529 2397 dilectione
558 2361 760 2399 includitur
779 2363 928 2400 dilectio
949 2364 1006 2400 sui
1025 2363 1155 2412 ipsius,
1185 2363 1277 2400 Non
1297 2374 1387 2412 ergo

330 2420 385 2449 est
405 2412 477 2448 alia
497 2413 646 2450 dilectio
667 2415 725 2451 sui
745 2414 875 2463 ipsius,
896 2423 933 2452 et
951 2416 1023 2452 alia
1043 2415 1192 2452 dilectio
1213 2415 1297 2453 Dei.

385 2477 420 2502 2.
448 2466 689 2513 PRAETEREA,
727 2480 814 2515 pars
851 2480 929 2505 non
961 2469 1074 2505 debet
1102 2467 1219 2505 dividi
1255 2474 1388 2505 contra

327 2525 463 2554 totum.
503 2520 578 2556 Sed
609 2532 747 2568 corpus
779 2529 950 2557 nostrum
988 2529 1044 2557 est
1081 2522 1270 2568 quaedam
1298 2532 1387 2568 pars

327 2570 456 2607 nostri.
488 2572 579 2609 Non
609 2585 698 2620 ergo
729 2573 843 2610 debet
870 2574 1009 2620 dividi,
1043 2573 1150 2622 quasi
1178 2572 1280 2609 aliud
1309 2572 1388 2609 dili-

327 2623 452 2671 gibile,
482 2637 619 2673 corpus
648 2633 822 2663 nostrum
850 2639 873 2663 a
901 2626 1011 2664 nobis
1031 2626 1132 2675 ipsis.

382 2677 416 2713 3.
439 2678 676 2725 PRAETEREA‚
707 2679 802 2716 sicut
831 2692 902 2716 nos
929 2680 1118 2716 habemus
1147 2690 1306 2727 corpus,
1337 2679 1387 2715 ita

327 2729 439 2766 etiam
469 2739 507 2767 et
533 2731 742 2779 proximus.
773 2732 878 2768 Sicut
906 2745 995 2780 ergo
1025 2731 1172 2769 dilectio
1203 2743 1278 2780 qua
1302 2732 1386 2779 quis

327 2781 443 2830 diligit
478 2784 718 2835 proximum,
758 2785 994 2832 distinguitur
1025 2798 1048 2822 a
1077 2784 1278 2821 dilectione
1311 2796 1387 2832 qua

326 2834 411 2883 quis
440 2835 556 2884 diligit
583 2837 772 2886 seipsum;
801 2837 852 2874 ita
880 2838 1029 2874 dilectio
1059 2850 1134 2886 qua
1163 2837 1246 2885 quis
1271 2836 1388 2885 diligit

327 2899 466 2936 corpus
493 2889 668 2937 proximi,
689 2891 802 2927 debet
825 2890 1003 2938 distingui
1031 2903 1053 2927 a
1083 2890 1282 2927 dilectione
1310 2902 1387 2938 qua

327 2939 411 2988 quis
431 2940 547 2988 diligit
574 2954 712 2990 corpus
738 2955 863 2979 suum.
893 2943 984 2980 Non
1005 2955 1093 2991 ergo
1116 2942 1387 2980 convenienter

328 2992 605 3040 distinguuntur
632 3003 797 3042 quatuor
825 3008 869 3032 ex
898 2997 1050 3032 caritate
1078 2995 1278 3043 diligenda.

381 3045 456 3082 SED
476 3057 622 3083 CONTRA
640 3059 706 3084 EST
734 3049 839 3095 quod
866 3049 1099 3096 Augustinus
1128 3048 1227 3094 dicit,
1248 3047 1287 3084 in
1307 3049 1321 3084 Ι
1341 3049 1386 3085 de

327 3097 435 3134 Doct.
462 3098 594 3136 Christ.
614 3099 651 3135 *:
685 3100 856 3142 Quatuor
881 3107 969 3138 sunt
985 3099 1001 3130 β
1019 3100 1234 3150 diligenda:
1268 3113 1384 3138 unum

327 3151 429 3198 quod
452 3162 568 3199 Supra
597 3164 664 3188 nos
689 3158 753 3198 est,
784 3153 924 3190 scilicet
947 3155 1073 3199 Deus;
1102 3154 1262 3190 alterum
1287 3155 1388 3202 quod

327 3214 395 3239 nos
421 3215 572 3247 sumus‚·
608 3205 755 3241 tertium
784 3206 886 3253 quod
916 3206 1021 3242 iuxta
1060 3218 1127 3242 nos
1150 3212 1218 3252 est,
1248 3206 1386 3244 scilicet

326 3255 544 3314 proximus;
574 3263 750 3304 quartum
778 3259 879 3306 quod
904 3259 1006 3306 infra
1040 3270 1108 3295 nos
1144 3264 1212 3304 est,
1247 3258 1386 3297 scilicet

325 3320 524 3357 proprium
554 3321 704 3358 corpus.

379 3362 604 3399 Respounsso
626 3374 810 3400 mCENDuM
838 3363 955 3412 quod,
985 3363 1080 3400 sicut
1107 3364 1249 3401 dictum
1280 3372 1335 3402 est
1353 3365 1384 3412 ³⁸,

378 3477 406 3509 α)
425 3477 480 3510 qui.
498 3491 517 3496 -
534 3481 561 3502 et
578 3477 624 3509 qui
641 3477 816 3510 ABEFKLpC
835 3484 860 3502 et
878 3485 922 3507 xa,
935 3478 1015 3502 etiam
1034 3478 1080 3510 qui
1098 3478 1130 3509 G,
1144 3479 1216 3511 quod
1234 3479 1280 3511 qui
1299 3479 1316 3504 1.

1440 2042 1604 2079 amicitia
1634 2041 1794 2078 caritatis
1827 2052 1942 2089 super
1970 2040 2317 2077 communicatione
2346 2041 2503 2078 beatitu-

1442 2096 1538 2132 dinis
1567 2095 1755 2132 fundatur.
1795 2095 1837 2130 In
1866 2105 1940 2142 qua
1968 2093 2124 2141 quidem
2154 2095 2502 2132 communicatione

1441 2161 1562 2185 unum
1591 2148 1746 2197 quidem
1783 2155 1839 2183 est
1876 2146 1981 2194 quod
2010 2145 2269 2182 consideratur
2300 2155 2340 2183 ut
2368 2148 2504 2198 prinei-

1439 2202 1548 2251 pium
1577 2201 1741 2238 influens
1770 2199 2057 2245 beatitudinem,
2078 2199 2218 2236 scilicet
2245 2200 2370 2247 Deus;
2401 2201 2502 2239 aliud

1442 2264 1497 2292 est
1516 2254 1787 2291 beatitudinem
1807 2253 1945 2290 directe
1964 2252 2203 2300 participans,
2225 2253 2363 2290 scilicet
2381 2255 2501 2291 homo

1441 2316 1479 2345 et
1506 2309 1682 2356 angelus;
1721 2306 1870 2343 tertium
1901 2313 2029 2342 autem
2068 2313 2124 2341 est
2150 2305 2189 2342 id
2226 2306 2273 2343 ad
2303 2307 2406 2355 quod
2434 2319 2503 2356 per

1441 2362 1637 2410 quandam
1664 2359 1956 2398 redundantiam
1986 2358 2180 2395 beatitudo
2211 2359 2414 2408 derivatur,
2435 2361 2503 2397 sci-

1440 2414 1527 2451 licet
1545 2426 1683 2463 corpus
1710 2414 1936 2450 humanum.
1967 2412 2008 2448 Id
2029 2411 2184 2459 quidem
2213 2413 2318 2460 quod
2340 2422 2395 2450 est
2414 2414 2502 2451 bea-

1441 2467 1641 2504 titudinem
1669 2466 1832 2502 influens
1866 2473 1921 2501 est
1953 2477 1998 2501 ea
2027 2464 2168 2501 ratione
2208 2465 2384 2514 diligibile
2413 2468 2502 2515 quia

1442 2527 1498 2556 est
1525 2519 1765 2556 beatitudinis
1795 2530 1919 2554 causa.
1959 2517 2000 2554 Id
2029 2525 2157 2554 autem
2186 2520 2290 2565 quod
2325 2527 2379 2556 est
2413 2520 2501 2557 bea-

1442 2572 1639 2609 titudinem
1667 2571 1896 2620 participans
1923 2578 2048 2618 potest
2081 2582 2162 2606 esse
2191 2571 2331 2619 duplici
2356 2572 2500 2609 ratione

1442 2625 1640 2673 diligibile:
1670 2625 1732 2660 vel
1751 2623 1840 2671 quia
1860 2631 1916 2660 est
1934 2635 2054 2659 unum
2077 2623 2302 2670 nobiscum3
2330 2627 2392 2662 vel
2412 2626 2501 2675 quia

1442 2686 1497 2714 est
1525 2678 1635 2715 nobis
1664 2676 1925 2713 consociatum
1961 2676 1999 2712 in
2027 2675 2268 2713 beatitudinis
2301 2678 2500 2727 participa-

1442 2731 1555 2768 tione.
1586 2731 1634 2767 Et
1658 2729 1870 2766 secundum
1898 2729 1973 2766 hoc
2001 2736 2201 2765 sumuntur
2229 2730 2305 2767 duo
2335 2743 2380 2767 ex
2409 2732 2500 2768 cari-

1440 2792 1514 2821 tate
1544 2783 1755 2831 diligibilia:
1784 2790 1898 2831 prout
1925 2781 2064 2819 scilicet
2090 2782 2210 2819 homo
2240 2783 2357 2831 diligit
2384 2792 2420 2820 et
2444 2797 2501 2822 se-

1442 2838 1565 2886 ipsum
1595 2844 1631 2873 et
1657 2835 1888 2885 proximum.

1493 2891 1551 2926 An
1578 2901 1714 2926 mimum
1743 2900 1840 2925 ERGO
1869 2899 2054 2924 DICENDUM
2082 2888 2186 2936 quod
2215 2888 2365 2926 diversa
2393 2890 2499 2927 habi—

1440 2945 1531 2981 tudo
1553 2942 1736 2990 diligentis
1755 2941 1804 2978 ad
1823 2941 1974 2979 diversa
1994 2940 2183 2988 diligibilia
2202 2942 2289 2978 facit
2307 2942 2499 2980 diversam

1441 2996 1626 3033 rationem
1659 2991 1918 3042 diligibilitatis.
1958 2994 2007 3030 Et
2034 2994 2248 3031 secundum
2277 2996 2372 3043 hoc,
2411 2997 2499 3044 quia

1441 3049 1512 3086 alia
1532 3056 1588 3085 est
1615 3048 1798 3085 habitudo
1826 3046 1993 3084 hominis
2021 3046 2205 3095 diligentis
2234 3049 2280 3085 ad
2311 3050 2437 3086 Deum
2465 3058 2499 3086 et

1440 3103 1487 3139 ad
1507 3102 1687 3150 seipsum,
1707 3107 1863 3149 propter
1881 3100 1957 3136 hoc
1975 3107 2170 3148 ponuntur
2190 3101 2267 3137 duo
2288 3101 2498 3149 diligibilia:

1441 3167 1528 3191 cum
1556 3153 1705 3191 dilectio
1735 3153 1847 3190 unius
1874 3152 1919 3190 sit
1947 3165 2062 3189 causa
2092 3152 2301 3191 dilectionis
2334 3155 2496 3193 alterius.

1439 3207 1563 3254 Unde,
1594 3219 1638 3243 ea
1667 3214 1823 3252 remota,
1849 3206 1920 3242 alia
1947 3214 2178 3243 removetur.

1492 3262 1552 3298 An
1571 3271 1761 3297 SECUNDUM
1780 3270 1964 3296 DICENDUM
1992 3259 2097 3306 quod
2126 3259 2336 3296 subiectum
2368 3260 2497 3297 carita-

1439 3313 1483 3350 tis
1513 3320 1568 3349 est
1595 3325 1705 3350 mens
1734 3311 1945 3358 rationalis,
1979 3324 2077 3360 quae
2105 3319 2230 3360 potest
2258 3312 2498 3350 beatitudinis

1441 3378 1522 3403 esse
1544 3378 1683 3415 capax:
1713 3365 1761 3402 ad
1789 3377 1907 3414 quam
1927 3377 2066 3414 corpus
2086 3364 2224 3402 directe
2244 3377 2323 3402 non
2341 3365 2495 3414 attingit,

1490 3479 1515 3513 β)
1530 3484 1600 3506 sunt.
1619 3494 1637 3500 -
1655 3481 1717 3507 Om.
1737 3482 1766 3507 P.
