2892 4056
37 748 160 779 ‚intem

36 2699 38 2702 ’
73 2696 82 2704 ”
97 2694 164 2717 Vm.
178 2700 209 2716 ιι.

993 133 1259 179 QUAESTIO
1287 134 1425 181 XLIV,
1454 134 1750 171 ARTICULUS
1781 136 1794 171 1

2399 135 2468 171 331

680 337 1087 415 QUAESTIO
1127 339 2113 417 QUADRAGESIMAQUARTA

970 458 1054 498 DE
1087 458 1458 499 PRAECEPTIS
1492 459 1814 501 CARITATIS

1123 571 1157 595 IN
1188 571 1285 598 OCTO
1314 571 1515 597 ARTICULOS
1544 572 1660 597 DIVISA

274 673 499 756 Damna
533 664 851 702 considerandum
885 671 941 700 est
982 663 1029 700 de
1059 665 1270 712 praeceptis
1306 677 1365 701 ca-

73 721 127 744 'Cn
152 727 191 750 qu.
212 726 267 743 xxm

393 717 507 754 ritatis
525 717 556 753 ³¹³.

309 770 358 806 Et
386 769 483 806 circa
511 770 585 806 hoc
613 775 847 817 quaeruntur
874 775 973 804 octo.

361 822 513 859 Primo:
551 829 680 858 utrum
717 822 764 859 de
798 820 950 857 caritate
988 820 1060 857 sint
1096 821 1222 857 danda
1259 834 1366 869 prae-

415 882 535 924 cepta.

362 927 565 964 Secundo:
593 934 721 963 utrum
750 937 871 961 unum
900 932 1065 972 tantum,
1095 926 1157 961 vel
1186 927 1276 962 duo.

362 980 513 1017 Tertio:
542 986 671 1016 utrum
700 979 778 1016 duo
808 977 1009 1015 sufficiant.

362 1032 530 1079 Quarto:
567 1039 696 1069 utrum
735 1030 1008 1067 convenienter
1042 1030 1294 1080 praecipiatur
1328 1038 1369 1067 ut

413 1086 519 1121 Deus
546 1096 597 1120 ex
623 1089 696 1120 toto
726 1083 839 1120 corde
867 1083 1050 1132 diligatur.

1472 665 1639 712 Quinto:
1668 673 1796 702 utrum
1826 667 2098 705 convenienter
2125 669 2296 716 addatur,
2325 682 2374 706 ex
2401 675 2476 707 tota

1524 731 1646 761 mente
1675 733 1744 762 etc.

1473 784 1608 820 Sexto:
1647 791 1775 820 utrum
1808 792 2053 833 praeceptum
2080 786 2155 822 hoc
2183 787 2302 835 possit
2333 786 2371 824 in
2400 787 2477 824 vita

1526 842 1594 878 ista
1622 842 1783 891 impleri.

1473 900 1668 947 Septimo:
1697 902 1744 937 de
1764 903 1839 938 hoc
1857 911 2075 951 praecepto,
2095 904 2240 954 Diliges
2254 906 2476 952 proximum

1527 967 1631 997 tuum
1658 963 1755 998 sicut
1778 963 1946 1010 teipsum.

1475 1023 1645 1059 Octavo:
1675 1030 1802 1060 utrum
1833 1025 1929 1060 ordo
1959 1025 2121 1062 caritatis
2150 1027 2258 1063 cadat
2280 1028 2349 1063 sub
2371 1040 2479 1076 prae-

1529 1093 1652 1133 cepto.

1113 1183 1430 1225 ARTICULUS
1463 1183 1671 1225 PRIMUS

727 1277 884 1308 UTRUM
906 1277 964 1307 DE
988 1269 1210 1307 CARl'rATE
1233 1276 1407 1307 DEBEAT
1430 1277 1532 1307 DARI
1557 1277 1752 1314 ALIQUOD
1776 1278 2067 1309 PRAECEPTUM

935 1355 966 1379 111
988 1355 1064 1380 Cont.
1085 1355 1171 1384 Gent„
1192 1362 1247 1387 cap.
1266 1362 1332 1386 CXVI,
1352 1361 1433 1386 cnm
1453 1355 1463 1379 1
1481 1355 1518 1379 ad
1539 1355 1614 1385 nm„
1635 1364 1691 1389 cap.
1710 1364 1727 1387 ι,
1747 1357 1805 1381 lect.
1823 1364 1851 1381 ιι.

393 1460 398 1467 ,
443 1463 445 1465 .
518 1439 541 1464 n
564 1438 702 1463 ptumum
729 1438 783 1463 SIC
812 1437 1053 1463 moenum-uk.
1073 1426 1232 1463 Videtur
1260 1426 1365 1474 quod

356 1489 361 1531 j
379 1489 387 1502 '
399 1505 422 1526 ι,
443 1490 473 1521 5
519 1480 566 1516 de
582 1479 735 1516 caritate
749 1491 828 1515 non
844 1479 980 1515 debeat
994 1478 1075 1515 dari
1089 1478 1244 1537 aliquod
1259 1491 1367 1527 prae-

426 1562 442 1571 .
462 1539 482 1571 ‘2
519 1539 684 1580 ceptum.
715 1531 861 1568 Caritas
881 1532 984 1568 enim
1012 1531 1176 1579 imponit
1203 1532 1366 1568 modum

491 1584 664 1621 actibus
696 1584 872 1621 omnium
899 1584 1104 1631 virtutum,
1143 1584 1190 1620 de
1228 1584 1367 1632 quibus

66 1661 86 1677 .-
241 1647 244 1650 ’
305 1635 444 1675 dantur
471 1645 696 1686 praecepta.
736 1649 824 1674 cum
854 1636 900 1674 sit
931 1637 1057 1674 forma
1083 1636 1288 1684 virtutum,
1327 1644 1369 1673 ut

34 1710 37 1711 ν
66 1687 133 1724 ‘Q'ut
137 1694 280 1727 mm-
305 1696 423 1737 eupra
439 1688 461 1709 ¹*
479 1688 623 1727 dictum
652 1698 719 1726 est.
750 1690 828 1726 Sed
855 1690 995 1727 modus
1022 1702 1102 1727 non
1123 1697 1179 1726 est
1202 1690 1241 1726 in
1258 1701 1368 1738 prae-

307 1748 440 1790 cepto:
469 1749 510 1778 ut
538 1742 794 1780 communiter
821 1742 968 1780 dicitur.
1006 1743 1109 1790 Ergo
1138 1742 1186 1779 de
1214 1743 1367 1780 caritate

306 1805 387 1832 non
413 1801 502 1830 sunt
529 1795 656 1833 danda
684 1803 898 1844 praecepta.

361 1858 397 1884 2.
418 1847 656 1895 Pam-nani,
686 1848 831 1895 caritas,
860 1860 959 1896 quae
979 1848 1017 1884 in
1037 1848 1210 1884 cordibus
1233 1848 1368 1884 nostris

256 1911 375 1957 per
392 1900 572 1948 Spiritum
591 1902 770 1939 Sanctum
798 1900 1020 1950 diffunditur
1039 1906 1056 1922 α
1074 1900 1106 1947 *,
1126 1900 1214 1938 facit
1234 1912 1307 1937 nos
1326 1900 1368 1937 li-

256 1941 440 1989 'beros:
472 1954 561 2001 quia
590 1954 655 1991 ubi
680 1954 838 2002 Spiritus
856 1954 1025 1999 Domini,
1054 1954 1107 1990 ibi
1132 1954 1297 1999 libertas,
1327 1961 1368 1990 ut

307 2004 443 2043 dicitur
471 2006 503 2042 II
532 2006 584 2043 ad
615 2007 702 2044 Cor.
723 2019 759 2044 111
778 2007 809 2044 ²¹³.
849 2007 927 2044 Sed
955 2006 1155 2065 obligatio,
1194 2019 1292 2055 quae
1322 2019 1366 2043 ex

306 2058 520 2107 praeceptis
546 2059 724 2106 nascitur,
745 2059 905 2096 libertati
933 2059 1160 2108 opponitur:
1189 2059 1278 2107 quia
1301 2072 1367 2096 ne-

308 2110 522 2149 cessitatem
557 2111 731 2161 imponit.
770 2113 872 2159 Ergo
908 2112 955 2149 de
984 2112 1136 2149 caritate
1172 2124 1252 2149 non
1280 2119 1367 2150 sunt

308 2163 436 2202 danda
463 2173 679 2214 praecepta.

364 2216 398 2253 3.
428 2217 664 2265 Parmam,
693 2217 827 2255 caritas
855 2224 912 2254 est
938 2216 1144 2265 praecipua
1171 2217 1267 2254 inter
1286 2229 1368 2254 orn-

308 2281 377 2307 nes
403 2268 586 2316 virtutes,
615 2270 664 2308 ad
691 2282 787 2318 quas
815 2269 1037 2307 ordinantur
1072 2277 1299 2318 praecepta,
1328 2277 1369 2307 ut

207 2332 232 2374 ‚¹3
275 2342 282 2352 ‚
309 2332 355 2359 ex
392 2322 616 2370 supradictis
634 2322 654 2344 ²¹²
671 2330 785 2371 patet.
817 2322 856 2359 Si
879 2322 990 2370 igitur
1016 2324 1064 2360 de
1093 2322 1245 2359 caritate
1275 2322 1367 2359 dan-

308 2382 369 2412 tur
395 2374 522 2424 aliqua
549 2383 773 2424 praecepta,
808 2375 991 2412 deberent
1016 2374 1110 2423 poni
1136 2375 1232 2411 inter
1257 2387 1366 2423 prae-

309 2427 421 2475 cipua
449 2435 670 2476 praecepta,
701 2440 799 2477 quae
829 2435 915 2464 sunt
941 2434 1145 2476 praecepta
1182 2427 1364 2474 decalogi.

309 2481 402 2518 Non
421 2487 548 2517 autem
568 2487 774 2529 ponuntur.
803 2481 905 2528 Ergo
930 2480 1032 2516 nulla
1058 2487 1262 2528 praecepta
1281 2487 1368 2516 sunt

309 2534 358 2572 de
387 2533 538 2570 caritate
568 2534 704 2571 danda.

363 2586 438 2622 SED
457 2597 614 2632 CONTRA,
643 2586 742 2623 illud>
762 2586 867 2634 quod
892 2586 997 2622 Deus
1025 2584 1181 2632 requirit
1204 2597 1226 2621 a
1254 2585 1366 2621 nobis

310 2638 410 2675 cadit
447 2639 517 2675 sub
554 2646 771 2688 praecepto.
814 2638 986 2686 Requirit
1022 2645 1151 2674 autem
1183 2638 1290 2674 Deus
1317 2638 1366 2674 ab

309 2691 468 2728 homine
488 2697 528 2728 ut
544 2692 680 2741 diligat
695 2704 793 2737 eum,
820 2698 860 2727 ut
879 2691 1013 2728 dicitur
1031 2692 1141 2727 Deut.
1161 2702 1185 2726 x
1203 2691 1232 2727 *.
1263 2691 1364 2737 Ergo

310 2744 358 2781 de
379 2744 581 2782 dilectione
599 2744 772 2791 caritatis,
803 2756 900 2792 quae
929 2751 985 2781 est
1007 2743 1156 2781 dilectio
1176 2743 1259 2789 Dei,
1281 2751 1368 2779 sunt

310 2796 437 2834 danda
464 2805 679 2846 praecepta.

363 2850 588 2888 Respounzo
622 2861 807 2887 mOENDUM
840 2849 965 2898 quod,
996 2848 1090 2885 sicut
1117 2860 1231 2896 supra
1260 2849 1280 2870 *
1313 2847 1368 2884 di-

310 2909 414 2938 ctum
443 2910 513 2948 est,
542 2910 789 2951 praeceptum
816 2901 995 2950 importat
1023 2900 1208 2938 rationem
1239 2900 1365 2937 debiti.

310 2955 502 2992 Intantum
532 2967 621 3005 ergo
656 2955 798 3003 aliquid
836 2955 935 2994 cadit
972 2954 1042 2990 sub
1079 2961 1283 3002 praecepto
1312 2953 1367 2989 in—

310 3015 495 3055 quantum
515 3008 630 3044 habet
649 3007 833 3044 rationem
855 3007 982 3044 debiti.
1003 3007 1071 3043 Est
1084 3014 1212 3043 autem
1228 3005 1367 3054 aliquid

310 3059 480 3097 debiturn
501 3060 717 3108 dupliciter:
737 3072 815 3097 uno
836 3060 966 3106 modo,
982 3071 1051 3108 per
1069 3071 1125 3104 se;
1146 3058 1219 3095 alio
1234 3059 1364 3105 modo,

308 3120 465 3161 propter
483 3113 596 3150 aliud.
621 3114 695 3150 Per
714 3125 754 3149 se
775 3112 928 3161 quidem
950 3111 1118 3149 debitum
1141 3119 1196 3147 est
1214 3111 1252 3147 in
1271 3123 1367 3147 uno-

310 3177 466 3213 quoque
504 3165 656 3214 negotio
694 3165 733 3202 id
770 3165 875 3214 quod
904 3173 960 3201 est
993 3163 1100 3209 finis,
1139 3163 1226 3212 quia
1253 3164 1368 3200 habet

309 3218 496 3255 rationem
525 3230 593 3266 per
619 3231 659 3255 se
688 3218 799 3263 boni;
838 3225 993 3266 propter
1020 3216 1122 3253 aliud
1155 3223 1283 3253 autem
1313 3224 1368 3253 est

309 3270 479 3308 debitum
495 3270 533 3308 id
549 3272 652 3320 quod
672 3270 867 3307 ordinatur
885 3270 933 3307 ad
952 3270 1086 3306 finem:
1107 3269 1202 3306 sicut
1216 3268 1365 3306 medico

362 3385 389 3417 α)
409 3383 578 3418 diffunditur.
595 3397 614 3402 —
632 3383 785 3416 infunditur
803 3382 920 3407 PCDGa.

362 3419 388 3453 β)
409 3420 467 3445 Dei.
485 3433 504 3439 -
522 3419 662 3444 divinitate
680 3422 707 3443 et
723 3426 740 3443 a
760 3418 812 3443 Dei
829 3418 876 3442 Pa.

1419 1437 1488 1473 per
1516 1438 1557 1462 se
1586 1427 1758 1463 debiturn
1788 1435 1843 1463 est
1871 1436 1913 1464 ut
1940 1436 2067 1473 sanet;
2102 1436 2259 1476 propter
2286 1429 2387 1466 aliud
2414 1441 2480 1466 au-

1421 1486 1511 1523 tern,
1527 1486 1569 1514 ut
1584 1479 1647 1515 det
1662 1479 1893 1516 medicinam
1912 1481 1961 1517 ad
1981 1481 2207 1517 sanandum.
2229 1481 2332 1518 Finis
2352 1489 2478 1518 autem

1421 1530 1622 1579 spiritualis
1640 1531 1742 1568 vitae
1763 1539 1819 1568 est
1845 1540 1887 1569 ut
1913 1533 2034 1570 homo
2067 1533 2216 1570 uniatur
2243 1534 2341 1580 Deo,
2375 1534 2480 1582 quod

1421 1584 1464 1621 fit
1482 1596 1551 1632 per
1571 1584 1783 1621 caritatem:
1814 1592 1851 1621 et
1878 1585 1927 1622 ad
1953 1586 2029 1623 hoc
2057 1586 2289 1633 ordinantur,
2310 1586 2405 1623 sicut
2432 1587 2480 1623 ad

1421 1637 1553 1682 finem,
1584 1637 1716 1674 omnia
1743 1649 1842 1684 quae
1870 1638 2059 1686 pertinent
2086 1640 2135 1676 ad
2163 1639 2396 1687 spiritualem
2424 1639 2480 1676 vi-

1421 1696 1512 1726 tam.
1542 1690 1652 1727 Unde
1673 1697 1710 1726 et
1723 1692 1932 1738 Apostolus
1951 1691 2049 1737 dicit,
2072 1693 2085 1727 1
2105 1692 2157 1728 ad
2178 1692 2271 1728 Tim.
2294 1691 2354 1728 1²⁸:
2373 1692 2479 1728 Finis
2504 1703 2516 1714 ·
2554 1709 2590 1724 ers

1415 1743 1610 1790 praecepti
1635 1749 1690 1779 est
1714 1743 1853 1780 caritas
1879 1744 1926 1780 de
1948 1744 2061 1780 corde
2082 1755 2183 1792 puro
2203 1750 2238 1781 et
2255 1745 2478 1781 conscientia

1422 1796 1520 1831 bona
1549 1801 1584 1831 et
1602 1796 1686 1842 fide
1713 1807 1788 1832 non
1809 1797 1918 1843 ficta.
1949 1797 2096 1833 Omnes
2125 1797 2224 1834 enim
2241 1797 2410 1844 virtutes,
2432 1798 2479 1834 de

1421 1860 1584 1896 quarum
1613 1848 1757 1884 actibus
1778 1848 1914 1886 dantur
1940 1856 2154 1897 praecepta,
2175 1849 2398 1887 ordinantur
2415 1850 2477 1886 vel

1421 1900 1471 1937 ad
1501 1900 1783 1949 purificandum
1821 1914 1888 1938 cor
1924 1914 1947 1938 a
1983 1901 2196 1938 turbinibus
2232 1902 2478 1950 passionum,

1421 1953 1518 1990 sicut
1535 1953 1692 1990 virtutes
1720 1966 1818 2002 quae
1844 1962 1932 1991 sunt
1960 1954 2059 1991 circa
2085 1954 2300 2003 passiones;
2329 1956 2391 1992 vel
2410 1955 2480 1992 sal-

1421 2013 1499 2042 tem
1537 2006 1586 2043 ad
1617 2006 1836 2044 habendam
1874 2008 2017 2044 bonam
2056 2007 2346 2054 conscientiam,
2385 2008 2479 2044 sicut

1420 2058 1578 2095 virtutes
1605 2071 1704 2107 quae
1733 2067 1820 2096 sunt
1847 2059 1945 2097 circa
1973 2060 2229 2108 operationes;
2257 2062 2319 2098 vel
2347 2060 2395 2097 ad
2414 2061 2480 2097 ha-

1422 2111 1589 2148 bendam
1618 2120 1760 2149 rectam
1789 2112 1926 2158 fidem,
1956 2112 2051 2149 sicut
2078 2113 2139 2150 illa
2167 2125 2264 2161 quae
2293 2113 2480 2162 pertinent

1423 2165 1471 2201 ad
1509 2164 1681 2202 divinum
1721 2165 1875 2202 cultum.
1919 2166 1968 2202 Et
2000 2166 2095 2202 haec
2132 2165 2201 2202 tria
2236 2166 2479 2213 requiruntur

1421 2216 1470 2253 ad
1501 2217 1731 2264 diligendum
1762 2218 1910 2254 Deum:
1941 2230 2030 2254 narn
2055 2230 2121 2255 cor
2148 2218 2341 2266 impurum
2361 2231 2383 2256 a
2406 2218 2478 2255 Dei

1423 2269 1620 2306 dilectione
1657 2270 1884 2312 abstrahitur
1923 2278 2079 2318 propter
2121 2271 2340 2319 passionem
2377 2270 2478 2308 incli-
2507 2280 2514 2283 s

1421 2330 1577 2359 nantem
1607 2322 1655 2359 ad
1684 2330 1852 2368 terrena;
1882 2323 2112 2360 conscientia
2138 2336 2231 2360 vero
2265 2324 2366 2360 mala
2393 2323 2480 2360 facit

1420 2375 1576 2411 horrere
1602 2375 1772 2413 divinam
1797 2375 1975 2412 iustitiam
2003 2384 2159 2424 propter
2185 2376 2360 2413 timorem
2387 2388 2480 2425 poe-

1420 2439 1511 2470 nae;
1540 2427 1637 2464 fides
1657 2436 1783 2465 autem
1812 2428 1901 2464 ficta
1920 2429 2031 2465 trahit
2058 2428 2237 2466 affectum
2261 2429 2298 2465 in
2317 2429 2356 2465 id
2375 2428 2478 2477 quod

1421 2480 1468 2516 de
1495 2480 1582 2515 Deo
1618 2480 1790 2527 fingitur,
1825 2492 2004 2528 separans
2032 2493 2055 2517 a
2083 2481 2156 2518 Dei
2181 2479 2196 2510 β
2227 2481 2396 2518 veritate.
2438 2483 2478 2517 In

1421 2531 1589 2579 quolibet
1625 2540 1754 2569 autem
1782 2544 1920 2579 genere
1956 2533 1994 2570 id
2022 2534 2127 2581 quod
2155 2542 2210 2569 est
2237 2546 2305 2581 per
2337 2546 2376 2570 se
2409 2545 2476 2581 po-

1419 2584 1492 2620 tius
1531 2592 1585 2620 est
1622 2597 1668 2620 eo
1707 2585 1811 2632 quod
1855 2593 1909 2622 est
1949 2593 2104 2633 propter
2145 2586 2257 2622 aliud.
2301 2587 2350 2622 Et
2390 2585 2476 2622 ideo

1420 2637 1630 2673 maximum
1653 2643 1896 2685 praeceptum
1925 2646 1980 2674 est
2008 2638 2054 2675 de
2084 2638 2247 2684 caritate,
2276 2646 2318 2674 ut
2346 2638 2478 2675 dicitur

1420 2690 1553 2727 Matth.
1583 2701 1655 2726 xxii
1673 2691 1702 2726 *.

1475 2745 1531 2778 AD
1552 2754 1689 2779 ptumum
1717 2754 1814 2779 ERGO
1844 2754 2027 2780 DtCENDUM
2056 2743 2173 2790 quod,
2203 2743 2299 2779 sicut
2327 2755 2440 2792 supra
2458 2743 2478 2766 *
2503 2750 2516 2795 ἐ
2539 2748 2622 2796 ξωῇἕ,
2654 2755 2667 2769 u
2692 2755 2704 2770 c

1420 2795 1564 2832 dietum
1590 2803 1645 2831 est
1670 2807 1758 2831 cum
1788 2795 1835 2832 de
1864 2795 2074 2843 praeceptis
2093 2800 2108 2823 Υ
2127 2805 2310 2843 ageretur,
2337 2796 2475 2833 modus

1419 2847 1629 2885 dilectionis
1667 2860 1745 2884 non
1782 2847 1881 2885 cadit
1918 2849 1989 2885 sub
2025 2847 2094 2884 illis
2130 2848 2342 2896 praeceptis
2379 2861 2476 2896 quae

1420 2900 1557 2938 dantur
1586 2900 1632 2936 de
1663 2900 1742 2937 aliis
1771 2900 1915 2937 actibus
1942 2901 2147 2938 virtutum:
2176 2908 2267 2949 puta
2302 2901 2373 2938 sub
2402 2901 2476 2938 hoc

1419 2960 1636 3002 praecepto,
1656 2953 1820 2990 Honora
1834 2958 1984 3000 patrem
2003 2959 2107 2990 tuum
2127 2959 2164 2990 et
2179 2958 2339 2990 matrem
2358 2959 2474 3000 tuam,

1419 3018 1498 3043 non
1519 3005 1617 3042 cadit
1636 3006 1740 3054 quod
1762 3006 1837 3042 hoc
1866 3017 1910 3042 ex
1940 3005 2091 3042 caritate
2110 3006 2187 3042 fiat.
2219 3006 2329 3043 Cadit
2347 3013 2475 3043 tamen

1419 3066 1523 3095 actus
1552 3058 1761 3095 dilectionis
1790 3059 1860 3094 sub
1889 3059 2100 3107 praeceptis
2129 3059 2402 3107 specialibus.

1471 3113 1530 3148 An
1550 3123 1739 3148 SECUNDUM
1758 3123 1941 3148 DICENDUM
1961 3111 2066 3170 quod
2086 3111 2262 3159 obligatio
2277 3111 2475 3170 praecepti

1420 3176 1498 3200 non
1536 3164 1740 3212 opponitur
1776 3163 1934 3200 libertati
1972 3164 2041 3200 nisi
2077 3165 2115 3201 in
2151 3177 2196 3200 eo
2227 3164 2332 3201 cuius
2367 3176 2475 3199 mens

1420 3228 1553 3254 aversa
1582 3225 1637 3252 est
1665 3217 1712 3252 ab
1742 3229 1787 3252 eo
1817 3217 1922 3276 quod
1956 3217 2203 3266 praecipitur.
2247 3217 2341 3253 sicut
2375 3224 2476 3264 patet

1419 3268 1456 3306 in
1486 3269 1543 3305 his
1572 3272 1635 3317 qui
1666 3281 1711 3305 ex
1740 3269 1822 3305 solo
1850 3269 1986 3306 timore
2015 3277 2216 3318 praecepta
2250 3269 2473 3306 custodiunt.

1471 3382 1497 3415 γ)
1514 3381 1672 3413 praeceptis.
1691 3395 1708 3400 -
1727 3381 1821 3406 cetem's
1835 3381 1987 3413 praeceptis
2007 3381 2080 3406 Plza.
