2892 4056
196 1200 206 1209 ‘⁴
217 1199 286 1220 Num.
303 1198 404 1226 praeced.

199 3368 207 3376 ·
223 3367 274 3387 Art.
291 3366 396 3393 praeced.

445 191 520 236 314

442 268 575 299 bellum:
601 269 662 298 hoc
686 276 790 299 tamen
815 279 879 299 non
903 276 1069 308 propterea
1093 277 1138 300 est
1163 276 1197 299 ut
1219 270 1371 301 habeatur
1393 277 1499 302 aucto-

441 312 513 342 ritas
536 312 693 342 indicendi
716 313 833 343 bellum
860 311 1024 354 (quoniam
1044 322 1100 342 nec
1123 313 1175 342 ille
1198 313 1340 344 hostium
1356 314 1499 354 superior

441 357 521 387 hanc
545 357 606 391 dat,
631 367 687 386 nec
710 357 785 386 haec
809 355 953 397 petitur);
979 357 1033 386 sed
1057 363 1092 386 ut
1115 363 1202 387 actus
1225 357 1400 388 activorum
1423 357 1499 388 fiant

441 401 471 430 in
497 401 633 440 patiente
657 401 825 440 disposito;
851 410 979 439 passum
1003 399 1088 429 enim
1107 400 1299 440 dispositum
1323 403 1362 432 ad
1384 403 1446 432 hoc
1464 408 1499 432 ut

441 451 549 475 contra
572 444 678 484 ipsum
703 444 822 474 bellum
845 443 907 479 fiat,
933 451 978 474 est
1001 444 1113 474 nolens
1144 444 1330 482 satisfacere;
1364 445 1389 475 si
1413 445 1498 475 enirn

441 488 615 518 satisfacere
638 488 740 525 vellet,
764 488 885 517 iustum
908 487 1026 517 bellum
1050 498 1115 518 non
1139 496 1328 520 moveretur.
1351 507 1372 512 -
1391 490 1457 519 Nec
1481 499 1498 518 a

440 532 594 572 superiori
611 532 783 571 utriusque.
808 532 895 561 Tum
912 531 986 571 quia
1009 532 1070 562 hoc
1094 539 1140 562 est
1162 542 1217 571 per
1232 533 1385 563 accidens.
1410 533 1498 563 Tum
1524 530 1525 556 l

440 577 514 617 quia
538 586 573 605 ex
597 582 706 605 neutra
729 582 815 614 parte
840 582 1005 605 ostensum
1036 582 1082 606 est
1105 586 1187 615 opus
1212 586 1278 607 esse
1301 576 1496 607 auctoritate.

495 619 579 650 Cum
596 619 690 658 igitur
714 618 826 649 dicitur
843 619 931 659 quod
956 619 994 649 ad
1010 619 1216 650 indicendum
1239 620 1360 651 iustum
1376 620 1495 650 bellum
1523 633 1525 639 ·

440 663 608 703 requiritur
631 663 798 693 auctoritas
823 663 982 702 principis,
999 663 1239 703 intelligendum
1263 671 1309 694 est
1323 665 1373 694 vel
1396 665 1434 694 de
1450 674 1497 694 re—

439 708 564 747 publica
588 706 740 746 perfecta;
764 707 814 736 vel
837 706 972 746 perfecte
995 714 1122 746 gerente
1145 708 1227 737 vices
1247 708 1446 748 reipublicae,
1464 714 1500 738 ut

439 758 511 781 sunt
535 761 621 789 reges
644 750 694 780 vel
726 750 778 780 alii
802 750 919 780 similes
950 750 1154 790 principatus.
1185 752 1277 782 Unde
1307 759 1337 782 et
1360 752 1497 782 rationes

438 795 601 835 utriusque
625 794 719 833 partis
735 794 752 812 *
775 795 944 824 solvendae
968 802 1050 825 sunt.

492 839 544 868 lII.
568 839 618 868 Ad
642 838 778 877 primam
801 838 895 878 igitur
919 839 957 868 de
981 839 1175 878 principibus
1200 840 1376 870 carentibus
1404 850 1498 881 supe-

436 883 515 912 riore
540 883 652 912 dicitur
676 882 764 922 quod
792 882 872 912 inter
903 882 1055 922 privatam
1079 890 1109 913 et
1139 883 1298 922 publicam
1328 894 1497 924 personam

435 927 511 956 haec
535 934 581 957 est
604 925 786 961 differentia,
812 926 900 966 quod
924 927 1063 966 privatus
1092 927 1186 958 habet
1213 928 1380 967 proprium
1404 939 1497 969 supe-

435 971 560 1006 riorem,
585 980 659 1000 curn
683 969 722 1000 sit
745 980 816 1010 pars
840 970 972 1000 alicuius
995 971 1185 1011 reipublicae
1209 970 1322 1014 (homo
1343 972 1428 1003 enim
1452 980 1498 1004 est
1523 983 1524 991 ¹

435 1014 553 1044 animal
576 1013 767 1055 politicum),
799 1014 838 1044 ad
861 1024 958 1055 quem
982 1015 1178 1055 superiorem
1206 1023 1311 1066 potest
1340 1026 1497 1047 recurrere

435 1069 492 1098 pro
517 1059 638 1090 ultione
661 1058 865 1088 inimicorum
895 1069 1029 1089 suorum
1052 1059 1116 1090 sive
1139 1060 1224 1090 intus
1253 1061 1318 1090 sive
1342 1068 1440 1091 extra:
1466 1068 1496 1092 et

434 1109 601 1142 propterea
624 1113 661 1133 ex
684 1113 741 1133 sua
764 1110 876 1133 natura
899 1113 964 1133 non
988 1103 1082 1134 habet
1111 1104 1331 1135 auctoritatem
1359 1104 1496 1135 vindica-

433 1147 541 1177 tivam.
567 1147 637 1186 Ipsa
661 1153 767 1177 autem
791 1146 983 1186 respublica,
1015 1157 1069 1177 seu
1093 1147 1253 1187 princeps,
1279 1158 1315 1178 ex
1343 1159 1417 1179 suae
1441 1159 1496 1178 na-

433 1199 521 1221 turae
535 1190 739 1230 perfectione,
757 1197 792 1221 ut
808 1197 972 1221 ostensum
989 1197 1035 1221 est
1045 1190 1070 1227 *,
1087 1191 1180 1221 habet
1196 1191 1414 1222 auctoritatem
1429 1192 1496 1221 vin-

434 1235 615 1265 dicativam:
642 1242 672 1264 et
694 1234 766 1264 ideo
790 1244 856 1264 non
880 1241 1006 1275 oportet
1028 1236 1115 1274 quod
1140 1242 1277 1265 recurrat
1299 1236 1338 1265 ad
1355 1235 1496 1275 superio-

433 1289 500 1310 rem
523 1289 582 1318 pro
615 1278 669 1309 tali
702 1279 895 1309 auctoritate.
927 1279 968 1308 Et
990 1279 1070 1309 ratio
1099 1278 1219 1309 litterae
1250 1279 1371 1319 optime
1402 1280 1497 1310 habet

432 1324 543 1354 locum
566 1323 599 1352 in
622 1322 742 1362 privata
765 1332 900 1362 persona
925 1328 955 1352 et
978 1332 1043 1352 non
1067 1322 1099 1352 in
1123 1323 1263 1362 publica:
1289 1323 1364 1363 quia
1381 1323 1435 1354 illa
1451 1331 1498 1354 est

433 1378 515 1407 pars,
540 1367 616 1397 haec
639 1373 754 1402 totum,
780 1373 815 1396 ut
838 1366 959 1396 dictum
983 1373 1038 1396 est.

488 1411 539 1441 Ad
563 1410 838 1441 confirmationem
861 1410 975 1440 dicitur
998 1410 1086 1450 quod
1110 1410 1265 1450 principes
1290 1418 1363 1441 sunt
1385 1411 1417 1441 in
1441 1412 1497 1442 du—

433 1455 506 1495 plici
531 1454 712 1485 differentia.
744 1454 885 1491 Quidam
915 1454 1001 1484 enim
1024 1460 1098 1484 sunt
1130 1454 1313 1494 simpliciter
1343 1455 1443 1495 capita
1468 1463 1498 1486 et
1522 1472 1524 1479 ·

433 1499 565 1535 domini,
590 1498 726 1539 perfecte
748 1505 890 1538 gerentes
918 1498 1001 1529 vices
1025 1498 1230 1537 reipublicae:
1262 1499 1393 1539 quidam
1421 1510 1496 1530 vero

433 1552 507 1574 sunt
530 1544 706 1574 secundum
730 1542 807 1583 quid
836 1542 938 1582 capita
961 1550 991 1573 et
1015 1542 1148 1579 domini,
1179 1542 1362 1582 imperfecte
1392 1544 1497 1584 reipu-

433 1588 530 1618 blicae
553 1587 636 1617 vices
659 1594 809 1626 gerentes·
834 1586 932 1616 Primi
954 1586 1071 1617 habent
1092 1587 1313 1618 auctoritatem
1336 1587 1498 1619 vindicati-

432 1642 505 1662 vam
528 1632 613 1662 intus
638 1638 668 1661 et
691 1638 789 1661 extra:
816 1630 946 1662 secundi
971 1637 1078 1661 autem
1107 1631 1224 1661 habent
1246 1638 1371 1662 tantum
1395 1642 1497 1672 quan-

433 1684 503 1706 tum
527 1676 571 1706 eis
586 1675 742 1706 tributum
756 1681 812 1705 est.
838 1675 872 1704 In
895 1675 958 1705 hoc
973 1675 1113 1705 secundo
1130 1674 1240 1705 ordine
1264 1682 1338 1706 sunt
1353 1676 1496 1712 comites,

433 1720 632 1750 marchiones
657 1726 687 1749 et
710 1719 815 1754 duces,
840 1718 896 1758 qui
916 1725 990 1748 sunt
1013 1725 1115 1758 partes
1139 1718 1234 1748 unius
1250 1719 1346 1758 regni.
1372 1720 1439 1750 Rex
1457 1720 1497 1750 si-

433 1764 563 1804 quidem
576 1770 622 1794 est
634 1769 729 1802 caput
745 1769 775 1792 et
784 1762 934 1792 dominus
950 1772 1015 1792 non
1029 1762 1135 1792 solum
1149 1762 1246 1802 regni,
1260 1763 1315 1793 sed
1330 1763 1499 1794 cuiuslibet

432 1807 623 1848 reipublicae
647 1806 762 1846 ipsius:
788 1806 861 1836 dicti
885 1812 992 1836 autem
1022 1806 1145 1836 domini
1169 1813 1243 1836 sunt
1266 1807 1368 1847 capita
1391 1815 1421 1838 et
1443 1808 1499 1838 do-

433 1852 512 1882 mini
534 1851 710 1882 secundum
734 1850 821 1890 quid.
847 1850 881 1880 In
901 1850 991 1880 cuius
1014 1850 1152 1889 signum,
1169 1860 1281 1880 omnes
1303 1851 1498 1891 respublicae

434 1897 528 1927 unius
543 1895 631 1935 regni
647 1894 887 1925 communicant
908 1894 942 1924 in
959 1904 1025 1924 uno
1042 1894 1191 1924 tribunali
1213 1894 1315 1934 regio;
1340 1901 1370 1925 et
1386 1905 1498 1926 omnes

433 1940 588 1980 stipendia
611 1939 696 1979 regia
718 1938 857 1969 solvunt.
883 1938 963 1969 Sunt
990 1938 1084 1969 etiam
1107 1939 1140 1968 in
1164 1938 1226 1969 hoc
1249 1939 1363 1969 eodem
1387 1940 1498 1970 ordine

433 1984 680 2015 communitates
710 1993 822 2013 omnes
851 1992 933 2022 quae
956 1983 1092 2013 subsunt
1126 1982 1214 2013 alteri
1241 1990 1395 2024 tanquam
1418 1984 1498 2023 regi:

433 2029 542 2069 quales
564 2028 712 2058 videntur
742 2037 808 2057 esse
833 2036 945 2057 omnes
975 2037 1057 2067 quae
1084 2027 1220 2057 subsunt
1250 2027 1413 2058 Romanae
1437 2028 1496 2058 Ec-

433 2074 555 2104 clesiae.
586 2073 621 2102 In
650 2071 754 2111 primo
785 2078 892 2101 autem
920 2071 1030 2101 ordine
1061 2077 1135 2101 sunt
1165 2071 1378 2102 communiter
1410 2082 1498 2112 reges

433 2128 556 2154 omnes,
572 2123 603 2147 et
625 2116 871 2147 communitates
895 2115 1078 2154 simpliciter
1098 2115 1224 2147 liberae.
1248 2116 1289 2146 Et
1303 2116 1342 2146 de
1357 2116 1406 2146 his
1428 2116 1498 2156 qui-

433 2162 506 2192 dem
530 2160 813 2192 communitatibus
836 2159 968 2199 planum
992 2165 1053 2189 est:
1078 2159 1153 2199 quia
1175 2159 1335 2200 quaelibet
1357 2167 1404 2191 est
1427 2170 1497 2200 per-

432 2206 512 2237 fecta
535 2205 723 2245 respublica.
746 2204 794 2234 De
817 2203 942 2243 regibus
965 2213 1096 2244 quoque
1118 2203 1230 2234 eadem
1253 2204 1374 2234 ratione
1396 2211 1496 2244 patet:

433 2251 508 2291 quia
531 2249 648 2280 scilicet
670 2258 804 2289 regnum
827 2247 999 2287 perfectam
1022 2247 1253 2287 rempublicam
1276 2247 1443 2288 significat,
1467 2255 1498 2279 et

433 2305 486 2325 rex
507 2294 591 2325 vices
607 2293 692 2324 illius
716 2292 853 2332 perfecte
867 2292 960 2331 gerit;
984 2291 1057 2322 licet
1071 2291 1187 2322 alicubi
1201 2298 1317 2323 statuta
1339 2292 1402 2323 sint
1424 2292 1497 2323 talia

434 2346 469 2370 ut
485 2348 573 2378 reges
603 2338 667 2368 fere
683 2337 753 2367 solo
781 2335 912 2366 nomine
935 2335 997 2365 sint
1011 2344 1112 2374 reges;
1138 2336 1192 2366 sed
1207 2346 1267 2366 nos
1291 2336 1330 2366 de
1345 2346 1417 2376 rege
1441 2336 1496 2377 qui

434 2390 480 2414 est
503 2381 686 2422 simpliciter
716 2380 866 2410 dominus
895 2378 1068 2420 loquimur.
1091 2397 1109 2401 —
1133 2380 1179 2410 Ex
1211 2379 1270 2410 hac
1293 2386 1400 2411 autem
1422 2380 1496 2410 assi-

433 2433 528 2467 gnata
550 2424 721 2456 differentia
736 2424 817 2454 inter
839 2423 996 2464 principes
1012 2429 1098 2463 patet
1120 2423 1210 2464 quod
1224 2423 1271 2454 illi
1293 2424 1418 2454 domini
1441 2424 1497 2465 qui

434 2472 476 2502 ob
499 2469 771 2510 imperfectionem
794 2467 928 2499 dominii
957 2467 1074 2498 habent
1097 2467 1302 2508 superiorem,
1333 2478 1400 2498 non
1423 2477 1496 2507 pos-

434 2522 510 2545 sunt
543 2514 680 2546 indicere
710 2513 831 2543 bellum
860 2512 978 2551 absque
1015 2511 1064 2541 sui
1095 2511 1266 2551 superioris
1299 2511 1494 2543 auctoritate.

434 2560 585 2590 Facerent
601 2557 757 2598 siquidem
781 2556 808 2586 ei
832 2555 990 2591 iniuriam,
1007 2561 1194 2594 usurpantes
1218 2555 1276 2586 sibi
1293 2555 1495 2595 superiorum

433 2603 664 2638 auctoritatem,
681 2611 754 2641 prae
770 2611 802 2630 se
817 2600 951 2630 ferentes
967 2599 1069 2639 capita
1092 2599 1276 2639 simpliciter
1299 2607 1329 2631 et
1344 2600 1494 2630 dominos

433 2647 617 2698 simpliciter
639 2645 844 2685 reipublicae,
870 2653 943 2674 cum
973 2653 1039 2674 non
1062 2643 1212 2674 sint.111i
1236 2651 1342 2674 autem
1372 2644 1495 2675 domini

433 2692 488 2732 qui
512 2691 647 2731 perfecte
671 2689 771 2729 capita
795 2695 825 2719 et
848 2687 970 2718 domini
994 2694 1078 2723 sunt,
1101 2687 1173 2718 licet
1195 2687 1330 2718 habeant
1352 2688 1494 2728 superio-

433 2746 510 2772 rem,
525 2742 602 2786 puta
625 2735 862 2774 Imperatorem
879 2731 1000 2762 nullam
1025 2731 1143 2762 faciunt
1165 2731 1193 2761 ei
1209 2731 1357 2762 iniuriam
1373 2732 1494 2762 bellum

433 2779 560 2830 propria
583 2778 766 2809 auctoritate
781 2776 959 2811 indicendo,
983 2775 1058 2816 quia
1080 2782 1214 2807 utuntur
1235 2775 1302 2806 iure
1321 2784 1395 2806 suo:
1420 2782 1494 2807 sunt

434 2824 519 2854 enim
541 2824 599 2853 sub
624 2832 662 2853 eo
686 2822 766 2852 sicut
789 2830 853 2851 una
876 2820 1013 2860 perfecta
1037 2829 1130 2850 causa
1153 2819 1335 2850 universalis
1358 2820 1418 2850 sub
1433 2819 1493 2850 alia

433 2866 666 2902 universaliori‚
692 2873 722 2897 et
745 2875 810 2895 non
833 2865 914 2894 sicut
943 2863 1125 2904 imperfecta
1154 2864 1213 2894 sub
1236 2863 1388 2904 perfecta,
1412 2863 1493 2894 sicut

433 2912 479 2942 illi
502 2912 539 2942 de
563 2911 703 2941 secundo
726 2909 851 2945 ordine;
875 2908 924 2938 vel
947 2908 1055 2948 potius
1077 2915 1151 2938 sunt
1173 2908 1232 2938 sub
1253 2918 1291 2938 eo
1315 2908 1491 2938 secundum

1128 192 1393 238 QUAESTIO
1423 194 1832 242 XL‚ART1CULUS
1863 195 1894 230 ΙΙ

1552 270 1638 310 quid,
1663 277 1693 300 et
1716 280 1782 300 non
1806 270 1997 310 simpliciter.
2012 287 2034 294 -·
2050 272 2091 302 Et
2113 272 2176 302 hoc
2197 273 2320 305 videtur
2342 274 2445 306 verius
2469 285 2505 306 ex
2521 285 2611 315 prae—

1551 314 1665 353 scripta
1689 314 1928 344 consuetudine.
1953 314 2063 345 Unitas
2087 315 2172 345 enim
2188 316 2387 356 Imperatoris
2410 325 2440 349 et
2453 318 2537 349 illius
2554 320 2610 349 do-

1552 357 1699 392 minium,
1717 357 1754 387 de
1778 357 1845 387 iure
1861 357 1998 398 positivo
2016 368 2090 388 cum
2113 359 2165 389 sit:
2181 377 2201 381 -
2217 360 2291 400 quia
2314 371 2371 392 nec
2390 362 2540 393 naturalis
2563 373 2610 393 ra-

1551 401 1595 431 tio
1620 411 1677 431 nec
1700 401 1867 431 auctoritas
1897 411 2000 432 sacrae
2031 401 2207 441 Scripturae
2231 404 2315 444 cogit
2343 415 2455 436 omnes
2485 413 2611 447 quartas

1551 451 1658 480 terrae,
1683 454 1740 475 nec
1764 455 1876 475 omnes
1899 445 2043 476 nationes
2074 445 2169 476 unius
2193 453 2331 487 quartae,
2360 449 2399 478 ad
2423 449 2611 480 electionem

1552 488 1645 518 unius
1665 488 1815 528 principis
1831 489 2023 529 temporalis,
2040 496 2076 520 ut
2098 496 2198 529 patet:
2223 497 2254 521 et
2267 498 2390 522 constat
2404 502 2442 522 ex
2458 493 2611 524 electione

1551 533 1688 572 pendere
1711 533 1892 564 naturaliter
1914 533 2126 573 principatum
2152 535 2361 586 temporalem
2384 536 2526 573 alicuius,
2549 537 2612 572 nisi

1550 576 1589 606 sit
1612 576 1806 616 tyrannicus:
1825 594 1844 599 -
1861 587 1945 614 cum,
1966 577 2109 618 inquam,
2126 578 2165 607 de
2187 577 2255 608 iure
2277 579 2415 619 positivo
2439 580 2487 617 sit,
2506 587 2611 630 potest

1551 630 1606 660 per
1629 620 1893 651 consuetudinem
1921 621 2063 661 abrogari
2087 628 2117 651 et
2139 621 2217 652 tolli.
2250 620 2382 662 Propter
2408 624 2496 664 quod
2525 624 2610 664 prin-

1551 663 1634 714 cipes
1650 670 1680 694 et
1696 664 1940 696 communitates
1963 675 2044 706 quae
2060 672 2292 696 consueverunt
2312 667 2541 698 consuetudine
2555 678 2610 698 an-

1550 707 1726 748 tiquissima
1749 708 1795 739 uti
1819 709 2002 739 auctoritate
2018 708 2174 739 indictiva
2197 708 2280 745 belli,
2305 717 2439 749 possunt
2452 710 2535 742 licite
2557 711 2611 742 illa

1551 752 1613 782 uti:
1638 752 1664 781 si
1687 759 1792 782 tamen
1816 753 1900 783 bona
1922 752 1984 783 fide
2006 753 2039 783 in
2059 752 2187 793 pacifica
2209 753 2409 793 possessione
2436 754 2565 786 fuerunt
2580 762 2611 786 et

1551 802 1634 826 sunt.
1655 796 1754 833 Quod
1776 796 1847 827 dico
1864 803 1994 836 propter
2016 804 2204 847 usurpantes
2228 796 2286 826 sibi
2309 797 2371 828 hoc
2394 807 2432 828 ex
2453 798 2610 838 magnitu-

1551 840 1623 869 dine
1646 839 1816 879 potentiae,
1842 848 1873 872 et
1895 841 2024 871 rebelles
2047 841 2112 871 suis
2136 840 2283 876 dominis,
2301 839 2384 882 [qui]
2408 851 2474 872 non
2497 849 2610 883 potue—

1523 881 1524 891 *
1549 890 1623 914 runt
1647 893 1705 914 nec
1729 891 1864 924 possunt
1888 885 2034 916 coerceri.

1606 927 1658 959 IV.
1683 928 1734 958 Ad
1764 928 1901 959 rationes
1931 935 2038 959 autem
2064 938 2123 968 pro
2155 928 2305 958 omnibus
2329 928 2540 968 principibus,
2566 929 2612 959 di-

1550 971 1639 1002 citur.
1664 972 1705 1002 Et
1728 972 1767 1002 ad
1790 971 1936 1012 primam,
1956 973 2045 1013 quod
2067 982 2178 1003 verum
2203 978 2250 1002 est
2265 972 2353 1013 quod
2375 971 2477 1003 littera
2500 972 2612 1013 accipit

1550 1015 1726 1056 principem
1757 1023 1793 1046 ut
1819 1026 1990 1056 personam
2019 1016 2195 1056 publicam,
2220 1016 2263 1046 sic
2294 1015 2379 1046 enim
2409 1016 2613 1056 distinguitur

1550 1066 1659 1090 contra
1681 1060 1849 1100 privatam:
1874 1061 1929 1090 sed
1952 1070 2017 1091 non
2041 1060 2153 1100 accipit
2175 1070 2344 1101 personam
2367 1060 2530 1100 publicam
2552 1060 2612 1093 im-

1548 1103 1694 1143 perfecte,
1719 1104 1775 1134 sed
1797 1103 1944 1144 perfecte.
1974 1104 2015 1134 Et
2036 1104 2109 1134 ideo
2133 1114 2198 1135 non
2222 1103 2398 1135 extenditur
2427 1104 2528 1135 littera
2550 1105 2612 1136 nisi

1549 1147 1588 1176 ad
1611 1147 1768 1187 principes
1791 1146 1936 1187 perfecte.

1603 1190 1654 1220 Ad
1684 1190 1856 1220 secundam
1886 1200 1960 1221 vero
1991 1190 2104 1221 dicitur
2134 1191 2223 1232 quod
2249 1197 2359 1222 contra
2386 1190 2550 1222 interiores
2580 1199 2612 1223 et

1550 1233 1717 1264 exteriores
1740 1240 1861 1274 spectat
1882 1234 1923 1264 ad
1945 1234 2075 1264 eosdem
2098 1244 2135 1264 ex
2158 1241 2270 1265 natura
2292 1234 2397 1266 officii.
2420 1236 2471 1266 Ad
2488 1235 2611 1266 multos

1548 1284 1654 1308 tamen
1677 1285 1797 1318 spectat
1819 1287 1856 1308 ex
1883 1277 2108 1308 commissione
2134 1278 2182 1308 uti
2204 1278 2309 1317 gladio
2340 1285 2449 1310 contra
2469 1279 2612 1311 internos

1549 1322 1665 1362 quibus
1689 1332 1755 1352 non
1786 1321 1970 1352 conceditur
1998 1321 2136 1352 indicere
2164 1322 2285 1352 bellum
2313 1329 2423 1353 contra
2452 1329 2611 1361 externos:

1549 1372 1585 1396 ut
1607 1372 1693 1406 patet
1714 1366 1747 1396 in
1771 1365 1961 1403 rectoribus,
1986 1365 2162 1396 civitatibus
2192 1372 2223 1396 et
2253 1365 2361 1396 multis
2389 1366 2528 1397 dominis
2555 1367 2611 1408 qui

1548 1410 1581 1439 in
1605 1409 1751 1440 dominio
1775 1420 1834 1440 suo
1851 1409 1991 1440 iudicant
2013 1410 2045 1439 in
2061 1419 2154 1440 causa
2178 1409 2348 1449 sanguinis.
2373 1410 2509 1441 Facilius
2525 1411 2611 1442 enim

1549 1454 1733 1484 conceditur
1748 1453 1810 1484 hoc
1833 1464 1850 1484 a
1866 1453 2002 1494 perfecte
2018 1453 2212 1494 principibus
2229 1462 2327 1495 quam
2350 1454 2519 1486 auctoritas
2536 1464 2612 1485 con-

1548 1505 1595 1528 tra
1618 1505 1773 1528 externos.
1797 1498 1914 1528 Littera
1938 1507 2012 1537 ergo
2042 1498 2187 1538 loquitur
2210 1498 2248 1528 de
2271 1497 2320 1528 his
2343 1497 2400 1538 qui
2422 1507 2460 1528 ex
2482 1499 2612 1539 propria

1548 1542 1610 1572 hoc
1633 1549 1770 1581 possunt
1793 1542 1991 1573 auctoritate:
2021 1542 2131 1582 quales
2154 1552 2221 1572 non
2245 1549 2319 1572 sunt
2341 1551 2453 1572 omnes
2476 1542 2619 1583 domini.

1549 1586 1604 1616 sed
1627 1593 1752 1617 tantum
1775 1585 1910 1626 perfecte
1933 1585 2065 1616 domini.

1605 1630 1643 1660 V.
1668 1630 1703 1660 In
1727 1631 1842 1660 eodem
1865 1629 2007 1666 articulo,
2032 1629 2111 1659 circa
2133 1629 2286 1660 iustitiam
2310 1639 2422 1660 causae
2445 1630 2528 1667 belli,
2554 1631 2610 1661 ad-

1549 1680 1634 1704 verte
1650 1674 1749 1714 quod,
1766 1674 1842 1714 quia
1857 1673 1951 1704 amici
1973 1683 2010 1704 ac
2024 1673 2111 1703 socii·
2122 1683 2225 1704 unum
2248 1679 2424 1709 censentur,
2439 1673 2512 1705 ideo
2527 1674 2611 1707 iusta

1550 1727 1643 1748 causa
1665 1718 1823 1748 indicendi
1846 1718 1964 1748 bellum
1990 1723 2037 1748 est
2051 1726 2110 1757 pto
2134 1717 2254 1748 ultione
2270 1717 2443 1749 sociorum.
2466 1718 2532 1749 Nec
2553 1718 2611 1751 ιη’»

1549 1771 1609 1792 nus
1632 1768 1738 1801 potest
1759 1761 1864 1792 socios
1894 1768 1924 1792 et
1946 1767 2109 1792 extraneos
2133 1761 2173 1792 ad
2192 1761 2313 1792 bellum
2335 1762 2510 1801 gerendum
2525 1762 2610 1802 prin-

1549 1815 1623 1846 ceps
1646 1806 1776 1836 invitare
1805 1815 1903 1846 quam
1926 1806 1966 1835 ad
1989 1805 2193 1835 exercendam
2221 1805 2374 1836 iustitiam
2402 1806 2489 1836 intus
2517 1805 2612 1837 mini-

1550 1856 1630 1880 stros
1653 1857 1817 1880 extraneos
1840 1849 2028 1880 conducere.
2563 1883 2567 1885 μ

1606 1894 1642 1924 Ιιι
1666 1894 1780 1924 eodem
1802 1893 1945 1929 articulo,
1967 1892 2047 1923 circa
2070 1892 2291 1923 rectitudinem
2313 1892 2510 1931 intentionis,
2530 1892 2611 1925 scito

1550 1938 1649 1978 quod,
1673 1937 1950 1978 quemadmodum
1973 1935 2132 1967 carnifices
2154 1936 2314 1973 iudicum,
2340 1936 2365 1967 si
2389 1946 2426 1967 ex
2454 1936 2531 1968 odio
2560 1937 2612 1973 vel

1549 1981 1670 2013 feritate
1693 1981 1843 2013 occidunt
1866 1982 2034 2012 damnatos
2056 1980 2147 2015 iuste,
2167 1987 2300 2020 peccant
2321 1980 2453 2021 quidem
2470 1981 2612 2013 moruli-

1549 2033 1604 2062 ter,
1622 2026 1677 2056 sed
1700 2036 1766 2057 non
1781 2032 1929 2056 tenentur
1951 2025 1991 2055 ad
2007 2024 2240 2055 restitutionem
2254 2024 2346 2055 laesis
2369 2033 2406 2055 ex
2421 2031 2610 2062 marterum

1548 2070 1686 2101 vestium
1709 2070 1905 2106 occisorum;
1935 2069 1979 2100 ita
2002 2068 2117 2099 milites
2140 2069 2262 2100 bellum
2290 2069 2409 2100 iustum
2433 2075 2613 2101 exercentes

1550 2121 1580 2146 et
1603 2124 1751 2145 concessa
1780 2113 1970 2149 auferentes,
2001 2112 2146 2154 quamvis
2176 2113 2315 2152 pessimo
2346 2112 2454 2143 animo
2483 2112 2610 2150 faciant,

1549 2165 1689 2199 peccant,
1713 2158 1769 2188 sed
1792 2168 1857 2188 non
1880 2164 2027 2188 tenentur
2048 2156 2219 2187 restituere.

1605 2203 1640 2234 In
1663 2202 1871 2242 responsione
1899 2201 1940 2232 ad
1962 2200 2120 2241 primum,
2144 2200 2222 2231 scito
2253 2200 2343 2240 quod
2370 2199 2435 2230 iam
2465 2201 2609 2233 solutum

1550 2254 1596 2277 est
1619 2246 1754 2277 dubium
1773 2246 1862 2286 quod
1884 2245 1970 2285 apud
1993 2244 2113 2275 multos
2131 2244 2256 2275 videtur
2270 2253 2347 2280 esse,
2367 2245 2536 2285 quomodo
2550 2254 2612 2278 ru-

1548 2290 1676 2330 publica
1697 2299 1764 2320 non
1787 2289 1900 2329 accipit
1915 2288 2058 2329 gladium
2080 2288 2210 2328 quando
2231 2288 2352 2319 bellum
2367 2287 2485 2319 indicit.
2510 2289 2578 2323 lam
2590 2288 2613 2324 ’ἢ

1549 2335 1635 2365 enirn
1662 2341 1875 2364 monstratum
1906 2339 1952 2363 est
1974 2333 2062 2373 quod
2087 2341 2235 2362 concessa
2265 2338 2311 2362 est
2333 2331 2361 2362 ei
2384 2342 2402 2362 a
2424 2332 2492 2365 iure
2521 2339 2612 2367 nana-

1547 2378 1620 2410 ralis
1642 2378 1773 2409 rationis
1795 2377 1964 2408 auctoritas
1981 2375 2170 2406 vindicativa
2192 2377 2327 2406 suorum
2348 2382 2415 2407 tam
2432 2373 2609 2408 contraiu-

1547 2430 1674 2454 traneos
1697 2432 1795 2462 quam
1819 2428 1982 2452 extraneos
2005 2420 2249 2460 perturbatores.
2282 2450 2285 2453 „
2586 2440 2601 2454 ,

1604 2466 1639 2496 Ιιι
1662 2465 1870 2516 responsione
1886 2465 1926 2495 ad
1949 2470 2108 2505 quartum,
2125 2463 2205 2494 scito
2228 2463 2318 2504 quod
2332 2463 2476 2495 exercitia
2499 2451 2611 2496 bellica

1547 2509 1725 2550 periculosa
1747 2509 1780 2540 in
1802 2509 1865 2539 hoc
1881 2508 2102 2539 discernuntur
2125 2518 2142 2537 a
2165 2517 2231 2538 non
2247 2507 2441 2558 periculosis,
2463 2508 2556 2549 quod
2574 2508 2610 2540 in

1547 2554 1607 2584 illis
1632 2561 1667 2584 ut
1689 2554 1721 2584 in
1745 2553 1891 2593 pluribus
1922 2552 2079 2583 laesiones
2110 2551 2264 2582 notabiles
2293 2551 2455 2588 eveniunt;
2485 2552 2520 2583 in
2538 2552 2610 2587 istie,

1547 2606 1654 2629 autem
1678 2597 1734 2638 >vel
1763 2607 1833 2628 raro
1867 2597 1917 2627 vel
1947 2606 2123 2636 nunquam.
2153 2595 2287 2627 Moralia
2314 2596 2400 2627 enim
2431 2596 2610 2628 iudicantur

1547 2643 1725 2673 secundum
1740 2641 1772 2672 id
1787 2642 1876 2682 quod
1891 2641 1924 2672 in
1948 2640 2092 2680 pluribus
2107 2639 2275 2671 invenitur.
2298 2640 2467 2680 Propterea
2482 2647 2612 2680 oportet

1546 2686 1716 2726 prudenter
1738 2685 1888 2721 arbitrari,
1906 2685 2132 2724 circumspecta
2151 2690 2263 2714 natura
2287 2683 2432 2720 exercitii,
2449 2694 2531 2725 quae
2547 2684 2610 2717 sint

1545 2730 1651 2761 illicita
1674 2729 1818 2760 exercitia
1841 2729 1873 2759 in
1897 2728 2087 2768 particulari.
2119 2727 2330 2758 Gladiatoriae
2353 2727 2439 2759 enim
2465 2728 2609 2761 exercitia

1545 2774 1618 2805 artis
1630 2774 1743 2814 procul
1755 2773 1855 2803 dubio
1867 2772 1951 2803 licita
1967 2779 2050 2809 sunt,
2064 2781 2138 2803 cum
2151 2780 2240 2802 enses
2251 2771 2311 2811 ipsi
2328 2771 2447 2811 absque
2462 2771 2608 2803 acumine

1545 2818 1617 2848 sint.
1642 2818 1683 2848 Et
1705 2817 1848 2848 similiter
1870 2816 2039 2847 hastiludia
2062 2816 2116 2846 illa
2134 2824 2217 2856 quae
2238 2824 2314 2846 cum
2337 2815 2452 2846 lanceis
2472 2825 2609 2855 propor-

1543 2862 1701 2892 tionaliter
1723 2861 1883 2901 dispositis
1907 2867 1942 2891 ut
1964 2861 2004 2891 de
2019 2860 2146 2891 ensibus
2170 2859 2307 2890 diximus
2322 2858 2412 2896 fiunt,
2430 2860 2541 2890 eadem
2563 2869 2610 2891 ra—

1544 2906 1639 2938 tione.

1208 3040 1526 3082 ARTICULUS
1557 3021 1855 3083 SECUNDUS

906 3125 1060 3155 UTRUM
1084 3124 1278 3156 CLERICIS
1313 3125 1368 3155 ET
1391 3124 1604 3156 EPISCOPIS
1638 3124 1705 3155 SIT
1729 3115 1909 3154 LIClTUM
1932 3121 2135 3153 PUGNARE

580 3282 611 3317 '12
634 3307 641 3313 .

558 3315 620 3353 r
650 3309 751 3346 enim
770 3308 956 3345 intantum
990 3317 1077 3345 sunt
1099 3309 1197 3346 licita
1217 3317 1253 3346 et
1271 3309 1380 3356 iusta
1400 3308 1495 3345 sicut
1546 3314 1677 3356 raptor
1701 3308 1838 3356 fideles
1873 3319 2040 3357 quosque
2074 3313 2186 3356 atque
2220 3307 2378 3344 humiles
2417 3306 2604 3355 opprimit.

513 3356 565 3374 Ἣ
576 3395 579 3397 .
609 3355 791 3399 &dictum
821 3369 876 3398 est
893 3361 932 3408 ³⁸,
962 3361 1186 3410 inquantum
1224 3369 1375 3399 tuentur
1401 3373 1494 3410 pau·
1547 3361 1621 3397 Sed
1646 3362 1677 3397 is
1696 3361 1762 3410 qui
1780 3366 1914 3409 pastor
1939 3361 2136 3398 videbatur
2154 3371 2232 3396 esse
2263 3365 2300 3396 et
2325 3371 2398 3396 non
2426 3364 2519 3404 erat,
2547 3369 2605 3394 re-

437 3426 547 3463 peres
567 3421 603 3451 et
627 3421 746 3452 totam
775 3414 1050 3463 rempublicam
1079 3415 1126 3451 ab
1147 3414 1314 3452 hostium
1338 3413 1492 3451 iniuriis.

1546 3413 1679 3461 linquit
1706 3425 1792 3451 oves
1828 3419 1863 3450 et
1890 3413 2021 3464 fugit:
2049 3413 2137 3462 quia
2174 3413 2264 3449 dum
2290 3412 2363 3449 sibi
2395 3413 2444 3448 ab
2471 3423 2515 3448 eo
2536 3421 2603 3459 pe-

439 3467 515 3504 Sed
535 3467 609 3503 hoc
636 3467 800 3514 maxime
819 3467 971 3504 videtur
998 3467 1046 3504 ad
1074 3468 1263 3515 praelatos
1289 3466 1492 3516 pertinere:
1519 3464 1522 3504 Ι
1548 3465 1708 3503 riculum
1728 3466 1866 3512 metuit,
1888 3467 2057 3504 resistere
2076 3466 2154 3503 eius
2173 3465 2372 3502 iniustitiae
2393 3476 2468 3502 non
2489 3475 2603 3512 prae-

2636 2295 2646 2304 ·
2659 2293 2730 2316 Num.
2745 2299 2770 2316 ιι.

501 3221 626 3304 {J
647 3216 670 3240 D
685 3191 873 3240 SECUNDUM
894 3215 946 3240 sm
961 3215 1199 3241 PROCEDITUR.
1210 3202 1370 3240 Videtur
1388 3202 1494 3250 quod
1546 3202 1635 3239 dicit
1655 3194 1757 3239 enim
1778 3201 1997 3250 Gregorius,
2019 3201 2057 3239 in
2085 3201 2253 3250 quadam
2282 3200 2439 3238 homilia
2465 3200 2505 3238 *ε
2530 3201 2642 3239 Lu-·
2656 3209 2745 3233 Romil-
2754 3209 2810 3232 >av
2819 3215 2845 3231 v·

650 3256 791 3293 clericis
806 3263 842 3292 et
861 3268 1048 3304 episcop1s
1063 3256 1172 3293 liceat
1190 3268 1372 3305 pugnare.
1388 3256 1494 3292 Bella
1541 3267 1614 3303 pus
1649 3267 1763 3304 super
1799 3267 1886 3292 oves
1921 3255 2041 3300 venit,
2075 3266 2161 3291 cum
2197 3253 2350 3303 quilibet
2381 3254 2537 3291 iniustus
2571 3258 2609 3290 et
2631 3234 2724 3266 Em‘
