2892 4056
59 1615 220 1645 ’Διῃνι

0 1688 3 1699 ι
49 1663 56 1709 ἱ
78 1665 82 1675 .-
110 1665 206 1701 ;,ἦῇ0
220 1679 242 1699 2⁶-
259 1682 265 1688 ”

109 1817 156 1834 ,ουν
171 1812 239 1835 ,ουκ
258 1813 264 1821 “

73 1906 113 1922 nm
127 1900 253 1947 Qvi*
292 1925 415 1966 auferre
435 1937 457 1959 a
478 1937 554 1966 cura
579 1935 764 1969 parentium
789 1937 820 1960 et
842 1937 917 1961 tunc
945 1937 1094 1970 poterunt
1120 1931 1280 1971 baptizari.
1311 1932 1352 1963 Et

58 2170 90 2185 ,οι
110 2169 151 2199 ‘¹3¹
167 2170 190 2191 :g
205 2164 239 2184 m.
259 2166 264 2171 ⁴

52 2584 67 2596 ⁴
80 2582 119 2606 Cf.
132 2576 263 2606 emeat.

54 2609 131 2664 ξφ.
140 2612 263 2637 umam.

1011 197 1276 243 QUAESTlO
1307 198 1356 244 X,
1385 198 1679 235 ARTICULUS
1709 199 1776 234 Xll

311 274 465 320 habeat,
495 273 653 310 naturali
689 274 820 312 ordine
855 275 1049 312 ordinatur
1076 275 1113 312 in
1146 277 1270 312 Deum
1298 287 1366 324 per
1421 275 1550 312 candi:
1579 276 1683 312 unde
1710 277 1747 313 in
1767 275 1980 312 Ezechiel*
1998 275 2265 324 praemittitur:
2300 277 2472 323 Specula-
2501 282 2708 310 ‘Cap-umen.

310 326 494 363 rationem
531 334 756 375 parentum,
796 339 960 376 quorum
1000 340 1111 364 curae
1149 328 1365 365 naturaiiter

309 378 496 424 subiacet;
528 386 563 415 et
581 380 792 416 secundum
814 392 945 417 eorum
974 380 1259 429 dispositionem
1279 389 1364 418 sunt

310 430 408 468 circa
435 432 560 480 ipsum
591 432 718 469 divina
747 433 904 480 agenda.

360 485 418 521 Ao
451 495 612 527 QumTUM
649 497 832 522 DICENDUM
868 485 973 535 quod
1008 485 1219 534 periculum
1257 486 1362 534 quod

307 536 474 585 sequitur
507 537 553 573 de
582 538 862 586 praedicatione
899 537 1040 574 omissa
1084 550 1161 574 non
1190 538 1362 575 imminet

306 588 375 626 nisi
405 588 457 625 eis
485 590 623 637 quibus
652 591 900 627 commissum
930 597 986 626 est
1013 590 1181 626 officium
1215 591 1360 638 praedi-

2422 202 2469 247 95

1418 380 1626 417 infidelium
1657 380 1704 417 de
1733 381 1976 418 sacramentis
2005 380 2132 417 salutis
2159 380 2320 430 pertinet
2338 381 2386 417 ad
2406 393 2472 429 pa-

1417 440 1539 470 rentes
1568 444 1714 470 eorum.
1754 434 1864 470 Unde
1894 433 1946 470 eis
1974 433 2146 470 imminet
2179 433 2390 482 periculum
2419 433 2469 480 si,

1417 493 1571 534 propter
1610 486 1904 523 subtractionem
1943 493 2266 523 sacramentorum
2285 515 2294 532 ‚
2337 497 2469 522 eorum

1415 538 1562 586 parvuli
1592 538 1859 575 detrimentum
1890 539 2017 575 salutis
2046 538 2245 587 patiantur.

965 676 1298 709 commentaria
1320 677 1571 710 Gar-<linaiis
1592 677 1792 710 Caietani

302 753 356 816 lu
371 743 502 775 articulo
518 745 709 777 duodecimo
725 746 866 777 eiusdem
886 746 1079 786 quaestionis
1095 747 1228 777 dubium
1244 747 1360 787 duplex

336 788 471 819 occurrit
494 789 532 819 de
556 789 775 821 conclusione:
799 788 940 829 primum
960 799 997 820 ex
1012 790 1119 826 Scoto,
1137 791 1175 821 de
1191 791 1297 831 pueris
1313 791 1359 821 in—

303 829 444 862 fidelium
462 832 687 870 universaliter3
707 833 882 864 secundum
902 843 938 863 ex
954 833 1118 870 Durando,
1138 835 1176 864 de
1192 835 1297 874 pueris
1313 835 1359 865 in-

303 873 446 906 fidelium
468 876 660 917 aliquorum,
684 877 800 908 scilicet
823 877 1013 907 Iudaeorum
1033 884 1063 908 et
1087 887 1262 909 servorum.
1285 878 1359 909 Sco-

304 925 354 948 tus
367 919 534 960 siquidem,
545 920 579 950 in
594 920 726 957 Quarto,
740 921 810 951 dist.
821 931 862 956 1v,
873 931 927 961 qu.
939 921 1007 957 ult.,
1020 927 1104 951 tenet
1115 922 1204 962 quod
1215 921 1359 962 princeps

303 962 382 995 bene
398 963 512 994 faceret
525 963 551 994 si
568 973 685 1004 pueros
707 963 884 995 infidelium
899 964 1004 997 invitis
1026 965 1208 1004 parentibus
1223 965 1359 1005 baptiza-

303 1013 359 1042 ret,
375 1006 513 1039 adhibita
535 1007 655 1038 cautela
673 1017 713 1038 ne
735 1015 941 1048 sequerentur
955 1008 1135 1048 homicidia,
1153 1015 1183 1039 et
1197 1009 1286 1049 quod
1300 1019 1359 1039 nu-

303 1049 448 1081 trirentur
470 1050 624 1090 religiose.
649 1051 689 1082 Et
711 1052 792 1082 ratio
814 1062 872 1083 sua
895 1059 941 1083 est
963 1059 1060 1093 quam
1075 1054 1197 1084 Auctor
1211 1053 1310 1092 tangit
1324 1052 1358 1083 in

301 1101 415 1135 ,quarto
439 1101 643 1134 argumento,
665 1095 740 1136 quia
767 1096 884 1127 scilicet
910 1096 997 1127 Deus
1025 1097 1119 1128 habet
1144 1097 1193 1127 ius
1225 1096 1357 1127 dominii

301 1145 396 1177 supra
418 1147 556 1177 puerum
579 1138 678 1178 magis
697 1149 795 1180 quam
811 1147 965 1180 parentes.
989 1141 1074 1180 Ergo
1089 1141 1253 1172 vinculum
1267 1147 1356 1181 pote-

246 1186 249 1194 ·
300 1180 387 1212 atatis
409 1188 556 1222 paternae
578 1192 646 1213 non
668 1183 786 1224 obligat
808 1184 840 1214 in
863 1184 912 1215 his
935 1194 1018 1225 quae
1040 1191 1114 1216 sunt
1137 1191 1246 1216 contra
1268 1194 1355 1224 prae-

300 1224 517 1266 ceptumDei.
536 1226 609 1256 Non
626 1236 700 1267 ergo
716 1235 846 1268 propter
861 1228 977 1259 invitos
991 1236 1134 1268 parentes
1150 1228 1356 1269 prohibentur

295 1268 390 1310 pueri
411 1267 522 1312 &2¹12
535 1269 606 1300 Dei.

250 1325 274 1328 ψ
286 1308 620 1345 “ffconfirmatur.
646 1314 731 1352 Quia
745 1315 890 1355 princeps
907 1316 998 1347 debet
1013 1326 1124 1356 cogere
1139 1325 1267 1346 servum
1281 1316 1355 1356 plu-

297 1354 382 1395 rium
405 1356 686 1388 subordinatorum
708 1358 914 1390 dominorum
937 1360 977 1390 ad
996 1360 1159 1391 servitium
1174 1360 1354 1400 superioris,

297 1398 324 1441 qi
343 1399 477 1439 ,inferior
499 1401 651 1433 dominus
672 1402 741 1433 vult
769 1413 808 1433 eo
832 1403 878 1440 uti
901 1411 1010 1434 contra
1033 1404 1239 1444 superiorem.
1269 1404 1354 1444 Ergo

297 1444 435 1483 maxime
457 1444 550 1476 debet
578 1445 725 1487 princeps
753 1447 853 1477 zelare
875 1456 935 1486 pro
959 1447 1103 1477 dominio
1127 1448 1279 1478 servando
1303 1457 1355 1478 su-

297 1488 399 1528 premi
421 1488 698 1528 Dominusqilicet
719 1489 789 1520 Dei.
812 1490 854 1520 Et
875 1500 931 1530 per
954 1500 1150 1531 consequens
1167 1501 1231 1521 non
1247 1491 1354 1522 solum

295 1530 379 1573 licet,
394 1531 450 1562 sed
473 1532 565 1563 debet
585 1532 731 1573 princeps
749 1533 870 1565 auferre
885 1534 1036 1573 parvulos
1051 1544 1070 1564 a
1085 1534 1229 1566 dominio
1244 1543 1353 1575 paren-

322 1613 337 1616 Γ
355 1614 359 1615 ⁷
389 1574 566 1607 volentium
588 1585 644 1606 eos
667 1577 800 1608 educare
824 1584 932 1608 contra
955 1578 1077 1609 cultum
1099 1578 1169 1609 Dei.

294 1639 337 1661 Μ,
351 1618 389 1659 Il.
409 1618 583 1658 Durandns
605 1629 692 1657 vero,
708 1620 741 1650 in
764 1621 806 1651 1v
822 1621 919 1658 Sent„
937 1622 1007 1652 dist.
1023 1633 1064 1659 rv,
1084 1633 1138 1663 qu.
1154 1633 1198 1658 111,
1216 1630 1272 1653 art.
1294 1633 1303 1652 1
1325 1621 1351 1658 *,

293 1663 492 1704 guetzquod,
509 1663 581 1695 licet
598 1673 666 1695 non
685 1665 842 1702 omnium,
857 1672 964 1697 tamen
978 1676 1091 1697 eorum
1106 1665 1282 1697 infidelium
1298 1666 1353 1707 qui

285 1713 371 1750 ,m
383 1707 473 1744 sewi,
491 1707 565 1747 licet
577 1707 661 1745 filios
679 1708 784 1740 invitis
799 1710 981 1749 parentibus
997 1710 1164 1751 baptizare,
1181 1710 1353 1741 auferendo

293 1759 349 1792 effi
364 1759 570 1791 *parentum
593 1761 677 1783 cura.
700 1753 742 1783 Et
763 1753 843 1784 ratio
866 1764 923 1784 sua
946 1761 992 1786 est
1014 1755 1066 1785 illa
1085 1765 1183 1795 quam
1204 1755 1238 1795 in
1261 1754 1352 1785 tertio

292 1801 480 1835 argumento
509 1798 631 1827 Auctor
658 1795 691 1826 in
713 1796 816 1828 littera
844 1797 936 1829 facit:
967 1798 1083 1829 scilicet
1111 1799 1186 1839 quia
1215 1799 1253 1829 de
1281 1797 1353 1828 filiis

292 1846 459 1879 servorum
479 1846 590 1880 potest
614 1839 766 1872 dominus
794 1841 894 1872 facere
922 1842 1010 1883 quod
1032 1843 1116 1879 vult3
1139 1853 1261 1882 acper
1290 1843 1352 1873 hoc

292 1889 398 1923 potest
419 1892 476 1923 eos
497 1884 631 1915 vendere
654 1890 685 1914 et
707 1885 825 1916 donare
844 1895 944 1926 prope
967 1893 998 1917 et
1018 1887 1132 1926 longe;
1157 1897 1193 1917 ac
1207 1898 1264 1927 per
1278 1887 1350 1924 hoc,

292 1970 453 2012 Quoniam
470 1971 577 2003 Iudaei
597 1980 673 2005 sunt
687 1974 828 2004 servituti
843 1974 968 2010 addicti,
993 1981 1028 2005 ut
1045 1975 1079 2005 in
1099 1981 1155 2005 art.
1177 1985 1215 2005 10
1230 1978 1351 2007 Auctor

292 2013 422 2055 (li-xib&
434 2014 557 2055 Extra,
564 2017 615 2047 De
629 2017 771 2056 Iudaeis,
785 2028 851 2058 cap.
866 2018 910 2048 Et
923 2020 952 2050 si
966 2018 1115 2056 Iudaeos,
1131 2019 1260 2056 dicitur;
1276 2020 1349 2050 ideo

292 2052 334 2105 de.
353 2057 426 2089 filiis
449 2059 641 2092 Iudaeorum
669 2061 811 2102 sequitur
833 2063 921 2102 quod
944 2069 1019 2093 sunt
1041 2063 1146 2093 invitis
1167 2064 1350 2103 parentibus

291 2102 330 2142 ab
353 2102 398 2133 eis
419 2103 582 2135 auferendi
605 2112 636 2136 et
658 2105 846 2145 baptizandi.

296 2145 398 2185 Nm.
412 2147 458 2186 ¹In
480 2147 539 2178 hac
561 2149 692 2180 materia
714 2149 893 2190 diligentius
917 2150 1150 2181 observandum
1173 2158 1220 2182 est
1238 2159 1273 2182 ut
1288 2152 1348 2182 dis-

289 2189 386 2230 tincte
406 2191 588 2232 loquamur.
611 2193 711 2224 Aliud
728 2193 848 2234 quippe
864 2200 911 2224 est
925 2200 1054 2225 tractare
1072 2204 1112 2224 an
1127 2195 1217 2234 pueri
1238 2195 1349 2226 infide-

288 2233 371 2274 lium
392 2235 455 2273 sint
475 2235 583 2269 invitis
604 2237 785 2278 parentibus
808 2237 1006 2278 baptizandi:
1031 2245 1061 2268 et
1083 2238 1179 2276 aliud,
1197 2249 1237 2270 an
1257 2240 1348 2280 pueri

225 2294 239 2312 ,z
289 2277 383 2318 Q,
404 2278 523 2311 scilicet
549 2279 606 2312 filii
633 2291 797 2312 servorum
823 2281 1011 2314 infidelium.
1041 2282 1140 2313 Valde
1163 2284 1249 2314 enim
1272 2284 1348 2315 haec

291 2321 418 2361 distant.
443 2322 486 2355 Et
507 2324 582 2364 quia
609 2335 683 2356 cum
712 2325 808 2357 Scoto
832 2326 871 2356 de
894 2326 998 2366 primo
1023 2333 1069 2357 est
1090 2328 1248 2367 quaestio,
1273 2338 1348 2359 cum

290 2365 444 2406 Durando
458 2376 534 2398 vero
553 2368 592 2398 de
611 2369 762 2406 secundo,
780 2377 810 2401 et
825 2370 965 2410 primum
979 2377 1025 2401 est
1040 2372 1257 2408 communius;
1273 2373 1346 2403 ideo

291 2419 308 2439 a
331 2409 435 2450 primo
458 2409 675 2443 inchoandum
698 2420 753 2445 est.

344 2453 397 2484 Ad
425 2454 515 2485 euius
544 2455 734 2487 evidentiam
762 2457 927 2488 sciendum
955 2465 1001 2488 est
1023 2459 1125 2498 quod,
1150 2469 1346 2500 praesuppo-

290 2496 362 2533 sito,
377 2497 459 2528 sicut
474 2505 520 2529 est
535 2499 578 2530 rei
601 2500 723 2537 veritas,
739 2501 828 2542 quod
841 2501 875 2531 in
890 2511 991 2540 puero
1010 2501 1199 2540 baptizando
1214 2503 1348 2534 sufficiat

289 2532 366 2573 fides
383 2548 414 2572 et
431 2541 564 2574 intentio
580 2544 736 2576 Ecclesiae
755 2546 794 2576 ad
809 2545 872 2576 hoc
885 2539 922 2575 ut
937 2545 1111 2584 baptismus
1130 2546 1231 2577 valeat
1245 2547 1348 2589 (quod

289 2584 323 2616 in
346 2587 580 2618 commentariis
603 2589 762 2629 sequentis
778 2588 864 2620 Libri
878 2587 906 2624 ἢ
923 2589 994 2619 Deo
1017 2589 1120 2624 dante,
1136 2589 1168 2619 in
1185 2590 1257 2620 loco
1273 2600 1347 2630 pro-

289 2629 376 2671 puio,¹
386 2628 561 2662 firmabitur
576 2640 686 2663 contra
698 2631 913 2675 Durandum),
937 2640 1002 2664 tota
1021 2642 1167 2672 praesens
1182 2633 1348 2665 difficultas

288 2673 322 2704 in
344 2673 407 2704 hoc
430 2675 574 2715 penderev
589 2677 722 2714 videtur,
746 2687 786 2708 an
809 2677 849 2707 sit
872 2683 980 2708 contra
1002 2677 1178 2707 naturalem
1196 2678 1347 2709 iustitiam

289 2717 473 2750 huiusmodi
497 2730 613 2759 pueros
637 2720 758 2752 auferre
779 2732 796 2751 a
812 2731 886 2751 cura
909 2728 1078 2761 parentum
1099 2720 1276 2752 infidelium
1292 2732 1346 2752 vo-

287 2762 422 2793 lentium
446 2773 500 2793 eos
533 2764 566 2794 in
595 2764 776 2796 infidelitate
805 2764 940 2801 nutrire,
966 2775 1006 2795 an
1029 2775 1104 2795 non.
1138 2764 1170 2795 Si
1193 2766 1279 2795 enim
1302 2772 1348 2796 est

290 2813 399 2838 contra
414 2808 588 2839 naturalem
611 2809 773 2845 iustitiam,
791 2816 912 2840 constat
927 2809 1015 2850 quod
1030 2808 1175 2839 illicitum
1192 2816 1253 2840 est:
1274 2810 1348 2850 quia

257 2862 263 2869 ·
290 2859 352 2880 non
376 2856 452 2881 sunt
463 2851 624 2892 facienda
647 2854 733 2884 mala
758 2858 792 2884 ut
816 2854 944 2884 veniant
966 2853 1047 2883 bona
1062 2852 1089 2882 *.
1115 2853 1154 2883 Et
1177 2853 1202 2883 si
1219 2863 1283 2883 non
1301 2860 1348 2884 est

290 2900 398 2924 contra
421 2897 596 2927 naturalem
618 2897 780 2932 iustitiam,
798 2897 885 2927 nulla
901 2897 1023 2927 videtur
1039 2896 1151 2926 iniuria
1167 2897 1347 2937 parentibus

288 2937 365 2974 fieri,
381 2939 497 2979 quibus
520 2941 659 2971 naturale
680 2941 730 2972 ius
753 2951 861 2972 curam
884 2941 1022 2985 filiorum
1046 2941 1140 2971 dedit.
1165 2942 1205 2971 Et
1227 2944 1348 2972 Auctor

289 2981 420 3022 quidem
437 2983 469 3014 in
489 2983 590 3014 littera
602 2994 697 3024 super
711 2991 797 3025 parte
813 2984 997 3016 affirmativa
1013 2995 1045 3015 se
1061 2984 1218 3015 fundavit:
1234 2985 1348 3016 Scotus

290 3032 398 3056 autem
420 3037 515 3068 super
538 3028 690 3068 negativa.

342 3069 384 3100 Et
406 3078 484 3102 nota
506 3073 595 3112 quod
618 3083 684 3103 non
708 3079 753 3103 est
776 3073 928 3103 dissensio
952 3073 984 3102 in
1008 3073 1084 3108 hoc,
1109 3083 1148 3102 an
1172 3073 1347 3103 secundum

290 3115 466 3145 naturalem
487 3115 639 3146 iustitiam
663 3116 752 3157 pueri
775 3116 951 3148 infidelium
975 3115 1097 3146 subsint
1120 3125 1232 3146 eorum
1255 3125 1348 3147 curae

290 3157 398 3197 quoad
425 3158 529 3190 divina
558 3161 727 3191 exercenda
749 3160 782 3190 in
805 3169 922 3200 puero:
946 3160 1007 3190 hoc
1035 3160 1120 3190 enim
1144 3157 1347 3190 manifestum

290 3208 336 3231 est
355 3211 421 3233 esse
445 3213 565 3240 verum,
589 3204 743 3244 quoniam
766 3203 846 3235 sicut
869 3204 1002 3234 naturali
1025 3203 1135 3234 ordine
1151 3204 1277 3234 adultus
1293 3213 1348 3244 per

290 3247 452 3286 propriam
476 3248 642 3286 rationem,
666 3248 708 3279 ita
732 3257 810 3287 puer
829 3258 885 3288 per
903 3254 1070 3288 parentum
1086 3247 1241 3277 rationem
1264 3247 1346 3278 ordi-

270 3330 272 3332 ·
291 3297 382 3320 natur
404 3291 443 3320 ad
468 3292 582 3322 Deum.
607 3292 668 3322 Sed
691 3292 834 3332 quaestio
859 3298 905 3322 est
928 3302 968 3322 an
991 3298 1120 3331 propter
1138 3291 1274 3321 abusum
1289 3291 1346 3321 hu-

289 3334 429 3364 iusmodi
453 3335 528 3366 iuris
545 3335 693 3367 naturalis
709 3335 822 3375 privari
839 3335 961 3375 possint
982 3342 1036 3365 aut
1055 3335 1189 3365 debeant
1204 3342 1347 3375 parentes

289 3378 349 3418 ipsi
379 3379 542 3410 abutentes
572 3380 625 3410 tali
655 3379 732 3409 iure.
766 3379 879 3410 Scotus
912 3378 1068 3419 siquidem
1101 3379 1140 3409 ad
1164 3379 1225 3409 hoc
1248 3379 1348 3409 tendit

290 3423 388 3463 quod,
407 3424 481 3464 quia
498 3431 640 3463 parentes
656 3424 829 3453 abutuntur
845 3423 911 3453 iure
927 3432 996 3459 suo,
1013 3422 1087 3463 quia
1106 3423 1250 3453 nutriunt
1265 3421 1347 3452 filios

291 3468 330 3497 ad
354 3468 476 3499 cultum
499 3467 689 3498 infidelitatis
714 3474 822 3498 contra
849 3467 968 3502 Deum,
992 3466 1064 3496 ideo
1089 3467 1233 3507 princeps
1258 3467 1348 3496 debet

1414 756 1468 776 eos
1491 747 1611 787 privare
1633 748 1686 778 tali
1709 748 1792 778 iure:
1817 748 1890 789 quia
1906 747 2084 779 faciendum
2104 754 2150 778 est
2164 748 2251 788 quod
2268 755 2470 779 conservetur

1413 791 1461 820 ius
1485 791 1544 821 Dei
1568 798 1676 822 contra
1691 791 1740 822 ius
1756 799 1923 832 parentum
1942 791 2140 822 abutentium
2155 791 2211 822 illo
2228 798 2337 822 contra
2352 792 2467 828 Deum,

1413 834 1519 873 potius
1542 844 1639 875 quam
1659 845 1676 865 e
1699 845 1861 871 converso,
1885 843 1921 866 ut
1943 836 2059 874 scilieet
2082 842 2220 866 servetur
2235 835 2284 865 ius
2301 842 2467 876 parentum

1413 887 1486 908 cum
1510 878 1702 909 contumelia
1725 879 1798 915 Dei;
1822 879 1872 909 hic
1896 879 1980 909 enim
2004 880 2083 909 ordo
2106 889 2270 919 perversus
2293 886 2349 910 est.

1466 921 1519 951 IV.
1544 922 1588 952 Ut
1610 929 1716 952 autem
1740 923 1819 953 clare
1842 923 1955 953 veritas
1978 923 2145 958 elucescat,
2170 933 2253 962 opus
2277 930 2322 953 est
2349 923 2468 962 duplici

1412 963 1620 996 distinctione.
1641 966 1746 996 Prima
1760 973 1806 996 est
1821 967 1908 1006 quod
1922 966 1955 996 in
1971 965 2182 996 subordinatis
2199 966 2347 996 dominiis
2363 973 2468 1006 potest

1411 1007 1592 1038 dominium
1614 1009 1770 1039 inferioris
1800 1009 1905 1039 referri
1928 1010 1968 1039 ad
1991 1011 2072 1040 duos
2102 1010 2264 1040 dominos:
2289 1010 2406 1041 scilicet
2427 1011 2467 1040 ad

1410 1051 1516 1092 ipsum
1530 1052 1712 1083 inferiorem
1732 1053 1916 1089 dominum;
1938 1060 1968 1084 et
1987 1054 2026 1083 ad
2042 1063 2227 1093 supremum
2252 1054 2429 1090 dominum,
2449 1064 2467 1085 a

1410 1105 1476 1136 quo
1500 1103 1546 1127 est
1569 1106 1665 1127 omne
1688 1097 1818 1127 inferius
1837 1097 2027 1128 dominium.
2052 1097 2146 1127 Verbi
2162 1097 2268 1136 gratia,
2286 1098 2466 1128 dominium

1411 1139 1505 1170 unius
1529 1140 1653 1171 comitis
1676 1148 1781 1180 potest
1804 1141 1909 1172 referri
1932 1141 1972 1171 ad
1995 1141 2101 1180 ipsum
2117 1141 2285 1177 comitem;
2309 1149 2339 1172 et
2362 1148 2467 1182 potest

1410 1183 1515 1214 referri
1539 1185 1579 1214 ad
1600 1184 1834 1225 imperatorem,
1860 1195 1877 1215 a
1900 1195 1965 1225 quo
1989 1192 2036 1215 est
2058 1185 2141 1215 illius
2165 1185 2354 1215 dominium.
2377 1186 2418 1216 Et
2433 1186 2466 1216 in

1410 1228 1576 1268 proposito
1600 1228 1780 1260 dominium
1803 1235 1969 1269 parentum
1993 1238 2088 1268 supra
2107 1229 2257 1268 parvulos
2273 1239 2347 1259 suos
2363 1235 2468 1269 potest

1409 1270 1515 1301 referri
1538 1273 1576 1302 ad
1601 1272 1688 1313 ipsos
1710 1279 1871 1313 parentes;
1895 1279 1926 1304 et
1947 1279 2052 1313 potest
2074 1272 2181 1303 referri
2203 1273 2243 1303 ad
2265 1273 2385 1309 Deum,
2409 1273 2465 1313 qui

1409 1315 1544 1346 instituit
1572 1316 1622 1347 ius
1653 1317 1810 1353 naturale,
1833 1327 1900 1358 quo
1931 1316 2114 1357 parentibus
2146 1317 2293 1347 convenit
2323 1316 2385 1347 hoc
2408 1317 2465 1347 do-

1409 1369 1554 1390 mimum.

1463 1403 1608 1434 Secunda
1631 1411 1676 1434 est
1699 1404 1788 1444 quod
1818 1404 1998 1434 dominium
2021 1413 2076 1434 seu
2107 1404 2293 1435 mandatum
2324 1405 2464 1445 supremi

1408 1445 1530 1476 domini
1554 1447 1643 1487 quod
1665 1457 1721 1487 per
1743 1447 1884 1488 seipsum
1907 1448 2036 1478 mandat
2059 1457 2114 1478 seu
2139 1455 2275 1484 exercet,
2299 1448 2465 1488 dupliciter

1408 1497 1512 1529 potest
1533 1490 1670 1521 institui:
1704 1491 1818 1531 primo,
1843 1499 1878 1522 ut
1901 1491 1992 1521 salvis
2016 1491 2164 1522 dominiis
2193 1491 2379 1522 inferiorum
2405 1492 2463 1522 im-

1407 1533 1542 1572 pleatur;
1567 1535 1718 1576 secundo,
1735 1542 1771 1565 ut
1788 1545 1854 1565 non
1871 1534 2067 1565 obstantibus
2082 1534 2283 1566 inferioribus
2299 1535 2463 1566 ordinibus

1406 1577 1584 1618 impleatur.
1608 1578 1703 1609 Verbi
1725 1578 1833 1618 gratia,
1858 1586 1962 1618 potest
1986 1578 2101 1609 Caesar
2121 1579 2270 1611 mandare
2291 1580 2462 1619 reparatio-

1407 1630 1480 1652 nem
1496 1622 1662 1653 moenium
1678 1622 1859 1662 dupliciter:
1876 1633 1942 1653 uno
1961 1622 2071 1658 modo,
2090 1630 2124 1652 ut
2139 1621 2193 1652 fiat
2208 1622 2362 1663 reparatio
2378 1623 2464 1654 salva

1378 1657 1381 1670 ¹
1406 1665 1605 1697 immunitate
1628 1666 1744 1696 civium
1768 1667 1807 1696 ab
1823 1667 1972 1697 oneribus
1988 1673 2018 1697 et
2032 1666 2246 1697 exactionibus
2269 1666 2377 1702 novis3
2401 1667 2463 1697 alio

1407 1710 1515 1746 modo,
1529 1720 1595 1741 non
1605 1710 1803 1741 obstantibus
1814 1710 1998 1741 huiusmodi
2013 1710 2275 1741 immunitatibus.
2292 1710 2333 1741 Et
2347 1710 2380 1740 in
2389 1721 2461 1751 pro-

1405 1753 1511 1793 posito
1535 1761 1640 1795 potest
1663 1754 1828 1794 dupliciter
1850 1754 1981 1795 intelligi
2003 1754 2123 1790 Deum,
2147 1754 2202 1795 qui
2226 1761 2272 1784 est
2299 1753 2462 1785 universo-

1405 1807 1476 1828 rum
1500 1798 1668 1834 Dominus,
1693 1798 1873 1828 dominium
1896 1808 1951 1829 seu
1973 1798 2077 1838 legem
2100 1797 2172 1828 fidei
2197 1797 2391 1828 Christianae
2413 1797 2462 1828 in-

1404 1841 1555 1872 stituisse:
1581 1852 1647 1873 uno
1670 1842 1780 1878 modo,
1805 1849 1840 1873 ut
1862 1842 2031 1882 impleatur
2054 1842 2146 1872 salvis
2168 1848 2298 1872 naturae
2323 1841 2460 1882 legibus;

1404 1885 1466 1916 alio
1490 1886 1601 1923 modo,
1625 1893 1661 1917 ut
1683 1896 1750 1917 non
1773 1886 1971 1917 obstantibus
1993 1892 2123 1916 naturae
2137 1885 2258 1925 legibus
2280 1885 2459 1926 impleatur.

1458 1930 1496 1961 V.
1521 1930 1568 1960 Ex
1590 1931 1638 1961 his
1661 1937 1778 1966 autem,
1793 1930 1941 1961 adiuncta
1955 1930 2008 1960 illa
2025 1930 2170 1965 maxima,
2190 1929 2304 1959 Gratia
2319 1929 2460 1970 perficit,

1404 1983 1466 2004 non
1490 1974 1626 2005 destruit
1649 1979 1821 2015 naturam;
1843 1981 1883 2010 et,
1911 1974 1998 2004 Ordo
2012 1975 2142 2015 gratiae
2156 1973 2293 2014 perficit,
2312 1983 2375 2003 non
2398 1973 2461 2004 dis-

1401 2018 1496 2049 solvit
1517 2019 1661 2049 ordinem
1686 2023 1842 2055 naturae;
1864 2018 2029 2048 manifeste
2058 2023 2204 2058 apparet,
2228 2017 2347 2057 primo,
2372 2017 2462 2057 quod

1404 2062 1584 2092 dominium
1613 2069 1782 2102 parentum
1812 2072 1907 2101 supra
1936 2061 2019 2092 filios
2049 2071 2115 2092 non
2144 2068 2191 2092 est
2220 2067 2285 2091 tam
2314 2061 2459 2101 ipsorum

1402 2116 1500 2146 quam
1524 2113 1652 2137 naturae
1668 2117 1704 2137 ac
1719 2106 1787 2142 Dei,
1807 2106 1863 2146 qui
1879 2106 1966 2136 illam
1981 2105 2125 2136 instituit.
2149 2107 2197 2135 Ac
2211 2115 2267 2144 per
2285 2105 2357 2140 hoc,
2373 2114 2460 2135 com-

1402 2150 1522 2190 paratio
1546 2160 1612 2180 non
1635 2157 1682 2181 est
1697 2150 1839 2181 facienda
1852 2150 1933 2181 inter
1951 2156 2094 2190 parentes
2110 2156 2141 2179 et
2155 2149 2279 2180 Deum:
2303 2149 2358 2178 sed
2378 2148 2459 2179 inter

1401 2195 1506 2225 Deum
1529 2195 1742 2225 institutorem
1758 2200 1897 2230 naturae,
1914 2201 1945 2224 et
1959 2193 2100 2234 seipsum
2122 2193 2227 2224 Deum
2245 2192 2459 2222 institutorem

1402 2238 1487 2274 fidei;
1513 2246 1645 2279 uterque
1669 2238 1753 2268 enim
1778 2239 1857 2268 ordo
1881 2238 1919 2268 ab
1943 2237 2012 2277 ipso
2037 2244 2067 2268 et
2090 2237 2189 2277 ipsius
2213 2243 2269 2281 est.

1455 2285 1596 2323 Apparet
1618 2283 1769 2318 secundo,
1789 2282 1879 2323 quod
1901 2282 1988 2312 Deus
2012 2291 2077 2312 non
2101 2281 2144 2311 sic
2166 2281 2268 2320 legem
2284 2279 2357 2310 fidei
2372 2279 2459 2310 insti-

1400 2327 1460 2358 tuit
1482 2334 1518 2357 ut
1540 2326 1675 2357 voluerit
1690 2337 1748 2366 pro
1764 2336 1800 2357 ea
1816 2326 1966 2356 servanda
1980 2326 2081 2366 legem
2097 2331 2225 2355 naturae
2241 2323 2332 2359 solvi,
2347 2333 2459 2364 quam-

1399 2371 1446 2401 vis
1468 2371 1531 2401 hoc
1553 2377 1674 2411 posset;
1699 2371 1753 2401 sed
1781 2370 1916 2401 instituit
1939 2377 1974 2401 ut
1996 2380 2052 2410 per
2074 2368 2178 2399 media
2205 2367 2381 2398 secundum
2404 2377 2458 2397 na-

1399 2422 1488 2446 turae
1517 2415 1662 2446 ordinem
1690 2414 1831 2445 instituta
1861 2414 1911 2444 lex
1937 2413 2011 2444 fidei
2038 2414 2222 2460 impleatur:
2247 2419 2283 2442 ut
2309 2418 2396 2450 patet
2422 2421 2458 2441 ex

1400 2459 1536 2489 maxima
1566 2459 1714 2499 allegata;
1744 2465 1775 2488 et
1801 2458 1834 2488 in
1858 2458 2036 2494 communi,
2061 2457 2136 2498 quia
2168 2456 2274 2486 divina
2305 2454 2458 2495 sapientia

1400 2503 1537 2542 disponit
1568 2503 1676 2533 omnia
1707 2503 1852 2532 suaviter
1872 2501 1905 2536 *,
1932 2508 1962 2532 et
1983 2501 2092 2532 infima
2121 2510 2178 2541 per
2200 2499 2304 2530 media
2336 2498 2457 2529 reducit

1399 2546 1432 2576 in
1448 2555 1614 2576 summum
1627 2545 1662 2581 *;
1687 2552 1717 2575 et
1731 2545 1764 2575 in
1785 2546 1962 2585 proposito,
1979 2545 2055 2586 quia
2069 2544 2177 2576 statuit
2198 2550 2234 2574 ut
2247 2543 2375 2573 adultus
2391 2552 2456 2572 me—

1400 2589 1451 2620 dia
1474 2589 1601 2629 propria
1622 2589 1742 2619 ratione
1762 2598 1796 2618 ac
1818 2588 1981 2620 voluntate
2002 2589 2106 2628 legem
2124 2587 2197 2618 fidei
2219 2587 2357 2627 impleat,
2381 2585 2457 2625 quia

1401 2643 1475 2664 suae
1498 2642 1591 2663 curae
1613 2632 1795 2662 naturaliter
1822 2632 2011 2663 commissus
2035 2639 2099 2668 est,
2123 2641 2202 2671 puer
2223 2637 2331 2660 autem
2353 2629 2456 2659 media

1400 2678 1520 2708 ratione
1544 2683 1574 2707 et
1596 2676 1759 2706 voluntate
1782 2683 1966 2715 parentum,
1990 2685 2129 2716 quorum
2153 2684 2244 2705 curae
2275 2672 2456 2704 naturaliter

1401 2721 1590 2751 commissus
1613 2727 1669 2750 est.

1455 2765 1508 2795 VI.
1533 2765 1574 2795 Et
1597 2764 1622 2794 si
1645 2764 1798 2794 diceretur
1820 2763 1928 2803 quod,
1951 2763 2023 2793 licet
2045 2763 2132 2792 Deus
2155 2760 2322 2791 instituerit
2351 2760 2452 2799 legem

1401 2808 1473 2838 fidei
1497 2819 1561 2839 non
1586 2808 1624 2838 ad
1648 2807 1832 2838 solvendam
1857 2807 1911 2837 sed
1935 2805 2156 2846 perficiendam
2184 2804 2286 2844 legem
2314 2811 2453 2840 naturae,

1401 2853 1543 2883 absolute
1568 2859 1598 2882 et
1620 2851 1818 2891 simpliciter;
1849 2858 1954 2881 tamen
1977 2850 2009 2880 in
2034 2860 2107 2880 casu
2139 2859 2205 2890 quo
2233 2848 2382 2878 habentes
2405 2848 2455 2878 ius
2476 2862 2485 2867 κ

1401 2897 1541 2927 naturale
1564 2896 1619 2925 illo
1644 2897 1826 2930 abutuntur,
1850 2895 1924 2935 quia
1947 2901 2106 2924 merentur
2128 2892 2242 2933 privari
2265 2892 2331 2928 illo,
2349 2892 2456 2922 statuit

1399 2942 1502 2980 legem
1526 2939 1597 2970 fidei
1613 2940 1725 2969 habere
1740 2939 1850 2969 locum
1868 2939 1972 2968 ablato
1988 2939 2026 2968 ab
2043 2937 2243 2968 abutentibus
2258 2936 2324 2966 iure
2344 2945 2420 2965 suo:
2435 2953 2454 2958 -

1401 2985 1561 3015 advertant
1584 2984 1627 3013 sic
1651 2983 1787 3013 dicentes
1810 2983 1898 3023 quod
1921 2982 1983 3012 hoc
2006 2981 2083 3011 nihil
2107 2981 2192 3011 aliud
2216 2986 2262 3010 est
2285 2989 2382 3020 quam
2410 2979 2454 3008 di-

1402 3039 1468 3060 cere
1485 3028 1573 3069 quod
1593 3028 1678 3058 Deus
1703 3026 1810 3057 statuit
1824 3027 1927 3066 legem
1942 3025 2014 3056 fidei
2030 3025 2214 3055 servandam
2230 3033 2295 3054 non
2311 3024 2454 3054 obstante

1399 3073 1468 3114 lege
1491 3079 1628 3103 naturae.
1653 3070 1814 3108 Quoniam
1839 3080 1912 3100 cum
1933 3070 1982 3100 lex
2005 3077 2132 3100 naturae
2149 3069 2324 3099 secundum
2341 3077 2373 3097 se
2389 3077 2454 3096 non

1399 3117 1503 3148 obstet
1524 3116 1606 3151 fidei,
1631 3115 1705 3155 quia
1729 3124 1838 3145 verum
1862 3123 1936 3144 vero
1959 3123 2021 3144 non
2044 3114 2264 3143 contrariatur
2277 3111 2306 3147 *;
2331 3112 2370 3140 ad
2393 3111 2454 3140 hoc

1401 3161 1506 3191 solum
1530 3159 1643 3190 dicitur
1667 3168 1728 3188 non
1753 3158 1895 3188 obstante
1918 3158 1989 3198 lege
2012 3162 2160 3194 naturae,
2185 3162 2313 3196 propter
2345 3164 2451 3185 casum

1399 3205 1432 3234 in
1456 3214 1521 3244 quo
1546 3204 1668 3233 obstare
1684 3209 1788 3242 potest
1811 3208 1940 3242 propter
1955 3201 2124 3231 admixtam
2145 3200 2342 3231 abusionem.
2366 3199 2452 3228 Idem

1401 3255 1446 3279 est
1469 3257 1543 3287 ergo
1568 3247 1668 3276 dicere
1691 3246 1779 3286 quod
1803 3245 1909 3276 statuit
1938 3245 2041 3285 legem
2064 3243 2136 3274 fidei
2164 3243 2356 3284 implendam
2387 3251 2452 3271 non

1401 3293 1543 3322 obstante
1568 3290 1661 3321 etiam
1684 3291 1752 3329 lege
1775 3296 1913 3325 naturae,
1930 3289 2086 3324 absolute;
2111 3294 2141 3318 et
2156 3287 2187 3317 in
2212 3297 2284 3318 casu
2300 3295 2365 3326 quo
2380 3295 2452 3325 pro-

1401 3343 1469 3376 pter
1495 3334 1670 3365 admixtum
1700 3335 1835 3364 abusum
1863 3333 1976 3363 obstat.
2005 3333 2046 3363 Et
2073 3338 2237 3372 propterea
2265 3330 2289 3360 si
2313 3329 2451 3370 primum

1401 3386 1447 3410 est
1471 3379 1599 3413 falsum,
1624 3378 1800 3408 secundum
1823 3386 1953 3418 quoque
1981 3375 2037 3406 erit
2061 3375 2185 3406 falsum.
2227 3373 2319 3404 Unde
2347 3372 2452 3416 evasio

1424 3433 1477 3453 aec
1501 3423 1586 3452 nulla
1609 3428 1664 3451 est.

1402 3424 1421 3454 h
1457 3467 1496 3496 Et
1520 3465 1732 3496 confirmatur.
1758 3464 1842 3501 Quia
1864 3464 1896 3494 in
1920 3463 2100 3503 parentibus
2122 3461 2298 3492 infidelium
2322 3469 2451 3490 concur-

2501 314 2522 334 17
2536 315 2542 333 ἔ
2558 315 2610 336 cup.
2625 316 2709 337 xxxin,

1418 334 1535 364 torem
1555 328 1640 365 dedi
1656 334 1690 364 te
1706 329 1801 376 filiis
1819 328 1950 365 Israel.
1971 327 2178 364 Providere
2199 335 2325 364 autem
2345 329 2472 376 pueris
2500 340 2558 356 vm·
2574 341 2594 362 7·

2482 2504 2493 2515 ⁸
2507 2504 2563 2532 Sap.
2579 2510 2630 2532 cap.
2646 2509 2691 2529 vm.

2482 2536 2695 2587 fteszfbissnysCaet

2482 2582 2550 2605 Hter.
2565 2589 2614 2610 cap.
2631 2588 2661 2604 tv.

2480 3113 2691 3134 'ArisnPer-ihem.

2480 3145 2690 3187 ⁶²⁹·-¹¹2÷‘¹¹¹{ffl·.;‘:2

2480 3172 2487 3187 ¹
2500 3171 2610 3213 ommegg
2619 3198 2639 3213 a.
2645 3191 2690 3213 Th.

2480 3218 2531 3266 123:
2546 3224 2596 3271 1¹55.
2608 3218 2690 3245 “³²¹⁶''
