2892 4056
0 1428 3 1436 -
0 1343 11 1374 ..w
14 1307 15 1310 „

305 219 475 259 exemplari
491 218 688 254 descendere,
706 219 813 249 nullus
836 219 991 250 dubitabit
1006 220 1084 260 quin
1103 230 1216 251 omnes
1233 229 1289 260 per
1304 219 1366 260 pri-

304 273 397 294 mum
419 262 640 303 apographum
663 262 787 301 cognati
812 263 883 294 sint.

359 306 506 337 Secunda
519 307 630 336 classis
643 313 765 336 constat
776 317 882 336 nLMNR
893 317 915 346 4
927 318 946 348 7
959 308 1000 346 43
1013 309 1054 346 45
1073 308 1123 345 54.
1137 307 1232 337 Solus
1244 307 1366 346 Lidque

303 360 362 382 nec
376 357 459 381 cene
474 356 538 380 ant.
560 350 696 380 Rasuras
716 357 746 380 et
768 351 978 381 correctiones
1001 351 1116 380 multas
1132 360 1152 380 a
1167 360 1278 389 passus
1302 357 1364 386 est;

303 404 379 425 cum
398 403 437 424 eo
453 403 548 432 saepe
570 392 644 423 facit
674 393 702 424 D
732 403 767 424 ex
791 394 894 433 prima
913 394 1040 424 familia.
1067 394 1192 424 Praeter
1215 394 1365 433 speciales

303 437 511 468 correctiones
543 446 687 467 errorum
710 447 728 467 a
751 438 852 477 prima
881 438 977 468 classe
1008 437 1146 468 secunda
1169 447 1284 476 parum
1308 437 1365 468 dif-

303 481 372 512 fert.
407 480 563 518 Quamvis
582 491 600 511 a
623 481 730 511 ceteris
757 481 919 512 codicibus
949 481 1091 520 apprime
1114 480 1252 511 distincti
1282 488 1365 516 sunt,

302 525 442 556 multum
469 531 577 556 tamen
607 525 694 555 abest
723 532 760 555 ut
785 524 866 556 inter
893 535 925 555 se
955 524 1123 555 unanimes
1141 524 1363 557 [inveniantur.

301 569 396 600 Tales
430 568 585 599 variantes
616 575 739 599 notatas
767 567 867 599 lector
895 568 1029 604 videbit,
1059 574 1094 598 ut
1116 575 1222 598 vetent
1245 578 1300 598 eos
1329 579 1365 599 ex

301 623 367 643 uno
391 612 472 643 libro
496 612 675 642 immediate
692 612 893 652 transcriptos
917 613 1050 642 credere.
1073 621 1113 641 Lu
1137 612 1226 651 plura
1250 613 1364 643 menda

301 656 463 696 corrigunt
485 667 582 696 quam
606 656 707 687 ceteri.

361 701 468 731 Tertia
491 701 603 731 classis
622 700 718 739 longe
739 699 911 729 maximam
933 706 1055 739 partem
1075 708 1218 730 errorum
1237 700 1361 736 retinet;

300 750 423 775 constat
445 744 651 785 sequentibus
670 742 766 779 libris,
792 752 828 773 ex
850 743 1035 784 antiquitate
1058 743 1224 774 distinctis:

358 798 373 818 0
398 798 427 825 K,
452 798 536 818 anno
566 797 647 827 ¹290
674 786 731 816 «in
754 793 898 827 tempore
922 787 1209 827 quadragesime»;

356 839 419 862 ant.
443 824 462 860 δ
476 841 516 871 29
533 832 572 872 37
585 830 627 869 48
642 831 679 860 52
705 830 795 860 Vinc.

355 875 439 907 med.
457 885 509 907 aa
520 875 574 913 46.

357 929 419 950 rec.
439 919 494 961 Ιοιρ
512 928 531 958 9
550 928 587 948 10
602 918 692 956 1415
712 927 749 958 17
765 927 804 947 22
822 919 860 948 23
875 918 915 948 28
931 917 970 948 58
986 920 1037 958 59.

299 964 375 994 Non
414 963 522 993 solum
547 961 660 992 iisdem
688 961 812 992 mendis
837 962 952 992 eodem
978 962 1078 992 modo
1109 962 1256 992 correctis
1287 962 1363 992 haec

300 1006 415 1042 classis,
431 1006 486 1036 sed
501 1005 595 1036 etiam
610 1004 770 1035 interdum
790 1012 910 1036 textum
926 1006 1045 1036 nullius
1066 1006 1178 1036 erroris
1195 1006 1361 1037 occasione

299 1050 456 1083 mutando
487 1056 518 1080 et
539 1049 631 1089 quasi
661 1049 700 1079 de
723 1059 810 1080 novo
837 1049 1008 1089 redigendo
1033 1050 1072 1080 ab
1095 1050 1164 1080 aliis
1192 1050 1361 1090 discrepat;

299 1105 317 1127 ο
329 1104 350 1125 x
361 1093 404 1133 48
420 1093 544 1124 mendis
560 1099 680 1124 scatent
694 1102 828 1125 suorum
841 1093 1053 1129 librariorum,
1066 1094 1122 1134 qui
1135 1101 1242 1124 tamen
1258 1104 1290 1124 se
1302 1094 1362 1134 ipsi

298 1137 552 1179 frequentissime
575 1136 747 1176 corrigunt.
769 1137 821 1168 Ad
845 1138 962 1168 calcem
978 1138 1071 1177 primi
1095 1137 1162 1168 folii
1186 1138 1304 1168 codicis
1317 1138 1360 1177 48

299 1183 429 1214 barbare
451 1181 590 1212 mutilati
611 1181 726 1220 legitur
743 1194 758 1208 α
769 1181 914 1212 Primum
929 1182 1088 1222 exemplar
1102 1194 1130 1218 xv,
1155 1183 1265 1212 eadem
1281 1182 1362 1217 forte

298 1236 396 1258 manu
420 1225 575 1267 scriptum
595 1234 678 1265 quae
701 1224 735 1254 in
758 1225 898 1265 margine
917 1226 1077 1266 ⁴superiori
1101 1225 1224 1265 scripsit
1246 1227 1363 1257 Biblio—

267 1293 273 1295 .
297 1271 400 1302 thecoe
423 1267 575 1309 monarij
609 1269 643 1299 S.
672 1268 807 1300 Vedasti.
831 1268 922 1300 1628.
962 1270 1029 1300 Nisi
1054 1276 1182 1300 notator
1210 1270 1366 1301 intellexit

300 1327 317 1344 ι
334 1313 592 1354 antiquissimum
605 1312 811 1344 bibliothecae
828 1313 986 1353 exemplar
999 1326 1028 1350 ι,
1045 1314 1203 1344 nescimus
1223 1324 1363 1354 quorum

299 1358 449 1391 codicum
471 1357 552 1388 illud
579 1356 720 1396 primum
750 1357 909 1396 exemplar
932 1357 1028 1387 fuisse
1052 1357 1226 1388 crediderit.
1265 1357 1362 1389 Certo

299 1402 414 1436 certius
443 1410 510 1433 non
539 1407 587 1430 est
609 1400 750 1439 primum
777 1401 951 1440 exemplar,
975 1401 1074 1431 totius
1097 1401 1234 1431 familiae
1257 1408 1362 1441 caput,

298 1455 358 1478 nec
387 1454 464 1477 suae
494 1443 641 1484 propriae
672 1443 794 1479 classis,
819 1444 1002 1483 quinimmo
1033 1454 1090 1475 nec
1121 1445 1218 1475 ullius
1248 1445 1365 1476 codicis

297 1498 356 1531 per
377 1499 438 1520 nos
460 1487 535 1518 visi:
565 1497 641 1518 nam
671 1487 774 1518 multa
798 1489 913 1518 menda
936 1488 997 1519 sibi
1025 1488 1153 1528 propria
1183 1489 1276 1519 habet
1307 1499 1364 1520 nec

297 1543 317 1564 ι
339 1542 399 1564 suo
422 1531 550 1562 librario
581 1541 638 1561 nec
662 1531 701 1560 ab
725 1531 787 1561 alio
813 1532 970 1571 castigata.
1009 1533 1162 1562 Forsitan‘
1185 1533 1364 1564 multitudi-

297 1582 378 1610 nem
396 1575 632 1614 correctionum
661 1581 692 1605 et
719 1575 941 1615 antiquitatem
963 1576 1082 1607 codicis
1105 1576 1242 1608 intuitus
1275 1575 1366 1619 (nam

296 1621 376 1653 liber
404 1630 510 1654 revera
540 1618 623 1650 inter
651 1618 890 1659 antiquissimos
922 1621 1132 1657 recensendus
1161 1619 1240 1662 est),
1270 1621 1364 1660 primi

298 1664 484 1707 exemplaris
505 1663 648 1694 indolem
678 1662 834 1694 invenisse
864 1671 991 1695 notator
1019 1665 1078 1695 sibi
1099 1665 1186 1695 visus
1209 1671 1264 1695 est.
1303 1665 1364 1695 Sed

296 1709 353 1752 qui
363 1709 420 1740 his
434 1707 530 1748 signis
545 1717 612 1738 non
627 1714 795 1738 contentus
810 1718 866 1748 per
880 1708 1069 1740 variantium
1091 1709 1363 1748 comparationem

297 1754 403 1785 fontes
431 1751 555 1792 quaerit
591 1761 628 1782 ex
657 1761 723 1791 quo
752 1751 869 1792 singuli
906 1753 1030 1783 codices
1068 1752 1242 1789 fluxerunt,
1278 1753 1365 1784 hunc

298 1798 443 1830 codicem
465 1802 561 1836 caput
582 1805 715 1827 suorum
740 1803 950 1835 cognatorum
973 1807 1038 1827 non
1062 1797 1198 1832 habebit,
1223 1803 1254 1827 et
1272 1797 1363 1828 indu·
1390 1817 1391 1832 ÷

298 1842 439 1875 ctionem
460 1841 542 1872 ultra
563 1837 679 1871 limites
702 1840 801 1871 totius
825 1840 931 1871 classis
954 1847 1151 1881 prosecutus,
1167 1850 1242 1871 cum
1262 1841 1365 1881 prima

296 1887 380 1918 hanc
398 1885 533 1917 omnino
554 1883 732 1914 continuari
749 1894 814 1915 non
829 1884 966 1924 negabit.
981 1902 1000 1908 -
1016 1885 1106 1916 Vinc.
1122 1885 1238 1916 multas
1256 1885 1363 1916 lectio-

297 1934 353 1963 nes
368 1929 464 1960 huius
480 1928 587 1959 classis
602 1927 741 1965 exhibet3
759 1935 789 1958 et
812 1929 906 1960 etiam
921 1929 1022 1960 multa
1043 1929 1158 1959 menda
1179 1929 1364 1960 communia

297 1974 425 2009 retinen
446 1973 536 2013 quod
549 1971 611 2012 ipsi
629 1981 703 2002 cum
722 1973 869 2009 auctoris,
881 1983 947 2003 non
962 1972 1077 2003 librarii
1099 1973 1300 2004 materialiter
1311 1974 1364 2004 de-

297 2017 459 2050 scribentis
475 2022 578 2057 partes
599 2022 713 2055 ageret,
730 2016 807 2047 vitio
829 2017 1017 2047 vertendum
1041 2023 1097 2048 est.
1117 2019 1160 2047 At
1175 2017 1364 2057 compilator

296 2061 532 2103 aliquantulum
553 2059 732 2091 incuriosus
755 2067 786 2091 et
801 2061 946 2091 incautus
965 2061 1061 2092 fuisse
1076 2061 1210 2092 videtur.
1233 2062 1281 2092 De
1293 2061 1363 2101 plu-

296 2107 384 2138 ribus
404 2105 487 2135 enim
512 2103 648 2134 materiis
671 2105 913 2143 praeteritorum
937 2105 1108 2135 immemor
1133 2106 1260 2135 duobus
1281 2105 1359 2136 locis

297 2149 451 2185 discurrit,
468 2148 557 2189 quod
581 2148 619 2178 de
635 2148 758 2179 duabus
782 2149 929 2185 materiis,
947 2149 1022 2190 quia
1044 2159 1081 2180 ex
1097 2149 1141 2179 eis
1161 2149 1242 2179 infra
1257 2150 1363 2189 aliqua

295 2195 366 2225 loen
382 2193 476 2224 citare
498 2193 660 2227 debemus,
677 2193 839 2232 speciatim
855 2200 1016 2224 notamuS.
1042 2194 1214 2233 Postquam
1231 2194 1270 2223 de
1286 2194 1362 2232 Infi-

295 2238 426 2270 delitam
433 2238 471 2268 L.
483 2236 495 2266 1
507 2237 543 2267 Ρ.
554 2246 590 2267 m
599 2237 641 2268 D.
651 2245 691 2267 xx
704 2243 734 2267 et
748 2237 788 2267 de
799 2237 959 2268 Scandalo
970 2237 1045 2268 ibid.
1058 2238 1098 2268 D.
1111 2247 1215 2268 xxxim
1229 2237 1260 2268 S.
1275 2238 1362 2268 Tho-

297 2291 384 2312 mam
397 2280 572 2312 exscribens
589 2286 703 2319 egerat,
721 2291 758 2311 ex
773 2281 887 2311 eodem
903 2281 992 2312 fonte
1009 2282 1134 2312 easdem
1152 2281 1363 2318 Quaestiones

297 2325 386 2357 L..‹111
397 2325 432 2355 P.
444 2335 479 2355 ιιι
493 2325 532 2355 D.
545 2334 616 2355 xxiv
632 2331 663 2355 et
674 2324 714 2355 D.
722 2335 784 2354 xvu
799 2331 952 2356 retractat.
969 2325 1042 2356 Suis
1056 2325 1173 2356 scilicet
1188 2332 1219 2356 et
1234 2325 1266 2356 S.
1272 2326 1361 2356 Tho-

297 2367 470 2401 maevariis
482 2367 692 2399 >divisionibus
708 2368 826 2400 irretito
844 2376 875 2400 et
888 2369 1023 2400 confuso
1040 2369 1121 2400 clara
1137 2369 1226 2399 notio
1242 2370 1361 2409 proprii

297 2412 417 2444 ordinis
440 2411 612 2446 deficiebat.
637 2418 667 2442 et
689 2419 846 2451 praeterea
870 2413 930 2443 acti
948 2413 1065 2443 laboris
1087 2413 1262 2444 obliviosus
1285 2420 1359 2445 erat.

296 2457 411 2488 Talem
434 2455 599 2486 hominem
623 2465 688 2485 non
711 2466 814 2495 pauca
836 2457 951 2486 menda
973 2457 1023 2487 sui
1046 2457 1231 2496 exemplaris
1250 2457 1359 2487 incon-

296 2501 429 2532 siderate
452 2501 628 2535 devorasse,
645 2509 711 2530 non
734 2507 780 2530 est
794 2500 884 2540 quod
901 2500 1062 2531 miremur.
1093 2501 1273 2531 Generatim
1283 2501 1358 2532 Vin-

297 2544 452 2577 centiastri
471 2554 555 2584 opus
577 2543 719 2573 indolem
736 2544 853 2574 codicis
869 2544 964 2574 medii
981 2544 1134 2584 temporis
1149 2545 1295 2581 ostendit,
1311 2555 1358 2576 ex.

297 2598 408 2625 eausa,¹
426 2588 544 2619 codicis
565 2589 609 2626 46
633 2587 690 2628 qui
712 2588 799 2618 bono
823 2588 946 2619 criterio
970 2595 1001 2619 et
1030 2588 1209 2628 frequenter
1237 2598 1358 2620 errores

295 2633 390 2675 primi
414 2631 589 2672 apographi
612 2631 748 2663 evitavit.
773 2632 858 2662 Huic
873 2632 963 2662 classi
979 2632 1060 2662 forte
1079 2633 1117 2663 36
1135 2632 1357 2663 adscribendus

295 2684 353 2715 est,
369 2677 426 2717 qui
439 2686 507 2707 non
521 2685 591 2707 raro
606 2676 684 2706 duas
699 2675 1018 2716 lectionesvparticula
1033 2681 1064 2707 et
1086 2676 1251 2715 coniungit
1266 2677 1358 2716 quasi

295 2722 340 2753 ad·
357 2727 480 2752 textum
501 2719 690 2760 pertinerent
713 2717 804 2761 (ideo
834 2720 932 2750 lector
955 2730 1030 2750 eum
1062 2730 1155 2760 saepe
1179 2720 1246 2750 sine
1269 2720 1356 2750 socio

295 2771 442 2796 nonatum
465 2762 626 2805 inveniet),
643 2764 698 2794 sed
720 2773 779 2794 nos
803 2774 879 2795 eum
901 2764 940 2794 ad
959 2764 1096 2803 primam
1119 2764 1273 2804 pertinere
1293 2774 1356 2794 cre-

296 2809 412 2840 dimus.
429 2825 449 2831 -
464 2807 572 2838 Tertia
594 2807 700 2838 classis
723 2818 853 2848 prorsus
877 2808 1035 2839 unanimis
1059 2808 1091 2838 in
1115 2808 1237 2838 mendis
1261 2808 1355 2838 corri-

296 2852 406 2893 gendis
428 2861 499 2882 raro
522 2851 696 2887 invenitur;
722 2862 738 2882 e
762 2862 781 2882 σ
805 2863 825 2882 x
847 2851 1004 2882 fideliores
1028 2859 1110 2882 sunt.

311 2923 314 2925 .
350 2896 472 2927 Textus
494 2895 578 2936 typis
600 2895 733 2926 traditus
762 2896 801 2926 ad
831 2896 967 2935 primam
997 2895 1128 2926 classem
1159 2895 1356 2926 reducendus

295 2940 429 2976 videtur,
444 2939 590 2979 quamvis
609 2939 775 2979 aliquoties
790 2939 942 2970 lectiones
961 2939 1068 2970 tertiae
1083 2939 1187 2975 habet,
1200 2945 1231 2970 et
1245 2939 1269 2970 P
1286 2939 1355 2979 qui-

297 2984 370 3014 dem
386 2983 491 3023 plures
506 2993 605 3023 quam
628 2983 692 3014 Inc.
708 2989 739 3013 et
753 2993 785 3014 a.
808 2984 986 3014 Plurimum
1009 2984 1101 3014 debet
1124 2982 1270 3014 secundis
1288 2993 1355 3013 ma·
1380 2994 1382 2998 ¹

297 3027 391 3058 nibus
413 3036 507 3066 saepe
530 3026 798 3057 consentientibus
823 3027 971 3058 codicum
993 3037 1012 3057 σ
1035 3028 1073 3057 32
1094 3028 1151 3066 34;
1176 3027 1264 3067 quod
1289 3036 1354 3057 non

295 3071 340 3102 ita
362 3070 553 3110 intelligatur
575 3070 666 3110 quasi
689 3064 892 3110 opinaremur
914 3071 1049 3101 editores
1073 3081 1110 3101 ex
1126 3070 1194 3101 istis
1212 3070 1288 3110 ipsis
1304 3080 1355 3100 co-

297 3114 419 3145 dicibus
435 3114 643 3144 correctiones
665 3124 808 3145 errorum
831 3114 982 3145 hausisse.
1006 3116 1088 3145 Nam
1104 3114 1166 3145 hoc
1189 3122 1220 3145 et
1241 3114 1356 3145 similia

297 3158 431 3190 omnino
454 3157 625 3198 peculiaria
647 3167 707 3188 nos
730 3158 848 3189 nescire
877 3159 1014 3198 ingenue
1041 3158 1191 3194 fatemur,
1215 3168 1273 3188 nec
1296 3158 1357 3188 nisi

295 3202 480 3233 inductione
499 3202 538 3232 ab
555 3201 699 3232 extremis
718 3202 1013 3241 particularitatibus
1029 3202 1160 3242 repetita
1177 3201 1248 3232 sciri
1262 3211 1356 3241 posse

297 3246 464 3277 credimus.
494 3245 581 3276 Nihil
612 3245 698 3275 aliud
727 3245 887 3276 insinuare
918 3246 1112 3277 intendimus
1143 3255 1240 3286 quarn
1268 3246 1357 3285 quod

297 3300 390 3330 saepe
418 3290 572 3322 variantes
602 3289 780 3320 editionum
808 3299 881 3320 cum
912 3289 1074 3321 codicibus
1106 3289 1356 3329 compositarum

296 3334 435 3365 secunda
457 3343 555 3364 manu
578 3333 610 3364 in
634 3333 699 3363 istis
721 3333 807 3364 libris
830 3333 962 3373 scriptae
990 3333 1202 3364 inveniuntur.
1240 3333 1356 3370 Quoad

296 3377 561 3409 necessitudinem
597 3377 774 3407 editionum
796 3377 876 3408 inter
905 3387 938 3408 se
961 3377 1023 3408 hoc
1051 3378 1158 3408 solum
1188 3383 1356 3413 notamus,

296 3422 382 3452 idem
393 3422 482 3462 quod
499 3421 606 3452 ceteris
621 3421 770 3461 operibus
785 3421 816 3451 S.
828 3421 975 3452 Thomae
993 3421 1158 3462 hucusque
1175 3420 1356 3460 exploratis,

296 3466 459 3497 Secundae
489 3465 652 3497 Secundae
682 3465 846 3496 accidisse:
873 3465 975 3505 prima
1003 3465 1099 3497 editio
1130 3464 1277 3495 omnium
1308 3474 1356 3495 se-

2430 156 2477 181 XV

1420 221 1587 261 quentium
1610 221 1854 252 fundamentum
1877 227 1937 257 est3
1959 220 2025 252 eius
2048 221 2190 252 indolem
2209 232 2320 253 omnes
2344 223 2477 254 demon-

1420 271 1526 301 strant,
1543 272 1704 305 quotquot
1726 264 1982 305 castigatIOnibus
2005 271 2036 295 et
2058 265 2286 297 mutationibus
2309 277 2327 297 a
2349 268 2477 298 diversis

1421 310 1624 349 sequentibus
1640 309 1812 340 editoribus
1827 309 1966 340 subiecta
1977 308 2084 346 ¹fuerit.
2101 309 2251 340 Ceterum
2271 312 2399 351 quaevis
2419 322 2476 352 po-

1420 352 1532 382 sterior
1554 353 1650 383 editio
1679 353 1894 392 praecedentis
1923 352 2073 383 correctio
2098 360 2153 383 est.

1474 396 1625 435 Superius
1641 397 1778 427 diximus
1801 396 2010 428 correctiones
2025 406 2168 427 errorum
2190 397 2283 437 primi
2303 399 2476 439 apographi

1419 439 1452 470 in
1468 440 1576 471 multis
1596 441 1757 471 codicibus
1773 441 1863 480 quasi
1886 450 2010 480 semper
2026 440 2170 471 indubias
2194 441 2476 482 interpolationum

1419 490 1512 514 notas
1528 494 1602 524 prae
1618 493 1650 514 se
1665 484 1756 515 ferre.
1779 485 1881 515 Notae
1895 493 1970 515 vero
1993 484 2180 524 praecipuae
2197 485 2256 516 hae
2272 486 2476 526 assignandae

1419 527 1575 558 videntur.
1614 528 1736 563 Primo,
1760 528 1847 560 iuxta
1871 528 2098 559 correctionem
2120 529 2274 560 mendum
2297 531 2352 562 vel'
2376 538 2412 561 ut
2433 531 2476 562 ita

1419 571 1522 601 dicam
1552 572 1659 601 mendi
1690 572 1836 611 reliquias
1859 572 1992 612 scriptor
2015 572 2130 602 codicis
2159 572 2278 604 retinet.
2318 574 2474 611 Secundo,

1419 615 1571 646 correctio
1597 625 1661 646 non
1685 617 1799 646 eodem
1820 615 1893 646 loco
1917 616 2088 656 apponitur
2111 616 2165 647 ubi
2189 617 2343 648 mendum
2367 629 2475 649 occur-

1418 658 1492 689 risse
1516 659 1607 690 ceteri
1631 659 1754 690 codices
1778 654 1937 690 testantur.
1962 660 2070 691 Tertio
2092 670 2166 690 cum
2193 661 2343 692 materiali
2366 662 2474 694 habitu

1418 703 1467 733 vel
1490 710 1618 743 aspectu
1643 704 1754 733 erroris
1778 713 1843 733 non
1867 703 2023 734 convenit.
2063 703 2185 740 Quarto
2213 703 2354 736 inefficax
2377 714 2423 737 est
2445 713 2475 737 et

1417 746 1618 777 insufficiens.
1643 747 1764 784 Quinto
1782 757 1800 777 a
1823 748 1904 788 stylo
1921 747 1951 778 S.
1968 747 2114 778 Thomae
2130 748 2269 780 discedit.
2293 750 2360 780 Has
2383 758 2474 782 notas

1416 790 1516 821 lector
1538 790 1668 830 singulis
1692 790 1813 821 casibus
1837 791 1981 832 applicet.

1471 834 1575 874 Siglae
1591 845 1617 874 p
1632 831 1747 876 (prima
1771 833 1898 876 manus)
1918 841 1948 865 et
1962 844 1979 865 s
1995 833 2145 876 (secunda
2167 834 2295 879 manus)
2311 844 2412 868 totam
2428 848 2474 868 se-

1416 877 1495 908 riem
1510 878 1655 908 codicum
1669 888 1720 909 eas
1736 878 1937 918 sequentium
1953 877 2102 916 afficiunt,
2113 889 2214 919 usque
2230 880 2270 910 ad
2285 886 2316 911 et
2325 881 2375 912 vel
2388 891 2474 912 com-

1416 931 1469 952 ma
1489 922 1540 951 vel
1562 921 1690 952 maioris
1713 921 1873 952 divisionis
1900 930 2020 953 notam.
2044 921 2258 966 Lac.(lacuna)
2281 925 2373 964 quasi
2393 935 2473 956 sem-

1415 975 1471 1004 per
1493 964 1701 997 homoteleuti
1725 965 1856 996 alicuius
1880 965 2009 996 omissio
2033 966 2300 1007 interpretandum
2325 976 2379 1000 est.

1665 1033 1817 1063 MENDA
1839 1033 1955 1063 PRIMI
1980 1033 2227 1064 APOGRAPHI

1476 1105 1535 1125 im.
1561 1094 1624 1131 Qu.
1641 1104 1651 1123 1
1675 1100 1729 1124 art.
1748 1095 1763 1123 5
1790 1093 1830 1123 ad
1852 1103 1874 1133 4
1897 1092 1950 1136 (cf.
1967 1100 2078 1126 notam
2105 1102 2244 1125 nostram
2273 1093 2302 1137 0)
2334 1097 2473 1138 primum

1417 1139 1572 1169 mendum
1601 1137 1695 1178 primi
1726 1137 1900 1178 apographi
1930 1138 2065 1168 occurrit
2088 1139 2175 1179 quod
2203 1148 2260 1178 per
2282 1150 2394 1172 omnes
2421 1153 2473 1173 co-

1418 1183 1502 1214 dices
1524 1181 1683 1224 prosecuti
1715 1190 1845 1212 sumus:
1880 1182 1943 1211 «de
1966 1181 2086 1212 ratione
2110 1189 2215 1212 autem
2246 1183 2405 1223 opinionis
2428 1194 2474 1218 est

1417 1227 1507 1268 quod
1535 1226 1568 1256 id
1591 1227 1680 1267 quod
1703 1226 1774 1266 quis
1802 1227 2003 1256 existimetur
2025 1225 2178 1256 existimet
2207 1227 2356 1266 possibile
2387 1230 2474 1260 aliter

1417 1281 1449 1303 se
1473 1271 1586 1301 habere
1601 1282 1628 1299 ».
1668 1270 1822 1301 Mendum
1846 1269 1991 1311 quamvis
2022 1269 2226 1301 manifestum
2253 1272 2345 1303 multi
2368 1280 2473 1305 tamen

1418 1311 1572 1346 exhibent.
1606 1314 1654 1344 Ex
1680 1314 1782 1353 prima
1810 1315 1920 1345 classe:
1951 1320 2015 1344 ant.
2035 1325 2060 1342 ω
2074 1314 2130 1352 55,
2151 1314 2208 1345 Βιυ
2237 1326 2247 1345 1
2269 1325 2286 1346 2
2304 1325 2345 1355 24
2360 1317 2411 1354 60,
2428 1321 2473 1361 ι,Α

1417 1357 1527 1400 Κεζλυ
1539 1368 1570 1394 ,a
1586 1359 1613 1393 3,
1627 1358 1711 1388 med.
1725 1358 1772 1389 Fv
1788 1358 1828 1388 '56
1840 1366 1908 1400 pGw
1921 1368 1973 1397 49,
1991 1367 2050 1388 rec.
2069 1359 2084 1388 5
2099 1359 2118 1388 6
2135 1369 2145 1388 i
2157 1369 2167 1388 1
2186 1360 2224 1399 39
2237 1369 2280 1398 40
2296 1361 2335 1390 50
2348 1359 2405 1403 Ρβξ
2421 1371 2471 1394 21.

1466 1402 1507 1433 -id
1529 1402 1612 1441 quod
1634 1403 1706 1442 quis
1728 1403 1932 1432 existimatur
1955 1402 2112 1432 existimet
2137 1403 2192 1438 32;

1471 1445 1511 1476 idv
1526 1444 1611 1488 quod
1633 1446 1836 1476 existimatur
1858 1446 1928 1485 quis
1951 1446 2107 1476 existimet
2129 1454 2167 1487 φς

1472 1489 1506 1520 id
1526 1489 1612 1530 quod
1633 1490 1832 1520 existimetur
1854 1489 2009 1519 existimet
2030 1499 2064 1531 ps
2080 1489 2134 1528 34;

1474 1534 1507 1564 id
1528 1533 1612 1573 quod
1635 1533 1756 1573 aliquid
1778 1534 1976 1563 existimetur
1999 1534 2154 1563 existimet
2176 1541 2208 1569 x:

1474 1577 1506 1608 id
1528 1577 1612 1617 quod
1634 1578 1704 1617 quis
1727 1578 1886 1607 existimat
1916 1578 2073 1607 existimet
2096 1584 2158 1607 ant.
2184 1575 2341 1619 (ἶηθμτετ
2363 1590 2399 1619 ¹9
2415 1582 2471 1617 3ο,

1417 1622 1501 1652 med.
1535 1621 1605 1664 ΕχΒ
1625 1622 1676 1658 53,
1691 1630 1751 1651 rec.
1775 1620 1848 1651 GLv
1869 1620 1908 1651 38
1922 1630 1964 1660 42
1985 1622 2023 1661 57
2040 1617 2176 1658 ,Αξιτθιυ
2193 1622 2232 1651 33
2248 1624 2282 1652 51
2297 1631 2303 1658 ;
2321 1623 2364 1653 ita
2379 1624 2473 1655 etiam

1418 1666 1555 1697 secunda
1578 1665 1699 1700 classis;
2213 1680 2215 1682 ·

1474 1709 1506 1740 id
1528 1709 1613 1749 quod
1635 1709 1725 1739 aliud
1748 1709 1909 1738 existimat
1931 1709 2088 1738 existimet
2110 1717 2179 1739 esse
2200 1716 2252 1745 r;-

1475 1753 1508 1784 id
1529 1753 1613 1793 quod
1635 1754 1706 1792 quis
1728 1753 1885 1782 existimet
1907 1753 2064 1782 existimet
2085 1753 2150 1782 z31
2180 1751 2287 1790 εβεκλς

1476 1798 1508 1828 id
1531 1797 1615 1837 quod
1636 1797 1831 1827 existimavit
1853 1796 1923 1836 quis
1945 1797 2088 1826 aestimet
2103 1793 2141 1837 ψ;

1476 1842 1509 1872 id
1535 1841 1620 1881 quod
1641 1841 1712 1881 quis
1741 1841 1898 1870 existimet
1919 1839 1951 1869 H
1966 1840 1985 1868 8
2008 1841 2043 1870 13
2066 1839 2103 1869 18
2124 1849 2171 1882 ρκ,
2195 1841 2250 1870 sed
2267 1842 2419 1880 possibile
2440 1843 2472 1873 in

1412 1890 1518 1925 potest
1540 1891 1642 1915 mutat
1665 1883 1735 1920 s18;
1770 1883 1803 1914 id
1825 1883 1908 1923 quod
1929 1884 1999 1923 quis
2022 1884 2184 1914 existimat
2207 1893 2233 1913 rr
2253 1885 2293 1915 26
2323 1886 2358 1927 ι,3
2384 1885 2472 1927 (pos-

1417 1930 1506 1960 sibile
1529 1934 1576 1959 est
1597 1938 1632 1959 se
1654 1927 1770 1958 habere
1785 1936 1841 1969 Ρπ,
1860 1927 2010 1966 possibile
2033 1932 2079 1958 est
2101 1928 2196 1958 aliter
2215 1937 2250 1958 se
2270 1929 2386 1959 habere
2407 1932 2470 1960 exi-

1417 1974 1521 2004 stimet
1544 1970 1612 2012 εἰτ);
1637 1972 1669 2002 id
1682 1971 1766 2012 quod
1781 1972 1852 2011 quis
1866 1972 2065 2001 existimetur
2080 1980 2114 2007 ος
2132 1972 2164 2002 id
2179 1972 2262 2011 quod
2276 1974 2474 2004 existimetur

1417 2023 1476 2054 ,ἡκ
1507 2017 1583 2057 quid
1609 2017 1812 2046 existimatur
1835 2013 1997 2055 (possibile
2017 2015 2075 2057 sit)
2098 2024 2167 2054 ,44;
2192 2016 2226 2046 id
2251 2017 2337 2057 quod
2365 2019 2473 2048 existi-

1417 2066 1506 2091 mant
1525 2061 1603 2103 p51;
1627 2059 1660 2090 id
1681 2059 1765 2099 quod
1787 2059 1858 2099 quis
1880 2060 2036 2089 existimet
2062 2061 2214 2099 opinatur
2235 2061 2392 2091 existimet
2413 2062 2472 2099 61;

1476 2104 1508 2134 id
1527 2104 1610 2144 quod
1625 2104 1696 2144 quis
1710 2104 1862 2143 opinatur
1877 2103 2033 2133 existimet
2048 2113 2069 2146 γ
2088 2104 2123 2133 16
2139 2104 2176 2133 25
2194 2113 2233 2144 27
2249 2105 2287 2134 35
2305 2105 2343 2134 36
2356 2105 2399 2140 ⁸K
2415 2114 2471 2142 21;

1417 2149 1450 2180 id
1463 2148 1547 2189 quod
1562 2149 1632 2188 quis
1652 2148 1804 2187 opinatur
1818 2148 2018 2177 existimetur
2032 2147 2077 2182 D;
2102 2147 2135 2177 id
2149 2147 2234 2187 quod
2248 2153 2295 2178 est
2308 2149 2471 2188 opinatum

1417 2194 1573 2223 existimet
1602 2201 1637 2221 12
1655 2199 1696 2228 a;
1724 2190 1757 2221 id
1779 2191 1863 2230 quod
1885 2196 1932 2221 est
1953 2192 2116 2230 opinatum
2145 2192 2346 2222 existimetur
2374 2192 2471 2232 P,34;

1469 2237 1502 2266 id
1524 2229 1608 2276 quod
1631 2236 1830 2265 existimetur
1844 2235 1995 2274 opinatur
2016 2233 2057 2275 8ζ.
2071 2252 2090 2257 -
2109 2235 2214 2265 Prima
2236 2244 2350 2266 manus
2367 2234 2419 2276 ζινῐ
2431 2237 2469 2267 33

1416 2281 1524 2310 abrasa
1547 2286 1608 2315 est;
1641 2289 1663 2308 o
1680 2288 1720 2309 2ο
1736 2288 1774 2317 41
1795 2287 1837 2319 47
1859 2288 1918 2320 p44
1940 2288 2004 2308 om.
2030 2279 2284 2317 homoteleuton,
2309 2281 2396 2320 quod
2421 2280 2471 2311 hic

1415 2333 1577 2354 occurrere
1600 2330 1721 2353 textum
1743 2322 1919 2362 inspicienti
1943 2322 2069 2361 patebit.

1468 2367 1575 2399 Tertia
1599 2367 1704 2397 classis
1725 2366 1759 2396 in
1782 2366 1898 2396 multas
1920 2372 2023 2405 partes
2045 2366 2210 2396 scinditur:

1469 2412 1502 2442 id
1524 2411 1609 2452 quod
1631 2412 1703 2451 quis
1724 2411 1881 2440 existimet
1905 2420 1920 2439 o
1936 2419 1976 2440 22
1994 2420 2032 2452 pe
2044 2410 2157 2450 48⁶52;

1468 2456 1501 2486 id
1512 2455 1596 2496 quod
1607 2456 1678 2494 quis
1691 2455 1891 2484 existimetur
1901 2455 2069 2492 existimet,
2078 2454 2139 2484 hoc
2150 2461 2205 2490 est,
2215 2455 2368 2485 mendum
2378 2455 2471 2494 primi

1413 2496 1588 2539 apographi
1604 2505 1658 2528 aut
1677 2498 1873 2528 retinuerunt
1893 2505 1948 2528 aut
1966 2505 2247 2537 reassumpserunt,
2262 2509 2282 2528 A
2302 2509 2341 2539 ²9
2357 2494 2394 2541 Ρδ
2414 2499 2468 2541 37;

1467 2544 1500 2573 id
1521 2542 1605 2582 quod
1627 2543 1698 2581 quis
1720 2542 1880 2572 existimat
1896 2543 2068 2579 existimet,
2093 2550 2128 2572 ut
2151 2543 2288 2572 secunda
2311 2543 2417 2573 classis
2441 2550 2471 2573 et

1412 2586 1504 2617 multi
1528 2586 1658 2625 primae,
1685 2595 1706 2614 α
1730 2586 1772 2623 46
1787 2584 1825 2614 58
1842 2586 1880 2624 59
1904 2578 1937 2621 ,ὃ
1954 2585 2011 2623 48;

1466 2631 1498 2660 id
1520 2630 1604 2670 quod
1626 2630 1697 2669 quis
1720 2630 1879 2659 existimet
1901 2630 2058 2659 existimet
2079 2630 2152 2670 ⁸37;

1467 2674 1499 2704 id
1520 2674 1605 2713 quod
1626 2674 1697 2713 quis
1720 2673 1880 2703 existimat
1901 2673 1942 2702 sit
1958 2673 2108 2712 possibile
2122 2682 2157 2703 se
2171 2673 2288 2703 habere
2309 2673 2470 2705 existimat

1411 2719 1508 2748 etiam
1530 2716 1690 2758 (possibile
1711 2717 1807 2746 aliter
1828 2725 1862 2746 se
1883 2715 2014 2757 habere)
2038 2725 2113 2758 ¹,17;

1463 2762 1498 2792 id
1519 2761 1604 2801 quod
1625 2762 1696 2801 quis
1718 2761 1870 2800 opinatur
1891 2761 2050 2790 existimet
2077 2770 2113 2790 ιο
2132 2769 2169 2799 14
2181 2770 2213 2800 s9
2228 2762 2284 2797 52;

1463 2805 1496 2836 id
1518 2805 1602 2845 quod
1622 2805 1693 2845 quis
1715 2805 1907 2844 exopinatur
1929 2805 2085 2834 existimet
2109 2805 2165 2840 23;

1462 2850 1495 2879 id
1517 2849 1601 2888 quod
1623 2849 1694 2889 quis
1716 2849 1867 2887 opinatur
1889 2849 2047 2878 existimet
2069 2849 2162 2877 etiam
2187 2857 2258 2889 ³173

1465 2893 1498 2923 id
1519 2892 1603 2932 quod
1625 2892 1700 2932 quid
1722 2893 1874 2931 opinatur
1896 2893 2053 2922 existimet
2076 2892 2104 2927 Ι;

1464 2937 1497 2967 id
1519 2937 1602 2976 quod
1624 2937 1775 2976 opinatur
1797 2936 1995 2966 existimetur
2016 2944 2050 2977 ρ;

1464 2981 1498 3011 id
1519 2980 1603 3020 quod
1625 2985 1672 3011 est
1693 2981 1856 3020 opinatum
1879 2980 1950 3020 quis
1973 2981 2129 3010 existimet
2151 2989 2197 3016 ὅση

1465 3025 1498 3055 id
1520 3024 1604 3064 quod
1625 3024 1742 3063 aliquis
1763 3024 1926 3054 existimat
1942 3029 2039 3063 putat
2066 3025 2120 3060 15;

1463 3068 1545 3098 illud
1566 3068 1650 3108 quod
1671 3068 1772 3098 scitur
1794 3067 1834 3098 ab
1856 3068 1963 3108 aliquo
1986 3068 2143 3099 existimet
2166 3067 2246 3098 illud
2270 3067 2325 3103 28;

1465 3113 1519 3143 ille
1541 3113 1596 3152 qui
1617 3112 1769 3151 opinatur
1791 3112 1948 3142 existimet
1970 3121 2036 3141 rem
2054 3111 2175 3153 (posse)
2199 3111 2288 3142 Vinc.
2310 3111 2331 3141 1.
2349 3121 2391 3141 111.
2407 3121 2467 3142 xlv.

1464 3156 1719 3187 Homoteleuton
1743 3165 1808 3185 orn.
1825 3165 1845 3184 x
1864 3164 1918 3197 99;
1941 3155 1997 3186 sed
2018 3166 2039 3185 x
2060 3156 2171 3195 repetit
2194 3155 2390 3195 praecedens,
2408 3155 2468 3185 hoc

1411 3200 1510 3230 modo
1533 3198 1588 3241 (cf.
1613 3197 1768 3240 textum):
1803 3200 1878 3239 quia
1915 3199 1955 3230 de
1985 3200 2109 3230 ratione
2144 3200 2294 3230 scientiae
2317 3204 2364 3229 est
2385 3198 2469 3238 quod

1410 3244 1443 3274 id
1457 3244 1542 3284 quod
1555 3245 1655 3274 scitur
1669 3243 1868 3273 existimetur
1883 3252 1950 3273 esse
1965 3243 2154 3283 impossibile
2169 3244 2265 3274 aliter
2279 3252 2313 3273 se
2327 3242 2468 3280 habere;

1410 3288 1450 3318 de
1472 3289 1597 3318 ratione
1619 3288 1770 3317 scientiae
1793 3292 1838 3317 est
1861 3287 1944 3326 quod
1966 3287 2000 3317 id
2021 3287 2105 3327 quod
2138 3288 2239 3318 scitur
2269 3287 2469 3317 existimetur

1411 3341 1478 3362 esse
1501 3331 1689 3371 impossibile
1719 3331 1815 3361 aliter
1840 3340 1875 3361 se
1901 3331 2025 3361 habere.
2057 3331 2121 3361 Sed
2148 3331 2180 3361 id
2207 3330 2291 3370 quod
2307 3329 2380 3371 fide
2408 3336 2466 3360 etc.

1411 3375 1580 3406 Corrector
1602 3375 1644 3405 ita
1667 3374 1803 3405 mutavit
1824 3375 1864 3405 de
1886 3376 2042 3405 ratione...
2067 3375 2182 3405 habere
2205 3374 2302 3404 altero
2328 3373 2400 3403 loco
2433 3379 2469 3403 ut

1410 3419 1511 3459 legat:
1535 3419 1575 3450 de
1597 3420 1724 3449 ratione
1753 3423 1858 3449 autem
1891 3420 2048 3458 opinionis
2079 3424 2125 3449 est
2156 3418 2240 3458 quod
2269 3418 2468 3448 existimetur

1412 3473 1480 3494 esse
1496 3463 1647 3503 possibile
1670 3463 1766 3493 aliter
1787 3472 1822 3493 se
1843 3462 1968 3493 habere.
