2892 4056
1003 170 1269 217 QUAESTIO
1299 169 1366 215 IV,
1395 167 1691 203 ARTICULUS
1720 166 1787 202 VII

309 260 375 281 non
399 249 621 290 concipiuntur
640 249 748 279 omnia
772 249 938 285 credibilia,
964 255 999 279 ut
1022 259 1059 279 ex
1080 249 1136 279 illo
1161 248 1274 279 deduci
1297 257 1369 288 pos-

310 294 387 324 sint:
426 294 500 324 licet
531 293 690 324 contineat
723 293 832 324 omnia
866 300 901 324 ut
933 303 1026 323 causa
1049 292 1188 323 effectiva
1212 293 1369 323 omnium.

364 338 415 368 Ad
438 338 514 368 haec
538 335 628 367 facile
651 338 869 377 respondetur.
894 338 935 368 Et
958 337 1071 368 dicitur
1086 338 1175 377 quod
1199 338 1284 368 Deus
1300 347 1369 367 mo-

310 387 362 412 vet
385 380 536 412 obiective
560 381 599 411 ad
623 382 815 412 credendum
839 382 947 412 omnia
971 381 1146 418 credibilia;
1176 389 1206 412 et
1229 381 1371 412 similiter

312 425 345 455 in
375 425 446 465 ipso
478 432 513 456 ut
543 425 668 456 obiecto
697 425 921 466 concipiuntur
949 425 1057 456 omnia
1081 425 1257 462 credibilia;
1285 426 1372 456 iuxta

73 467 157 515 ζέξξῦι·
172 473 222 494 ⁰¹⁹·
237 472 283 493 ΧΠ»
308 469 409 500 illud:
429 469 566 500 Creditis
579 470 610 499 in
626 470 743 508 Deum,
756 475 786 501 et
801 471 833 500 in
849 479 899 500 me
909 470 1027 500 credite
1038 469 1063 499 *.
1083 469 1246 506 Quoniam
1262 471 1371 501 omnia

127 510 132 515 ’
157 509 163 514 '
313 513 428 544 credita
451 513 645 544 reducuntur
671 515 711 544 ad
738 515 843 545 Deum
874 513 1042 544 creditum:
1072 520 1102 544 et
1125 513 1192 553 ipse
1215 514 1326 566 Deus,k
1337 521 1372 545 ut

2436 163 2475 199 51

1423 245 1569 280 creditus,
1595 251 1703 275 movet
1727 244 1765 274 ad
1790 243 1982 274 credendum
2005 242 2126 282 reliqua
2160 247 2195 271 ut
2218 240 2338 280 aliquid
2369 240 2427 276 sui,
2451 247 2486 270 ut

1423 299 1459 319 ex
1482 289 1587 329 primo
1606 288 1738 319 articulo
1753 289 1769 306 *
1785 294 1882 328 patet.
1899 304 1921 310 -
1935 287 2001 317 Nec
2017 286 2149 327 exigitur
2172 285 2210 315 ad
2225 284 2385 314 obiectum
2409 284 2486 314 dans
2515 297 2522 303 ·
2539 294 2586 321 Qu.
2602 300 2617 315 ι.

1423 333 1579 363 unitatem
1604 332 1676 363 fidei
1700 333 1743 362 sic
1768 331 1926 362 continere
1960 330 2069 361 omnia
2092 337 2127 361 ut
2151 339 2187 359 ex
2210 328 2265 358 illo
2289 327 2412 368 possint
2436 328 2487 357 de-

1423 377 1496 407 duci
1521 377 1641 407 omnia.
1677 377 1840 414 Quoniam
1870 375 1948 406 fides
1973 385 2038 405 non
2061 381 2108 404 est
2137 373 2262 403 habitus
2291 372 2486 408 deducti-vus,

1424 421 1504 451 sicut
1538 421 1680 456 scientia;
1712 420 1767 451 sed
1791 419 1968 451 creditivus.
2009 419 2102 449 Unde
2126 428 2190 448 non
2215 417 2319 447 solum
2344 417 2430 446 Deus
2455 424 2490 447 ut

1424 464 1562 495 efficiens
1587 465 1729 495 continet
1752 464 1860 495 omnia
1884 474 1965 505 quae
1989 470 2063 494 sunt
2085 462 2158 492 fidei
2182 469 2212 492 et
2234 460 2308 491 fidei
2331 461 2488 500 habiturn;

1424 509 1478 539 sed
1494 509 1648 539 obiective
1665 515 1822 549 sumptus.
1840 508 1889 539 Sic
1904 508 1989 538 enim
2005 506 2197 548 significatur
2219 515 2275 546 per
2290 505 2322 546 ly
2342 504 2488 540 creditus,

1092 643 1408 686 ARTICULUS
1438 644 1707 686 SEPTIMUS

937 735 1091 766 UTRUM
1115 736 1235 767 FIDES
1258 737 1324 768 SIT
1348 738 1479 768 PRIMA
1504 739 1636 768 1NTER
1655 737 1871 768 V1RTUTEs

700 813 723 837 1·
742 812 797 842 11⁸⁹,
816 820 860 845 qu.
879 820 938 843 ml,
958 818 1004 837 art.
1023 821 1054 844 4;
1074 814 1106 838 ¹11
1125 814 1209 843 Sent„
1230 815 1289 839 dist.
1308 823 1377 846 xxm,
1397 823 1443 848 qu.
1461 823 1489 846 11,
1509 821 1556 840 art.
1575 815 1604 846 53
1626 816 1667 839 De
1689 815 1780 844 Ver-it„
1800 823 1846 847 qu.
1864 822 1913 843 xlv,
1934 819 1980 838 art.
2002 821 2024 844 2,
2045 814 2076 838 ad
2097 812 2122 837 3.

430 898 501 941 μᾷ(
526 890 549 915 n
564 889 743 915 sem-mun
763 889 816 914 Slc
831 888 1071 914 PROCEDrrUR.
1092 878 1251 916 Videtur
1271 880 1376 927 quod

445 922 496 978 {3
526 929 624 968 fides
651 942 730 967 non
759 930 805 967 sit
822 930 946 979 prima
964 930 1060 967 inter
1077 931 1246 968 virtutes.
1276 933 1377 969 Dici-

418 1001 451 1033 ι,
463 970 494 1023 ’ᾖ
512 990 586 1028 ⁴tur
614 983 716 1020 enim
743 984 837 1020 Luc.
863 983 962 1029 x11*,
986 983 1026 1020 in
1041 984 1179 1022 Glossa
1204 985 1244 1006 *²⁵⁵
1264 998 1380 1034 super

374 1030 467 1063 ⁷⁴³¹?
484 1028 514 1070 Ἃ
527 1036 630 1082 illud,
659 1036 755 1073 Dico
775 1037 879 1073 vobis
898 1038 1029 1073 amicis
1047 1038 1150 1083 meis,
1173 1038 1275 1086 quod
1296 1041 1379 1086 for-

315 1089 430 1125 titudo
458 1094 512 1124 est
525 1089 624 1136 fidei
636 1090 947 1138 fundamentum.
983 1091 1060 1127 Sed
1088 1091 1378 1128 fundamentum

317 1148 374 1178 est
399 1139 503 1190 prius
532 1154 579 1178 eo
609 1143 716 1179 cuius
736 1150 791 1180 est
819 1144 1124 1181 fundamentum.
1154 1145 1255 1192 Ergo
1284 1145 1382 1182 fides

316 1205 396 1232 non
425 1201 480 1230 est
507 1194 633 1243 prima
659 1196 789 1234 virtus.

102 987 200 1014 Vers4
497 978 513 994 ς

115 1004 171 1036 01·ἀῖ
186 1003 268 1036 Ᾱωδῐ.

80 989 90 998 ι

77 1014 101 1027 u

78 1243 166 1267 ’latu-1.
173 1243 289 1271 cassiod„

78 1270 290 1298 hammum

318 1353 367 1389 cit
390 1353 440 1390 ad
452 1354 586 1401 fidem.
621 1356 716 1403 Spes
736 1363 864 1392 autem
894 1363 950 1392 est
974 1356 1095 1392 virtus
1121 1357 1324 1404 quaedam,
1343 1364 1385 1393 ut

79 1409 292 1438 ’Qum-⁸³³·
318 1406 415 1444 infra
425 1407 444 1424 ‘
461 1406 616 1444 dicetur.
638 1409 740 1456 Ergo
759 1409 856 1445 fides
876 1421 954 1446 non
971 1416 1026 1445 est
1043 1408 1168 1457 prima
1186 1409 1383 1446 virtutum.
1408 1410 1410 1413 ⁴

374 1458 409 1494 3.
439 1460 680 1508 PRAETEREA,
708 1467 861 1509 supra
891 1462 1032 1499 dictum
1063 1469 1118 1497 est
1145 1462 1251 1510 quod
1278 1462 1384 1500 intel-

22 1475 23 1486 :
81 1461 92 1472 ⁸
110 1460 163 1485 ’Δη-
181 1467 195 1483 a
219 1461 248 1483 ad
266 1467 292 1487 ²3

65 1476 260 1526 ‚stadt-9-
319 1512 438 1548 lectus
466 1513 652 1551 credentis
689 1514 888 1550 inclinatur
924 1514 973 1551 ad
1007 1514 1291 1552 assentiendum
1326 1516 1385 1552 his

320 1575 419 1612 quae
457 1574 545 1603 sunt
580 1565 671 1603 fidei
709 1579 754 1604 ex
793 1566 1010 1604 obedientia
1047 1567 1096 1604 ad
1127 1569 1267 1605 Deum.
1309 1558 1411 1605 Sed³

321 1616 538 1662 obedientia
565 1619 679 1657 etiarn
709 1627 764 1656 est
791 1620 986 1667 quaedam
1014 1620 1145 1658 virtus.
1175 1622 1266 1658 Non
1295 1634 1385 1670 ergo

320 1670 418 1708 fides
446 1680 502 1709 est
527 1672 650 1721 prima
676 1674 807 1710 virtus.

372 1258 408 1283 2.
436 1247 669 1295 PRAETmA,
690 1249 881 1297 quaedam
901 1238 1060 1297 glossa*
1079 1250 1179 1297 dicit,
1201 1263 1316 1299 super
1343 1251 1383 1287 il·
1406 1220 1409 1272 ἶ

78 1303 101 1326 ³·
175 1307 193 1349 α’
266 1329 269 1330 ⁷
307 1300 612 1338 AumPsahnum
627 1307 655 1348 α,
676 1303 771 1340 Noli
787 1303 985 1348 aemulari,
1002 1303 1106 1351 quod
1121 1315 1203 1351 spes
1218 1304 1383 1340 introdu-
1408 1299 1409 1310 ¹

374 1736 412 1771 4.
441 1726 682 1772 PRAETEREA,
721 1726 818 1764 fides
846 1725 1018 1762 informis
1056 1738 1134 1763 non
1164 1734 1220 1763 est
1253 1727 1386 1764 funda-

321 1884 539 1931 caritatem,
567 1893 610 1923 ut
638 1897 752 1934 supra
771 1886 790 1907 ’ὅ
822 1885 965 1923 dictum
995 1893 1062 1922 est.
1099 1886 1202 1934 Ergo
1235 1887 1333 1924 fides
1365 1899 1388 1923 a

323 1937 475 1978 caritate
511 1938 627 1976 habet

310 2002 414 2038 *ergo
434 1999 491 2028 est
508 1991 629 2040 magis
648 1990 663 2020 β
690 1991 981 2029 fundamentum
1009 2004 1127 2040 quam
1152 1992 1267 2029 fides:
1297 2005 1387 2030 nam

322 2043 616 2089 fundamentum
645 2053 700 2082 est
726 2044 851 2093 prima
878 2057 967 2092 pars
991 2045 1166 2082 aedificii.
1196 2046 1246 2082 Et
1263 2046 1314 2083 ita
1332 2046 1388 2083 vi·
1413 2050 1415 2097 ff
1439 2046 1706 2084 universaliter
1738 2045 1980 2083 introducere
2019 2045 2068 2081 ad
2105 2045 2236 2082 fidem.
2275 2045 2368 2082 Non
2404 2045 2507 2082 enim

1413 2123 1415 2130 ι
1439 2107 1565 2149 potest
1584 2111 1671 2148 spes
1689 2099 1821 2136 haberi
1841 2099 1888 2136 de
1909 2106 2061 2136 aeterna
2081 2098 2312 2135 beatitudine
2337 2098 2408 2147 nisi
2429 2110 2507 2136 cre-

1414 2184 1415 2195 ,
1442 2154 1551 2190 datur
1579 2152 1781 2201 possibile:
1815 2152 1904 2200 quia
1931 2151 2167 2199 impossibile
2200 2163 2278 2188 non
2308 2151 2408 2188 cadit
2436 2152 2506 2188 sub

313 2098 433 2141 ,detur
461 2098 566 2146 quod
593 2098 640 2134 sit
667 2098 774 2147 prior
798 2098 910 2135 fides

379 2151 412 2188 5.
441 2151 677 2197 Pium-nam,
706 2150 918 2188 seeundum
946 2150 1122 2188 ordinem
1151 2158 1307 2189 actuum
1333 2152 1388 2189 in—

321 2203 496 2251 telligitur
523 2205 619 2242 ordo
648 2204 861 2242 habituum.
892 2203 970 2240 Sed
997 2203 1036 2240 in
1065 2211 1151 2240 actu
1171 2204 1264 2242 fidei
1283 2213 1388 2242 actus

323 2361 517 2411 praecedit
537 2362 728 2400 effectum.
757 2364 860 2412 Ergo
890 2363 1024 2400 caritas
1045 2363 1238 2412 praecedit
1256 2365 1387 2402 fidem.

326 2416 419 2457 Non
447 2427 538 2463 ergo
566 2416 664 2453 fides
693 2422 750 2453 est
775 2416 900 2464 prima
926 2416 1123 2454 virtutum.

323 2491 333 2498 .,
382 2469 456 2506 SED
476 2480 623 2507 CONTRA
641 2480 708 2506 EST
725 2469 830 2518 quod
857 2469 1067 2516 Apostolus
1091 2469 1191 2515 dicit,
1220 2470 1271 2506 ad
1287 2470 1387 2505 Heb.

325 2533 361 2559 xi
377 2521 408 2567 ’ἦ
424 2522 531 2570 quod
537 2523 640 2570 fides
658 2527 712 2559 est
727 2522 932 2559 substantia
951 2522 1227 2570 sperandarum
1247 2533 1387 2558 rerum.

329 2575 406 2617 Sed
425 2575 635 2613 substantia
661 2575 778 2613 habet
805 2575 990 2612 rationem
1016 2574 1141 2623 primi.
1171 2575 1274 2623 Ergo
1293 2574 1390 2611 fides

328 2635 385 2666 est
411 2629 536 2677 prima
564 2628 660 2666 inter
684 2628 853 2665 virtutes.

380 2681 607 2719 Responnzo
640 2692 824 2718 chENDUM
853 2679 958 2729 quod
986 2679 1127 2727 aliquid
1154 2687 1279 2728 potest
1308 2691 1390 2716 esse
1416 2683 1418 2686 “

325 2733 431 2783 prius
464 2735 583 2772 altero
616 2733 835 2783 dupliciter:
863 2745 942 2770 uno
966 2732 1100 2780 modo,
1129 2745 1198 2782 per
1226 2744 1287 2778 se;
1315 2732 1389 2769 alio

328 2789 460 2834 modo,
479 2799 549 2836 per
567 2787 754 2825 accidens.
784 2787 858 2824 Per
886 2799 927 2823 se
947 2786 1102 2834 quidem
1131 2786 1227 2823 inter
1255 2797 1391 2822 omnes

328 2840 485 2879 vii-uites
513 2841 634 2889 prima
662 2848 717 2877 est
744 2839 854 2877 fides.
883 2839 983 2876 Cum
1010 2839 1109 2876 enim
1129 2839 1167 2876 in
1195 2837 1392 2886 agibilibus

286 2909 301 2928 ι.
329 2893 416 2931 finis
435 2893 482 2930 sit
500 2893 740 2942 principium,
760 2900 802 2930 ut
820 2904 935 2941 supra
952 2893 971 2913 ³¹²
992 2892 1134 2929 dictum
1150 2899 1216 2939 est,
1237 2903 1393 2928 necesse

263 2945 304 2983 qu'·
331 2954 388 2983 est
419 2947 575 2984 virtutes
601 2945 847 2994 theologicas,
881 2957 1044 2994 quarum
1073 2944 1086 2967 δ
1115 2944 1309 2982 obiectum
1339 2953 1394 2982 est

330 3000 486 3039 ultimus
513 2999 612 3047 finis,
642 3012 725 3037 esse
744 2999 891 3048 priores
910 2998 1043 3035 ceteris
1067 2998 1278 3035 virtutibus.
1309 2999 1393 3047 Ipse

333 3060 461 3090 autem
486 3053 641 3090 ultimus
667 3052 755 3090 finis
783 3059 933 3101 oportet
961 3051 1066 3100 quod
1093 3051 1197 3100 prius
1217 3051 1262 3087 sit
1281 3051 1319 3088 in
1337 3051 1394 3088 in-

333 3106 483 3144 tellectu
514 3117 631 3154 quam
658 3105 698 3143 in
733 3106 950 3142 voluntate:
988 3104 1078 3152 quia
1110 3105 1288 3141 voluntas
1315 3116 1394 3141 non

92 2987 137 3004 Ξ

322 2255 541 2304 voluntatis,
557 2269 675 2305 quem
689 2262 705 2286 Υ
718 2257 868 2306 perficit
886 2247 1032 2304 caritas,
1048 2257 1241 2305 praecedit
1260 2266 1387 2295 actum
1413 2264 1415 2274 ⁴

324 2309 547 2357 intellectus,
567 2321 684 2358 quem
712 2310 860 2359 perficit
887 2310 998 2357 fides,
1018 2310 1114 2347 sicut
1142 2322 1268 2358 causa,
1288 2324 1387 2360 quae
1414 2308 1416 2336 3

333 3159 449 3196 fertur
476 3158 515 3195 in
543 3158 683 3207 aliquid
716 3158 787 3195 nisi
815 3165 928 3207 prout
960 3165 1016 3194 est
1047 3157 1085 3194 in
1113 3157 1302 3194 intellectu
1329 3158 1394 3206 ap-

333 3213 577 3261 prehensum.
612 3211 724 3248 Unde
758 3223 846 3248 cum
874 3210 1028 3248 ultimus
1054 3209 1141 3247 finis
1169 3209 1215 3247 sit
1237 3209 1394 3258 quidem

348 3349 350 3355 ,
388 3327 417 3358 α)
431 3326 505 3351 illum
525 3325 669 3350 Psalmum.
686 3338 706 3343 ·-
723 3324 790 3349 illud
807 3324 909 3349 Psalmi
927 3323 1075 3357 DGszCE
1093 3329 1119 3349 et
1136 3331 1182 3349 im.

389 3360 414 3393 β)
433 3365 474 3386 est
492 3360 587 3393 magis.
604 3373 624 3379 -
642 3363 740 3384 natura
759 3362 798 3384 est
817 3359 903 3392 magis
921 3357 950 3389 C,
969 3361 1010 3384 est
1027 3359 1112 3384 maius
1130 3358 1177 3384 Pa.

389 3398 416 3429 γ)
435 3403 519 3429 quem.
537 3409 555 3414 -
574 3402 652 3428 quam
673 3394 880 3426 ABDFIKLpCE
899 3399 925 3419 et
942 3401 987 3418 xa.

389 3431 414 3464 ὃ)
433 3439 557 3464 quarum.
575 3444 594 3451 -
611 3438 723 3462 quorum
742 3429 999 3461 ABCDEFHlexn.

390 3467 412 3499 ε)
431 3474 512 3499 spem.
530 3480 549 3485 -
567 3466 678 3497 speciem
698 3465 853 3497 EFpABCn.
870 3478 890 3483 -
907 3465 957 3489 Pro
975 3465 1124 3493 caritatem,
1143 3465 1257 3496 caritate
1276 3464 1351 3488 ABF.
1420 3445 1423 3486 i

1430 881 1468 917 in
1487 881 1684 917 voluntate
1706 892 1776 928 per
1795 891 1905 928 spem
1926 883 1937 899 ε
1958 886 1994 915 et
2021 877 2227 923 caritatem,
2248 878 2287 914 in
2307 878 2494 916 intellectu

1431 941 1560 970 autem
1581 945 1650 981 per
1669 932 1799 979 fidem,
1816 943 1971 968 necesse
1993 939 2047 968 est
2066 931 2173 978 quod
2191 931 2288 968 fides
2307 931 2354 967 sit
2371 933 2495 980 prima

1431 987 1528 1023 inter
1548 998 1684 1022 omnes
1705 985 1879 1022 virtutes:
1909 984 1998 1033 quia
2026 983 2204 1021 naturalis
2233 984 2396 1032 cognitio
2418 998 2496 1022 non

1432 1047 1558 1088 potest
1590 1038 1770 1086 attingere
1808 1037 1857 1074 ad
1894 1039 2022 1074 Deum
2058 1038 2270 1074 secundum
2308 1039 2413 1086 quod
2443 1046 2497 1075 est

1433 1093 1625 1130 obiectum
1656 1090 1906 1137 beatitudinis,
1926 1098 2040 1139 prout
2067 1090 2187 1127 tendit
2207 1090 2245 1126 in
2264 1090 2389 1138 ipsum
2410 1104 2498 1140 spes

1405 1153 1407 1197 ἶ
1434 1155 1471 1184 et
1497 1145 1644 1182 caritas.

1489 1199 1565 1236 Sed
1584 1210 1654 1247 per
1673 1197 1848 1234 accidens
1867 1203 1993 1245 potest
2012 1195 2138 1243 aliqua
2153 1195 2274 1232 virtus
2293 1208 2377 1232 esse
2395 1197 2500 1245 prior

1434 1252 1524 1289 fide.
1556 1252 1683 1288 Causa
1712 1250 1813 1286 enim
1842 1262 1911 1298 per
1939 1249 2115 1286 accidens
2144 1256 2200 1285 est
2227 1261 2297 1297 per
2324 1249 2500 1286 accidens

1434 1305 1551 1354 prior.
1590 1305 1809 1340 Removere
1845 1310 1973 1339 autem
2009 1302 2217 1351 prohibens
2253 1302 2415 1350 pertinet
2451 1303 2527 1340 ad«

1437 1369 1591 1394 causam
1621 1369 1691 1404 per
1710 1356 1907 1393 accidens:
1936 1363 1977 1392 ut
1995 1362 2097 1404 patet
2120 1368 2188 1403 per
2207 1355 2499 1404 Philosophum,

1435 1411 1474 1447 in
1502 1411 1588 1446 VIII
1613 1410 1762 1457 Physic.
1784 1409 1803 1429 ’ᾗ
1832 1410 1881 1445 Et
1909 1409 2120 1445 secundum
2150 1410 2223 1445 hoc
2253 1408 2400 1457 aliquae
2427 1409 2502 1446 vir-

1408 1471 1534 1502 ‚tutes
1566 1469 1728 1511 possunt
1765 1461 1838 1498 dici
1866 1474 1934 1509 per
1975 1461 2149 1498 accidens
2189 1461 2334 1509 priores
2367 1462 2444 1498 fide
2464 1462 2500 1507 ῆι,

1436 1517 1664 1565 inquantum
1688 1522 1892 1551 removent
1915 1514 2188 1562 impedimenta
2209 1515 2404 1551 credendi:
2435 1515 2503 1551 sic-

1436 1577 1478 1606 ut
1496 1568 1676 1606 fortitudo
1702 1575 1877 1604 removet
1903 1566 2162 1605 inordinatum
2185 1567 2364 1604 timorem
2384 1567 2504 1616 impe-

1410 1655 1412 1660 .
1438 1622 1604 1661 dientem
1635 1621 1773 1666 fidem;
1802 1620 1994 1657 humilitas
2023 1628 2151 1657 autem
2181 1621 2411 1669 superbiam,
2436 1633 2506 1669 per

1410 1681 1412 1714 ξ
1439 1687 1556 1724 quam
1594 1675 1803 1711 intellectus
1840 1682 1988 1710 recusat
2026 1686 2066 1710 se
2104 1673 2325 1710 submittere
2357 1674 2506 1711 veritati

1410 1738 1413 1775 ξ
1433 1720 1530 1766 'fidei
1548 1727 1568 1748 ³⁴
1602 1728 1651 1764 Et
1678 1727 1780 1764 idem
1808 1734 1934 1775 potest
1963 1726 2036 1764 dici
2056 1727 2103 1764 de
2124 1726 2313 1775 aliquibus
2333 1727 2412 1764 aliis
2431 1727 2505 1764 vir·
2536 1740 2542 1746 ·

321 1785 507 1826 mentum,
528 1779 594 1816 sed
622 1779 719 1816 fides
746 1779 930 1817 formata:
959 1779 1114 1821 sicut⁶in
1135 1779 1306 1817 Glossaff'·
1334 1780 1387 1818 di·
1411 1784 1413 1829 ξ
1438 1781 1600 1819 tutibus:
1645 1779 1823 1829 quamvis
1859 1793 1938 1817 non
1976 1780 2048 1816 sint
2088 1791 2203 1816 verae
2241 1780 2398 1818 virtutes
2435 1780 2506 1817 nisi

324 1829 430 1878 citur,
460 1832 473 1867 l
502 1832 554 1868 ad
575 1832 663 1870 Cor.
689 1844 724 1868 111
748 1833 778 1868 ²³².
809 1833 1014 1869 Formatur
1038 1840 1166 1870 autem
1195 1833 1292 1870 fides
1319 1846 1388 1882 per
1412 1832 1413 1868 i

1438 1833 1731 1884 praesupposita
1759 1833 1849 1879 fide,
1878 1841 1920 1870 ut
1946 1841 2050 1881 patet
2076 1845 2145 1881 per
2170 1833 2440 1881 Augustinum,
2469 1833 2506 1870 in

1412 1929 1414 1936 J
1439 1888 1536 1925 libro
1565 1892 1696 1924 contra
1724 1886 1918 1924 Iulianum
1938 1885 1967 1921 ²³².

667 1938 773 1988 quod
810 1938 856 1975 sit
891 1939 1198 1976 fundamentum.
1242 1939 1414 1988 Caritas*i

1493 1940 1604 1978 Unde
1633 1947 1737 1988 patet
1765 1939 1964 1987 responsio
1993 1938 2042 1975 ad
2070 1938 2252 1987 primum.

1493 1995 1553 2030 AD
1581 1999 1773 2030 SECUNDUM
1799 2004 1984 2030 DlCENDUM
2013 1992 2119 2039 quod
2151 2004 2238 2040 spes
2271 2004 2351 2028 non
2383 1999 2509 2040 potest

1441 2218 1520 2255 spe,
1541 2214 1583 2242 ut
1602 2218 1647 2242 ex
1671 2205 1896 2254 supradictis
1915 2204 1935 2226 ²⁵²
1955 2212 2067 2254 patet.
2099 2204 2176 2241 Sed
2202 2216 2247 2240 ex
2277 2216 2344 2253 spe
2373 2204 2508 2253 aliquis

1441 2259 1629 2296 introduci
1657 2266 1782 2307 potest
1815 2258 1864 2295 ad
1883 2259 1959 2294 hoc
1986 2258 2092 2306 quod
2120 2265 2340 2306 perseveret
2358 2257 2396 2294 in
2415 2258 2507 2304 fide,

1442 2313 1504 2349 vel
1533 2311 1639 2360 quod
1667 2311 1758 2348 fidei
1785 2311 1947 2348 firmiter
1974 2312 2190 2348 adhaereat.
2221 2311 2270 2347 Et
2295 2311 2508 2348 secundum

1443 2366 1518 2402 hoc
1538 2365 1674 2402 dicitur
1693 2377 1780 2413 spes
1799 2364 2040 2401 introducere
2062 2365 2111 2401 ad
2130 2364 2263 2401 fidem.

1496 2420 1556 2455 An
1583 2429 1744 2455 TERTIUM
1772 2429 1956 2454 mcENDUM
1995 2419 2105 2466 quod.
2137 2416 2354 2454 obedientia
2388 2416 2510 2465 dupli-

1444 2470 1535 2507 citer
1562 2470 1708 2507 dicitur.
1739 2470 1985 2519 Quandoque
2014 2471 2117 2507 enim
2146 2471 2326 2519 importat
2355 2469 2509 2506 inclina-

1443 2523 1587 2560 tionem
1606 2523 1811 2559 voluntatis
1839 2524 1889 2560 ad
1907 2523 2147 2572 implendum
2168 2523 2297 2560 divina
2316 2523 2505 2558 mandata.

1444 2576 1494 2612 Et
1521 2575 1574 2612 sic
1603 2587 1681 2612 non
1717 2582 1773 2612 est
1805 2575 1978 2624 specialis
2006 2576 2146 2623 virtus,
2185 2576 2253 2613 sed
2287 2575 2510 2623 generaliter

1444 2628 1646 2665 includitur
1665 2628 1703 2665 in
1723 2628 1830 2665 omni
1857 2628 2011 2666 virtute:
2042 2629 2132 2676 quia
2151 2641 2287 2666 omnes
2311 2635 2416 2664 actus
2434 2628 2510 2665 vir-

1444 2689 1569 2718 tutum
1599 2681 1739 2718 cadunt
1775 2682 1846 2718 sub
1882 2682 2093 2730 praeceptis
2131 2682 2221 2730 legis
2258 2681 2430 2727 divinae,
2469 2689 2510 2717 ut

1445 2747 1561 2783 supra
1579 2733 1599 2755 ἧς
1619 2734 1760 2771 dictum
1781 2741 1848 2771 est.
1878 2735 1927 2771 Et
1944 2736 2020 2772 hoc
2039 2735 2159 2772 modo
2180 2735 2228 2772 ad
2248 2734 2367 2771 fidem
2387 2733 2509 2783 requi-

1446 2787 1538 2824 ritur
1566 2787 1793 2824 obedientia.
1815 2809 1839 2816 -
1857 2787 1942 2824 Alio
1971 2788 2090 2825 modo
2118 2795 2244 2837 potest
2271 2786 2390 2835 accipi
2419 2784 2510 2823 obe-

1447 2839 1586 2878 dientia
1618 2840 1831 2877 secundum
1870 2841 1975 2889 quod
2009 2841 2190 2890 importat
2225 2839 2507 2877 inclinationem

1447 2893 1641 2941 quandam
1670 2892 1683 2919 ζ
1711 2894 1759 2931 ad
1801 2893 2036 2943 implendam
2075 2894 2255 2932 mandata
2297 2893 2510 2930 secundum

1447 2947 1552 2995 quod
1581 2947 1723 2983 habent
1751 2947 1937 2984 rationem
1970 2947 2096 2984 debiti.
2132 2948 2182 2984 Et
2209 2947 2263 2984 sic
2295 2946 2511 2984 obedientia

1448 3007 1505 3036 est
1533 2999 1705 3048 specialis
1733 2999 1864 3047 virtus,
1886 3007 1923 3037 et
1951 3008 2006 3037 est
2025 3006 2043 3028 η
2061 3012 2150 3049 pars
2178 2999 2360 3037 iustitiae:
2391 2999 2512 3036 reddit

1449 3053 1551 3090 enim
1580 3052 1765 3101 superiori
1793 3053 1964 3091 debitum
1992 3053 2210 3091 obediendo
2239 3053 2322 3090 sibi.
2360 3053 2511 3093 Ethoc

1448 3105 1568 3142 modo
1597 3105 1813 3143 obedientia
1840 3106 2010 3155 sequitur
2036 3107 2168 3154 fidem,
2189 3119 2258 3157 per
2285 3118 2403 3154 quarn
2431 3118 2511 3143 ma-

1447 3158 1644 3196 nifestatur
1679 3159 1826 3196 homini
1863 3160 1969 3208 quod
1997 3161 2103 3196 Deus
2140 3159 2186 3197 sit
2220 3159 2411 3207 superior,
2451 3158 2510 3195 cui

1450 3211 1588 3248 debeat
1615 3212 1772 3249 obedire
1793 3210 1818 3249 θ.

1501 3325 1526 3357 ζ)
1547 3326 1744 3351 inclinationem
1770 3326 1914 3358 quandam.
1931 3340 1951 3345 --
1969 3326 2166 3351 inclinationem
2191 3329 2318 3358 quantum
2343 3324 2510 3349 PABCEFHI

1420 3353 1423 3390 ζ
1448 3360 1534 3389 Kana,
1555 3362 1689 3393 quandam
1709 3361 1906 3387 inclinationem
1926 3365 2054 3394 quantum
2074 3362 2106 3392 G,
2127 3361 2324 3386 inclinationem
2344 3360 2374 3385 L.

1501 3397 1528 3428 η)
1548 3399 1596 3421 est.
1613 3410 1633 3415 —
1651 3398 1713 3422 Om.
1733 3397 1787 3421 PH.

1501 3430 1526 3463 θ)
1546 3432 1660 3458 obedire.
1678 3447 1698 3452 -
1716 3432 1819 3457 obediri
1838 3432 2053 3457 ABCDEFHKL.

2530 1423 2587 1445 'Ca

2531 1450 2553 1470 S.

2587 1429 2610 1471 g.
2621 1429 2652 1449 iv,
2665 1429 2688 1445 n.
2698 1423 2719 1445 6.
2728 1435 2738 1439 -

2564 1450 2585 1471 T
2603 1465 2609 1471 .
2624 1450 2674 1471 lect.
2691 1456 2738 1471 vui.

2531 1483 2539 1490 '
2555 1481 2582 1502 D.
2598 1481 2645 1509 657.

2535 1887 2544 1896 “
2551 1885 2648 1911 Lib.1v,
2656 1892 2746 1914 cap.111.

2537 2214 2545 2221 .
2555 2212 2577 2232 1³

2551 2243 2570 2260 Γῐ

2537 2745 2570 2765 Ἰ

2592 2212 2646 2260 ξῐη,
2657 2218 2697 2239 qu.
2708 2219 2744 2239 ιι,

2573 2745 2584 2757 ⁸
2599 2745 2652 2771 11⁸⁶,
2667 2751 2706 2773 qu.
2727 2751 2747 2772 c,
