2892 4056
977 180 1242 228 QUAESTIO
1271 177 1444 225 XXXIV,
1473 177 1768 214 ARTICULUS
1798 176 1859 222 111,
1882 175 1933 211 IV

2434 185 2507 222 277

1142 295 1458 338 ARTICULUS
1485 293 1713 335 TERTIUS

913 390 1069 422 UTRUM
1092 390 1215 421 OMNE
1240 388 1381 420 ODIUM
1403 387 1582 419 PROXlMl
1607 387 1674 418 SIT
1696 386 1935 418 PECCATUM

1102 467 1194 499 Supra,
1212 474 1257 499 qu.
1275 473 1332 496 m,
1350 469 1397 490 art.
1416 463 1446 496 6;
1466 464 1497 490 In
1516 464 1615 489 Psalm.
1634 464 1738 489 XXIV.

376 579 396 591 s„
420 566 427 588 ,ι
471 578 495 598 „¹
518 574 519 578 ,
547 557 569 582 u
588 557 747 584 TERTtUM
766 558 820 583 stc
843 555 1082 583 PROCEDITUR.
1110 544 1270 581 Videtur
1289 542 1394 591 quod

363 596 415 623 '⁵'
473 600 525 669 {5²²-
544 610 623 636 non
643 611 758 636 omne
779 599 911 658 odium
933 596 1096 646 proximi
1115 596 1161 633 sit
1178 603 1391 656 peccatum.

330 755 542 793 secundum
562 750 653 794 illud
667 757 779 794 Rev.
790 766 851 792 vm
861 754 893 792 *.
913 755 1022 792 Recti
1035 760 1052 776 α
1069 760 1157 791 sunt
1173 766 1302 791 omnes
1315 766 1390 791 ser-

329 818 459 845 mones
486 809 582 846 mei:
609 821 683 847 non
712 815 767 846 est
782 809 820 845 in
839 808 892 844 eis
910 818 1079 856 pravum
1100 807 1190 856 quid
1215 819 1284 844 nec
1302 819 1390 855 per—

327 870 492 898 versum.
522 861 599 899 Sed
627 862 720 899 Luc.
739 872 802 898 xiv
818 860 839 882 ²¹³
867 859 1020 897 dicitur:
1051 860 1093 896 Si
1113 859 1195 908 quis
1218 860 1319 896 venit
1341 859 1393 896 ad

329 925 390 950 me
407 920 444 950 et
459 925 534 951 non
554 915 632 951 odit
640 919 792 964 patrem
812 919 848 950 et
863 918 1036 959 matrem,
1057 923 1131 949 non
1146 918 1269 960 potest
1285 923 1390 948 meus

327 976 407 1003 esse
431 966 641 1015 discipulus.
681 967 784 1015 Ergo
813 978 892 1003 non
921 978 1037 1003 omne
1065 965 1198 1002 odium
1226 963 1390 1013 proximi

328 1026 384 1056 est
406 1026 623 1068 peccatum.

326 1072 335 1076 “
379 1070 416 1108 2.
445 1070 686 1119 Puni-eam,
715 1070 807 1108 nihil
833 1077 960 1121 potest
991 1083 1073 1108 esse
1102 1077 1302 1120 peccatum
1332 1081 1389 1106 se-

185 1125 202 1159 β
326 1115 495 1160 'cundum
523 1125 628 1173 quod
647 1122 663 1154 Ρ
690 1124 818 1162 Deum
846 1123 1048 1161 imitamur.
1086 1123 1164 1161 Sed
1203 1122 1388 1160 imitando

323 1176 453 1213 Deum
493 1177 683 1226 quosdam
725 1177 815 1214 odio
857 1178 1065 1214 habemus:
1113 1176 1249 1214 dicitur
1286 1175 1388 1213 enirn

92 761 103 771 ⁸
117 760 183 782 Vers.
198 759 221 782 8.

90 868 102 879 ·
115 867 182 888 νει-ι.
196 866 232 888 26.
246 899 250 902 ²

109 1232 220 1262 vn„
322 1229 436 1267 Rom.
462 1229 529 1266 1*:
570 1231 823 1276 Detractores,
851 1231 934 1268 Deo
962 1230 1126 1267 odibiles.
1170 1230 1272 1277 Ergo
1301 1241 1388 1278 pos—

323 1292 456 1334 summ
483 1282 634 1331 aliquos
662 1283 752 1320 odio
780 1284 922 1320 habere
950 1284 1095 1331 absque
1123 1290 1293 1331 peccato,

270 1336 285 1339 ⁷
377 1335 412 1372 3.
442 1335 680 1383 PRAETEREA,
710 1336 802 1373 nihil
829 1336 1056 1373 naturalium
1085 1344 1141 1372 est
1169 1342 1386 1384 peccatum:

193 1386 199 1434 J
322 1387 414 1436 quia
430 1396 631 1436 peccatum
651 1396 707 1425 est
725 1401 891 1425 recessus
918 1390 966 1426 ab
990 1401 1034 1426 eo
1053 1389 1155 1437 ‘quod
1179 1394 1234 1426 est
1257 1400 1389 1426 secun-

83 1436 214 1494 ηῡεῃῆζξ
225 1445 294 1493 αξξ·
321 1440 411 1477 dum
434 1446 624 1488 naturam,
653 1449 696 1478 ut
713 1443 977 1478 Damascenus
1002 1441 1101 1489 dicit,
1128 1441 1167 1477 in
1186 1443 1218 1478 II
1239 1441 1375 1478 libro*

83 1477 294 1547 gzssssffiluvf
322 1491 400 1531 Sed
418 1494 590 1531 naturale
605 1500 662 1531 est
677 1493 883 1543 unicuique
903 1495 956 1531 rei
975 1495 1081 1543 quod
1101 1493 1205 1530 odiat
1223 1493 1262 1530 id
1280 1469 1387 1543 quod

179 1559 197 1586 τ
320 1538 393 1599 esst
401 1544 474 1594 sibi
493 1545 724 1586 contrarium
750 1554 787 1595 et
805 1546 912 1596 quod
930 1546 1070 1585 nitatur
1087 1551 1103 1574 Υ
1132 1547 1182 1583 ad
1205 1545 1286 1583 eius
1306 1559 1387 1583 cor-

319 1586 550 1648 ruptionem.
567 1593 679 1648 Ergo
693 1599 844 1639 videtur
860 1612 940 1639 non
959 1612 1042 1638 esse
1059 1607 1262 1648 peccatum
1281 1600 1384 1648 quod

319 1651 455 1699 aliquis
479 1652 622 1690 habeat
647 1653 738 1690 odio
766 1653 964 1690 inimicum
990 1665 1116 1690 suum.

335 1705 449 1742 San
477 1715 625 1743 eon-rm
650 1712 719 1743 es'r
737 1706 843 1756 quod
869 1706 1003 1743 dicitur
1028 1707 1042 1742 I
1069 1708 1173 1743 ioan.
1203 1717 1226 1743 11
1245 1706 1280 1742 *ε
1312 1706 1389 1747 Qui

307 1755 479 1820 sr'alrem
505 1763 615 1796 suum
642 1758 721 1796 odit
746 1759 783 1796 in
812 1759 972 1797 tenebris
997 1764 1060 1796 est.
1100 1759 1177 1796 Sed
1204 1759 1385 1796 tenebrae

259 1801 530 1864 .{'131rituales
547 1818 636 1851 sunt
652 1819 820 1861 peccata.
849 1812 952 1861 Ergo
972 1811 1104 1850 odium
1123 1811 1287 1861 proximi
1306 1823 1385 1849 non

150 1870 160 1885 ³
215 1871 226 1884 ²
317 1870 446 1912 potest
472 1876 556 1902 esse
584 1865 667 1903 sine
694 1873 867 1914 peccato.

362 1917 598 1955 stvounso
631 1929 815 1956 DICENDUM
835 1919 952 1966 quod
989 1917 1123 1955 odium
1159 1917 1283 1954 amori
1315 1929 1383 1966 op-

219 1977 293 2020 33²
317 1969 492 2028 ponitur,
528 1978 572 2007 ut
606 1980 722 2020 supra
748 1971 769 1993 ’Β
796 1971 938 2008 dictum
974 1978 1040 2008 est.
1087 1970 1200 2008 Unde
1234 1977 1382 2008 tantum

67 2013 158 2050 ἀἱ
155 2013 290 2053 '··“·²·“⁸
316 2015 434 2060 habet
474 2021 608 2068 odium
643 2023 692 2060 de
729 2025 875 2062 ratione
912 2024 1003 2062 mali
1042 2031 1228 2073 quantum
1273 2036 1384 2061 amor

315 2068 434 2135 lssfQBet
473 2075 522 2113 de
558 2075 705 2114 ratione
741 2075 847 2115 boni.
891 2078 1017 2115 Amor
1051 2085 1180 2115 autem
1218 2077 1382 2114 debetur

314 2127 493 2215 proximo
506 2130 720 2169 secundum
738 2130 778 2168 id
797 2130 904 2179 quod
922 2142 946 2167 a
959 2132 1044 2168 Deo
1063 2131 1191 2178 habet,
1210 2130 1308 2168 idest
1325 2143 1383 2168 se—

320 2249 326 2252 *
339 2257 341 2259 ·
364 2243 400 2276 α)
416 2242 542 2269 neeffl-
559 2242 630 2269 fust!
646 2244 676 2268 P.

371 2277 397 2311 β)
415 2278 561 2304 secundum
579 2279 698 2311 quod.-
678 2279 742 2304 -ίη
757 2287 810 2312 quo
827 2280 856 2304 P.

1447 542 1614 580 cundum
1642 550 1817 580 naturam
1838 551 1874 580 et
1893 542 2070 590 gratiam:
2099 553 2177 579 non
2201 548 2329 578 autern
2351 540 2509 577 debetur

1447 595 1479 632 ei
1515 607 1625 632 amor
1651 595 1863 632 secundum
1902 595 1940 632 id
1969 594 2074 644 quod
2110 595 2225 632 habet
2262 606 2284 631 a
2317 593 2443 642 seipso
2473 601 2509 630 et

1447 648 1612 696 diabolo,
1642 648 1781 685 scilicet
1808 648 2022 685 secundum
2050 654 2250 696 peccatum
2285 654 2322 684 et
2348 645 2507 683 iustitiae

1446 701 1647 738 defectum.
1696 702 1745 738 Et
1780 701 1867 738 ideo
1904 701 1988 738 licet
2019 701 2162 738 habere
2197 700 2288 737 odio
2326 699 2364 736 in
2396 699 2507 736 fratre

1444 762 1645 802 peccatum
1665 762 1701 791 et
1715 766 1831 791 omne
1850 753 1940 791 illud
1956 754 2061 802 quod
2079 752 2240 802 pertinet
2253 754 2301 790 ad
2317 752 2508 790 defectum

1445 806 1595 844 divinae
1623 806 1800 844 iustitiae:
1835 806 1902 843 sed
1929 807 2051 855 ipsam
2079 813 2257 843 naturam
2285 813 2322 843 et
2348 805 2507 853 gratiam

1444 859 1564 896 fratris
1580 871 1659 896 non
1676 866 1801 908 potest
1819 859 1954 908 aliquis
1971 860 2114 897 habere
2129 858 2219 896 odio
2240 858 2321 895 sine
2335 866 2507 907 peccato.

1444 912 1530 949 Hoc
1549 919 1677 948 autern
1705 912 1831 960 ipsum
1851 911 1955 960 quod
1983 912 2022 949 in
2050 912 2162 948 fratre
2181 911 2335 948 odimus
2355 912 2505 961 culpam

1443 972 1479 1000 et
1512 964 1702 1001 defectum
1739 964 1850 1011 boni,
1887 964 2050 1013 pertinet
2078 965 2126 1001 ad
2154 964 2276 1000 fratris
2311 976 2506 1002 amorem:

1442 1016 1614 1054 eiusdem
1643 1017 1743 1053 enim
1774 1017 1928 1054 rationis
1958 1025 2013 1054 est
2040 1017 2145 1066 quod
2169 1016 2332 1054 velimus
2361 1018 2507 1054 bonurn

1443 1069 1598 1106 alicuius
1627 1077 1664 1106 et
1691 1070 1797 1118 quod
1826 1069 1978 1107 odimus
1997 1068 2011 1092 ὅ
2040 1070 2186 1107 malurn
2214 1069 2343 1118 ipsius.
2381 1070 2506 1118 Unde,

1441 1122 1659 1171 simpliciter
1686 1122 1909 1172 accipiendo
1939 1123 2073 1160 odium
2101 1121 2239 1169 fratris,
2270 1134 2424 1171 semper
2453 1131 2509 1160 est

1443 1188 1530 1213 cum
1558 1183 1730 1225 peccato.

1493 1231 1552 1266 An
1571 1241 1709 1266 PthJM
1728 1241 1826 1266 ERGO
1846 1240 2031 1266 monimum
2044 1225 2162 1276 ‚quod‘
2178 1234 2367 1277 parentes,
2388 1239 2507 1276 quan-

1441 1290 1522 1319 tum
1542 1281 1591 1319 ad
1609 1290 1785 1319 naturam
1812 1289 1849 1318 et
1871 1281 2093 1318 affinitatem
2112 1294 2188 1331 qua
2216 1281 2327 1318 nobis
2348 1281 2506 1317 coniun-

1440 1343 1589 1383 guntur,
1619 1342 1706 1372 sunt
1733 1348 1755 1372 a
1783 1334 1894 1372 nobis
1922 1334 2136 1372 secundum
2164 1341 2414 1383 praeceptum
2434 1333 2507 1371 Dei

1438 1388 1668 1435 honorandi,
1696 1396 1739 1426 ut
1764 1396 1869 1436 patet
1894 1389 2018 1425 Exod.
2047 1400 2095 1424 xx
2113 1387 2145 1424 *.
2181 1387 2349 1424 Odiendi
2376 1394 2506 1424 autem

1439 1449 1526 1478 sunt
1544 1448 1732 1489 quantum
1757 1441 1806 1477 ad
1829 1442 1904 1477 hoc
1923 1441 2029 1489 quod
2054 1441 2373 1490 impedimentum
2397 1453 2507 1489 prae-

1438 1501 1537 1531 stant
1574 1493 1684 1530 nobis
1722 1492 1929 1530 accedendi
1967 1493 2016 1530 ad
2042 1494 2317 1543 perfectionem
2353 1493 2506 1530 divinae

1439 1546 1614 1584 iustitiae.

1456 1639 1459 1641 ,
1490 1601 1549 1637 An
1577 1610 1770 1638 SECUNDUM
1797 1602 1982 1636 melerinum
2002 1599 2109 1647 quod
2135 1600 2243 1636 Deus
2262 1598 2301 1636 in
2319 1599 2507 1636 detracto-

1439 1652 1542 1690 ribus
1569 1652 1660 1689 odio
1688 1652 1804 1689 habet
1831 1653 2003 1701 culpam,
2033 1664 2112 1690 non
2139 1659 2328 1689 naturam.
2375 1653 2425 1688 Et
2451 1652 2506 1689 sic

1438 1706 1518 1742 sine
1546 1706 1657 1755 culpa
1683 1716 1890 1754 possumus
1919 1705 2008 1742 odio
2039 1705 2269 1742 detractores
2296 1706 2450 1742 habere.

1458 1770 1465 1773 ⁷
1490 1760 1549 1795 AD
1567 1769 1728 1795 τεκτιυΜ
1756 1769 1941 1795 memnon
1960 1758 2066 1808 quod
2094 1758 2271 1796 homines
2291 1759 2504 1796 secundum

1439 1811 1542 1848 bona
1575 1823 1672 1861 quae
1701 1811 1845 1848 habent
1871 1823 1893 1848 a
1919 1811 2005 1848 Deo
2037 1824 2118 1849 non
2149 1819 2238 1849 sunt
2269 1811 2380 1849 nobis
2413 1824 2503 1848 con—

1437 1864 1556 1902 trarii:
1583 1864 1688 1902 unde
1706 1872 1893 1912 quantum
1914 1864 1964 1902 ad
1991 1865 2067 1902 hoc
2090 1873 2178 1903 sunt
2195 1865 2364 1903 amandi.
2401 1865 2503 1903 Con-

1436 1917 1637 1955 trariantur
1664 1925 1794 1955 autem
1832 1917 1942 1954 nobis
1975 1919 2189 1956 secundum
2226 1918 2332 1965 quod
2371 1925 2503 1955 contra

1438 1982 1508 2008 nos
1536 1971 1749 2008 inimicitias
1778 1977 1965 2017 exercent,
1987 1971 2092 2018 quod
2121 1971 2170 2008 ad
2190 1983 2325 2008 eorum
2351 1971 2501 2020 culpam

1438 2025 1614 2073 pertinet:
1653 2031 1690 2060 et
1718 2031 1904 2072 quantum
1924 2024 1975 2061 ad
1993 2024 2068 2061 hoc
2095 2031 2182 2061 sunt
2201 2024 2290 2061 odio
2322 2024 2500 2062 habendi.

1439 2077 1526 2115 Hoc
1562 2077 1664 2114 enim
1700 2077 1740 2114 in
1768 2077 1820 2114 eis
1848 2078 2035 2115 debemus
2070 2077 2213 2147 habere
2250 2077 2360 2125 odio,
2395 2078 2501 2126 quod

1437 2130 1548 2168 nobis
1575 2138 1663 2168 sunt
1689 2130 1844 2168 inimici.

1488 2246 1515 2279 γ)
1536 2245 1648 2270 nitatur.
1666 2259 1684 2263 -
1702 2245 1800 2270 nititur
1817 2245 1890 2270 GsA.

1489 2280 1514 2313 δ)
1533 2281 1649 2306 odimus.
1667 2295 1684 2300 -
1702 2281 1826 2306 odiamus
1844 2281 1927 2305 szo
1946 2285 1972 2305 et
1990 2288 2016 2305 a.

997 2342 1329 2383 Commentaria
1351 2351 1601 2384 cardinalis
1624 2351 1825 2384 Caietam

345 2427 370 2455 ir
389 2417 524 2449 articulo
553 2418 645 2449 tertio
669 2418 812 2450 eiusdem
839 2419 1034 2460 quaestionis
1060 2419 1380 2461 trigesima-squamae,

35 2479 38 2484 .
79 2462 290 2517 {ff‘ssff'fflffi'g
319 2429 380 2492 lin
403 2461 611 2503 responsione
626 2463 666 2493 ad
681 2463 819 2500 tertium,
836 2463 991 2495 Martinus
1008 2464 1144 2494 occurrit
1156 2464 1187 2493 *z
1216 2478 1229 2492 ι
1245 2463 1334 2494 Haec
1351 2477 1379 2502 »,

29 2518 33 2530 ³
78 2505 183 2539 man-2
197 2515 221 2538 ⁶.
316 2505 434 2543 dicens,
461 2506 605 2538 «solutio
628 2516 695 2538 non
718 2507 797 2538 mihi
819 2507 944 2538 videtur
962 2507 1103 2538 sufficere
1118 2521 1146 2538 n.
1175 2508 1250 2538 Non
1273 2508 1380 2538 solum

315 2549 458 2581 naturale
480 2558 527 2582 est
549 2550 638 2582 odire
661 2561 716 2582 eos
733 2551 788 2592 qui
810 2552 936 2588 iniuste,
953 2552 1008 2582 sed
1031 2551 1126 2583 etiam
1149 2562 1204 2582 eos
1220 2551 1275 2592 qui
1299 2552 1380 2582 iuste

314 2594 518 2630 inimicantur
541 2595 649 2627 nobis·
673 2596 827 2637 quoniam
851 2596 1067 2627 universaliter
1084 2596 1231 2627 inimicos
1255 2603 1380 2627 natura-

314 2638 386 2687 liter
407 2637 484 2670 odio
506 2639 671 2672 habemus.

350 2682 422 2714 Ad
444 2682 506 2714 hoc
530 2683 644 2715 dicitur
674 2684 763 2724 quod
792 2683 850 2715 iste
879 2683 1020 2715 abutitur
1049 2683 1222 2721 vocabulis,
1252 2691 1283 2715 et
1305 2694 1378 2725 pro-

314 2733 421 2768 pterea
444 2735 534 2760 errat.
569 2728 634 2766 Qui
658 2728 743 2759 enim
765 2728 848 2759 iuste
871 2728 964 2758 nobis
987 2729 1218 2759 adversantur
1214 2738 1280 2759 non
1304 2735 1379 2759 sunt

82 2770 255 2818 12⁴*
313 2769 434 2830 inimici
457 2772 572 2803 nostri:
597 2779 633 2804 ut
655 2778 741 2813 patet
758 2781 795 2804 ex
810 2772 872 2803 hoc
895 2772 984 2813 quod
1001 2773 1117 2803 nolunt
1131 2772 1223 2803 nobis
1243 2773 1375 2809 malum,

1434 2421 1499 2457 sed,
1524 2421 1666 2452 odientes
1691 2422 1828 2462 culpam,
1851 2421 1967 2452 volunt
1989 2421 2113 2469 bonuy
2127 2420 2264 2452 iustitiae
2283 2421 2316 2452 in
2331 2421 2498 2462 punitione

1435 2471 1552 2495 nostra.
1578 2464 1728 2496 Inimicus
1752 2472 1860 2496 autem
1883 2465 1953 2497 vult
1984 2466 2129 2496 absolute
2151 2465 2230 2496 mihi
2254 2465 2391 2496 malum:
2416 2466 2497 2498 sicut

1434 2508 1555 2539 amicus
1577 2509 1648 2539 vult
1669 2509 1813 2539 absolute
1842 2509 1921 2539 mihi
1953 2509 2087 2540 bonum.
2119 2509 2221 2540 Cuius
2245 2510 2339 2540 etiam
2369 2510 2496 2550 signum

1434 2559 1480 2583 est
1502 2552 1590 2593 quod
1614 2553 1702 2583 Deus
1726 2553 1816 2589 nulli,
1833 2553 1928 2583 etiam
1952 2554 2113 2589 damnato,
2134 2560 2180 2584 est
2194 2553 2359 2590 inimicus;
2384 2565 2496 2595 quarn-

1433 2597 1479 2626 vis
1503 2596 1623 2627 multos
1646 2597 1774 2637 puniat,
1798 2597 1909 2627 volens
1937 2597 1982 2627 eis
2003 2607 2070 2627 non
2100 2597 2222 2628 malum
2250 2598 2410 2635 absolute,
2441 2600 2496 2630 sed

1425 2641 1556 2671 bonum
1578 2640 1715 2671 iustitiae
1739 2641 1771 2670 in
1795 2641 1850 2678 eis,
1875 2641 1963 2682 quod
1986 2642 2108 2672 malum
2130 2651 2254 2683 poenae
2269 2652 2382 2673 eorum
2401 2643 2496 2675 habet

1432 2694 1599 2716 annexum.
1618 2685 1710 2716 Unde
1725 2684 1843 2716 solutio
1860 2692 1907 2716 est
1922 2685 2032 2716 solida.
2050 2686 2214 2723 Quoniam
2229 2685 2434 2718 falsissimum
2449 2695 2496 2719 est

1431 2729 1520 2770 quod
1532 2729 1714 2760 naturaliter
1733 2729 1808 2760 odio
1825 2729 1999 2760 habeamus
2014 2730 2179 2770 punitores
2195 2737 2321 2761 nostros
2338 2738 2374 2762 ut
2387 2731 2494 2762 inimi-

1431 2782 1498 2803 cos:
1522 2772 1596 2804 licet
1610 2783 1723 2804 verum
1738 2773 1779 2804 sit
1793 2774 1882 2814 quod
1897 2774 2080 2805 naturaliter
2100 2775 2176 2805 odio
2192 2775 2347 2806 habemus
2363 2786 2492 2816 poenas.

1091 2908 1411 2951 ARTICULUS
1442 2909 1714 2960 QUARTUS

771 3000 928 3034 UTRUM
952 3002 1093 3034 ODIUM
1116 3001 1296 3034 PROXIMI
1319 3002 1386 3034 SIT
1410 3003 1704 3035 GRAVISSIMUM
1727 3002 2027 3035 PECCATORUM

987 3046 1107 3084 QUAE
1131 3046 1174 3077 IN
1197 3045 1428 3078 PROXIMUM
1452 3047 1812 3079 COMMITTUNTUR

1019 3124 1094 3156 Infra,
1114 3132 1159 3158 qu.
1177 3131 1264 3154 cram,
1283 3129 1330 3151 art.
1349 3132 1381 3166 45
1400 3126 1444 3151 De
1461 3126 1544 3157 Malo,
1564 3134 1608 3160 qu.
1626 3134 1670 3156 m.
1689 3132 1736 3152 art.
1755 3134 1782 3158 4.

79 3342 214 3388 ⁷⁸³3>ssssssss
325 3348 467 3404 Abia?
483 3347 666 3392 ittuntur.
689 3353 836 3392 Dicitur
854 3351 955 3392 enim
974 3354 988 3390 I
1010 3355 1113 3392 loan.
1134 3353 1219 3392 111*:
1245 3355 1373 3393 Omnis

368 3472 397 3505 α)
415 3478 491 3505 quae.
508 3485 528 3494 κ
545 3472 617 3498 inter
635 3480 667 3498 ea
685 3479 754 3506 quae
770 3473 817 3499 Pa.

1426 3198 1492 3246 qui
1512 3198 1590 3234 odit
1610 3199 1774 3244 fratrem
1800 3208 1910 3242 suum
1937 3198 2125 3235 homicida
2153 3204 2215 3236 est.
2260 3199 2336 3236 Sed
2364 3199 2487 3236 homi-

1426 3249 1567 3287 cidium
1588 3258 1644 3287 est
1661 3249 1927 3299 gravissimum
1953 3260 2199 3301 peccatorum
2221 3264 2318 3300 quae
2339 3257 2357 3273 ‘²
2383 3264 2487 3289 com-

1426 3303 1623 3341 mittuntur
1651 3304 1688 3341 in
1716 3303 1947 3354 proximum.
1976 3305 2079 3354 Ergo
2109 3313 2146 3342 et
2173 3305 2318 3342 odium.

1480 3368 1515 3393 2.
1553 3358 1794 3405 PRAETEREA,
1826 3358 2032 3406 pessimum
2068 3358 2268 3407 opponitur
2294 3358 2474 3406 optimo*

2534 1390 2544 1401 ⁸
2558 1389 2625 1412 Ven.
2641 1396 2670 1412 ιε,

2514 3303 2626 3325 CfirAi
2630 3305 2726 3325 so.ttE

2513 3330 2562 3351 thie
2597 3331 2636 3351 lib.
2657 3330 2724 3356 vlu,

2474 3362 2698 3405 -JJThstecnnx,
