2892 4056
166 951 175 958 ¹
192 951 243 971 Art.
258 957 277 973 1.
297 949 324 970 ad
345 957 373 976 4:

165 980 206 997 art.
223 982 242 997 2.

166 1359 372 1380 ’Vid.Co·nme111.

167 1386 238 1407 Caiet.
259 1390 311 1412 post
332 1390 372 1407 art.

166 1413 268 1439 praeced.

165 1565 374 1592 '1⁸11⁸².qu.1.xx1,

164 1595 205 1613 art.
216 1592 240 1617 ύ;
252 1598 373 1618 ςυ.ι.ιχιν,

164 1622 204 1639 art.
221 1624 240 1640 ιτ
256 1625 294 1645 qn.
305 1624 373 1642 cxxx.

164 1649 206 1664 art.
222 1651 238 1665 1.

164 1673 184 1681 ’⁸
197 1671 262 1692 Vers.
273 1677 293 1696 7.

165 1832 174 1840 '¹
185 1830 250 1852 Vers.
263 1831 294 1852 18.

165 1934 174 1942 ⁸
190 1932 255 1952 Vcrs.
271 1938 303 1959 23.

165 1989 315 2037 illCommenl.
334 1988 375 2009 lib.

264 2367 281 2384 α

166 2465 175 2474 ·
183 2463 265 2485 Cf.art.
273 2462 376 2490 praeced.

167 2617 176 2625 ⁸
191 2615 257 2639 lbid..
268 2616 300 2637 ad
315 2622 337 2641 4.

408 196 483 240 324

404 272 552 312 speciem,
577 278 607 302 et
630 271 771 301 SImiliter
795 269 998 305 contumelia,
1020 269 1045 298 si
1070 268 1154 298 fama
1170 275 1200 299 et
1223 269 1329 299 honor
1342 269 1468 300 laedan-

404 324 455 346 tur
490 315 624 355 proximi
649 321 770 355 praeter
800 314 1007 344 intentionem
1030 322 1066 342 ex
1094 312 1196 342 verbis
1219 313 1384 343 materiam
1414 313 1466 342 de-

402 359 563 390 tractionis
595 359 645 389 vel
681 357 890 388 contumeliae
925 356 1174 392 continentibus;
1206 356 1248 386 ita
1283 357 1466 386 scandalum

404 402 604 434 materialiter
637 409 666 432 et
689 412 744 441 per
774 401 916 431 accidens
942 410 978 429 ex
1001 399 1084 430 dicto
1115 400 1165 429 vel
1189 399 1272 430 facto
1304 400 1466 430 materiam

403 447 539 477 scandali
573 446 752 476 continente
786 445 825 474 ad
856 443 994 474 scandali
1027 443 1164 483 speciem
1195 444 1373 474 reducenda
1403 450 1465 479 est3

403 491 588 531 praesertim
611 499 685 520 cum
708 489 872 528 passivum
895 487 990 517 infert
1012 487 1208 517 scandalum.

403 579 443 608 ad
467 578 555 618 quod
579 583 695 607 movet.
721 576 805 613 Quia
827 575 1019 615 implicitum
1043 575 1083 604 ad
1106 575 1239 605 eandem
1263 581 1382 614 spectat
1397 584 1465 614 spe-

405 622 484 652 ciem
515 622 553 650 ad
583 630 681 661 quam
711 625 830 660 spectat
860 618 1055 659 explicitum.
1081 618 1215 648 Constat
1246 625 1353 648 autem
1378 618 1467 658 quod

403 665 544 705 explicite
568 664 716 694 inducere
739 662 841 693 filiurn
866 663 904 693 ad
927 662 1096 692 tenendam
1113 662 1325 692 concubinam
1349 668 1468 701 spectat

403 710 442 739 ad
466 709 603 748 speciem
627 707 854 753 fornicationis.
887 706 985 746 Igitur
1008 706 1145 736 tenendo
1171 705 1382 736 concubinam
1406 715 1466 745 pu-

402 753 491 787 blice,
516 758 547 782 et
562 751 763 781 occasionem
778 761 815 781 ex
837 751 900 781 hoc
916 750 1021 780 dando
1036 749 1102 780 filio
1127 756 1162 780 ut
1177 750 1319 780 imitetur
1333 755 1466 789 patrem,

402 796 490 836 quod
505 802 551 825 est
573 795 724 835 implicite
742 795 855 825 ducere
878 794 980 824 filium
1004 794 1043 823 ad
1063 794 1323 830 concubinatum,
1341 793 1381 823 ad
1396 803 1466 832 spe-

402 839 481 870 ciem
505 838 732 874 fornicationis,
750 845 780 869 et
799 848 864 868 non
889 838 1037 874 scandali,
1053 838 1223 869 reducitur.
1247 838 1288 868 Et
1304 837 1406 867 simile
1422 844 1469 868 est

402 883 434 913 in
458 882 537 913 aliis.

456 927 505 956 Ad
530 926 590 956 hoc
614 926 727 957 dicitur
749 927 837 966 quod
862 925 1070 956 scandalizare
1094 935 1150 965 per
1173 925 1316 956 accidens
1338 924 1468 965 duplici-

401 977 447 1000 ter
463 970 626 1010 contingit,
643 977 679 1001 ut
701 971 733 1000 in
749 970 851 1001 littera
873 970 891 990 *
914 970 1042 1000 dicitur:
1067 969 1184 1000 scilicet
1199 969 1344 1000 faciendo
1361 975 1468 1000 actum

1081 191 1348 237 QUAESTIO
1378 192 1515 238 XLIII,
1546 191 1842 228 ARTICULUS
1872 192 1904 227 11

1521 269 1642 298 malum
1678 277 1786 298 coram
1822 268 1907 304 aliis,
1939 268 1994 308 qui
2026 268 2099 299 inde
2129 270 2310 310 exemplum
2349 277 2481 301 sumunt
2510 281 2582 311 pec-

1521 312 1627 347 candi;
1653 318 1683 341 et
1709 311 1853 341 faciendo
1883 318 1988 342 actum
2014 322 2080 342 non
2104 313 2226 343 malum
2254 315 2430 345 secundum
2456 325 2498 352 se,
2527 315 2583 345 sed

1520 355 1689 385 habentem
1719 355 1794 384 mali
1823 355 1977 394 speciem,
2002 356 2087 386 unde
2117 355 2212 387 etiam
2241 357 2293 388 alii
2316 358 2510 389 inducuntur
2542 358 2582 389 ad

1519 399 1730 438 peccandum.
1763 398 1978 429 scandalizare
2002 399 2106 439 primo
2136 401 2236 431 modo
2267 411 2333 431 non
2360 402 2488 433 sortitur
2511 412 2581 443 spe-

1520 442 1600 472 ciem
1624 442 1774 478 scandali,
1790 442 1885 473 etiam
1905 442 2075 479 reductive,
2093 450 2222 483 propter
2244 444 2399 475 rationem
2416 446 2535 476 litterae
2549 446 2581 476 *:

1490 500 1492 527 ¹.
1520 486 1595 526 quia
1618 486 1735 517 scilicet
1757 486 1923 517 manifeste
1939 496 2067 526 peccare
2088 493 2134 517 est
2149 487 2380 519 circumstantia
2399 499 2581 529 aggravans,

459 535 534 565 Inde
551 540 657 564 autern
682 538 811 572 apparet
827 532 916 572 quod
940 531 1108 561 reducatur
1130 531 1170 561 ad
1186 530 1325 571 speciem
1348 530 1468 570 peccati
1490 541 1492 573 ζ

1520 540 1585 560 non
1609 530 1732 560 varians
1748 530 1896 570 speciem,
1913 541 1970 561 nec
1994 537 2040 562 est
2053 531 2096 561 ibi
2121 531 2201 561 alius
2223 531 2294 562 finis
2315 533 2465 564 intentus.
2489 534 2582 564 Unde

1519 580 1638 614 spectat
1654 574 1715 604 tale
1731 574 1916 605 scandalum
1940 575 1978 605 ad
1995 574 2133 614 speciem
2157 575 2277 616 peccati
2299 577 2388 617 quod
2402 576 2446 614 fit,
2471 577 2582 608 adiun-

1520 624 1567 648 cta
1592 617 1823 648 circumstantia
1853 618 1927 648 mali
1951 618 2096 659 exempli.
2122 636 2142 641 -
2169 619 2384 651 Scandalizare
2400 628 2506 652 autem
2535 631 2583 651 se-

1519 661 1625 692 cundo
1650 657 1749 692 inodo
1780 662 1938 693 reductive
1962 669 2082 702 spectat
2105 662 2144 692 acl
2167 663 2305 703 speciem
2328 665 2483 695 scandali:
2508 665 2583 706 quia

1519 705 1642 735 nullam
1658 705 1753 736 aliam
1768 705 1864 736 habet
1885 704 2043 737 rationem
2060 706 2180 746 peccati
2204 707 2264 737 nisi
2279 707 2354 748 quia
2377 709 2582 746 scandalium

1519 750 1601 780 sicut
1631 750 1670 779 de
1693 750 1903 786 detractione,
1935 750 2070 781 dubium
2100 751 2278 787 movendo,
2307 751 2427 782 dictum
2456 759 2512 783 est.
2539 753 2583 784 Ut

1519 793 1605 824 enirn
1627 793 1660 823 in
1682 793 1786 824 littera
1800 794 1817 813 *
1840 794 1965 831 dicitur,
1989 795 2045 835 qui
2068 804 2164 834 opere
2187 795 2322 826 habente
2348 796 2486 836 speciem
2509 796 2584 827 mali

1519 837 1724 874 scandalizat,
1755 838 1846 868 nullo
1870 838 1932 868 alio
1955 845 2067 880 peccat
2093 838 2172 869 vitio
2203 839 2264 869 nisi
2286 840 2442 870 scandali:
2473 850 2529 880 per
2551 850 2584 870 se

1519 881 1660 922 quidem,
1678 881 1703 911 si
1719 881 1854 912 intendit
1869 881 2010 919 ruinam;
2035 882 2195 913 reductive
2211 890 2329 920 autem,
2346 883 2372 914 si
2394 893 2460 914 non
2482 884 2583 915 inten-

1519 925 1565 956 dit
1587 925 1684 956 illam.
1702 943 1723 948 -
1738 926 1780 956 Et
1801 936 1857 966 per
1880 926 1957 957 haec
1980 933 2067 967 patet
2082 927 2248 967 responsio
2273 927 2312 957 ad
2329 927 2478 958 dubium:
2503 937 2583 968 quo-

1519 969 1605 999 niam
1629 976 1763 1010 utraque
1786 980 1858 1010 pars
1882 977 1928 1001 est
1949 980 2023 1001 vera
2046 971 2223 1001 secundum
2246 971 2376 1002 diversa.

1170 1105 1490 1147 ARTICULUS
1521 1105 1820 1147 SECUNDUS

1087 1197 1243 1227 UTRUM
1268 1195 1533 1226 scANDALUM
1557 1195 1624 1226 srr
1648 1195 1887 1227 PECCATUM

936 1276 970 1300 1v
989 1276 1072 1305 Sent„
1092 1275 1151 1300 dist.
1169 1282 1270 1305 xxxvm,
1290 1282 1334 1307 qu.
1352 1281 1381 1303 n.
1399 1278 1447 1299 art.
1467 1281 1491 1305 2,
1510 1273 1561 1305 qu*
1584 1281 1611 1304 1;
1628 1273 1672 1298 Ad
1690 1273 1777 1304 Rom„
1797 1281 1853 1306 cap.
1871 1281 1922 1305 xiv,
1941 1274 2000 1299 lect.
2019 1281 2047 1299 ιι.

611 1360 634 1384 n
644 1358 834 1383 SECUNDUM
844 1358 897 1383 sm
907 1357 1138 1383 paocamwa
1151 1345 1350 1382 *.Videtur
1359 1344 1466 1392 quod

432 1425 437 1437 ι
538 1427 551 1447 N„
580 1441 582 1444 7
612 1400 834 1436 scandalum
874 1411 952 1436 non
982 1399 1028 1435 sit
1054 1405 1269 1448 peccatum.
1303 1398 1467 1434 Peccata

418 1448 466 1499 ,Y
479 1436 580 1496 πειῆ
594 1449 600 1454 ’
613 1453 715 1489 enim
735 1465 813 1489 non
835 1452 1017 1489 eveniunt
1037 1463 1081 1488 ex
1101 1451 1346 1488 necessitate:
1377 1450 1468 1498 quia

457 1479 553 1538 (⁷³3)
569 1497 729 1543 omne
749 1512 950 1554 peccatum
972 1512 1027 1542 est
1045 1504 1320 1551 voluntarium,
1345 1511 1386 1540 ut
1406 1516 1467 1540 su-

400 1570 469 1607 pra
483 1558 503 1579 '¹‘
521 1558 693 1595 habitum
713 1566 779 1596 est.
802 1558 879 1595 Sed
899 1558 1033 1595 Matth.
1053 1557 1192 1594 xvu1**
1211 1556 1367 1594 dicitur:
1386 1557 1466 1594 Ne-

401 1623 500 1648 cesse
514 1616 567 1647 est
586 1618 625 1648 ut
641 1613 796 1649 veniant
811 1611 1004 1648 scandala.
1025 1611 1128 1658 Ergo
1148 1610 1371 1647 scandalum
1388 1622 1467 1646 non

402 1672 458 1701 est
485 1672 710 1713 peccatum.'

455 1728 490 1753 2.
525 1718 766 1764 PRAETEREA,
797 1717 944 1753 nullum
980 1723 1183 1764 peccatum
1221 1715 1394 1763 procedit
1422 1726 1467 1751 ex

399 1769 552 1818 pietatis
580 1770 735 1807 aflectu:
767 1769 856 1818 quia
876 1781 950 1806 non
974 1774 1099 1816 potest
1124 1768 1243 1804 arhor
1261 1769 1361 1804 bona
1377 1769 1469 1816 fru-

401 1828 479 1859 ctus
498 1822 618 1859 malos
630 1824 776 1870 facere,
796 1829 838 1858 nt
866 1822 1001 1858 dicitur
1020 1821 1154 1857 Matth.
1175 1832 1222 1857 vn
1245 1821 1276 1856 *.
1307 1821 1385 1857 Sed
1405 1820 1468 1856 ali-

401 1875 507 1923 quod
528 1876 752 1912 scandalum
769 1882 825 1911 est
845 1887 890 1911 ex
905 1874 1054 1923 pietatis
1074 1873 1234 1910 aflectu:
1256 1873 1346 1910 dicit
1365 1873 1468 1910 enim

402 1927 594 1965 Dominus
631 1930 767 1974 Petro,
797 1929 930 1964 Matth.
960 1939 1020 1964 xw
1045 1926 1082 1963 *ε
1113 1927 1344 1963 Scandalum
1378 1927 1472 1963 mihi

401 1994 460 2025 es,·
489 1981 553 2017 ubi
586 1981 675 2018 dicit
703 1981 964 2028 Hieronymus
982 1980 1002 2001 ’⁸
1030 1980 1136 2028 quod
1154 1991 1265 2016 error
1285 1979 1467 2028 Apostoli,

401 2034 447 2070 de
468 2034 618 2081 pietatis
645 2034 782 2083 affectu
811 2034 981 2079 veniens,
1011 2045 1206 2081 nunquam
1239 2033 1467 2070 incentivum

400 2087 548 2123 videtur
574 2099 652 2123 esse
678 2087 828 2124 diaboli.
859 2088 960 2134 Ergo
991 2098 1070 2122 non
1097 2098 1214 2122 omne
1244 2087 1468 2123 scandalum

403 2147 459 2176 est
477 2147 690 2187 peccatum.

457 2194 491 2229 3.
523 2193 758 2238 PRAETEREA,
788 2192 1012 2229 scandalum
1042 2191 1318 2239 impactionem
1351 2203 1472 2240 quan-

404 2245 493 2282 dam
521 2245 713 2294 importat.
744 2245 820 2282 Sed
841 2258 920 2282 non
948 2244 1183 2293 quicumque
1203 2244 1387 2292 impingit,
1410 2257 1470 2281 ca-

404 2298 468 2335 dit.
505 2299 608 2345 Ergo
643 2298 868 2334 scandalum
895 2305 1022 2346 potest
1059 2309 1143 2333 esse
1177 2297 1259 2333 sine
1287 2305 1468 2345 peccato,

404 2351 510 2399 quod
539 2358 594 2388 est
621 2350 824 2399 spiritualis
853 2363 962 2387 casus
982 2355 1010 2386 α.

459 2404 533 2440 SED
562 2415 709 2440 CONTRA
740 2415 807 2440 EST
843 2403 948 2451 quod
982 2402 1206 2439 scandalum
1246 2409 1301 2438 est
1327 2402 1468 2439 dictum

404 2456 463 2492 vel
478 2457 632 2504 sactum
651 2456 776 2493 minus
804 2461 945 2492 rectum
964 2455 995 2491 ²¹⁶.
1026 2456 1084 2492 Ex
1111 2455 1186 2491 hoc
1206 2461 1335 2491 autem
1353 2456 1471 2492 habet

405 2509 546 2556 aliquid
575 2509 764 2546 rationem
792 2509 938 2557 peccati
966 2508 1072 2556 quod
1102 2520 1123 2543 a
1152 2507 1375 2543 rectitudine
1405 2508 1470 2544 de-

403 2562 491 2598 ficit.
522 2563 623 2609 Ergo
653 2562 878 2599 scandalum
913 2573 1066 2609 semper
1094 2568 1150 2596 est
1179 2572 1266 2596 curn
1295 2568 1468 2608 peccato.

457 2616 684 2652 RespoNnsso
713 2626 897 2651 DlCENDUM
926 2614 1046 2662 quod,
1077 2613 1172 2650 sicut
1199 2613 1275 2649 iam
1305 2625 1420 2661 supra
1449 2613 1469 2636 ’²‘

405 2667 548 2704 dictum
577 2676 645 2714 est,
675 2668 816 2716 duplex
848 2674 903 2704 est
930 2666 1176 2704 scandalum:
1215 2666 1356 2703 scilicet
1381 2679 1468 2715 pas-

404 2720 546 2763 sivum,
575 2720 615 2757 in
643 2733 690 2756 eo
719 2720 784 2769 qui
813 2719 1108 2764 scandalizatur;
1149 2726 1185 2755 et
1213 2719 1402 2765 activum,
1430 2720 1468 2756 in

405 2785 451 2809 eo
471 2773 535 2822 qui
555 2773 793 2818 scandalizat,
812 2773 907 2810 dans
927 2772 1171 2809 occasionem
1188 2771 1330 2808 ruinae.
1353 2773 1470 2809 Scan-

405 2826 535 2863 dalum
562 2825 672 2873 igitur
699 2826 898 2874 passivum
928 2837 1082 2873 semper
1116 2832 1172 2861 est
1199 2832 1401 2874 peccatum
1430 2825 1469 2862 in

407 2891 451 2915 eo
473 2878 537 2926 qui
557 2878 846 2916 scandalizatur:
877 2891 954 2915 non
976 2878 1078 2916 enim
1104 2877 1380 2915 scandalizatur
1398 2877 1470 2915 nisi

405 2931 631 2979 inquantum
659 2931 870 2980 aliqualiter
903 2931 974 2967 ruit
1002 2930 1184 2980 spirituali
1220 2930 1340 2978 ruina,
1369 2942 1469 2979 quae

407 2992 463 3021 est
481 2992 693 3032 peccatum.
723 2985 853 3021 Potest
871 2991 1001 3020 tamen
1030 2996 1113 3021 esse
1133 2984 1356 3021 scandalum
1384 2996 1470 3032 pas-

407 3037 533 3073 sivum
571 3037 650 3073 sine
686 3045 846 3086 peccato
875 3037 957 3073 eius
986 3049 1031 3073 ex
1060 3037 1168 3074 cuius
1203 3037 1304 3073 facto
1333 3036 1470 3084 aliquis

407 3089 701 3127 scandalizatur:
732 3090 827 3126 sicut
846 3102 934 3126 cum
964 3089 1098 3138 aliquis
1118 3089 1394 3127 scandalizatur
1421 3089 1468 3126 de

439 1368 461 1403 ζ
468 1373 479 1379 “
487 1364 495 1377 ¹
515 1363 572 1393 Im«

461 3201 488 3234 α)
504 3203 638 3233 potest...
655 3208 741 3226 casus.
757 3215 777 3221 -
795 3202 866 3233 quod
888 3205 928 3226 est
951 3202 1100 3234 spiritualis
1124 3210 1202 3228 casus
1216 3205 1308 3234 potest
1331 3209 1387 3228 esse
1410 3203 1469 3228 sine

403 3239 515 3268 peccato
534 3235 571 3260 Pa
590 3241 615 3260 et
634 3236 745 3261 codices.
1311 3237 1314 3240 '

462 3270 486 3304 β)
507 3278 552 3296 ex.
570 3285 590 3290 -
608 3272 641 3296 de
653 3271 918 3304 ABCDEFGHKnpx
938 3277 963 3296 et
981 3280 1006 3303 a,
1020 3280 1072 3297 om.
1093 3280 1139 3303 sx;
1159 3280 1207 3306 pro
1225 3275 1347 3302 conatur,
1362 3275 1469 3298 tenetur

409 3307 485 3335 PHa;
503 3314 541 3331 ex
558 3314 637 3339 qua...
652 3307 798 3338 providere
816 3314 870 3332 om.
890 3307 919 3331 L.

1515 1343 1574 1380 his
1602 1355 1701 1392 quae
1722 1344 1818 1380 alius
1847 1345 1945 1381 bene
1964 1344 2066 1381 facit.
2089 1365 2114 1372 -
2135 1344 2316 1382 SImiliter
2345 1346 2457 1383 etiam
2477 1357 2584 1394 scanft

1516 1396 1647 1434 dalum
1677 1397 1846 1442 activum
1874 1409 2030 1446 semper
2064 1405 2121 1434 est
2146 1405 2349 1447 peccatum
2378 1398 2415 1436 in
2446 1411 2492 1436 eo
2522 1398 2587 1448 qui

1516 1449 1760 1487 scandalizat.
1791 1450 1892 1497 Quia
1918 1450 1983 1488 vel
2002 1450 2130 1499 ipsum
2159 1463 2257 1500 opus
2281 1451 2387 1501 quod
2413 1451 2502 1489 facit
2530 1459 2587 1490 est

2609 446 2618 456 ⁸
2633 446 2684 467 Art.
2698 452 2719 474 3.

2610 800 2619 810 ·
2634 799 2685 821 Art.
2699 805 2720 828 3,
2735 800 2762 821 ad
2777 805 2796 821 2.

1515 1510 1738 1551 peccatum:
1773 1504 1836 1540 vel
1857 1503 1986 1551 etiam,
2011 1503 2042 1540 si
2065 1504 2207 1541 habeat
2234 1504 2404 1554 speciem
2425 1505 2585 1554 peccati,
2611 1541 2619 1546 .

1518 1555 1787 1592 dimittendum
1816 1563 1872 1592 est
1899 1568 2053 1605 semper
2076 1565 2234 1606 propter
2258 1558 2423 1607 proximi
2453 1557 2585 1596 carita-

1516 1615 1607 1655 tem,
1628 1620 1673 1645 ex
1693 1607 1709 1638 β
1728 1620 1805 1657 qua
1828 1610 2093 1658 unusquisque
2113 1617 2273 1647 conatur
2292 1610 2402 1648 saluti
2419 1610 2585 1660 proximi

1516 1661 1741 1709 providere;
1772 1669 1808 1698 et
1835 1662 1889 1699 sic
1913 1663 1978 1711 qui
2006 1675 2085 1700 non
2114 1663 2266 1701 dimittit
2293 1671 2426 1701 contra
2454 1664 2584 1702 carita—

1516 1721 1595 1750 tem
1624 1714 1710 1762 agit.
1740 1714 1872 1751 Potest
1897 1722 2029 1752 tamen
2057 1728 2140 1753 esse
2170 1716 2393 1754 scandalum
2413 1717 2584 1756 activum

1517 1766 1597 1803 sine
1626 1774 1785 1815 peccato
1827 1768 1981 1804 alterius
2023 1768 2089 1818 qui
2117 1770 2396 1807 scandalizatur
2431 1776 2459 1818 Υ,
2490 1770 2588 1808 s'icut

1519 1831 1635 1868 supra
1653 1819 1673 1841 ’¹‘
1701 1820 1844 1857 dictum
1873 1827 1940 1857 est.

1571 1875 1631 1908 An
1650 1884 1789 1910 ramum
1813 1885 1912 1910 ERGO
1932 1885 2118 1911 mcENDtJM
2155 1874 2259 1924 quod
2287 1875 2363 1911 hoc
2394 1876 2502 1925 quod
2531 1875 2586 1914 di-

1520 1925 1634 1972 citur,
1664 1926 1829 1963 Necesse
1856 1932 1912 1963 est
1946 1932 1987 1963 ut
2010 1927 2165 1964 veniant
2189 1927 2391 1975 scandala,
2421 1941 2501 1967 non
2530 1936 2588 1974 est

1518 1978 1807 2026 intelligendum
1828 1980 1875 2016 de
1895 1980 2120 2017 necessitate
2140 1980 2334 2017 absoluta:
2363 1981 2432 2019 sed
2451 1982 2499 2020 de
2518 1994 2584 2020 ne-

1519 2031 1691 2068 cessitate
1706 2031 1965 2079 conditionali,
1981 2045 2057 2082 qua
2077 2033 2218 2070 scilicet
2231 2046 2387 2071 necesse
2404 2043 2459 2072 est
2477 2047 2586 2085 prae-

1519 2084 1611 2121 scita
1638 2085 1701 2121 vel
1734 2086 2000 2133 praenuntiata
2028 2099 2050 2122 a
2078 2086 2163 2123 Deo
2193 2086 2366 2134 evenire,
2397 2087 2427 2124 si
2455 2095 2586 2126 tamen

1520 2138 1751 2175 coniunctim
1772 2138 1988 2186 accipiatur,
2004 2146 2046 2175 ut
2064 2139 2101 2175 in
2123 2138 2252 2175 Primo
2268 2139 2386 2176 Libro
2401 2139 2422 2162 *
2440 2141 2584 2179 dictum

1521 2198 1587 2227 est.
1618 2212 1642 2219 -
1670 2191 1741 2228 Vel
1778 2203 1935 2241 necesse
1974 2199 2030 2228 est
2057 2191 2210 2228 evenire
2244 2193 2426 2230 scandala
2452 2206 2586 2232 neces-

1520 2243 1626 2280 sitate
1664 2243 1767 2280 finis:
1807 2244 1897 2292 quia
1930 2243 2033 2281 utilia
2070 2251 2158 2281 sunt
2194 2245 2244 2281 ad
2270 2246 2346 2282 hoc
2382 2247 2489 2294 quod
2522 2247 2589 2296 qui

1514 2297 1670 2344 probati
1694 2302 1782 2333 sunt
1814 2297 2006 2344 manifesti
2019 2298 2124 2344 fiant
2140 2297 2171 2333 ³¹².
2199 2319 2222 2325 -
2243 2298 2313 2334 Vel
2341 2310 2500 2336 necesse
2529 2307 2586 2338 est

1520 2349 1674 2386 evenire
1711 2350 1890 2386 scandala
1918 2350 2132 2386 secundum
2171 2350 2432 2388 conditionem
2461 2352 2587 2394 homi-

1521 2414 1636 2448 num,
1667 2401 1731 2450 qui
1767 2402 1839 2438 sibi
1867 2415 1887 2438 a
1915 2402 2082 2450 peccatis
2118 2415 2198 2439 non
2233 2411 2382 2442 cavent.
2421 2405 2527 2443 Sicut
2553 2399 2586 2446 ἐ

1518 2454 1652 2502 aliquis
1681 2454 1875 2500 medicus,
1904 2455 2042 2492 videns
2079 2455 2227 2504 aliquos
2254 2456 2424 2494 indebita
2461 2458 2586 2496 diaeta

1520 2514 1680 2554 utentes,
1712 2507 1821 2554 dicat,
1847 2508 2012 2545 Necesse
2038 2514 2092 2545 est
2126 2508 2217 2545 tales
2243 2509 2451 2557 infirmari.-
2477 2512 2584 2560 quod

1517 2559 1806 2607 intelligendum
1827 2568 1883 2597 est
1911 2561 1982 2597 sub
2005 2561 2077 2598 hac
2107 2561 2337 2610 conditione,
2358 2562 2388 2600 si
2417 2562 2583 2603 diaetam

1520 2625 1600 2650 non
1637 2620 1798 2650 mutent.
1841 2614 1892 2650 Et
1929 2613 2102 2651 similiter
2134 2626 2291 2652 necesse
2333 2623 2390 2653 est
2430 2617 2584 2660 evenire

1518 2666 1698 2703 scandala
1717 2666 1747 2703 si
1765 2666 1945 2704 homines
1974 2667 2308 2706 conversationem
2333 2669 2476 2708 malam
2504 2683 2585 2714 non

1518 2726 1678 2756 mutent.
2581 2743 2585 2746 ·

1571 2773 1630 2808 An
1669 2782 1862 2808 SECUNDUM
1904 2783 2091 2809 memnon
2126 2772 2232 2821 quod
2273 2774 2496 2812 scandalum
2532 2774 2585 2813 ibi

1518 2825 1621 2872 large
1649 2823 1804 2872 ponitur
1839 2835 1910 2873 pro
1939 2824 2111 2873 quolibet
2146 2825 2435 2874 impedimento.
2472 2828 2584 2866 Vole-

1519 2877 1584 2914 bat
1602 2877 1705 2913 enim
1724 2877 1859 2914 Petrus
1874 2877 2013 2914 Christi
2031 2877 2254 2926 passionem
2268 2878 2468 2929 impedire,
2488 2894 2583 2931 quo-

1520 2931 1611 2968 dam
1639 2929 1788 2978 pietatis
1817 2929 1957 2967 affectu
1975 2928 1989 2952 ὃ
2018 2931 2067 2968 ad
2096 2931 2303 2969 Christum.

1571 2985 1631 3020 An
1650 2994 1811 3020 ‘reanum
1830 2994 2016 3020 mesanum
2036 2985 2141 3032 quod
2161 2985 2285 3022 nullus
2309 2985 2482 3034 impingit
2509 2987 2584 3037 spi-

1519 3035 1700 3072 ritualiter
1728 3035 1800 3072 nisi
1819 3036 2030 3073 retardetur
2057 3037 2267 3086 aliqualiter
2293 3050 2316 3075 a
2342 3050 2525 3087 processu
2544 3040 2585 3078 in¹

1519 3089 1583 3126 via
1611 3089 1702 3126 Dei:
1731 3088 1836 3138 quod
1864 3089 1908 3126 fit
1935 3090 2067 3128 saltem
2095 3102 2164 3138 per
2190 3098 2391 3140 peccatum
2421 3091 2582 3131 veniale.

1573 3203 1600 3236 γ)
1619 3202 1830 3234 scandalizatur.
1847 3215 1867 3221 -
1884 3201 2082 3236 scandalizetur
2100 3203 2302 3238 ABCEFGLpK
2320 3210 2346 3230 et
2362 3213 2426 3231 aaa.

1573 3236 1598 3270 ὃ)
1613 3237 1724 3270 pietatis
1742 3237 1847 3271 affectu.
1865 3250 1885 3256 -
1902 3240 1989 3262 motus
2003 3238 2115 3270 pietatis
2133 3238 2229 3272 affectu
2248 3247 2293 3273 pn,
2305 3240 2419 3272 pietatis
2437 3243 2524 3266 motus
2541 3241 2584 3275 qs-

1513 3274 1590 3305 sectu
1610 3280 1649 3303 sn,
1665 3273 1776 3305 pietatis
1794 3272 1890 3307 affectu
1910 3273 2044 3309 motuspl’.

2666 1805 2677 1809 a
2711 1783 2728 1809 t

2612 1827 2622 1836 ·
2635 1825 2695 1847 lbid.

2611 2149 2621 2159 ’
2629 2148 2678 2176 Qu.
2685 2154 2734 2174 xlv,
2742 2151 2784 2169 nrt.
2794 2154 2822 2177 13,

2611 2174 2640 2196 ad
2655 2180 2679 2202 3:
2692 2180 2734 2203 qu.
2752 2180 2822 2201 xxiii,

2610 2200 2760 2228 aratz-dm
2777 2207 2810 2231 '.'

2612 2306 2622 2316 ⁸
2630 2305 2642 2327 1
2651 2305 2686 2326 ad
2699 2305 2755 2328 Cor.
2770 2311 2822 2334 cap.

2611 2337 2646 2358 xx,
2662 2337 2721 2354 ven.
2737 2338 2768 2360 ¹9·

2888 1783 2892 1836 -....
2886 1690 2892 1768 oum...-
2887 1619 2892 1681 --.-
2885 1568 2892 1611 -..ι
2888 1546 2892 1556 ,«
