2892 4056
70 535 80 544 ¹·
95 532 123 554 D.
137 537 183 559 752.

69 904 80 914 ·
93 903 149 924 Loc.
164 902 203 924 cit.

43 1861 50 1868 '
69 1867 280 1916 wama

0 2298 5 2405 -v—-r
0 2019 10 2291 va—v-„vv-q-u-m-

71 2483 82 2493 ⁸
88 2481 144 2504 Vld.
148 2480 282 2503 Conmm-

71 2508 146 2531 caet.
153 2510 207 2536 poet
217 2509 282 2529 arm.
316 2523 323 2530 ι

75 2744 213 2772 ·e.Vr¹.25

279 2186 413 2213 *ailam
457 2201 474 2211 ..

979 131 1246 178 QUAESTIO
1276 130 1400 178 XXV,
1429 129 1726 166 ARTICULUS
1756 129 1806 165 111

309 218 376 248 est.
406 213 528 247 Amor
555 217 683 246 autem
713 221 758 246 ex
787 217 922 246 natura
954 209 1146 258 potentiae
1180 208 1286 245 cuius
1315 214 1370 244 est

309 271 414 300 aetus
441 263 558 300 habet
583 262 689 310 quod
716 262 836 311 possit
873 274 988 311 supra
1015 263 1184 310 seipsum
1214 260 1367 298 reflecti.

308 316 408 362 Quia
438 316 539 353 enim
567 315 774 352 voluntatis
803 315 996 353 obiectum
1030 323 1086 351 est
1113 315 1259 351 bonurn
1288 313 1370 350 uni-
1394 343 1395 348 ,

307 369 476 416 versale‚
515 368 700 417 quidquid
736 369 808 406 sub
845 369 988 406 ratione
1032 368 1123 405 boni
1158 367 1396 404 contineturx

307 429 433 469 potest
451 422 586 458 cadere
607 422 677 458 sub
707 429 793 459 actu
821 420 1047 466 voluntatis3
1078 429 1113 457 et
1133 420 1224 468 quia
1243 420 1369 468 ipsum

308 475 406 511 velle
426 482 483 511 est
499 475 698 521 quoddam
727 476 887 520 bonum,
905 482 1031 523 potest
1057 474 1154 510 velle
1184 486 1224 509 se
1253 474 1368 510 velle:

308 527 403 564 sicut
422 527 535 564 etiam
554 527 776 574 intellectus,
789 527 894 564 cuius
913 527 1106 564 obiectum
1125 533 1181 562 est
1194 525 1368 572 verum*‚

307 579 476 627 intelligit
503 592 543 616 se
571 581 790 628 intelligere,
810 580 899 629 quia
926 580 1002 616 hoc
1030 580 1143 615 etiam
1174 587 1228 615 est
1247 579 1370 627 quod-

309 632 398 670 dam
417 644 568 670 verum.
599 634 677 671 Sed
696 645 806 670 amor
825 633 939 669 etiam
959 645 1004 669 ex
1029 632 1172 669 ratione
1193 632 1369 681 propriae

308 685 447 734 speciei
466 686 581 723 habet
600 687 703 735 quod
731 697 846 734 supra
873 697 913 722 se
942 685 1176 722 reflectatur:
1207 685 1295 733 quia
1315 693 1371 723 est

269 765 274 768 -
308 746 542 787 spontaneus
569 747 696 776 motus
724 737 886 776 amantis
913 737 952 774 in
981 745 1172 782 amatum;
1202 738 1304 775 unde
1326 751 1371 774 ex

307 792 382 828 hoc
409 792 492 840 ipso
522 793 626 841 quod
655 799 758 829 amat
786 790 931 839 aliquis,
959 798 1062 828 amat
1089 803 1129 827 se
1159 803 1300 828 amare.

362 845 442 882 Sed
469 845 603 882 caritas
631 856 710 882 non
739 851 795 881 est
822 844 981 892 simplex
1010 855 1133 890 amor,
1159 844 1226 880 sed
1255 843 1371 880 habet

309 898 496 935 rationem
531 897 739 942 amicitiae,
777 903 819 933 ut
845 909 962 946 supra
979 895 999 918 ³¹²
1019 896 1161 933 dictum
1192 904 1257 932 est.
1297 897 1372 933 Per

309 950 514 988 amicitiam
542 959 671 988 autem
699 957 849 987 amatur
876 950 1019 997 aliquid
1045 949 1253 998 dupliciter.
1282 949 1369 986 Uno

309 1003 459 1049 modo,
476 1003 585 1041 sicut
618 1003 700 1052 ipse
737 1003 883 1040 amicus
928 1003 978 1040 ad
1009 1014 1125 1052 quem
1163 1002 1369 1039 amicitiam

307 1031 497 1095 habemrus
521 1063 561 1093 et
576 1056 636 1093 cui
651 1054 667 1086 β
686 1057 788 1093 bona
806 1057 1001 1094 volumus.
1022 1057 1108 1093 Alio
1129 1057 1260 1102 modo,
1276 1056 1372 1092 sicut

2411 139 2480 174 199

1422 207 1509 243 ritas
1535 218 1606 254 per
1634 206 1825 242 caritatem
1855 212 2018 250 amatur,
2048 211 2085 240 et
2112 216 2191 240 non
2219 203 2365 252 primo:
2395 205 2482 252 quia

1423 259 1557 296 caritas
1585 267 1640 295 est
1668 259 1759 295 illud
1788 261 1934 296 bonum
1963 256 2068 306 quod
2097 265 2274 305 optamus
2304 257 2483 294 omnibus

1422 324 1520 361 quos
1549 324 1595 348 ex
1624 311 1775 348 caritate
1803 310 2107 359 diligimus.-Et
2139 309 2275 346 eadem
2306 309 2399 346 ratio
2429 318 2484 346 est

1423 366 1471 402 de
1499 364 1730 402 beatitudine
1760 372 1796 400 et
1824 366 1870 402 de
1900 363 1979 400 aliis
2007 363 2221 401 virtutibus.

1475 420 1535 455 AD
1564 429 1700 454 ΡιιιΜυΜ
1728 429 1825 454 ERGO
1855 428 2038 454 mCENDUM
2065 417 2172 465 quod
2197 417 2303 452 Deus
2332 422 2368 451 et
2395 427 2483 463 pro-

1422 471 1548 507 ximus
1576 478 1663 507 sunt
1681 470 1732 506 illi
1751 471 1799 507 ad
1819 482 1916 518 quos
1945 469 2149 507 amicitiam
2177 470 2376 506 habemus.
2407 468 2484 505 Sed

1422 525 1462 561 in
1486 524 1637 561 illorum
1667 523 1867 560 dilectione
1896 523 2098 560 includitur
2126 523 2275 560 dilectio
2304 522 2483 559 caritatis:

1425 577 1612 624 diligimus
1644 576 1746 612 enim
1780 576 1999 625 proximum
2030 585 2066 613 et
2094 576 2221 613 Deum
2258 577 2485 626 inquantum

1423 632 1498 668 hoc
1526 641 1714 676 amamus,
1742 637 1782 665 ut
1811 641 1881 666 nos
1910 637 1945 666 et
1973 629 2170 678 proximus
2198 631 2326 688 Deum
2356 628 2485 676 diliga-

1424 696 1522 730 mus,
1552 683 1657 731 quod
1687 690 1742 718 est
1771 682 1964 719 caritatem
1992 683 2135 720 habere
2154 688 2182 719 ³.

1474 739 1533 774 AD
1566 747 1756 773 SECUNDUM
1785 747 1969 773 memnon
2006 737 2111 784 quod
2141 736 2275 772 caritas
2313 744 2367 773 est
2403 736 2486 784 ipsa

1395 815 1396 818 =
1425 788 1722 827 communicatio
1752 788 1950 836 spiritualis
1973 789 2086 836 vitae,
2106 802 2174 838 per
2194 802 2309 838 quam
2329 790 2378 827 ad
2397 791 2487 827 bea-

1423 843 1622 880 titudinem
1651 841 1882 889 pervenitur.
1925 843 1974 878 Et
2001 842 2088 879 ideo
2122 850 2271 879 amatur
2304 843 2399 880 sicut
2418 844 2486 880 bo-

1424 908 1516 932 num
1545 894 1800 932 desideratum
1836 895 2017 931 omnibus
2049 908 2147 944 quos
2178 908 2223 931 ex
2251 897 2403 933 caritate
2432 896 2486 934 di-

1425 948 1588 997 ligimus.

1477 1003 1536 1038 An
1564 1011 1725 1037 TER-rium
1752 1010 1938 1036 DICENDUM
1971 1001 2078 1059 quod
2106 1001 2198 1038 ratio
2227 1001 2288 1038 illa
2315 1002 2488 1050 procedit

1424 1054 1637 1092 secundum
1675 1052 1781 1100 quod
1816 1064 1886 1100 per
1913 1053 2118 1090 amicitiam
2156 1062 2333 1091 amantur
2360 1055 2409 1092 illi
2438 1055 2488 1092 ad

308 1106 455 1149 bonum
484 1110 589 1159 quod
617 1109 742 1147 amico
770 1111 965 1147 volumus.
994 1110 1044 1146 Et
1069 1110 1145 1146 hoc
1171 1109 1291 1146 modo
1311 1121 1372 1146 ca-
1425 1121 1522 1158 quos
1549 1106 1755 1144 amicitiam
1783 1105 1986 1143 habemus.

361 1230 386 1264 β)
406 1235 433 1256 et
450 1231 503 1256 cui.
520 1245 539 1251 —
556 1232 600 1256 cui
617 1231 650 1261 G,
669 1234 695 1256 et
713 1231 789 1257 cuius
807 1232 885 1256 ceteri
905 1236 930 1256 et
947 1238 975 1257 a.

1479 1236 1506 1266 γ)
1525 1233 1631 1259 habere.
1648 1247 1667 1253 -
1685 1234 1800 1268 diligere
1817 1235 1918 1267 aliquae
1937 1234 2072 1258 editiones.

979 1310 1313 1342 Commentaria
1335 1310 1589 1343 Cardsnalis
1609 1311 1813 1344 Caietam

337 1399 360 1420 ιι
373 1389 504 1421 articulo
520 1390 660 1421 secundo
677 1389 817 1420 eiusdem
835 1388 1028 1429 quaestionis
1053 1389 1276 1419 declarandum
1290 1389 1371 1420 illud

309 1400 473 1475 Ispeeiale
496 1433 632 1465 occurrit
654 1434 742 1474 quod
765 1442 856 1463 amor
878 1442 915 1463 ex
938 1432 1084 1472 propriae
1108 1432 1224 1472 speciei
1247 1433 1369 1464 ratione

307 1477 422 1510 habere
445 1479 566 1515 dicitur,
589 1478 662 1508 licet
686 1487 858 1508 commune
873 1477 913 1507 sit
937 1477 1087 1507 omnibus
1101 1477 1274 1507 voluntatis
1297 1477 1370 1508 acti-

307 1522 376 1559 bus,
400 1533 438 1554 ex
453 1522 617 1554 communi
631 1521 752 1552 ratione
766 1521 982 1552 immaterialis
1001 1522 1170 1561 potentiae,
1187 1522 1276 1562 quod
1300 1522 1370 1563 qui-

305 1565 381 1598 libet
402 1574 508 1608 potest
531 1577 597 1598 esse
621 1566 782 1597 obiectum
805 1566 947 1596 eiusdem
970 1566 1148 1606 potentiae,
1172 1575 1208 1596 ac
1231 1576 1286 1607 per
1309 1566 1371 1597 hoc

306 1612 449 1653 potentia
471 1618 576 1652 potest
598 1620 693 1651 super
716 1610 891 1652 quemlibet
910 1620 1006 1640 suurn
1022 1617 1127 1641 actum
1148 1610 1272 1641 reflecti.
1296 1611 1370 1641 Non

305 1662 412 1687 tamen
428 1663 475 1687 est
491 1665 663 1687 commune
679 1655 830 1686 omnibus
845 1655 966 1686 actibus
982 1655 1167 1685 huiusmodi
1189 1656 1278 1696 quod
1301 1656 1372 1696 qui—

306 1700 383 1732 libet
411 1701 512 1752 possit
534 1710 602 1731 esse
625 1700 785 1731 obiectum
809 1707 896 1730 actus
920 1700 1063 1730 eiusdem
1086 1699 1232 1730 rationis:
1263 1701 1371 1730 nullus

306 1745 392 1776 enim
414 1745 558 1776 irascitur
581 1752 690 1776 contra
704 1745 783 1775 iram
798 1754 899 1780 suam,
916 1754 974 1774 nec
990 1744 1133 1785 desperat
1148 1754 1181 1774 se
1197 1745 1370 1784 desperare.

307 1789 349 1831 Et
369 1799 495 1828 rursus,
516 1789 589 1821 licet
611 1789 726 1831 aliquis
749 1796 836 1820 actus
860 1789 1046 1820 huiusmodi
1069 1789 1171 1830 possit
1193 1799 1260 1820 esse
1284 1789 1371 1820 obie-

307 1839 502 1875 ctum-actus
518 1833 660 1878 eiusdem
676 1833 806 1865 rationis
829 1831 949 1876 (potest
964 1833 1050 1864 enim
1066 1833 1179 1875 aliquis
1196 1833 1372 1864 desiderare

308 1873 549 1915 &desiderare
567 1870 654 1909 iuxta
673 1876 752 1909 illud
766 1877 797 1908 *z
826 1877 1015 1919 Concupivit
1032 1880 1142 1909 anima
1158 1887 1228 1908 mea
1251 1878 1371 1909 deside-

307 1921 409 1965 me),
433 1933 500 1953 non
521 1929 630 1953 tamen
653 1922 803 1953 convenit
822 1922 886 1953 hoc
901 1922 930 1953 ei
953 1931 990 1953 ex
1004 1922 1127 1954 ratione
1141 1922 1287 1963 propriae
1302 1932 1372 1963 spe-

308 1966 375 2003 ἀά,
394 1967 604 1999 κάιϋιιιιόα.
627 1967 760 2007 Propter
782 1967 873 2007 quod
895 1967 927 1997 in
951 1967 1052 1998 littera
1075 1967 1115 1997 de
1128 1976 1238 1997 amore
1253 1967 1372 2007 specia-

306 2011 379 2055 §nett
399 2012 522 2046 dictum
544 2018 591 2049 est
618 2012 708 2052 quod
738 2021 781 2043 ex
806 2013 932 2042 ratione
954 2012 1112 2052 propriae
1136 2011 1252 2051 speciei
1279 2011 1373 2042 habet

306 2065 328 2107 q
420 2056 608 2099 reflectatur
635 2066 736 2098 supra
762 2057 920 2097 seipsum,
942 2056 1005 2087 hoc
1032 2062 1079 2087 est
1101 2055 1191 2096 quod
1220 2055 1261 2086 sit
1283 2055 1371 2086 obie-

327 2091 396 2142 um
407 2103 506 2138 actus
530 2099 673 2147 eiusdem
696 2100 825 2132 rationis
854 2100 887 2131 in
911 2100 1022 2131 eadem
1045 2099 1196 2141 potentia.
1226 2099 1268 2130 Et
1292 2099 1372 2131 ratio

1423 1389 1608 1429 assignatur,
1625 1391 1701 1430 quia
1717 1396 1764 1421 est
1781 1396 1977 1430 spontaneus
1993 1395 2097 1421 motus
2111 1390 2252 1420 amantis
2267 1389 2311 1420 ad
2325 1395 2489 1421 amatum:

1424 1433 1484 1463 hoc
1508 1441 1564 1469 est,
1587 1434 1662 1474 quia
1685 1435 1724 1464 ad
1747 1435 1904 1464 rationem
1928 1434 2045 1464 amoris
2069 1434 2183 1464 sufficit
2211 1435 2300 1474 quod
2328 1435 2367 1465 sit
2395 1444 2491 1474 spon-

1423 1484 1535 1507 taneus
1551 1485 1660 1509 motus
1679 1478 1813 1509 amantis
1829 1480 1868 1508 ad
1887 1486 2040 1509 amatum.
2065 1479 2112 1508 Ex
2128 1479 2186 1508 hac
2201 1478 2286 1508 enim
2302 1478 2490 1509 sufficientia

1423 1522 1566 1562 sequitur
1589 1523 1677 1563 quod
1701 1533 1792 1553 amor
1814 1523 1892 1563 ipse,
1917 1533 1953 1553 ex
1976 1523 2038 1553 hoc
2053 1523 2124 1563 ipso
2149 1523 2238 1562 quod
2254 1529 2300 1552 est
2319 1533 2419 1559 amor,
2443 1532 2491 1554 est

1424 1566 1577 1597 amabilis
1603 1567 1686 1598 Nam
1709 1577 1746 1597 ex
1761 1567 1823 1598 hoc
1846 1568 1935 1608 quod
1951 1574 1997 1598 est
2020 1574 2215 1607 spontaneus
2231 1574 2339 1597 motus
2355 1567 2388 1597 in
2405 1578 2489 1598 ama-

1425 1617 1513 1647 tum,
1539 1612 1681 1652 sequitur
1711 1612 1800 1652 quod
1823 1612 1890 1652 ipse
1922 1618 2030 1642 motus
2058 1612 2097 1642 sit
2121 1611 2322 1651 complacens
2353 1613 2489 1649 amanti,

1425 1665 1460 1685 ac
1484 1666 1539 1695 per
1561 1655 1623 1687 hoc
1646 1656 1805 1686 amabilis:
1829 1656 1905 1697 quia
1927 1656 1959 1686 in
1983 1657 2149 1697 quodlibet
2173 1657 2375 1696 complacens
2397 1657 2490 1688 alicui

1424 1706 1528 1740 potest
1550 1701 1664 1731 habere
1688 1708 1901 1741 spontaneum
1925 1708 2051 1732 motum
2075 1700 2209 1731 amantis
2226 1701 2265 1731 ad
2284 1707 2436 1738 amatum,
2454 1712 2491 1732 ex

1424 1754 1490 1784 quo
1505 1745 1591 1775 aliud
1615 1755 1682 1775 non
1698 1746 1876 1786 requiritur.
1900 1746 1974 1775 Non
1991 1745 2034 1775 sic
2049 1751 2157 1776 autem
2173 1745 2375 1777 desiderium.
2400 1746 2490 1783 Quo-

1425 1789 1511 1820 niam
1534 1790 1760 1826 desideratum,
1785 1797 1822 1821 ut
1844 1791 1906 1827 sic,
1931 1797 1978 1820 est
2000 1791 2128 1820 absens:
2161 1790 2354 1821 desiderium
2383 1797 2491 1822 autem

1425 1840 1460 1864 ut
1483 1833 1537 1870 sic,
1562 1844 1630 1864 non
1653 1841 1699 1865 est
1722 1835 1850 1865 absens:
1874 1845 1911 1865 ac
1932 1845 1989 1875 per
2011 1835 2083 1871 hoc,
2108 1842 2144 1865 ut
2167 1834 2220 1869 sic,
2245 1844 2312 1864 non
2328 1835 2492 1867 consu'tuit

1425 1887 1457 1908 se
1481 1878 1694 1915 desiderabile,
1719 1879 1773 1910 sed
1796 1878 1933 1915 aliunde,
1950 1878 2068 1909 scilicet
2089 1889 2124 1910 ex
2148 1878 2210 1909 hoc
2234 1879 2323 1919 quod
2346 1889 2412 1910 non
2435 1880 2491 1911 ha-

1424 1922 1525 1954 betur.
1549 1923 1683 1963 Propter
1705 1923 1793 1964 quod
1816 1923 1849 1953 in
1872 1922 2092 1963 incipientium
2123 1930 2179 1953 aut
2207 1922 2302 1953 etiam
2325 1923 2491 1963 proficien-

1424 1966 1506 1997 tium
1530 1976 1681 2006 persona,
1705 1967 1894 2007 patientium
1919 1967 2183 2007 interruptionem
2206 1967 2350 1998 desiderii
2378 1968 2491 2006 divini,

1425 2010 1547 2042 dictum
1562 2019 1623 2042 est:
1646 2011 1836 2052 Concupivit
1850 2013 1960 2042 anima
1975 2021 2047 2042 mea
2062 2012 2249 2042 desiderare
2264 2013 2297 2042 in
2312 2014 2400 2042 omni
2414 2018 2491 2043 tem-

1421 2065 1502 2095 pore
1526 2056 1767 2096 iustificationes
1789 2062 1875 2086 tuas.
1897 2056 1937 2086 Et
1961 2056 2063 2086 simile
2086 2063 2132 2086 est
2155 2056 2188 2086 in
2207 2062 2278 2086 actu
2298 2056 2375 2096 spei,
2395 2057 2492 2088 timo·-

1426 2099 1467 2130 ris
1491 2107 1522 2130 et
1544 2100 1740 2132 huiusmodi.

1115 2234 1433 2276 ARTICULUS
1462 2234 1691 2277 TERTIUS

553 2304 870 2350 UTRUM'ETIAM
893 2318 1158 2351 CREATURAE
1182 2318 1502 2350 IRRATIONALES
1525 2319 1623 2350 SINT
1647 2319 1705 2349 Ex
1729 2318 1952 2350 CARITATE
1974 2318 2240 2350 DILIGENDAE

977 2397 1010 2421 111
1029 2397 1113 2426 δοιῇ,
1133 2397 1195 2422 dist.
1212 2403 1366 2426 xxvu1‚art.
1387 2405 1417 2428 2;
1438 2397 1479 2421 De
1498 2397 1604 2427 Vir-tut„
1624 2405 1669 2429 qu.
1688 2405 1716 2428 11,
1736 2403 1784 2423 art.
1803 2406 1827 2430 7.

318 2683 350 2716 οι
362 2679 437 2727 igit
472 2686 663 2718 creaturas
701 2679 935 2718 irrationales
968 2692 1014 2716 ex
1051 2678 1218 2716 caritate:
1256 2678 1378 2729 diligit

311 2732 411 2770 enim
439 2733 568 2770 omnia
595 2745 694 2783 quae
719 2738 821 2779 sunt,
838 2741 891 2777 ut
919 2733 1082 2770 habetur
1110 2734 1198 2782 Sap.
1223 2733 1301 2769 xi*
1307 2740 1376 2778 ;et

312 2781 427 2823 omne
447 2784 554 2835 quod
573 2785 700 2834 diligit,
721 2786 847 2835 seipso
877 2786 1006 2835 diligit,
1027 2786 1092 2835 qui
1113 2794 1168 2823 est
1188 2785 1322 2823 caritas
1341 2785 1374 2823 ³¹².

311 2836 414 2887 Ergo
446 2846 482 2876 et
515 2852 586 2876 nos
620 2839 806 2876 debemus
839 2848 1029 2877 creaturas
1064 2839 1297 2879 irrationales
1330 2851 1376 2877 ex

313 2892 465 2937 caritate
495 2891 660 2940 diligere.

319 2948 323 2953 '
367 2957 402 2982 2.
444 2945 687 2991 Palmam,
726 2945 859 2983 caritas
895 2945 1149 2996 principaliter
1180 2945 1297 2984 fertur
1338 2945 1376 2981 in

314 2993 454 3044 Deum,
475 2997 524 3035 ad
552 2998 624 3035 alia
642 3005 771 3036 autem
791 3011 831 3036 se
851 2998 1017 3036 extendit
1035 2998 1247 3036 secundum
1271 2998 1376 3047 quod

315 3050 363 3087 ad
391 3027 518 3088 De’um
536 3050 737 3100 pertinent.
769 3051 846 3089 Sed
874 3052 969 3089 sicut
988 3060 1159 3091 creatura
1185 3050 1377 3091 rationalis

314 3103 477 3164 pertinet
495 3103 544 3141 ad
563 3105 691 3143 Deum
710 3104 934 3154 inquantum
954 3105 1069 3143 habet
1092 3100 1375 3156 similitudinem

314 3156 510 3215 imaginis,
546 3156 597 3194 ita
625 3157 738 3195 etiarn
765 3165 937 3197 creatura
968 3157 1191 3195 irrationalis
1218 3158 1378 3208 inquan-

314 3217 398 3249 tum
430 3209 550 3246 habet
584 3209 870 3248 similitudinem
906 3210 1066 3260 vestigii.
1108 3211 1212 3260 Ergo
1245 3211 1378 3249 caritas

316 3261 429 3300 etiam
458 3275 498 3299 se
527 3262 694 3301 extendit
721 3263 768 3301 ad
797 3271 988 3302 creaturas
1015 3263 1261 3303 irrationales.

372 3317 406 3353 3.
427 3315 660 3363 Pam-mm,
676 3316 771 3353 sicut
791 3316 952 3354 caritatis
967 3314 1157 3354 obiectum
1174 3324 1230 3354 est
1257 3318 1376 3366 Deus,

524 2479 721 2505 ΒτΕιιτιυΜ
734 2478 788 2503 su:
807 2466 1080 2504 PROCEmTUR*.
1095 2466 1256 2504 Videtur
1269 2467 1375 2515 quod
1426 2467 1476 2504 ita
1505 2474 1542 2503 et
1568 2467 1671 2504 fidei.
1711 2468 1788 2505 Sed
1825 2468 1923 2505 fides
1951 2481 1991 2505 se
2021 2469 2187 2506 extendit
2219 2470 2268 2507 ad
2302 2479 2493 2507 creaturas

1428 2519 1678 2557 irrationales.
1711 2520 1938 2570 inquantum
1972 2522 2162 2559 credimus
2182 2523 2329 2560 caelum
2357 2533 2394 2560 et
2420 2532 2492 2561 ter-

1429 2585 1510 2611 ram
1541 2585 1622 2611 esse
1659 2582 1785 2611 creata
1817 2586 1839 2611 a
1867 2575 1970 2621 Deo,
2000 2582 2036 2612 et
2061 2575 2186 2624 pisces
2219 2583 2256 2612 et
2283 2588 2375 2613 aves
2410 2589 2492 2614 esse

1429 2625 1636 2675 productos
1656 2639 1699 2663 ex
1721 2627 1839 2675 aquis,
1861 2635 1896 2663 et
1914 2627 2122 2675 gressibilia
2137 2628 2314 2666 animalia
2334 2638 2370 2666 et
2389 2631 2493 2678 plan-

1428 2688 1484 2717 tas
1513 2691 1558 2716 ex
1587 2687 1685 2717 terra
1698 2679 1730 2717 *.
1751 2680 1854 2728 Ergo
1876 2680 2008 2717 caritas
2037 2681 2152 2718 etiam
2180 2694 2221 2719 se
2250 2682 2418 2721 extendit
2444 2683 2494 2720 ad
2521 2700 2529 2708 ·

1429 2740 1620 2770 creaturas
1647 2732 1892 2783 irrationales.

1482 2787 1557 2823 SED
1578 2798 1724 2823 CONTRA
1743 2798 1808 2824 EST
1827 2786 1932 2835 quod
1951 2786 2101 2823 dilectio
2122 2787 2284 2824 caritatis
2307 2789 2432 2826 solum
2453 2802 2494 2825 se

1430 2839 1595 2877 extendit
1623 2840 1672 2877 ad
1699 2841 1825 2877 Deum
1857 2848 1893 2877 et
1919 2839 2139 2888 proximum
2160 2842 2191 2877 *.
2223 2841 2300 2878 Sed
2337 2842 2495 2879 nomine

1428 2893 1591 2942 proximi
1620 2906 1699 2930 non
1726 2901 1852 2942 potest
1879 2893 2031 2941 intelligi
2056 2902 2228 2931 creatura
2247 2894 2493 2932 irrationalis:

1429 2945 1518 2994 quia
1538 2959 1617 2983 non
1646 2946 1903 2983 communicat
1922 2959 2010 2983 cum
2034 2947 2190 2984 homine
2218 2947 2258 2985 in
2284 2948 2363 2985 vita
2383 2949 2496 2985 ratio-

1430 2999 1516 3037 nali.
1546 3000 1648 3047 Ergo
1683 3000 1815 3037 caritas
1843 3012 1923 3037 non
1955 3013 1996 3037 se
2025 3000 2191 3038 extendit
2223 3002 2272 3038 ad
2305 3009 2496 3038 creaturas

1429 3052 1674 3090 irrationales.

1482 3107 1708 3143 Respounsso
1746 3117 1931 3143 mcENDUM
1961 3107 2065 3156 quod
2101 3106 2252 3154 caritas,
2282 3108 2494 3144 secundum

1429 3159 1621 3207 praedicta
1638 3159 1670 3205 ²¹⁸,
1691 3166 1746 3196 est
1773 3158 1938 3196 amicitia
1966 3161 2169 3208 quaedam.
2198 3161 2272 3196 Per
2291 3159 2494 3197 amicitiam

1431 3220 1558 3250 autem
1592 3220 1741 3250 amatur
1761 3217 1778 3233 ²
1802 3225 1881 3250 uno
1910 3212 2067 3262 quidem
2096 3213 2237 3260 modo,
2272 3212 2419 3249 amicus
2446 3213 2494 3250 ad

1431 3278 1547 3314 quem
1576 3266 1739 3303 amicitia
1765 3266 1943 3311 habetur;
1973 3273 2010 3303 et
2028 3266 2100 3303 alio
2121 3266 2252 3313 modo,
2273 3265 2376 3302 bona
2395 3278 2494 3314 quae

1430 3318 1554 3356 amico
1576 3326 1764 3368 optantur.
1792 3319 1923 3356 Primo
1943 3331 2033 3367 ergo
2053 3319 2173 3356 modo
2194 3319 2295 3355 nulla
2324 3325 2495 3356 creatura

369 3430 398 3462 α)
416 3433 534 3455 amatur.
551 3443 569 3448 -
586 3433 696 3455 amatur
714 3429 856 3462 dupliciter
873 3430 905 3460 G¹
918 3422 1020 3463 aliquid
1036 3434 1145 3456 amatur
1163 3431 1181 3460 1,
1200 3435 1309 3456 asnatur
1325 3433 1428 3465 aliquid
1447 3433 1588 3465 dupliciter
1606 3434 1653 3458 Pa.

2598 2714 2604 2719 .
2619 2704 2670 2724 cap.
2685 2704 2699 2719 1.

2521 2858 2531 2865 ⁸
2541 2857 2577 2878 Cf.
2588 2860 2630 2878 art.
2641 2862 2708 2884 praec
2717 2872 2731 2878 ..

2522 2889 2570 2910 arg.
2586 2889 2602 2904 1.

2522 3175 2531 3184 ³
2541 3174 2588 3201 Qu.
2596 3180 2659 3196 xxiii.
2669 3178 2710 3195 art.
2718 3180 2733 3195 1.

2619 3228 2636 3244 α
