2892 4056
1065 135 1330 181 QUAESTIO
1360 136 1425 182 LI,

364 213 469 263 quod
487 212 581 250 ratio
612 224 745 249 eorum
773 220 952 262 prompta
975 221 1030 250 est
1058 213 1104 250 ad
1135 213 1423 251 discurrendum

362 278 433 315 per
461 266 629 312 diversa,
659 265 764 314 quod
801 265 951 303 videtur
987 266 1189 315 provenire
1225 278 1269 302 ex
1298 266 1425 314 dispo-

363 318 498 356 sitione
527 318 793 366 imaginativae
812 319 969 364 virtutis,
990 331 1088 367 quae
1117 319 1164 356 de
1184 318 1279 355 facili
1299 325 1425 367 potest

362 371 528 408 formare
545 371 695 408 diversa
714 372 993 420 phantasmata:
1012 379 1048 408 et
1061 379 1190 408 tamen
1206 371 1424 408 huiusmodi

363 425 596 473 quandoque
625 436 703 461 non
728 432 814 461 sunt
842 424 932 462 boni
961 424 1100 470 iudicii,
1121 425 1224 472 quod
1254 431 1310 460 est
1337 436 1425 472 pro-

363 485 446 526 pter
474 477 665 514 defectum
695 477 922 524 intellectus,
957 477 1021 525 qui
1049 476 1215 513 maxime
1245 476 1425 523 contingit

365 542 410 567 ex
429 531 529 566 mala
549 529 796 578 dispositione
825 529 1041 567 communis
1070 541 1203 565 sensus
1227 541 1304 565 non
1325 529 1423 565 bene

363 582 572 619 iudicantis.
603 584 651 619 Et
670 582 756 620 ideo
783 589 933 631 oportet
959 588 1108 630 praeter
1127 581 1321 618 eubuliatn
1343 593 1424 618 esse

364 635 475 672 aliam
495 635 675 673 virtutem
694 648 793 684 quae
813 643 868 672 est
891 635 988 671 bene
1013 634 1227 671 iudicativa‚
1257 635 1306 670 Et
1329 637 1424 670 haec

365 688 499 725 dicitur
523 688 679 736 synesis.

417 743 474 778 AD
503 753 639 778 Palmum
668 752 766 778 ERGO
794 750 979 778 mcENDuM
1014 739 1118 787 quod
1152 746 1297 776 rectum
1331 739 1424 776 iudi-

363 794 464 831 cium
493 794 531 831 in
559 795 633 832 hoc
662 793 830 830 consistit
857 791 963 842 quod
989 791 1048 829 vis
1077 791 1335 839 cognoscitiva
1359 804 1424 840 ap-

362 847 574 895 prehendat
592 844 608 876 Ρ
627 858 708 883 rem
737 846 904 894 aliquam
937 845 1150 881 secundum
1183 845 1287 891 quod
1316 843 1354 880 in
1383 856 1422 880 se

363 908 432 936 est.
462 899 578 946 Quod
597 898 754 948 quidem
781 896 959 947 provenit
978 909 1024 933 ex
1046 903 1147 933 recta
1176 896 1423 944 dispositione

362 952 509 989 virtutis
537 950 857 1000 apprehensivae:
887 949 982 987 sicut
1010 949 1047 986 in
1075 949 1243 997 speculo,
1263 948 1294 985 si
1314 949 1424 985 fuerit

363 1005 462 1041 bene
487 1003 725 1052 dispositum,
745 1003 1014 1052 imprimuntur
1041 1002 1187 1038 formae
1217 1013 1423 1049 corporum

363 1057 575 1094 secundum
603 1056 707 1104 quod
743 1063 849 1101 sunt3
889 1055 918 1092 si
945 1067 1040 1092 vero
1079 1054 1189 1091 fuerit
1225 1054 1423 1103 speculum

362 1109 462 1146 male
483 1108 720 1157 dispositum,
742 1116 926 1158 apparent
952 1107 1004 1145 ibi
1033 1107 1216 1155 imagines
1245 1107 1423 1144 distortae

363 1169 399 1198 et
417 1174 535 1210 prave
564 1174 605 1198 se
632 1162 829 1198 habentes.
860 1161 977 1208 Quod
997 1168 1125 1197 autem
1145 1159 1264 1197 virtus
1284 1171 1424 1207 cogno-

362 1214 496 1252 scitiva
515 1215 561 1251 sit
579 1215 678 1251 bene
707 1214 889 1263 disposita
917 1214 966 1251 ad
994 1213 1253 1262 recipiendum
1283 1225 1341 1249 res
1367 1225 1423 1249 se-

363 1267 532 1315 cundum
561 1268 667 1316 quod
695 1275 792 1315 sunt,
819 1266 1000 1315 contingit
1028 1266 1184 1316 quidem
1213 1265 1425 1303 radicaliter

363 1332 409 1358 ex
428 1328 574 1367 natura,
595 1320 902 1358 consummative
930 1327 1058 1358 autem
1087 1331 1134 1356 ex
1163 1318 1337 1356 exercitio
1363 1319 1424 1355 vel

414 1450 440 1485 β)
458 1452 652 1484 apprehendat.
669 1465 690 1472 -
706 1451 883 1484 apprehendit
901 1451 981 1476 PGH.

412 1487 439 1522 γ)
459 1487 595 1512 iudicium.
612 1500 632 1506 -
650 1486 711 1511 Om.
730 1486 763 1512 G.

1454 135 1749 173 ARTICULUS
1779 135 1830 172 IV

2456 137 2525 174 381

1480 225 1524 250 ex
1545 226 1700 250 munere
1720 214 1869 261 gratiae.
1899 215 1948 251 Et
1965 215 2040 251 hoc
2060 214 2266 263 dupliciter.
2294 215 2378 252 Uno
2398 215 2529 262 modo,

1480 266 1618 302 directe
1639 278 1682 302 ex
1702 274 1807 315 parte
1827 266 1944 315 ipsius
1964 267 2243 315 cognoscitivae
2262 267 2418 314 virtutis,
2441 276 2531 316 puta

1479 318 1566 367 quia
1595 331 1671 355 non
1703 327 1758 355 est
1784 319 1929 356 imbuta
1956 320 2083 368 pravis
2111 319 2434 368 conceptionibus,
2464 321 2531 358 sed

1478 371 1578 408 veris
1607 379 1643 407 et
1671 372 1800 408 rectis:
1839 380 1875 408 et
1901 373 1976 410 hoc
2002 372 2163 421 pertinet
2198 373 2247 409 ad
2280 372 2445 420 synesim
2476 385 2531 409 se-

1479 424 1647 460 cundum
1676 425 1780 472 quod
1818 432 1874 461 est
1911 425 2080 473 specialis
2108 425 2238 462 virtus.
2275 425 2361 462 Alio
2391 425 2530 471 modo,

1479 476 1678 523 indirecte,
1718 489 1763 514 ex
1791 478 1893 514 bona
1920 477 2166 526 dispositione
2203 477 2431 526 appetitivae
2459 478 2533 514 vir-

1479 529 1583 575 tutis,
1615 541 1658 565 ex
1687 541 1762 577 qua
1791 530 1958 578 sequitur
1986 531 2090 578 quod
2117 531 2234 567 homo
2269 530 2366 567 bene
2395 530 2534 566 iudicet

1479 582 1526 619 de
1547 582 1822 630 appetibilibus.
1853 583 1901 620 Et
1920 582 1971 619 sic
1990 583 2135 619 bonum
2155 583 2302 619 virtutis
2321 582 2501 620 iudicium
2517 587 2532 610 ἵ

1479 635 1721 683 consequitur
1739 635 1888 672 habitus
1908 635 2090 672 virtutum
2111 635 2327 682 moralium,
2349 635 2416 672 sed
2436 635 2533 671 circa

1478 687 1594 724 fines:
1632 687 1776 735 synesis
1813 695 1940 725 autem
1978 696 2034 725 est
2071 688 2190 736 magis
2228 688 2325 724 circa
2362 700 2407 724 ea
2435 700 2532 735 quae

1479 747 1564 776 sunt
1591 740 1640 777 ad
1668 741 1798 777 finem.

1531 795 1590 829 AD
1618 804 1807 830 SECUNDUM
1835 805 2018 830 mmmmm
2054 793 2159 841 quod
2196 793 2234 829 in
2267 793 2374 830 malis
2409 800 2534 841 potest

1479 845 1633 892 quidem
1662 845 1843 882 iudicium
1873 854 2017 882 rectum
2043 857 2124 882 esse
2152 845 2190 882 in
2217 845 2436 883 universali:
2466 845 2533 882 sed

1479 896 1516 932 in
1535 897 1747 944 particulari
1767 898 1892 945 agibili
1920 909 2072 946 semper
2099 910 2232 935 eorum
2251 898 2431 936 iudicium
2451 910 2532 934 cor-

1480 949 1676 997 rumpitur,
1705 957 1747 986 ut
1774 962 1888 998 supra
1906 950 1926 972 '¹‘
1944 950 2115 987 habitum
2144 958 2210 987 est.

1531 1003 1589 1038 An
1604 1013 1763 1038 TERTmM
1779 1014 1962 1039 mCENDUM
1982 1003 2086 1050 quod
2107 1003 2286 1050 contingit
2300 1002 2532 1050 quandoque

1480 1053 1517 1090 id
1545 1054 1651 1101 quod
1679 1055 1777 1091 bene
1810 1055 2018 1091 iudicatum
2048 1063 2102 1091 est
2135 1055 2296 1102 differri,
2329 1056 2391 1092 vel
2419 1055 2533 1103 negli-

1478 1115 1610 1155 genter
1639 1107 1698 1155 agi
1728 1115 1792 1144 aut
1820 1107 2041 1144 inordinate.
2071 1108 2120 1144 Et
2139 1107 2225 1144 ideo
2254 1116 2340 1156 post
2356 1108 2534 1145 virtutem

1478 1172 1576 1208 quae
1609 1168 1665 1197 est
1696 1160 1795 1197 bene
1828 1160 2030 1197 indicativa
2072 1161 2282 1197 necessaria
2321 1168 2376 1197 est
2411 1160 2534 1197 finalis

1479 1213 1595 1250 virtus
1614 1213 1828 1262 principalis
1848 1226 1946 1262 quae
1970 1213 2015 1250 sit
2034 1211 2047 1234 Β
2067 1213 2164 1250 bene
2192 1213 2445 1262 praeceptiva,
2466 1213 2534 1249 sci-

1478 1265 1562 1302 licet
1589 1266 1801 1315 prudentia.

1532 1449 1557 1483 ὃ)
1575 1451 1619 1475 sit.
1637 1464 1656 1470 -
1674 1454 1713 1476 est
1731 1450 1782 1475 PF.

1039 1563 1371 1597 Commentariis
1394 1563 1644 1596 Cardjnalis
1666 1562 1867 1596 Caietam

391 1657 412 1678 n
435 1646 568 1678 articulo
591 1645 684 1677 tertio
707 1645 850 1676 eiusdem
874 1644 1078 1686 quaestionis,
1103 1644 1136 1674 in
1159 1643 1367 1684 responsione
1382 1644 1422 1674 ad
1476 1643 1630 1674 iudicium
1654 1650 1774 1683 spectet
1795 1644 1835 1673 ad
1859 1643 2006 1684 synesim,
2031 1643 2123 1683 primi
2151 1649 2256 1673 tamen
2280 1643 2403 1674 bonitas
2430 1643 2537 1673 virtuti

363 1659 542 1732 Iprimum.
567 1697 642 1721 nota
666 1690 783 1730 duplex
812 1689 968 1723 iudicium
998 1698 1184 1719 concurrere
1217 1695 1288 1719 ante
1316 1694 1423 1719 actum
1477 1687 1589 1718 morali
1612 1687 1768 1723 tribuitur,
1785 1687 1915 1718 secundi
1931 1694 2038 1718 autem
2061 1687 2179 1728 synesi:
2205 1687 2279 1727 quia
2301 1687 2385 1718 illius
2401 1694 2447 1718 est
2470 1697 2535 1717 ma-

360 1734 532 1776 praecepti:
557 1734 673 1765 scilicet
696 1734 734 1764 de
757 1733 819 1764 fine
843 1733 1031 1774 particulari,
1055 1739 1087 1763 et
1109 1733 1171 1763 hoc
1194 1731 1229 1763 fit
1250 1732 1283 1762 in
1307 1732 1424 1762 minori
1477 1732 1523 1772 gis
1539 1731 1620 1768 finis,
1636 1731 1726 1762 istius
1742 1738 1849 1762 autern
1872 1738 1918 1763 est
1934 1732 2033 1772 magis
2056 1731 2088 1761 id
2111 1732 2199 1772 quod
2219 1738 2264 1762 est
2286 1732 2326 1761 ad
2348 1730 2455 1762 finem.
2478 1731 2537 1762 Mi-

359 1779 596 1819 propositione3
628 1785 658 1809 et
681 1778 719 1808 de
743 1788 782 1808 eo
806 1778 896 1818 quod
910 1784 964 1816 *est
987 1777 1026 1807 ad
1049 1776 1161 1813 finem,
1187 1776 1277 1817 quod
1307 1776 1425 1816 praeci-

1478 1776 1587 1806 nistrat
1609 1776 1694 1806 enim
1717 1776 1794 1806 haec
1817 1775 2018 1816 prudentiae,
2043 1785 2124 1816 quae
2154 1782 2200 1806 est
2223 1785 2335 1806 eorum
2358 1785 2441 1816 quae
2464 1782 2538 1806 sunt

360 1823 512 1863 piendum
531 1829 593 1859 est,
617 1829 648 1854 et
671 1822 733 1853 hoc
755 1821 791 1853 fit
805 1822 838 1852 in
861 1821 1075 1853 conclusione.
1099 1821 1140 1852 Et
1162 1821 1235 1852 licet
1253 1827 1425 1862 utrumque
1479 1820 1518 1850 ad
1541 1819 1652 1850 finem:
1677 1820 1730 1850 illa
1754 1826 1860 1851 autem
1878 1819 2087 1851 intentionem
2109 1819 2180 1850 finis
2204 1826 2319 1850 rectam
2343 1819 2424 1850 facit.

1134 1941 1455 2008 ARTICULUS
1491 1964 1764 2015 QUARTUS

1027 2057 1183 2088 UTRUM
1207 2057 1361 2089 GNOME
1386 2057 1452 2088 SIT
1476 2056 1690 2088 SPECIALIS
1714 2056 1870 2087 VIRTUS

876 2136 900 2160 1·
918 2135 974 2167 11⁸⁶,
994 2143 1038 2168 qu.
1057 2143 1118 2166 nvn,
1136 2141 1183 2160 art.
1202 2134 1227 2166 6,
1248 2136 1280 2160 ad
1301 2135 1330 2166 33
1350 2135 1381 2160 111
1401 2135 1483 2165 Sent„
1503 2135 1562 2160 dist.
1580 2142 1666 2164 xxxin.
1686 2142 1731 2167 qu.
1750 2141 1788 2166 ιιι,
1807 2139 1854 2160 art.
1877 2142 1898 2166 ι,
1917 2134 1966 2167 qu·
1987 2133 2010 2159 3.

406 2235 409 2245 ⁴
455 2236 459 2245 v
577 2229 600 2254 ι)
620 2228 793 2259 QUARTUM
812 2227 866 2252 stc
885 2226 1125 2252 artocem-run.
1145 2215 1303 2252 Videtur
1322 2214 1427 2263 quod

420 2314 423 2321 γ
503 2263 552 2329 (ξι
579 2281 719 2318 gnome
748 2281 827 2306 non
848 2268 894 2305 sit
921 2268 1092 2318 specialis
1118 2268 1239 2306 virtus
1258 2280 1282 2304 a
1300 2267 1427 2316 synesi

388 2356 408 2368 ,ι
447 2339 506 2365 v,
530 2317 569 2363 ’θ’
580 2319 763 2360 distincta.
800 2321 901 2368 Quia
929 2321 1141 2358 secundum
1177 2321 1344 2370 synesim
1374 2320 1428 2358 di-

390 2371 407 2381 ''
426 2352 523 2407 ζ’*ῢ
551 2391 570 2411 N<
581 2375 673 2412 citur
692 2373 826 2422 aliquis
853 2374 953 2410 bene
981 2373 1218 2410 indicativus.
1250 2374 1328 2410 Sed
1346 2374 1427 2410 nul-

366 2429 424 2465 lus
452 2422 578 2476 p'otest
606 2428 680 2465 dici
707 2428 805 2464 bene
834 2426 1060 2463 iudicativus
1087 2426 1157 2463 nisi
1185 2426 1223 2462 in
1248 2425 1427 2462 omnibus

367 2482 467 2519 bene
495 2479 644 2518 iudicet.
675 2482 776 2528 Ergo
797 2479 942 2528 synesis
971 2490 1011 2516 se
1039 2478 1204 2516 extendit
1229 2478 1278 2515 ad
1298 2478 1428 2515 omnia

369 2533 619 2572 diiudicanda.
649 2535 740 2571 Non
761 2541 816 2570 est
836 2544 924 2581 ergo
953 2531 1078 2581 aliqua
1100 2532 1172 2569 alia
1190 2531 1309 2568 virtus
1329 2532 1427 2568 bene

366 2587 571 2625 iudicativa
599 2599 696 2636 quae
725 2598 865 2635 gnome
892 2592 1053 2622 vocatur
1072 2590 1100 2621 α.

423 2652 458 2678 2.
487 2641 721 2686 PRAETEREA,
750 2638 933 2677 iudicium
957 2637 1128 2675 medium
1150 2645 1206 2674 est
1224 2637 1320 2674 inter
1339 2649 1428 2674 con-

367 2693 493 2731 silium
514 2701 550 2730 et
567 2701 829 2743 praeceptum.
861 2691 938 2728 Sed
956 2703 1034 2728 una
1062 2698 1208 2727 tantum
1233 2690 1353 2727 virtus
1374 2698 1429 2726 est

367 2748 466 2784 bene
496 2746 742 2794 consiliativa,
763 2745 901 2782 scilicet
929 2743 1102 2789 eubulia;
1131 2751 1167 2780 et
1186 2755 1262 2780 una
1281 2750 1426 2780 tanturn

366 2799 486 2837 virtus
515 2807 571 2836 est
603 2800 702 2836 bene
738 2797 1002 2849 praeceptiva,
1041 2796 1182 2834 scilicet
1216 2796 1427 2845 prudentia.

368 2853 472 2900 Ergo
499 2865 577 2889 una
603 2860 750 2889 tantum
777 2859 832 2889 est
850 2851 968 2888 virtus
996 2851 1094 2887 bene
1123 2849 1338 2897 iudicativa‚
1359 2849 1431 2885 sci-

368 2905 453 2942 licet
481 2905 638 2953 synesis.

425 2958 459 2994 3.
488 2958 722 3004 PRAETEREA,
754 2969 798 2993 ea
826 2969 924 3005 quae
954 2968 1038 2993 raro
1069 2954 1261 3002 accidunt,
1290 2954 1328 2991 in
1349 2954 1430 3003 qui—

368 3010 440 3047 bus
469 3018 619 3058 oportet
637 3008 652 3039 β
676 3022 698 3046 a
728 3009 998 3046 communibus
1034 3008 1177 3056 legibus
1213 3007 1428 3055 discedere,

368 3062 546 3100 videntur
581 3062 783 3111 praecipue
821 3061 986 3099 casualia
1014 3073 1117 3108 esse,
1157 3072 1322 3109 quorum
1351 3072 1429 3097 non

296 3136 303 3143 ·
336 3138 342 3169 3
371 3123 426 3152 est
453 3115 560 3162 ratio,
589 3123 630 3152 ut
662 3115 798 3152 dicitur
824 3114 863 3152 in
892 3115 923 3151 II
951 3114 1065 3162 Phys.
1085 3113 1105 3135 ’¹‘
1134 3113 1281 3150 Omnes
1300 3119 1429 3149 autem

369 3168 526 3206 virtutes
554 3168 821 3205 intellectuales
857 3166 1046 3215 pertinent
1077 3165 1125 3203 ad
1158 3165 1344 3203 rationem
1374 3178 1430 3202 re-

370 3229 482 3258 ctam.
513 3221 616 3269 Ergo
645 3221 745 3258 circa
772 3219 963 3269 praedicta
991 3231 1070 3256 non
1091 3226 1145 3255 est
1164 3218 1290 3267 aliqua
1308 3218 1428 3255 virtus

370 3274 640 3312 intellectualis.

423 3406 450 3438 α)
470 3409 590 3431 vocatur.
608 3419 627 3424 -
645 3405 752 3431 dicatur
770 3404 918 3433 mentm,
938 3404 1037 3429 dicitur
1055 3404 1110 3429 EG.

423 3440 448 3475 β)
468 3444 580 3474 oportet.
598 3454 616 3460 —
633 3441 778 3474 aliquando
796 3440 892 3465 addunt
911 3439 1007 3465 PGHa.

1536 2215 1610 2251 SED
1630 2226 1777 2251 CONTRA
1796 2225 1863 2251 EST
1890 2214 1995 2262 quod
2019 2214 2273 2263 Philosophus
2303 2214 2536 2261 determinat,

1483 2267 1520 2304 in
1537 2267 1589 2304 VI
1617 2267 1737 2304 Ethic.
1757 2266 1789 2315 ²¹²,
1809 2279 1978 2315 gnomen
1999 2279 2080 2304 esse
2100 2267 2302 2316 specialem
2321 2267 2509 2304 virtutem.

1534 2321 1761 2357 Respoumzo
1785 2332 1970 2358 DICENDUM
1998 2321 2103 2368 quod
2126 2319 2276 2357 habitus
2296 2320 2539 2369 cognoscitivi
2558 2326 2562 2328 '

1483 2372 1760 2421 distinguuntur
1779 2374 1991 2411 secundum
2011 2373 2141 2411 altiora
2158 2374 2222 2411 vel
2245 2373 2421 2411 inferiora
2439 2372 2540 2422 prin-

1483 2425 1599 2474 cipia:
1629 2425 1723 2462 sicut
1750 2426 1934 2475 sapientia
1952 2426 1991 2463 in
2014 2426 2254 2475 speculativis
2282 2426 2413 2464 altiora
2439 2427 2539 2475 prin-

1483 2477 1579 2526 cipia
1620 2478 1835 2515 considerat
1869 2490 1985 2527 quam
2024 2479 2200 2525 scientia,
2239 2487 2274 2515 et
2301 2479 2388 2516 ideo
2417 2480 2466 2516 ab
2495 2492 2539 2516 ea

1483 2530 1718 2578 distinguitur
1735 2535 1762 2567 Υ.
1783 2531 1832 2567 Et
1850 2531 1899 2568 ita
1924 2531 2037 2568 etiam
2067 2539 2216 2580 oportet
2236 2544 2318 2568 esse
2337 2531 2375 2568 in
2395 2532 2537 2569 activis.

1483 2583 1726 2621 Manifestum
1743 2591 1799 2620 est
1813 2591 1941 2621 autem
1961 2584 2066 2633 quod
2086 2584 2147 2621 illa
2166 2596 2265 2632 quae
2285 2591 2372 2621 sunt
2389 2592 2539 2633 praeter

1483 2636 1657 2673 ordinem
1699 2636 1883 2674 inferioris
1924 2636 2095 2686 principii
2128 2637 2207 2674 sive
2246 2649 2381 2674 causae
2428 2637 2539 2675 redu-

1484 2696 1618 2726 cuntur
1647 2689 1878 2737 quandoque
1907 2689 1945 2726 in
1974 2689 2148 2726 ordinem
2178 2690 2316 2726 altioris
2344 2690 2537 2738 principii:

1483 2742 1578 2778 sicut
1605 2742 1836 2779 monstruosi
1871 2749 2000 2791 partus
2029 2742 2249 2779 animalium
2278 2751 2365 2779 sunt
2391 2750 2540 2791 praeter

1484 2795 1658 2832 ordinem
1676 2795 1821 2832 virtutis
1840 2794 1985 2832 activae
2010 2795 2048 2831 in
2067 2795 2226 2841 semine,
2247 2803 2375 2832 tamen
2400 2796 2539 2832 cadunt

1483 2849 1554 2884 sub
1575 2847 1705 2884 ordine
1725 2847 1865 2884 altioris
1892 2848 2076 2896 principii,
2103 2847 2243 2885 scilicet
2271 2848 2438 2885 caelestis
2459 2861 2540 2885 cor-

1483 2900 1598 2949 poris,
1618 2901 1680 2937 vel
1698 2900 1853 2937 ulterius
1874 2900 2138 2949 providentiae
2158 2900 2320 2938 divinae.
2350 2901 2460 2938 Unde
2480 2901 2538 2938 ille

1484 2953 1547 3002 qui
1580 2953 1837 2990 consideraret
1862 2951 1875 2975 ⁶
1907 2953 2083 2990 virtutem
2119 2953 2282 2990 activam
2318 2954 2357 2990 in
2395 2954 2539 2991 semine

1483 3018 1562 3043 non
1581 3014 1711 3056 posset
1737 3006 1918 3044 iudicium
1947 3014 2091 3043 certum
2120 3006 2216 3044 ferre
2246 3007 2293 3044 de
2321 3006 2540 3044 huiusmodi

1484 3059 1682 3097 monstris:
1713 3059 1760 3096 de
1780 3059 1917 3108 quibus
1935 3067 2066 3096 tamen
2093 3066 2217 3108 potest
2235 3059 2388 3096 iudicari
2408 3072 2540 3096 secun-

1485 3112 1577 3149 dum
1597 3112 1940 3149 considerationem
1961 3112 2112 3149 divinae
2135 3112 2407 3161 providentiae.
2438 3113 2539 3149 Con-

1483 3165 1590 3213 tingit
1618 3172 1744 3202 autem
1773 3165 2007 3214 quandoque
2036 3165 2174 3214 aliquid
2210 3177 2291 3201 esse
2324 3164 2539 3202 faciendum

1484 3226 1633 3267 praeter
1653 3230 1876 3255 communes
1897 3219 2043 3266 regulas
2063 3218 2314 3266 agendorum:
2343 3225 2433 3266 puta
2453 3229 2539 3254 curn

1483 3271 1738 3319 impugnatori
1766 3271 1909 3319 patriae
1938 3283 2016 3308 non
2045 3278 2101 3308 est
2129 3270 2343 3319 depositum
2380 3270 2540 3308 redden-

1535 3404 1562 3436 γ)
1581 3403 1766 3436 distinguitur.
1785 3417 1803 3422 -
1822 3403 2025 3436 distinguuntur
2047 3403 2099 3428 PG.
2118 3417 2135 3421 -
2154 3403 2203 3427 Pro
2225 3402 2334 3432 activis,
2353 3402 2455 3427 actibus
2473 3403 2521 3434 pK.

1537 3437 1561 3471 δ)
1580 3439 1770 3464 consideraret.
1788 3452 1807 3458 -·
1823 3438 1976 3464 considerat
1995 3439 2065 3463 PDn.

2559 947 2569 956 ⁴
2579 946 2638 967 Part.
2649 947 2667 969 1.
2681 951 2769 973 quaest.

2560 978 2623 999 mn,
2631 977 2674 994 art.
2684 979 2699 997 ι,
2710 973 2737 994 ad
2746 980 2773 1000 4.

2566 2278 2616 2300 *ca
2635 2294 2641 2300 .
2655 2284 2688 2301 ιι.
2704 2284 2725 2299 n.
2737 2284 2751 2298 1.
2764 2289 2774 2293 -

2566 2305 2591 2327 S.
2640 2321 2646 2326 .
2661 2306 2714 2326 lect.
2730 2310 2760 2325 ix.
