2892 4056
10 2687 30 2711 χ
62 2661 273 2727 ξυηαΙ-ῒν
289 2663 410 2701 loun.
429 2662 450 2684 '¹'

1015 174 1280 220 QUAESTIO
1310 175 1358 220 ΙΙ,
1388 174 1681 211 ARTICULUS
1712 175 1741 210 Il

296 252 495 298 haereant,
532 258 661 287 tamen
693 263 780 287 curn
811 251 1011 288 formidine
1040 252 1209 299 alterius,
1248 252 1352 300 quod

297 303 431 340 accidit
459 303 638 352 opinanti.
679 303 756 340 Sed
785 312 889 340 actus
917 304 984 341 iste
1021 305 1086 352 qui
1115 312 1170 341 est
1198 304 1351 341 credere

296 357 411 393 habet
438 355 591 392 firmam
612 356 882 393 adhaesionem
911 357 959 394 ad
978 369 1095 393 unam
1123 364 1283 406 partem,
1313 358 1352 394 in

297 406 374 458 quo
403 409 582 446 convenit
604 409 762 446 credens
783 422 872 446 cum
892 410 1030 446 sciente
1051 417 1087 445 et
1105 409 1350 457 intelligente:

297 469 334 498 et
359 469 489 501 tamen
518 461 598 498 eius
618 462 782 509 cognitio
810 474 887 499 non
913 470 968 499 est
992 462 1158 510 perfecta
1187 474 1254 510 per
1273 474 1352 499 ma-

155 515 170 544 ζ
297 514 470 550 nifestam
490 513 503 537 ζ
529 514 731 561 visionem,
762 514 800 550 in
822 526 901 562 quo
921 514 1100 550 convenit
1127 526 1215 550 cum
1244 515 1352 551 dubi-

295 573 409 612 tante,
430 566 643 614 suspicante
663 574 698 603 et
717 567 907 615 opinante.
938 567 987 602 Et
1005 566 1057 602 sic
1076 566 1272 615 proprium
1295 575 1350 603 est

297 618 482 656 credentis
496 627 538 655 ut
551 631 638 656 cum
658 630 814 656 assensu
830 618 981 666 cogitet:
1004 625 1039 655 et
1052 630 1121 667 per
1135 620 1208 655 hoc
1224 619 1351 656 distin-

290 671 420 721 guitur
437 672 505 709 iste
525 680 630 709 actus
647 672 713 720 qui
737 678 794 708 est
811 670 963 708 credere
991 671 1039 708 ab
1060 671 1238 708 omnibus
1262 672 1350 708 acti-

295 724 368 764 bus
386 724 595 763 intellectus
613 725 678 773 qui
706 731 793 761 sunt
813 723 909 761 circa
927 735 1063 760 verum
1082 725 1144 761 vel
1164 725 1300 763 falsum
1316 725 1346 761 *.

297 801 300 806 ,
348 779 408 813 An
423 789 560 814 PRIMUM
578 788 678 815 tneo
695 787 880 813 mensuum
899 777 1003 823 quod
1022 776 1118 812 fides
1138 789 1215 813 non
1235 778 1349 814 habet

295 829 580 878 inquisitionem
610 829 761 866 rationis
789 829 967 865 naturalis
996 829 1286 866 demonstrantis
1309 830 1347 866 id

2413 186 2459 221 27

1406 252 1511 299 quod
1537 253 1709 289 creditur.
1741 253 1867 289 Habet
1890 260 2017 289 tamen
2041 252 2321 301 inquisitionem
2346 265 2462 301 quan-

1407 304 1496 341 dam
1518 317 1652 341 eorum
1681 317 1748 354 per
1772 306 1870 353 quae
1891 305 2078 342 inducitur
2101 306 2219 341 homo
2241 306 2288 342 ad
2309 305 2462 342 creden-

1407 358 1517 394 dum:
1553 365 1645 406 puta
1677 358 1766 406 quia
1799 366 1885 394 sunt
1919 358 2016 394 dicta
2049 370 2071 394 a
2098 359 2182 394 Deo
2213 366 2247 394 et
2274 358 2462 394 miraculis

1407 409 1645 446 confirmata.

1459 464 1517 499 Ao
1545 474 1735 500 SECUNDUM
1760 475 1944 500 D1CENDUM
1971 463 2077 512 quod
2106 462 2268 513 cogitare
2297 475 2375 499 non
2402 475 2462 500 su-

1405 514 1521 551 mitur
1545 515 1606 552 hic
1633 523 1745 563 prout
1765 523 1820 552 est
1839 523 1943 552 actus
1964 515 2185 563 cogitativae
2204 515 2366 552 virtutis:
2395 516 2463 553 sed

1406 574 1519 615 prout
1547 568 1709 616 pertinet
1728 567 1775 605 ad
1795 569 2034 614 intellectum,
2063 577 2104 604 ut
2133 568 2273 604 dictum
2293 576 2348 605 est
2369 569 2400 604 *.

1459 621 1517 656 An
1537 631 1697 657 TER-rum
1716 632 1899 657 DICENDUM
1927 621 2033 670 quod
2052 621 2260 658 intellectus
2281 621 2463 658 credentis

1407 671 1680 710 determinatur
1719 673 1767 709 ad
1799 686 1920 714 unum
1950 686 2027 710 non
2055 686 2123 722 per
2151 673 2358 719 rationem,
2396 673 2463 710 sed

1406 737 1475 773 per
1501 726 1752 762 voluntatem.
1791 727 1839 762 Et
1866 726 1953 762 ideo
1987 738 2163 763 assensus
2190 726 2251 763 hic
2285 726 2464 775 accipitur

1405 790 1474 826 pro
1505 786 1592 814 actu
1619 779 1828 815 intellectus
1857 779 2068 815 secundum
2097 779 2200 826 quod
2230 791 2251 815 a
2271 780 2462 816 voluntate

1407 830 1693 867 determinatur
1711 831 1758 867 ad
1787 843 1920 867 unum.

349 946 374 978 ζ)
394 947 572 985 mnffattagn.
590 960 607 965 -
627 946 775 971 maximam
788 946 1072 978 *PABCFGfflLpEKx
1091 952 1115 970 et
1134 954 1160 971 a.

1012 1046 1013 1049 '
1061 1073 1376 1115 Amemus

1405 1072 1704 1116 SECUNDUS

563 1163 717 1194 UTRUM
741 1162 1082 1194 CONVENIENTER
1104 1158 1430 1205 DISTINGUATUR
1451 1164 1597 1195 ACTUS
1621 1164 1732 1196 FIDEI
1755 1165 1838 1196 PER
1862 1165 1954 1196 HOC
1979 1166 2100 1203 QUOD
2125 1166 2204 1198 EST

750 1206 961 1237 CREDERE
979 1206 1084 1244 ΠΕΟ,
1111 1207 1322 1239 CREDERE
1340 1207 1479 1238 DEUM
1497 1208 1554 1238 ET
1583 1208 1794 1251 CREDERE
1813 1209 1868 1240 IN
1888 1210 2026 1240 DEUM

333 1281 335 1283 “
386 1277 417 1303 llI
437 1278 523 1307 Sem„
539 1276 599 1302 disi.
615 1284 685 1306 xxm.
703 1270 749 1310 qu.
767 1284 795 1308 n,
814 1282 860 1301 art.
881 1284 904 1306 2,
923 1277 973 1308 qu⁸
995 1284 1022 1307 2;
1042 1277 1084 1301 De
1107 1276 1197 1306 Verit„
1216 1285 1262 1310 qu.
1279 1284 1330 1308 nv,
1348 1283 1395 1302 art.

509 1359 532 1384 n
546 1358 736 1384 SECUNDUM
751 1358 804 1382 Sic
820 1333 1058 1382 ἓκοεεῡιτυιι.
1078 1346 1234 1383 Videtur
1249 1347 1353 1395 quod

509 1399 816 1437 inconvenienter
835 1398 1083 1445 distinguatur
1103 1404 1119 1419 α
1139 1407 1244 1436 actus
1256 1399 1353 1437 'fidei

420 1438 494 1493 ,²6⁸
509 1465 578 1501 per
604 1453 679 1488 hoc
707 1452 812 1499 quod
831 1458 887 1487 est
909 1451 1062 1486 credere
1079 1451 1174 1496 Deo,
1203 1452 1355 1487 credere
1381 1476 1383 1490 .

363 1540 366 1541 γ
412 1500 437 1525 ‘1
465 1497 491 1535 Ὺ
509 1506 634 1547 Deum
659 1510 696 1540 et
713 1504 866 1540 credere
890 1503 929 1539 in
942 1504 1079 1540 Deum.
1108 1504 1229 1541 Unius
1252 1504 1354 1541 enim

297 1557 449 1595 habitus
476 1568 576 1594 unus
605 1563 660 1593 est
688 1564 805 1593 actus.
845 1556 921 1592 Sed
949 1555 1046 1592 fides
1080 1564 1135 1592 est
1166 1568 1263 1592 unus
1291 1557 1356 1593 ha·
1382 1576 1383 1581 =

297 1610 415 1647 bitus:
454 1621 542 1646 cum
571 1609 617 1645 sit
642 1621 719 1645 una
746 1609 878 1646 virtus.
916 1609 1019 1655 Ergo
1046 1608 1359 1646 inconvenienter
1382 1613 1385 1653 l

157 1663 174 1699 t
298 1669 493 1712 ponuntur
519 1662 780 1711 plures-actus
809 1661 890 1697 eius
905 1659 930 1697 β.

291 1727 389 1763 mna.
417 1715 652 1761 PRAETEREA,
681 1714 772 1751 illud
799 1714 904 1762 quod
934 1722 1224 1752 est-commune
1252 1715 1358 1752 omni

290 1767 399 1806 menni
423 1768 515 1805 fidei
547 1780 629 1804 non
657 1767 771 1804 debet
798 1767 890 1815 poni
927 1775 968 1804 ut
994 1766 1228 1815 particularis
1255 1775 1359 1804 actus

170 1834 190 1843 ιχ
251 1831 255 1834 ’
291 1820 402 1858 fidei.
431 1820 509 1858 Sed
533 1820 688 1858 eredere
707 1821 792 1856 Deo
821 1820 1012 1857 invenitur
1041 1820 1295 1857 communiter
1321 1820 1360 1857 in
1384 1821 1386 1864 ἕ

286 1873 470 1921 quolibet
497 1880 584 1910 actu
610 1872 721 1910 fidei:
760 1873 849 1921 quia
883 1873 981 1910 fides
1013 1872 1180 1910 innititur
1211 1874 1359 1922 primae
1384 1866 1386 1911 ἶ

288 1925 459 1964 veritati.
497 1926 599 1974 Ergo
632 1924 783 1964 videtur
815 1925 919 1974 quod
947 1925 1258 1963 inconvenienter
1286 1926 1359 1963 dis·
1385 1946 1386 1949 =

288 1977 490 2026 tinguatur
518 1991 541 2015 a
567 1978 797 2027 quibusdam
825 1979 905 2015 aliis
933 1978 1077 2015 actibus
1104 1979 1205 2016 fidei.
1385 1987 1387 2024 ;

178 2052 190 2061 ι·
313 2048 322 2069 ῑ
355 2032 390 2068 3.
419 2031 654 2077 ΡΜεΓΕκΕΑ,
682 2031 774 2068 illud
802 2032 908 2078 quod
935 2031 1114 2069 convenit
1137 2031 1251 2068 etiarn
1280 2044 1358 2069 non

154 2094 172 2120 τ
291 2083 476 2122 ,fidelibus
504 2095 583 2121 non
610 2090 735 2132 potest
761 2084 854 2132 poni
881 2083 972 2121 fidei
990 2089 1006 2111 Υ
1033 2092 1151 2121 actus.
1181 2084 1258 2121 Sed
1279 2097 1358 2122 cre·
1385 2082 1387 2114 ἶ

288 2136 390 2175 dete
408 2137 536 2173 Deum
567 2148 648 2173 esse
668 2137 848 2174 convenit
866 2136 979 2174 etiarn
998 2136 1226 2174 infidelibus.
1254 2138 1357 2185 Ergo

286 2196 380 2227 mon
408 2189 523 2227 debet
548 2189 640 2238 poni
667 2188 763 2227 inter
790 2198 896 2227 actus
922 2189 1024 2226 fidei.

352 2242 667 2288 4.Pmm,
698 2243 847 2280 moveri
880 2242 919 2279 in
951 2242 1070 2279 finem
1108 2242 1269 2290 pertinet
1309 2243 1358 2279 ad
1385 2279 1387 2290 ,

298 2294 558 2340 voluntatem.
577 2294 684 2332 cuius
711 2295 904 2332 obiectum
934 2302 989 2331 est
1016 2295 1163 2332 bonurn
1193 2303 1228 2331 et
1256 2295 1356 2332 finis.
1385 2294 1387 2341 ξ

297 2346 380 2385 Sed
407 2347 560 2385 credere
589 2359 668 2384 non
691 2355 752 2384 est
779 2355 884 2387 actus
911 2347 1131 2394 voluntatis,
1156 2347 1228 2384 sed
1255 2347 1360 2385 intel—
1385 2354 1386 2366 ³

288 2400 429 2437 alectus.
455 2399 561 2447 Ergo
587 2411 667 2437 non
691 2399 806 2438 debet
831 2399 924 2448 poni
953 2399 1164 2437 differentia
1182 2413 1260 2437 una
1278 2400 1358 2438 eius

158 2461 173 2487 a
288 2452 407 2501 qnod
434 2459 490 2489 est
517 2452 672 2489 credere
699 2452 739 2490 in
757 2453 882 2491 Deum
901 2450 927 2498 ὃ,
955 2453 1059 2500 quod
1078 2453 1358 2500 importat-mo·
1384 2449 1385 2495 s

288 2512 382 2549 ¹«tum
409 2504 447 2543 in
475 2505 606 2542 finem.
1384 2510 1385 2527 ³

243 2570 246 2572 ’
292 2574 300 2578 ’
354 2558 430 2595 sm>
459 2569 606 2595 comm
634 2569 701 2604 EST
729 2557 835 2606 quod
857 2556 1091 2604 Augustinus
1113 2557 1212 2593 hanc
1231 2556 1358 2594 distin·
1384 2570 1386 2582 f

62 2646 73 2656 ,
82 2645 148 2668 &m
164 2621 218 2668 ἴω
243 2646 274 2667 ⁸1.
288 2609 467 2648 ctionem
484 2610 605 2658 ponit,
624 2610 664 2647 in
682 2610 784 2647 libris
806 2615 819 2630 ⁸
838 2610 884 2646 de
904 2610 1012 2647 Verb.
1028 2608 1180 2656 Dom.*‚
1193 2615 1230 2645 et
1246 2621 1359 2658 super

62 2731 165 2757 -τιια,
176 2731 263 2755 nn.
354 2716 580 2753 Rwonnno
599 2726 784 2752 mcennum
813 2714 918 2762 quod
941 2721 1046 2750 actus
1070 2714 1267 2751 cuiuslibet
1292 2727 1360 2763 po-
1384 2704 1386 2718 ⁴

300 2767 440 2807 tentiae
466 2769 530 2807 vel
555 2768 707 2806 habitus
739 2766 919 2816 accipitur
946 2766 1156 2804 secundum
1185 2766 1359 2804 ordinem

158 2825 174 2855 t
301 2821 495 2869 potentiae
521 2822 584 2859 vel
611 2821 760 2859 habitus
788 2820 837 2857 ad
865 2831 976 2857 suum
1005 2819 1198 2856 obiectum
1222 2818 1245 2855 ζ.
1281 2819 1360 2856 Ob-

301 2873 443 2911 iectum
471 2880 600 2910 autem
627 2873 718 2911 fidei
749 2880 875 2922 potest
900 2871 1090 2920 tripliciter
1117 2871 1358 2913 considerari.

303 2926 404 2963 Cum
425 2925 528 2963 enim
548 2925 702 2964 credere
721 2925 768 2962 ad
787 2925 1017 2965 intellectum
1040 2924 1224 2973 pertineat
1245 2922 1361 2973 prout

170 3010 173 3012 .
304 2986 359 3015 est
386 2991 409 3016 a
434 2979 630 3016 voluntate
659 2986 786 3016 motus
814 2978 863 3016 ad
891 2977 1174 3015 assentiendum
1187 3006 1196 3023 ,
1233 2985 1276 3014 ut
1300 2977 1361 3017 *di-

65 3038 407 3075 ·mpn00.,-‹13.rctum
441 3030 548 3077 esst,
587 3038 711 3079 potest
737 3030 930 3068 obiectum
962 3030 1053 3068 fidei
1079 3029 1198 3078 accipi
1225 3031 1287 3066 vel
1310 3041 1360 3071 ex

302 3091 411 3132 parte
437 3083 556 3131 ipsius
582 3083 810 3131 intellectus,
845 3084 908 3120 vel
946 3095 991 3120 ex
1023 3090 1128 3131 parte
1155 3082 1360 3120 voluntatis

357 3213 386 3245 α.)
404 3212 597 3245 distinguatur.
615 3226 634 3231 -
653 3211 858 3245 distinguamur
875 3214 904 3238 P.

357 3246 383 3281 β)
401 3247 467 3273 eius.
482 3261 502 3267 -
512 3247 581 3281 fidei
598 3248 645 3273 Pa.
1051 3277 1054 3282 ¹
1125 3278 1128 3280 ¹

373 3283 382 3316 )
394 3283 472 3316 fidei.
490 3296 509 3301 -
528 3283 598 3308 inter
607 3282 678 3316 fidei
696 3282 730 3313 ¹³5
740 3282 812 3318 fidei
829 3286 931 3308 actus...
943 3282 1013 3317 poni
1029 3290 1084 3309 om.
1103 3282 1137 3309 G.

356 3291 382 3350 Ξ)
401 3318 429 3342 in
448 3317 544 3343 Deum.
561 3331 580 3337 —
598 3317 706 3342 credere
724 3317 751 3342 in
772 3317 859 3343 Deum
877 3314 951 3347 HC}
962 3315 995 3343 ἔπ’
1010 3318 1095 3343 Deum
1113 3319 1221 3344 credere
1239 3319 1273 3347 L,
1291 3320 1363 3351 quod

304 3356 344 3378 est
361 3354 470 3379 credere
488 3354 515 3378 in
536 3353 621 3381 Deum
641 3353 687 3385 pC,
707 3359 772 3386 ergo
790 3353 899 3378 credere
916 3351 1034 3386 (omisso
1053 3361 1109 3386 seq.
1128 3353 1215 3388 quod)
1235 3354 1290 3385 pK,
1309 3362 1362 3379 om.

305 3388 350 3419 sK,
371 3389 458 3413 Deum
476 3392 502 3413 et
520 3388 627 3413 credere
645 3388 671 3412 in
692 3388 777 3412 Deum
796 3395 824 3412 n.

358 3423 380 3455 ε)
398 3423 481 3448 libris.
498 3437 517 3442 -
534 3424 602 3448 libro
622 3423 799 3453 PCEFGHIL,
818 3423 838 3448 11'
854 3424 897 3449 ed.
915 3430 941 3448 a.

1414 1285 1439 1310 7,
1459 1278 1491 1302 ad
1511 1285 1542 1309 73
1563 1277 1592 1302 In
1614 1278 1697 1307 Ioan„
1716 1285 1772 1310 cap.
1791 1286 1826 1307 vi,
1845 1279 1904 1304 lect.
1922 1286 1966 1309 πη
1984 1279 2028 1303 Aa
2048 1279 2135 1308 Rom„
2155 1287 2210 1312 cap.
2228 1288 2263 1312 w,
2283 1281 2340 1307 lect.
2359 1289 2377 1307 ι.

1408 1347 1636 1384 intellectum
1666 1348 1869 1385 moventis.
1905 1348 1943 1385 Si
1971 1348 2127 1396 quidem
2156 1362 2200 1386 ex
2228 1358 2333 1398 parte
2362 1351 2466 1388 intel-

1408 1400 1538 1445 lectus,
1569 1400 1620 1436 sic
1649 1400 1686 1436 in
1715 1401 1866 1436 obiecto
1887 1407 1904 1427 η
1933 1401 2023 1437 fidei
2053 1403 2128 1438 duo
2156 1411 2317 1450 possunt
2346 1405 2467 1440 consi-

1411 1451 1544 1498 derari,
1574 1451 1670 1488 sicut
1697 1464 1811 1500 supra
1829 1453 1849 1474 ²¹⁴
1877 1453 2019 1489 dictum
2045 1462 2111 1490 est.
2142 1455 2319 1501 Quorum
2347 1469 2465 1493 unum
2493 1465 2503 1475 ·
2538 1471 2552 1486 u

1410 1511 1466 1540 est
1494 1505 1686 1541 materiale
1706 1505 1899 1542 obiectum
1919 1505 2020 1542 fidei.
2051 1507 2100 1543 Et
2118 1506 2170 1543 sic
2192 1508 2345 1556 ponitur
2363 1517 2467 1546 actus

1410 1556 1500 1594 fidei
1520 1558 1671 1594 credere
1690 1558 1814 1594 Deum
1834 1555 1868 1594 ⁰:
1898 1558 1998 1606 quia⁷
2024 1558 2119 1595 sicut
2146 1572 2260 1608 supra
2277 1560 2298 1582 '¹‘
2325 1561 2466 1598 dictum

1411 1617 1487 1656 est,
1526 1610 1616 1646 nihil
1653 1610 1879 1658 proponitur
1906 1611 2016 1647 nobis
2049 1612 2097 1648 ad
2127 1613 2360 1650 credendum
2398 1615 2468 1651 nisi
2495 1602 2503 1609 ”

1382 1663 1385 1709 ζ
1411 1662 1624 1699 secundum
1643 1663 1749 1710 quod
1773 1663 1822 1699 ad
1842 1664 1967 1699 Deum
1987 1664 2191 1712 pertinen·
2207 1666 2321 1703 Aliud
2341 1675 2467 1704 autem

1384 1732 1385 1754 l
1411 1723 1468 1752 est
1485 1716 1654 1753 formalis
1674 1715 1769 1752 ratio
1789 1716 1938 1762 obiecti,
1967 1717 2088 1765 quod*
2110 1725 2164 1754 est
2183 1718 2279 1755 sicut
2295 1719 2467 1762 medium

1384 1783 1386 1820 ὲ
1411 1776 1566 1817 propter
1594 1770 1698 1817 quod
1726 1769 1788 1805 tali
1813 1769 1979 1806 credibili
2009 1770 2215 1807 assentitur.
2246 1772 2295 1808 Et
2321 1764 2374 1808 s'ic
2401 1784 2465 1821 po·

1413 1821 1512 1862 nitur
1525 1827 1541 1842 ²
1560 1829 1667 1858 actus
1685 1821 1774 1858 fidei
1794 1822 1946 1858 credere
1962 1823 2062 1859 Deo:
2087 1822 2188 1870 quia,
2209 1823 2304 1861 sicut
2322 1837 2436 1874 supra
2449 1825 2469 1847 ²⁸
2497 1857 2504 1865 .

1413 1873 1556 1911 dictum
1590 1882 1666 1920 est,
1705 1874 1864 1911 formale
1898 1875 2088 1911 obiectum
2122 1875 2212 1912 fidei
2249 1884 2304 1913 est
2330 1877 2468 1915 veritas

1413 1926 1556 1975 prima,
1595 1926 1655 1963 cui
1683 1927 1852 1967 inhaeret
1879 1928 2000 1963 homo
2027 1935 2068 1964 ut
2094 1936 2249 1976 propter
2277 1941 2362 1966 eam
2391 1942 2470 1966 cre-

1414 1979 1498 2016 ditis
1518 1979 1706 2016 assentiat.
1722 2000 1747 2007 -
1768 1979 1808 2016 Si
1825 1992 1920 2017 vero
1941 1980 2199 2018 consideretur
2217 1982 2323 2019 tertio
2351 1983 2468 2020 modo

1386 2032 1387 2067 ἶ
1413 2032 1607 2069 obiectum
1642 2032 1752 2078 fidei,
1791 2033 2003 2070 secundum
2039 2033 2144 2080 quod
2180 2033 2386 2071 intellectus
2414 2043 2470 2072 est

1414 2093 1540 2122 motus
1560 2097 1583 2122 a
1601 2086 1808 2132 voluntate,
1835 2085 1887 2122 sic
1906 2085 2061 2134 ponitur
2080 2093 2185 2122 actus
2202 2087 2295 2124 fidei
2318 2088 2470 2125 credere

1385 2162 1387 2176 ι
1413 2138 1449 2174 in
1479 2139 1621 2174 Deum.-
1649 2138 1788 2174 veritas
1809 2138 1910 2175 enim
1939 2138 2062 2186 prima
2090 2139 2138 2176 ad
2157 2140 2393 2177 voluntatem
2414 2153 2469 2177 re-

1413 2191 1530 2227 fertur
1557 2191 1768 2228 secundum
1798 2191 1904 2239 quod
1931 2192 2046 2227 habet
2073 2191 2258 2228 rationem
2286 2192 2384 2229 finis.

1466 2245 1525 2280 AD
1553 2255 1690 2280 ptumum
1717 2255 1815 2280 ERGO
1843 2255 2030 2282 D1CEND1JM
2065 2244 2169 2292 quod
2205 2257 2274 2292 per
2301 2245 2371 2282 ista
2401 2245 2470 2282 tria

1413 2307 1492 2333 non
1520 2296 1762 2344 designantur
1780 2296 1919 2334 diversi
1943 2304 2048 2333 actus
2075 2297 2184 2333 fidei:
2214 2297 2281 2334 sed
2307 2310 2406 2334 unus
2435 2306 2471 2334 et

1412 2348 1516 2386 idem
1543 2357 1648 2389 actus
1675 2349 1821 2387 habens
1841 2349 2032 2387 diversam
2053 2349 2274 2387 relationem
2303 2351 2352 2388 ad
2380 2350 2469 2388 fidei

1384 2409 1386 2442 ,ἱ
1413 2401 1620 2438 obiectum.

1465 2452 1515 2490 Et
1532 2466 1600 2502 per
1619 2455 1694 2490 hoc
1710 2454 1824 2490 etiam
1844 2461 1947 2502 patet
1965 2445 2163 2502 resporisio
2182 2455 2231 2491 ad
2247 2455 2467 2492 secundum.

1465 2508 1527 2541 An
1543 2515 1702 2549 Tem-ium
1722 2517 1905 2543 mei-:noum
1933 2507 2038 2555 quod
2064 2507 2217 2544 credere
2235 2509 2362 2546 Deum
2391 2520 2469 2544 non

1413 2557 1591 2595 convenit
1619 2557 1834 2595 infidelibus
1862 2559 1932 2595 sub
1961 2571 2007 2596 ea
2033 2559 2178 2596 ratione
2215 2572 2290 2608 qua
2316 2560 2470 2608 ponitur

1412 2617 1517 2647 actus
1544 2609 1647 2648 fidei.
1686 2611 1778 2647 Non
1806 2610 1908 2648 e‘nim
1937 2611 2095 2648 credunt
2131 2612 2258 2650 Deum
2287 2625 2369 2649 esse
2397 2613 2468 2650 sub

1413 2662 1470 2699 his
1494 2649 1772 2700 conditionibus
1800 2676 1894 2711 quas
1922 2663 2019 2700 fides
2047 2664 2281 2701 determinat.
2311 2666 2360 2701 Et
2381 2665 2468 2702 ideo

1413 2727 1485 2751 nec
1512 2727 1602 2752 vere
1631 2717 1758 2752 Deum
1786 2716 1963 2754 credunt:
2002 2716 2109 2764 quia,
2142 2724 2184 2753 ut
2215 2717 2468 2766 Philosophus

1415 2767 1517 2813 dicit,
1547 2769 1618 2804 IX·
1637 2769 1853 2816 Metaphys.
1885 2768 1925 2815 *,
1955 2768 1993 2805 in
2030 2768 2263 2818 simplicibus
2301 2770 2468 2807 defectus

1415 2820 1637 2868 cognitionis
1671 2828 1724 2857 est
1768 2822 1891 2858 solum
1924 2821 1964 2858 in
1995 2833 2074 2858 non
2113 2822 2331 2870 attingendo
2374 2830 2468 2860 tota-

1414 2873 1507 2909 liter.

1467 2927 1526 2962 An
1542 2937 1714 2967 QUARTUM
1729 2937 1913 2963 mcx-:Noun
1928 2926 2044 2974 quod,
2059 2926 2154 2963 sicut
2170 2926 2312 2975 supra*
2328 2927 2466 2964 dictum
2495 2934 2505 2943 ·

1416 2986 1482 3024 est,
1493 2979 1680 3015 vvoluntas
1698 2986 1832 3015 movet·
1847 2978 2077 3016 intellectum
2103 2987 2140 3016 et
2159 2979 2249 3016 alias
2266 2979 2368 3017 vires
2391 2981 2467 3017 ani-

1414 3030 1568 3068 maein
1596 3031 1726 3068 finem.
1764 3031 1814 3067 Et
1840 3031 2054 3071 secundum
2081 3032 2156 3069 hoc
2183 3032 2337 3080 ponitur
2365 3041 2468 3070 actus

1414 3083 1505 3120 fidei
1534 3084 1687 3120 credere
1715 3083 1753 3120 in
1781 3084 1922 3121 Deum.

1467 3213 1492 3246 ζ)
1511 3215 1669 3246 accipitur...
1687 3214 1824 3239 obiectum.
1842 3227 1860 3232 -
1875 3215 1927 3246 per
1943 3215 2167 3247 comparationem
2186 3216 2222 3240 ad
2240 3222 2316 3240 suum
2342 3216 2468 3242 obiectum

1410 3250 1635 3283 potest-discerni
1652 3250 1684 3274 D.
1920 3266 1922 3270 ,

1469 3292 1484 3315 η
1498 3284 1623 3318 ιοὸίιειτιίι.
1640 3298 1658 3303 -
1675 3284 1790 3310 subiecto
1807 3285 1854 3309 Pa.

1410 3334 1414 3336 ἡ
1440 3320 1442 3322 ’
1458 3328 1459 3331 “
1514 3319 1608 3344 Deum.
1625 3333 1645 3338 -
1663 3319 1722 3345 Deo
1734 3319 1901 3345 PABEFl-lla
1911 3326 1937 3345 et
1949 3324 1994 3349 an
2014 3320 2160 3350 Quorum..
2175 3320 2273 3345 dictum
2286 3323 2326 3345 est
2343 3328 2468 3353 ompu-

1470 3355 1488 3386 ι)
1507 3355 1586 3387 quod.
1605 3368 1623 3374 —
1641 3362 1708 3386 quae
1731 3355 1761 3379 D.
1779 3368 1798 3373 -
1815 3355 1882 3379 Ante
1905 3355 1954 3379 tali
1972 3356 1992 3379 B
2017 3356 2086 3380 addit
2109 3356 2222 3382 dit-itur,-
2241 3363 2287 3387 pro
2310 3356 2468 3385 assentitur,

1415 3389 1546 3414 assentire
1564 3390 1740 3422 BEFLpAcx,
1759 3393 1864 3421 oportet
1886 3390 2014 3415 assentire
2036 3390 2116 3419 Dusx,
2137 3391 2211 3415 debet
2230 3391 2358 3415 assentire
2377 3391 2408 3419 G.
2427 3398 2469 3416 as-

1414 3425 1514 3449 sentire
1533 3425 1654 3449 debemus
1673 3425 1756 3455 H‚est
1772 3426 1902 3450 assentire
1919 3425 1950 3454 K,
1962 3426 2091 3451 assentire
2108 3428 2213 3457 oportet
2231 3427 2276 3454 sA,
2296 3426 2407 3451 assentit
2425 3426 2468 3450 sC.

1468 3460 1494 3489 x)
1508 3460 1628 3491 ponitur.
1647 3474 1664 3478 —
1679 3460 1842 3492 proponitur
1860 3460 1890 3486 P.
1909 3474 1927 3479 -
1946 3460 1995 3485 Pro
2015 3461 2080 3490 Deo,
2095 3460 2179 3485 Deum
2199 3461 2292 3485 PHlsA
2311 3467 2336 3486 et
2354 3468 2398 3485 xa.

2498 2772 2504 2778 ”
2516 2770 2542 2801 S.
2550 2770 2586 2791 Th
2596 2796 2600 2800 ι
2610 2771 2661 2791 lect.
2671 2776 2703 2791 ιι.

2498 2806 2507 2810 -
2515 2796 2567 2818 Dm.
2587 2786 2628 2817 ἰὼ.
2642 2796 2704 2822 vm,

2496 2828 2546 2850 cap.
2561 2829 2583 2848 x,
2598 2828 2620 2843 n.
2635 2829 2654 2851 3.

2531 2933 2590 2954 Pan.
2614 2933 2623 2954 1
2635 2949 2640 2959 ,
2664 2939 2702 2960 qu.

2495 2965 2583 2986 Lxxxn,
2593 2963 2635 2980 an.
2644 2966 2666 2984 4:
2681 2959 2703 2980 1²

2495 2985 2548 3012 11⁵²,
2555 2991 2593 3013 qu.
2601 2991 2630 3012 ix,
2639 2989 2679 3006 art.
2688 2991 2704 3007 ι.
