2892 4056
71 713 83 738 ‚⁴
97 713 164 735 Veto.
183 718 205 735 2·

71 868 81 877 ·
95 865 163 888 Vers.
178 871 213 893 27,
224 865 260 887 28.

71 1025 81 1035 ·
94 1023 163 1046 vers.
176 1029 214 1052 ³⁰·

957 139 1223 186 QUAESTlO
1252 140 1430 187 XXXIX,
1459 140 1755 178 ARTICULUS
1785 141 1816 177 11

2399 142 2474 189 309

1069 255 1386 298 ARTICULUS
1423 255 1722 298 SECUNDUS

717 347 872 379 UTRUM
895 347 1080 379 scfflsmA
1102 348 1169 379 srr
1193 348 1378 379 GRAvms
1400 347 1638 379 PEccATUM
1657 349 1783 386 QUAM
1807 349 2075 389 minuamus

838 427 872 451 IV
891 427 974 457 Seni„
995 427 1053 452 dist.
1071 434 1124 458 xm,
1144 435 1188 460 qu.
1207 434 1235 458 11,
1254 432 1302 452 art.
1322 434 1345 456 2,
1365 426 1397 451 ad
1415 434 1444 458 43
1467 426 1509 451 De
1526 427 1610 456 Malo,
1630 435 1675 460 qu.
1693 435 1721 459 11,
1741 432 1788 453 art.
1811 435 1850 459 10,
1869 429 1901 453 ad
1919 436 1944 460 4.

344 512 350 527 ν
394 515 403 537 ι
490 518 496 529 ι
520 508 542 533 ι)
557 509 746 535 SECUNDUM
761 510 814 535 sn:
829 509 1066 534 pnocnmrun.
1087 497 1248 534 Videtur
1261 498 1366 547 quod

359 559 379 599 ζ(
520 550 682 587 schisma
705 550 857 598 gravius
884 557 1083 599 peccatum
1113 551 1158 587 sit
1176 563 1292 599 quam
1311 550 1366 587 in-

326 631 335 643 ,
465 608 485 641 '1
502 598 690 639 fidelitas.
718 603 841 640 Maius
862 602 964 639 enim
983 610 1180 651 peccatum
1202 603 1366 650 graviori

329 647 335 654 ²
366 647 448 677 “””
476 645 645 703 poena
676 655 853 704 punituri
892 654 1103 691 secundum
1137 655 1226 692 illud
1254 656 1365 692 Deut.

307 715 380 741 xxv
396 703 437 741 *:
484 705 560 744 Pro
587 719 765 746 mensura
800 707 947 756 peccati
985 708 1056 743 erit
1094 713 1130 744 et
1159 707 1367 757 plagarum

308 757 452 794 modus.
483 758 560 798 Sed
587 767 787 809 peccatum
805 759 1018 797 schismatis
1045 760 1197 807 gravius
1223 760 1369 798 inveni-

307 817 368 846 tur
401 811 576 859 punitum
612 824 730 861 quam
767 811 881 849 etiam
913 819 1114 860 peccatum
1141 812 1368 849 infidelitatis

309 862 389 899 sive
408 862 654 902 idololatriae.
676 864 830 912 Legitur
848 863 950 901 enim
963 865 1088 901 Exod.
1108 877 1205 901 xxxn
1223 864 1243 886 *
1263 865 1367 913 quod

307 922 463 964 propter
499 917 751 955 idololatriam
785 923 872 954 sunt
900 916 1016 964 aliqui
1048 918 1218 953 humana
1250 929 1367 953 manu

307 968 433 1016 gladio
470 969 672 1007 interfecti:
711 970 758 1006 de
795 977 953 1018 peccato
986 976 1119 1006 autem
1156 969 1368 1006 schismatis

306 1020 441 1068 legitur
455 1057 459 1061 .
473 1022 594 1060 Num.
621 1021 737 1059 xV1*:
779 1023 823 1059 Si
848 1033 986 1059 novam
1019 1033 1100 1059 rem
1116 1023 1258 1070 fecerit
1290 1023 1368 1059 Do-

306 1074 448 1119 minus,
483 1080 524 1111 ut
552 1075 724 1124 aperiens
750 1080 859 1112 terra⁴
887 1087 928 1112 os
959 1087 1069 1112 suum
1096 1075 1278 1124 deglutiat
1307 1087 1369 1112 eos

306 1131 343 1167 et
358 1126 487 1163 omnia
514 1139 612 1176 quae
636 1128 690 1164 ad
715 1127 798 1165 illos
818 1128 1016 1176 pertinent⁷
1044 1128 1370 1177 descenderintque

305 1179 470 1219 viventes
488 1180 526 1217 in
546 1181 749 1230 infernum,
768 1181 889 1218 scietis
902 1181 1004 1229 quod
1020 1181 1372 1229 blasphemaverunt

305 1232 514 1270 Dominum
530 1238 559 1270 α.
579 1235 726 1271 Decem
746 1233 861 1271 etiam
878 1234 1008 1281 tribus,
1025 1245 1125 1282 quae
1141 1234 1234 1271 vitio
1254 1234 1369 1271 schis-

306 1285 419 1327 matis
432 1297 596 1334 arregno
616 1286 744 1324 David
767 1294 1014 1334 recesserunt,
1035 1295 1123 1324 sunt
1145 1287 1368 1334 gravissime

305 1338 476 1387 punitae,
505 1347 547 1376 ut
572 1340 734 1376 habetur
761 1339 814 1376 IV
830 1341 929 1389 Reg.
948 1352 1023 1376 xvlr
1039 1339 1070 1376 *.
1105 1341 1208 1388 Ergo
1235 1352 1369 1388 pecca-

306 1399 388 1429 tum
425 1391 636 1430 schismatis
673 1399 729 1429 est
754 1392 907 1439 gravius
942 1399 1100 1441 peccato
1129 1392 1368 1430 infidelitatis.

360 1455 397 1481 2.
430 1445 674 1492 Pmmnm,
702 1446 844 1482 bonum
880 1444 1123 1482 multitudinis
1159 1451 1214 1481 est
1247 1445 1370 1482 maius

306 1502 343 1534 et
358 1492 520 1535 divinius
537 1509 653 1546 quam
672 1498 812 1534 bonum
841 1498 974 1541 unius‚·
1001 1505 1042 1534 ut
1068 1505 1171 1545 patet
1194 1510 1264 1546 per
1281 1497 1370 1534 Phi-

182 1567 190 1579 ·
305 1550 526 1599 losophum‚
554 1550 594 1587 in
621 1552 635 1587 Ι
662 1551 784 1588 Ethic.
807 1549 828 1572 *
857 1550 934 1588 Sed
962 1550 1128 1588 schisma
1156 1557 1212 1587 est
1239 1558 1370 1587 contra

306 1603 454 1641 bonum
490 1602 760 1650 multitudinis,
788 1602 886 1640 idest
913 1610 1044 1640 contra
1075 1603 1369 1640 ecclesiasticam

304 1655 511 1695 unitatem:
553 1655 756 1693 infidelitas
793 1664 922 1693 autem
960 1664 1016 1693 est
1053 1664 1184 1693 contra
1221 1657 1368 1693 bonum

304 1708 531 1759 particulare
557 1709 685 1756 unius,
716 1709 822 1758 quod
850 1716 907 1746 est
932 1709 1030 1746 fides
1057 1709 1170 1746 unius
1202 1709 1388 1746 hominis>

305 1761 512 1815 singularis.
542 1763 644 1810 Ergo
664 1762 815 1799 videtur
832 1762 939 1809 quod
961 1762 1127 1799 schisma
1151 1762 1198 1799 sit
1217 1764 1370 1810 gravius

243 1855 246 1858 ,
306 1822 508 1864 peccamm
535 1827 653 1864 quam
680 1814 893 1852 infidelitas.

361 1868 398 1905 3.
426 1868 660 1915 Pmmam,
689 1867 825 1905 maiori
853 1867 955 1904 malo
985 1867 1108 1904 maius
1134 1868 1281 1905 bonum
1302 1880 1370 1917 op-

306 1920 476 1969 ponitur3
501 1928 544 1957 ut
557 1927 660 1969 patet
674 1933 743 1969 per
761 1920 1052 1968 Philosophum,
1066 1920 1106 1957 in
1119 1921 1206 1958 VIII
1221 1922 1371 1958 Ethic.*

307 1974 386 2011 Sed
414 1973 580 2010 schisma
611 1973 818 2022 opponitur
845 1973 1002 2020 caritati,
1032 1985 1129 2022 quae
1159 1982 1214 2010 est
1249 1974 1372 2011 maior

306 2026 424 2064 vinus
452 2037 568 2074 quam
604 2026 722 2073 fides,
753 2026 813 2063 cui
846 2027 1052 2075 opponitur
1080 2026 1301 2074 infidelitas,
1330 2035 1372 2064 ut

246 2104 254 2111 .
276 2105 283 2111 .
308 2090 355 2116 ex
373 2078 592 2127 praemissis
610 2078 631 2100 ’¹‘
658 2086 772 2128 patet.
810 2079 913 2127 Ergo
943 2079 1108 2116 schisma
1137 2087 1192 2116 est
1219 2080 1372 2127 gravius

308 2139 509 2182 peccatum
538 2144 656 2180 quam
683 2131 898 2169 infidelitas.
1226 2169 1228 2171 .

361 2185 438 2222 San
465 2196 632 2231 coum,
661 2185 767 2233 quod
804 2197 844 2221 se
882 2184 997 2221 habet
1024 2196 1070 2220 ex
1098 2184 1290 2222 additione
1323 2186 1372 2223 ad

309 2237 471 2274 alterum
495 2237 623 2286 potius
647 2245 704 2274 est
728 2238 792 2275 vel
814 2238 854 2274 in
877 2238 982 2274 bono
1001 2238 1064 2274 vel
1085 2236 1124 2274 in
1149 2240 1264 2275 malo.
1295 2239 1372 2276 Sed

308 2289 475 2328 haeresis
512 2302 552 2327 se
579 2290 695 2327 habet
730 2302 800 2339 per
826 2289 1061 2327 additionem
1100 2290 1150 2327 ad
1185 2291 1372 2328 schisma:

310 2342 415 2380 addit
443 2342 545 2380 enim
581 2355 807 2391 perversum
835 2343 994 2390 dogma,
1023 2350 1066 2379 ut
1098 2350 1201 2391 patet
1234 2356 1279 2381 ex
1307 2357 1373 2382 au-

258 2415 273 2427 ·›
310 2395 480 2433 ctoritate
497 2395 724 2444 Hieronymi
739 2406 854 2444 supra
867 2395 887 2417 '⁸
905 2395 1068 2432 inducta.
1089 2396 1191 2444 Ergo
1207 2396 1373 2434 schisma

311 2455 367 2486 est
395 2448 521 2485 minus
550 2456 751 2497 peccatum
781 2460 897 2496 quam
926 2448 1138 2485 infidelitas.

364 2502 589 2539 REspounao
618 2513 803 2538 mel-:unum
823 2500 928 2550 quod
952 2500 1115 2548 gravitas
1140 2501 1286 2549 peccati
1307 2502 1374 2538 du-

309 2555 455 2604 pliciter
473 2562 599 2603 potest
619 2554 871 2591 considerari:
900 2566 978 2590 uno
1007 2553 1138 2600 modo,
1160 2554 1373 2591 secundum

282 2626 293 2630 -
311 2620 421 2645 suam
443 2607 627 2656 speciem;
649 2607 722 2644 alio
744 2607 876 2653 modo,
897 2607 1109 2643 secundum
1131 2606 1374 2644 circumstan-

73 2985 287 3013 ⁸1⁸11”‚qu.mn,

73 3015 116 3060 :¹¹:1¹⁶-
127 3018 150 3067 ¹³,
157 3017 198 3040 qu.
206 3017 287 3038 unu,

310 2660 391 2698 tias.
421 2661 471 2697 Et
489 2661 579 2708 quia
599 2660 901 2697 circumstantiae
930 2659 1173 2708 particulares
1200 2667 1286 2696 sunt
1305 2667 1341 2697 et
1359 2658 1375 2689 β

310 2713 465 2751 infinitis
494 2714 619 2751 modis
642 2713 779 2750 variari
807 2720 979 2761 possunt,
1009 2724 1097 2748 cum
1126 2712 1318 2760 quaeritur
1336 2713 1375 2749 in

312 2767 510 2804 communi
546 2767 594 2804 de
623 2766 774 2803 duobus
801 2765 964 2814 peccatis
993 2765 1099 2814 quod
1137 2765 1182 2801 sit
1209 2765 1373 2813 gravius,

310 2819 553 2867 intelligenda
581 2826 645 2856 est·
662 2819 834 2867 quaestio
855 2819 902 2856 de
931 2818 1112 2866 gravitate
1131 2830 1230 2866 quae
1259 2826 1375 2855 atten-

313 2872 412 2910 ditur
431 2871 643 2909 secundum
663 2884 782 2919 genus
810 2871 966 2920 peccati.
997 2871 1127 2908 Genus
1156 2879 1284 2908 autem
1307 2883 1376 2908 seu

313 2924 460 2974 species
482 2925 628 2973 peccati
650 2925 852 2963 attenditur
871 2936 917 2961 ex
936 2923 1103 2969 obiecto;
1129 2923 1225 2960 sicut
1249 2935 1294 2961 ex
1313 2936 1374 2961 su-

313 2977 491 3027 pradictis
515 2977 535 2999 '¹‘
562 2984 676 3026 patet.
719 2978 768 3015 Et
794 2977 882 3015 ideo
911 2977 1003 3014 illud
1039 2984 1238 3025 peccatum
1270 2978 1376 3025 quod

314 3030 450 3069 maiori
477 3030 582 3067 bono
612 3030 860 3069 contrariatur
883 3037 939 3066 est
967 3041 1011 3065 ex
1039 3042 1110 3066 suo
1137 3041 1275 3077 genere
1295 3042 1376 3077 gra-

313 3083 420 3121 vius:
459 3082 554 3120 sieut
580 3090 780 3131 peccatum
809 3082 847 3119 in
875 3083 1003 3119 Deum
1032 3094 1146 3130 quam
1174 3090 1375 3131 peccatum

315 3136 354 3174 in
385 3135 616 3185 proximum.
655 3135 903 3174 Manifestum
940 3142 996 3171 est
1029 3142 1156 3172 autern
1187 3135 1293 3184 quod
1320 3135 1375 3172 in-

369 3255 396 3288 α)
417 3256 570 3281 Dominum.
588 3269 607 3275 -
624 3256 711 3281 Deum
731 3256 828 3282 addunt
845 3255 892 3281 Pa.

369 3291 393 3324 β)
413 3293 476 3316 sunt
494 3294 528 3316 et.
546 3305 565 3310 —
582 3294 645 3316 sunt
663 3291 689 3316 in
708 3292 739 3323 A,
758 3299 812 3316 om.
830 3291 849 3320 1.
866 3295 930 3317 sunt
948 3291 1067 3325 infinitae
1085 3291 1124 3316 ita
1142 3295 1168 3316 et
1186 3292 1233 3316 Pa.

368 3326 394 3360 γ)
415 3326 552 3351 inusitata.
570 3339 589 3345 —
611 3329 716 3351 mutata
740 3326 945 3358 ABFHLpCKir⁷
971 3326 1131 3352 miraculosa
1156 3326 1251 3357 DsCK;
1276 3334 1324 3360 pro
1350 3330 1377 3352 et

316 3362 432 3390 insolita,
451 3362 508 3386 sola
527 3361 781 3394 PABCDFHKLplx
799 3366 825 3386 et
842 3369 868 3390 a,
889 3362 996 3387 insolita
1015 3361 1047 3390 G.
1061 3369 1115 3386 om.
1132 3362 1166 3393 E;
1186 3363 1227 3387 vel
1243 3362 1295 3387 sic:
1315 3362 1375 3387 inu-

1419 497 1582 534 fidelitas
1615 505 1671 534 est
1697 507 1896 546 peccatum
1933 507 2062 536 contra
2089 500 2215 548 ipsum
2243 500 2392 545 Deum,
2423 511 2480 535 se-

1421 551 1590 587 cundum
1618 551 1721 599 quod
1749 551 1788 588 in
1816 563 1856 589 se
1885 560 1941 588 est
1967 552 2115 589 veritas.
2132 552 2264 600 prima,
2296 551 2355 588 cui
2383 551 2480 588 fides

1420 602 1598 642 innititur.
1623 604 1798 640 Schisma
1817 611 1944 641 autem
1965 613 2020 642 est
2039 612 2170 642 contra
2190 604 2479 641 ecclesiasticam

1420 655 1616 702 unitatem,
1633 668 1730 705 quae
1751 664 1807 693 est
1825 658 2021 705 quoddam
2037 658 2183 694 bonum
2203 657 2480 706 participatum,

1423 715 1458 744 et
1485 708 1612 745 minus
1640 721 1757 757 quam
1785 710 1831 746 sit
1858 709 1939 758 ipse
1962 711 2080 747 Deus.
2109 710 2220 747 Unde
2238 710 2481 747 manifestum

1422 767 1478 797 est
1496 761 1601 809 quod
1627 770 1829 810 peccatum
1857 762 2085 799 infidelitatis
2105 775 2151 799 ex
2170 775 2240 800 suo
2269 775 2406 810 genere
2427 769 2483 799 est

1422 813 1574 859 gravius
1602 826 1719 862 quam
1753 822 1953 862 peccatum
1981 815 2212 852 schismatis:
2251 815 2336 852 licet
2362 814 2483 864 possit

1423 865 1640 912 contingere
1659 867 1764 914 quod
1783 867 1917 915 aliquis
1945 867 2204 904 schismaticus
2224 868 2376 915 gravius
2394 879 2482 916 pec-

1423 925 1481 953 cet
1509 929 1626 965 quam
1645 918 1801 966 quidam
1829 920 2004 966 infidelis,
2031 921 2094 956 vel
2121 928 2276 969 propter
2294 921 2481 957 maiorem

1424 977 1698 1018 contemptum,
1725 972 1788 1008 vel
1816 979 1973 1020 propter
1994 972 2117 1009 maius
2144 973 2357 1021 periculum
2377 973 2483 1022 quod

1422 1020 1575 1069 inducit,
1603 1024 1665 1059 vel
1693 1031 1849 1071 propter
1876 1025 2016 1072 aliquid
2044 1025 2274 1062 huiusmodi.

1476 1077 1535 1112 An
1554 1087 1692 1113 rmMUM
1712 1088 1811 1113 ERGO
1834 1089 2018 1114 mcaunum
2038 1079 2143 1126 quod
2165 1078 2310 1126 populo
2334 1078 2384 1114 illi
2404 1090 2484 1114 ma-

1423 1127 1601 1165 nifestum
1639 1136 1719 1165 erat
1754 1129 1832 1166 iam
1859 1142 1929 1178 per
1965 1131 2090 1177 legem
2126 1138 2342 1179 susceptam
2377 1131 2484 1178 quod

1425 1188 1504 1217 erat
1538 1194 1638 1218 unus
1666 1182 1771 1218 Deus
1801 1190 1836 1219 et
1864 1183 1969 1231 quod
2007 1195 2086 1219 non
2115 1191 2221 1220 erant
2249 1183 2310 1219 alii
2342 1183 2393 1220 dii
2421 1195 2484 1220 co-

1423 1233 1545 1271 lendi:
1575 1242 1611 1270 et
1629 1235 1704 1270 hoc
1724 1242 1803 1271 erat
1825 1236 1927 1284 apud
1956 1248 2024 1272 eos
2048 1248 2117 1284 per
2134 1235 2352 1284 multiplicia
2380 1236 2485 1284 signa

1425 1287 1706 1324 confirmatum.
1736 1288 1786 1324 Et
1812 1287 1899 1325 ideo
1928 1300 2008 1325 non
2037 1289 2237 1337 oportebat
2264 1289 2368 1336 quod
2396 1301 2484 1337 pec-

1425 1346 1552 1376 cantes
1586 1347 1718 1376 contra
1750 1341 1850 1377 hanc
1886 1342 2006 1378 fidem
2033 1353 2103 1390 per
2130 1341 2380 1378 idololatriam
2416 1354 2485 1390 pu-

1423 1391 1592 1428 nirentur
1618 1392 1794 1430 inusitata
1812 1398 1827 1421 Υ
1855 1394 1980 1442 aliqua
2010 1401 2045 1430 et
2071 1393 2219 1431 insolita
2245 1406 2388 1442 poena,
2417 1396 2484 1432 sed

1424 1445 1550 1481 solum
1578 1446 1786 1482 communi.
1821 1446 1898 1482 Sed
1927 1459 2006 1483 non
2034 1454 2112 1483 erat
2140 1447 2193 1483 sic
2219 1454 2353 1483 notum
2382 1447 2486 1495 apud

1425 1509 1491 1533 eos
1520 1498 1624 1545 quod
1660 1499 1818 1545 Moyses
1853 1498 2009 1535 deberet
2045 1510 2127 1535 esse
2164 1511 2318 1547 semper
2350 1511 2485 1536 eorum

1423 1549 1612 1598 princeps.
1661 1551 1710 1587 Et
1745 1550 1833 1587 ideo
1873 1552 2097 1588 rebellantes
2140 1551 2219 1588 eius
2260 1552 2486 1600 principatui

1424 1603 1625 1651 oportebat
1652 1603 1882 1640 miraculosa
1919 1611 1955 1640 et
1981 1604 2128 1641 insueta
2146 1602 2159 1626 ὅ
2187 1617 2314 1653 poena
2350 1605 2486 1653 puniri.

1476 1656 1546 1692 Vel
1565 1663 1690 1704 potest
1709 1656 1782 1693 dici
1797 1657 1903 1704 quod
1921 1664 2120 1705 peccatum
2141 1657 2353 1694 schismatis
2369 1670 2488 1705 quan-

1424 1707 1552 1757 doque
1589 1709 1740 1756 gravius
1770 1717 1825 1746 est
1851 1711 2027 1758 punitum
2064 1709 2102 1746 in
2129 1711 2274 1758 populo
2303 1710 2366 1746 illo
2398 1710 2488 1759 quia

1425 1768 1505 1797 erat
1532 1761 1580 1798 ad
1608 1761 1812 1799 seditiones
1830 1767 1843 1783 ‘
1872 1770 1908 1798 et
1936 1763 2139 1800 schismata
2172 1771 2395 1811 promptus:
2434 1763 2487 1800 di-

1425 1813 1519 1850 citur
1548 1814 1649 1851 enim
1674 1815 1817 1852 IEsdr.
1839 1827 1874 1851 1v
1891 1815 1932 1852 *z
1966 1816 2105 1852 Civitas
2132 1816 2195 1852 illa
2223 1827 2247 1852 a
2275 1816 2403 1852 diebus
2421 1827 2488 1852 an-

1424 1867 1533 1915 tiquis
1570 1867 1750 1904 adversus
1782 1879 1912 1917 regem
1931 1867 1944 1893 ζ
1972 1868 2143 1914 rebellat,
2172 1874 2208 1904 et
2232 1869 2428 1905 seditiones
2455 1874 2491 1905 et

1417 1920 1567 1968 praelia
1604 1920 1840 1957 concitantur
1873 1921 1911 1957 in
1939 1933 1996 1958 ea.
2025 1922 2158 1958 Poena
2199 1929 2328 1958 autern
2365 1921 2490 1959 maior

1424 1972 1657 2021 quandoque
1677 1973 1856 2021 infligitur
1874 1986 1944 2022 pro
1964 1982 2122 2023 peccato
2151 1974 2272 2021 magis
2293 1982 2488 2022 consueto,

1425 2033 1467 2062 ut
1494 2038 1608 2074 supra
1627 2025 1647 2047 '¹‘
1674 2026 1847 2063 habitum
1877 2034 1952 2063 est:
1991 2039 2082 2064 nam
2110 2039 2260 2076 poenae
2296 2035 2383 2064 sunt
2411 2040 2490 2064 me-

1427 2078 1572 2116 dicinae
1601 2079 1792 2126 quaedam
1822 2079 1871 2116 ad
1899 2080 2108 2116 arcendum
2146 2080 2323 2116 homines
2352 2093 2374 2116 a
2402 2093 2489 2129 pec-

1427 2138 1530 2177 cato;
1557 2131 1659 2168 unde
1678 2131 1745 2168 ubi
1766 2139 1821 2169 est
1840 2132 1963 2169 maior
1981 2132 2149 2181 pronitas
2170 2133 2219 2170 ad
2238 2134 2487 2181 peccandum,

1427 2185 1541 2221 debet
1568 2184 1738 2221 severior
1771 2197 1898 2233 poena
1926 2185 2110 2222 adhiberi.
2132 2206 2156 2212 -
2185 2187 2331 2222 Decem
2360 2194 2488 2223 autem
2512 2191 2514 2194 ’

1426 2237 1544 2274 tribus
1572 2249 1651 2274 non
1683 2238 1809 2274 solum
1846 2238 1998 2275 fuerunt
2033 2239 2186 2286 punitae
2223 2251 2293 2287 pro
2331 2247 2489 2287 peccato

1427 2290 1659 2338 schismatis,
1690 2291 1757 2327 sed
1795 2290 1908 2327 etiam
1944 2303 2015 2339 pro
2048 2299 2205 2339 peccato
2240 2291 2489 2339 idololatriae,

1426 2351 1469 2380 ut
1494 2343 1640 2380 ibidem
1669 2343 1814 2380 dicitur.

1479 2397 1539 2432 An
1558 2407 1748 2433 SECUNHUM
1767 2407 1952 2434 mcENDUM
1972 2397 2077 2445 quod
2105 2397 2200 2433 sicut
2226 2398 2371 2433 bonum
2396 2398 2491 2434 mul-

1427 2448 1597 2484 titudinis
1626 2456 1681 2485 est
1709 2448 1832 2486 maius
1861 2461 1977 2497 quam
2013 2450 2159 2486 bonum
2197 2450 2308 2486 unius
2337 2450 2402 2497 qui
2436 2458 2491 2486 est

1429 2501 1476 2537 de
1494 2501 1757 2548 ¹multitudine,
1787 2502 1838 2537 ita
1858 2510 1913 2538 est
1932 2502 2057 2538 minus
2077 2508 2095 2530 η
2124 2514 2241 2550 quam
2263 2503 2408 2539 bonum
2430 2515 2491 2539 ex-

1427 2553 1633 2590 trinsecum
1672 2554 1721 2590 ad
1758 2554 1863 2601 quod
1901 2554 2102 2591 multitudo
2137 2555 2352 2591 ordinatur:
2395 2555 2492 2592 sicut

1428 2607 1576 2643 bonurn
1605 2606 1746 2643 ordinis
1776 2606 1971 2643 exercitus·
1988 2615 2043 2643 est
2062 2607 2188 2644 minus
2209 2620 2323 2656 quam
2343 2608 2487 2644 bonum

2515 1828 2525 1837 ⁸
2539 1827 2607 1849 Vers.

2520 2040 2526 2047 ·
2538 2039 2560 2059 ιι
2570 2038 2615 2060 11¹¹e

2530 2069 2549 2086 l't
2573 2071 2584 2086 2

2623 1833 2655 1854 ¹9-

2618 2055 2623 2064 ,
2639 2045 2678 2066 qu·
2691 2043 2728 2065 ev,

2516 2071 2528 2086 a
2588 2064 2636 2091 ,ad
2651 2071 2673 2092 9.

1430 2659 1535 2696 ducis
1549 2657 1581 2695 *.
1609 2659 1658 2696 Et
1677 2659 1846 2696 similiter
1864 2660 2010 2696 bonum
2032 2660 2307 2696 ecclesiasticae
2326 2661 2489 2708 unitatis,
2519 2672 2527 2681 ·
2586 2677 2612 2698 10

1430 2712 1490 2748 cui
1518 2713 1726 2760 opponitur
1753 2711 1928 2759 schisma,
1961 2720 2016 2749 est
2043 2713 2169 2749 minus
2198 2725 2315 2761 quam
2345 2714 2490 2750 bonurn

1428 2764 1595 2802 veritatis
1625 2764 1787 2812 divinae,
1810 2764 1869 2801 cui
1897 2765 2104 2814 opponitur
2131 2765 2341 2802 infidelitas.

1482 2819 1541 2854 An
1569 2829 1728 2855 mimum
1755 2829 1940 2854 Dicnunuu
1967 2818 2072 2866 quod
2101 2819 2234 2855 caritas
2269 2819 2385 2856 habet
2413 2820 2489 2856 duo

1430 2870 1596 2907 obiecta:
1625 2882 1747 2907 unum
1766 2870 1983 2919 principale,
2003 2871 2142 2908 scilicet
2167 2871 2376 2908 bonitatem
2397 2871 2491 2909 divi-

1429 2935 1536 2969 nam;
1567 2930 1603 2960 et
1631 2923 1733 2960 aliud
1752 2923 2032 2972 secundarium,
2062 2924 2202 2961 scilicet
2229 2926 2376 2962 bonum
2404 2937 2491 2974 pro-

1429 2976 1532 3013 ximi.
1559 2975 1733 3013 Schisma
1753 2983 1880 3013 autem
1901 2984 1937 3013 et
1954 2977 2025 3013 alia
2043 2984 2200 3025 peccata
2219 2990 2316 3026 quae
2335 2978 2434 3015 fiunt
2451 2977 2489 3016 in

1428 3029 1648 3078 proximum
1669 3037 1916 3078 opponuntur
1932 3029 2073 3067 caritati
2093 3038 2278 3079 quantum
2294 3031 2344 3068 ad
2358 3043 2491 3068 secun-

1431 3082 1578 3119 darium
1606 3083 1765 3129 bonurn,
1786 3081 1892 3129 quod
1919 3090 1977 3120 est
2002 3083 2128 3120 minus
2155 3096 2272 3131 quam
2299 3083 2490 3120 obiectum

1430 3135 1534 3182 fidei,
1564 3135 1670 3182 quod
1698 3142 1754 3171 est
1781 3135 1860 3183 ipse
1888 3136 2005 3172 Deus.
2046 3137 2096 3173 Et
2121 3136 2210 3173 ideo
2238 3136 2307 3173 ista
2334 3143 2490 3185 peccata

1483 3256 1508 3289 ὃ)
1529 3257 1642 3282 insueta.
1659 3271 1677 3276 -
1695 3257 1849 3282 inconsueta
1868 3257 1974 3282 PDGIa.

1484 3292 1507 3324 ε)
1525 3292 1677 3317 seditiones.
1694 3306 1713 3311 —
1731 3292 1896 3318 seductiones
1914 3293 2111 3326 BEFHpACKx
2130 3299 2155 3318 et
2172 3301 2199 3318 a.

1482 3327 1507 3359 ζ)
1527 3327 1655 3352 adversus
1674 3334 1773 3360 regem.
1792 3341 1809 3346 -—
1827 3327 1956 3353 adversus
1974 3335 2050 3361 reges
2068 3328 2160 3359 GsCK,
2179 3329 2319 3354 adversum
2340 3336 2416 3362 reges
2435 3330 2463 3354 P.

1483 3363 1509 3394 η)
1530 3363 1569 3387 ita
1588 3366 1628 3387 est
1646 3362 1740 3388 minus.
1757 3376 1777 3382 —
1795 3363 1834 3388 ita
1851 3366 1892 3387 est
1910 3363 1997 3388 minus
2015 3364 2110 3388 bonum
2133 3364 2304 3389 intrinsecum
2325 3364 2406 3396 ipsius
2426 3365 2492 3389 mul-

314 3397 398 3422 sitata
416 3397 507 3429 aliqua
526 3400 551 3421 et
570 3397 677 3422 insolita
698 3403 787 3429 poena
806 3404 895 3429 margo
914 3397 950 3427 D;
975 3397 1131 3422 miraculose
1153 3397 1244 3430 aliqua
1267 3397 1375 3422 insolita
1430 3397 1554 3422 titudinis
1568 3398 1644 3429 Gsln,
1664 3398 1702 3423 ita
1715 3398 1795 3423 etiam
1811 3398 1906 3423 bonum
1920 3398 2099 3424 multitudinis
2117 3399 2155 3424 ad
2173 3400 2244 3431 quod
2262 3407 2329 3425 unus
2348 3400 2491 3425 ordinatur

311 3439 401 3464 poena
420 3439 498 3464 Super
515 3439 566 3457 ras.
584 3439 612 3457 R.

1429 3436 1469 3458 est
1487 3433 1575 3458 minus
1594 3433 1641 3458 Pa.
