2892 4056
129 425 140 436 ⁸
155 424 180 446 In
195 429 300 451 corpore.

1003 131 1269 178 QUAESTIO
1298 131 1439 178 XXVI,
1468 131 1764 168 ARTICULUS
1793 131 1880 167 XIII

367 216 553 258 quantum
582 208 632 246 ad
661 209 829 258 seipsum
868 216 1018 258 oportet
1045 210 1151 258 quod
1185 209 1317 257 aliquis
1345 210 1430 258 plus

367 274 408 299 se
437 273 554 311 quam
582 261 676 298 alios
705 261 851 310 diligat,
890 270 994 300 tanto
1023 262 1144 310 magis
1173 270 1315 311 quanto
1345 274 1429 311 per-

365 314 499 352 fectior
527 321 584 351 est
603 314 759 351 caritas:
789 315 878 363 quia
896 315 1079 364 perfectio
1099 314 1261 352 caritatis
1281 315 1431 352 ordinat

364 366 564 405 hominem
600 367 767 416 perfecte
803 368 843 405 in
870 369 1014 415 Deum,
1052 368 1157 417 quod
1189 367 1353 416 pertinet
1380 369 1428 406 ad

367 420 611 458 dilectionem
640 420 698 457 sui
726 420 860 470 ipsius,
889 427 930 457 ut
959 420 1101 457 dictum
1131 428 1187 457 est
1206 420 1236 457 ³¹⁸.

417 474 476 510 An
498 484 689 510 SECUNDUM
708 485 892 511 mmmmm
920 473 1026 522 quod
1054 473 1147 510 ratio
1175 473 1236 510 illa
1257 472 1430 521 procedit

365 526 414 563 de
429 525 563 562 ordine
579 525 788 563 dilectionis
803 526 1016 563 secundum
1035 525 1196 573 gradum
1213 526 1303 563 boni
1323 526 1428 575 quod

365 578 500 628 aliquis
527 579 610 616 vult
637 586 779 616 amato.

2465 130 2539 167 223

1535 211 1594 245 An
1614 220 1774 246 TERTmM
1794 220 1977 246 monimum
2001 208 2107 256 quod
2125 207 2331 255 unicuique
2352 207 2419 245 erit
2438 208 2543 245 Deus

1483 268 1562 298 tota
1589 262 1682 298 ratio
1703 261 1882 309 diligendi
1911 274 1957 298 eo
1986 261 2090 310 quod
2119 262 2225 298 Deus
2254 268 2310 297 est
2333 267 2455 296 totum
2474 261 2542 297 ho-

1481 313 1595 350 minis
1619 314 1789 351 bonurn:
1819 315 1908 352 dato
1929 313 2044 362 enim,
2073 326 2143 363 per
2161 313 2409 362 impossibile,
2439 314 2544 361 quod

1482 368 1588 404 Deus
1616 379 1694 404 non
1734 375 1832 404 esset
1865 367 2032 404 hominis
2060 367 2228 414 bonum,
2257 378 2338 403 non
2375 373 2473 403 esset
2510 367 2544 403 ei

1482 419 1576 456 ratio
1607 419 1794 467 diligendi.
1817 421 1866 457 Et
1880 419 1966 457 ideo
1990 420 2029 457 in
2054 420 2186 457 ordine
2206 418 2415 457 dilectionis
2431 431 2544 468 opor-

1482 479 1534 509 tet
1570 473 1675 521 quod
1702 481 1791 522 post
1818 474 1946 510 Deum
1976 473 2096 510 homo
2130 472 2298 510 maxime
2331 472 2460 520 diligat
2488 485 2544 509 se-

1483 537 1620 574 ipsum.

1041 688 1374 724 Commentaria
1397 691 1648 724 Gardjnalis
1670 691 1870 724 Caietani

396 798 417 819 u
440 788 572 820 articulo
588 786 806 830 decimotertio
821 786 965 818 eiusdem
980 786 1175 827 quaestionis
1196 787 1321 818 adverte
1337 788 1427 828 quod

368 800 519 863 IAuctor
546 832 660 872 probat
681 831 810 862 beatum
841 830 874 860 in
897 830 998 871 patria
1019 830 1092 870 plus
1122 830 1275 861 intensive
1299 830 1428 871 diligere

365 876 508 916 seipsum
523 884 623 916 quam
638 874 810 906 beatiorem
825 873 991 904 hominem
1006 874 1058 904 vel
1073 874 1223 914 angelum
1239 884 1306 904 non
1321 875 1428 905 solum

365 930 403 951 ex
425 926 514 960 parte
537 919 667 950 subiecti
689 916 783 960 (quia
805 917 923 949 seilicet
949 917 1086 948 intensio
1110 925 1198 949 actus
1226 928 1259 948 se
1282 925 1368 949 tenet
1391 928 1428 948 ex

364 970 453 1004 parte
475 962 708 1002 coniunctionis
737 963 778 993 ad
800 962 996 998 subiectum
1027 962 1134 992 nullus
1165 969 1272 992 autem
1301 969 1347 993 est
1370 962 1428 992 sibi

363 1007 424 1048 ipsi
437 1006 637 1038 coniunctior
651 1016 750 1047 quam
763 1004 922 1049 ipsemet),
939 1006 995 1037 sed
1011 1006 1107 1037 etiam
1123 1016 1160 1036 ex
1174 1006 1274 1047 ipsius
1294 1006 1427 1037 caritatis

364 1051 475 1082 ordine
488 1050 522 1081 in
538 1050 605 1081 suis
619 1050 755 1081 actibus:
772 1060 828 1090 per
842 1049 904 1081 hoc
920 1050 1010 1091 quod
1024 1050 1133 1081 caritas
1148 1050 1320 1091 unicuique
1337 1051 1429 1081 datur

363 1105 382 1125 a
404 1095 474 1125 Deo
498 1094 710 1135 principaliter
729 1095 768 1124 ad
788 1101 894 1125 actum
921 1104 988 1135 quo
1017 1094 1086 1134 ipse
1112 1094 1266 1135 recipiens
1289 1095 1369 1126 bene
1395 1104 1428 1125 se

363 1138 493 1175 habeam
518 1138 571 1169 dat
586 1139 671 1169 enim
687 1139 775 1169 Deus
791 1138 951 1170 caritatem
974 1138 1098 1169 homini
1119 1145 1154 1170 ut
1169 1139 1283 1175 amico,
1299 1145 1429 1179 propter

362 1183 489 1213 bonum
511 1182 629 1214 scilicet
651 1183 751 1223 ipsius
774 1182 915 1214 hominis
938 1182 990 1214 cui
1013 1183 1120 1220 datur,
1150 1190 1180 1214 et
1203 1183 1295 1214 datur
1317 1183 1428 1214 caritas

363 1226 551 1258 secundario
574 1227 614 1257 ad
637 1234 744 1258 actum
767 1237 839 1267 erga
862 1226 1035 1267 proximos.
1059 1227 1106 1258 Ex
1128 1227 1191 1258 hoc
1219 1227 1305 1257 enim
1328 1227 1428 1257 mani-

1479 787 1560 818 festo
1576 788 1686 818 ordine
1707 798 1905 829 consequens
1929 795 1975 819 est
1993 795 2029 819 ut
2047 788 2147 828 magis
2170 788 2312 819 intendat
2335 788 2454 819 habens
2474 798 2542 829 per-

1481 831 1594 862 sectam
1619 832 1779 862 caritatem
1799 832 1964 872 principali
1988 832 2071 863 actui
2086 842 2184 873 quam
2207 832 2409 863 secundario:
2435 838 2466 863 et
2488 842 2545 873 per

1480 875 1551 911 hoc,
1576 875 1730 906 intensius
1753 886 1786 906 se
1810 875 1918 915 diligat
1939 875 1972 906 in
1994 876 2063 906 Deo
2087 886 2185 917 quam
2207 876 2391 907 beatiorem.

1535 919 1600 949 Nec
1624 920 1737 955 obstat,
1756 919 1838 950 utin
1854 919 2062 960 responsione
2081 921 2120 950 ad
2136 920 2288 950 ultimum
2311 920 2434 956 dicitur,
2455 920 2544 960 quod

1481 962 1567 993 Deus
1596 969 1643 993 est
1665 962 1699 994 in
1722 963 1821 1003 patria
1852 970 1919 993 tota
1948 963 2097 1003 diligendi
2127 963 2218 995 ratio.
2257 964 2340 1001 Quia
2371 964 2543 1004 unicuique

1481 1007 1573 1037 beato
1589 1006 1677 1037 Deus
1693 1014 1740 1037 est
1754 1014 1821 1038 tota
1836 1007 1985 1047 diligendi
2008 1008 2088 1039 ratio
2104 1014 2140 1038 ut
2155 1014 2202 1038 est
2216 1005 2300 1038 iuius
2321 1008 2404 1039 beati
2419 1009 2544 1041 bonum

1481 1051 1658 1091 proprium.
1682 1050 1820 1090 Diligere
1840 1061 1914 1091 ergo
1931 1051 2000 1082 Deo
2017 1058 2053 1082 ut
2069 1058 2135 1083 tota
2150 1051 2271 1082 ratione
2287 1052 2446 1092 diligendi,
2459 1052 2543 1083 clau-

1482 1094 1527 1125 dit
1541 1094 1575 1125 in
1591 1104 1624 1125 se
1639 1094 1726 1135 prius
1747 1094 1874 1135 diligere
1890 1094 2031 1135 seipsum
2047 1105 2145 1136 quam
2164 1095 2343 1136 proximos:
2362 1097 2436 1137 quia
2460 1097 2543 1127 clau-

1481 1138 1527 1169 dit
1549 1138 1582 1168 in
1606 1148 1639 1169 se
1662 1139 1769 1170 Deum
1793 1149 1881 1176 esse,
1904 1146 1935 1169 et
1957 1146 2188 1180 consequenter
2211 1139 2298 1180 diligi
2318 1147 2355 1170 ut
2377 1140 2544 1180 proprium

1481 1183 1606 1213 bonurn
1621 1183 1795 1224 diligentis;
1821 1190 1852 1214 et
1866 1193 1932 1214 non
1957 1183 2074 1214 claudit
2095 1183 2130 1214 in
2148 1194 2181 1214 se
2197 1184 2302 1214 Deum
2326 1184 2412 1224 diligi
2427 1191 2463 1215 ut
2484 1185 2543 1215 bo-

1481 1237 1560 1257 num
1585 1227 1721 1264 alterius,
1738 1228 1793 1258 sed
1815 1227 1895 1258 illud
1915 1227 2009 1258 infert
2031 1227 2057 1258 si
2080 1228 2167 1258 Deus
2191 1235 2237 1259 est
2259 1228 2385 1259 alterius
2408 1229 2542 1259 bonum.
