2892 4056
419 198 495 234 228

1022 199 1288 246 QuAesrlo
1317 201 1476 250 xxvu,
1505 201 1801 238 ARTICULUS
1829 201 1876 248 v,
1904 202 1955 239 v1

2321 270 2343 279 a

1087 316 1416 350 Commentaria
1439 317 1688 350 Gar-dinans
1710 316 1910 350 Caietam

419 404 465 466 IN
489 394 621 426 articulo
645 391 767 435 quarto',
793 394 912 424 omisso
937 394 1038 430 tertio,
1063 395 1291 425 advertendum
1317 402 1366 426 est
1388 397 1475 437 quod
1527 396 1568 425 ris
1593 395 1727 426 caritatis
1749 396 1844 426 etiam
1867 397 1899 427 in
1923 397 1988 433 via,
2012 397 2167 438 quoniam
2193 405 2239 430 est
2261 399 2422 431 obiectum
2451 400 2584 431 formale

445 438 542 468 amari
563 438 745 469 immediate
769 437 921 478 significat
953 448 1018 468 esse
1042 438 1263 470 immediatum
1290 440 1472 476 terminum,

1528 440 1610 475 eius;
1628 440 1701 470 ideo
1717 440 1750 470 in
1765 440 1816 471 via
1830 441 1926 472 etiarn
1941 442 2028 472 Deus
2044 441 2381 479 immediateamatur.
2405 443 2491 475 Cum
2517 454 2583 485 quo

414 492 479 512 non
501 482 721 513 immediatum
745 492 876 512 movens
900 482 940 512 ad
963 482 1145 514 amandum.
1170 483 1212 513 Et
1233 483 1308 524 quia
1327 484 1413 514 Deus
1428 493 1474 514 se-
1527 490 1588 514 stat
1610 484 1699 524 quod
1722 491 1830 515 movet
1851 486 1892 516 ad
1913 492 2021 516 actum
2044 486 2172 516 amandi
2197 486 2232 518 in
2253 488 2383 528 speculo
2411 495 2583 524 creaturae,
2611 493 2821 521 ‘Qu-xxxv,art.7,

413 527 555 557 cundum
572 527 711 566 seipsum
735 533 781 557 est
796 526 1000 556 immediatus
1023 533 1054 557 et
1075 526 1198 566 primus
1217 527 1370 558 terminus
1384 538 1472 558 amo-

1528 534 1563 558 ut
1586 527 1731 568 superius
1750 527 1767 548 *
1782 529 1903 560 dictum
1925 536 1982 560 est.

1197 662 1513 704 ARTICULUS
1543 663 1799 712 QUINTUS

1044 755 1200 786 UTRUM
1222 755 1335 786 DEUS
1357 755 1504 786 POSSIT
1527 755 1783 788 TOTALITER
1804 759 1941 790 AMARJ

962 834 993 859 111
1013 834 1095 864 Seni„
1116 835 1174 860 dist.
1193 842 1268 866 nvn,
1289 842 1334 867 qu.
1352 841 1390 866 111,
1410 840 1457 860 art.
1477 842 1506 866 23
1526 835 1568 861 De
1587 835 1698 867 Vir-tut„
1717 845 1761 870 qu.
1779 845 1807 869 11,
1827 843 1873 863 art.
1896 846 1936 870 ιο,
1955 839 1986 863 ad
2008 838 2031 864 5.

444 920 502 952 μ’
530 923 599 965 μιᾳ(
620 917 642 942 D
663 917 825 947 QUINTUM
845 917 898 942 εις
923 917 1162 942 PRocssmwn.
1183 905 1343 943 Videtur
1366 906 1470 954 quod

541 944 726 1015 ’ᾗΒειιε
754 970 832 995 non
860 958 980 1007 possit
999 959 1160 995 totaliter
1188 959 1319 996 amari.
1348 961 1472 996 Amor

568 1011 591 1049 ’ἦ
621 1011 723 1048 enim
753 1011 920 1060 sequitur
953 1012 1220 1059 cognitionem.
1261 1012 1338 1049 Sed
1365 1014 1471 1050 Deus

580 1052 698 1101 non
727 1072 852 1113 potest
880 1065 1042 1102 totaliter
1075 1078 1096 1102 a
1129 1065 1240 1103 nobis
1274 1067 1470 1113 cognosci:

407 1116 496 1163 quia
524 1116 599 1153 hoc
628 1125 725 1154 esset
759 1130 847 1154 eum
883 1119 1222 1166 comprehendere.
1261 1119 1363 1167 Ergo
1391 1132 1470 1157 non

406 1176 532 1217 potest
559 1182 581 1206 a
610 1171 722 1210 nobis
750 1170 912 1207 totaliter
940 1171 1070 1208 amari.

461 1234 495 1258 2.
526 1223 769 1269 PRAETEREA,
809 1235 920 1260 amor
956 1231 1012 1260 est
1048 1224 1138 1260 unio
1177 1224 1392 1272 quaedam:
1430 1232 1472 1261 ut

347 1291 379 1311 ιι,
405 1282 508 1324 patet
526 1288 595 1324 per
614 1276 856 1324 Dionysium,
878 1288 914 1312 ιν
942 1289 1023 1324 cap.
1044 1277 1090 1312 de
1107 1276 1196 1313 Diu.
1215 1277 1332 1314 Nom.
1349 1277 1369 1299 ²⁸
1394 1278 1470 1315 Sed

407 1340 472 1365 cor
490 1329 658 1366 hominis
678 1341 757 1366 non
775 1336 902 1378 potest
920 1329 969 1366 ad
987 1330 1116 1366 Deum
1137 1329 1231 1366 uniri
1251 1330 1415 1367 totaliter
1434 1336 1468 1369 οι;

406 1380 495 1430 quia
523 1383 627 1419 Deus
659 1388 713 1418 est
738 1383 864 1420 maior
895 1383 1008 1419 corde
1035 1387 1185 1428 nostro,
1223 1390 1265 1419 ut
1292 1383 1426 1420 dicitur
1455 1385 1469 1422 I

407 1435 511 1471 Ioan.
533 1447 568 1471 111
583 1434 615 1472 ³¹².
637 1437 739 1483 Ergo
758 1437 865 1472 Deus
884 1448 963 1473 non
988 1443 1113 1484 potest
1132 1435 1294 1473 totaliter
1313 1437 1443 1474 amari.

461 1488 494 1524 3.
516 1488 749 1535 ΡΒΑΕΤΕΚΕΑ,
779 1489 886 1526 Deus
910 1489 1080 1539 seipsum
1100 1488 1261 1526 totaliter
1285 1497 1399 1527 amat.
1430 1489 1470 1527 Si

405 1540 516 1588 igitur
535 1542 583 1578 ab
603 1541 732 1590 aliquo
756 1542 830 1579 alio
851 1542 1013 1579 totaliter
1040 1549 1202 1588 amatur,
1224 1542 1358 1591 aliquis
1376 1543 1471 1580 alius

406 1593 523 1641 diligit
542 1595 670 1632 Deum
690 1602 838 1632 tantum
858 1603 1049 1645 quantum
1067 1595 1147 1643 ipse
1168 1608 1208 1632 se
1229 1595 1356 1643 diligit.
1384 1597 1471 1633 Hoc

406 1655 534 1684 autem
565 1656 620 1685 est
647 1648 933 1686 inconveniens.
969 1650 1072 1696 Ergo
1101 1649 1207 1685 Deus
1239 1662 1318 1686 non
1344 1657 1471 1698 potest

404 1701 567 1738 totaliter
595 1702 696 1750 diligi
725 1703 772 1739 ab
803 1704 930 1751 aliqua
959 1710 1143 1739 creatura.

460 1755 533 1791 SED
563 1767 709 1792 CONTRA
737 1768 803 1792 EST
830 1757 936 1805 quod
965 1756 1100 1792 dicitur
1122 1755 1234 1792 Deut.
1256 1754 1345 1792 V1*:
1375 1755 1470 1792 Dili—

403 1819 470 1858 ges
489 1809 698 1845 Dominum
719 1810 844 1846 Deum
874 1816 979 1846 tuum
1008 1821 1058 1845 ex
1086 1814 1160 1845 toto
1189 1809 1302 1845 corde
1327 1814 1402 1845 tuo.

458 1863 683 1899 RESPONDEO
712 1875 898 1900 DICENDUM
927 1863 1044 1910 quod,
1075 1874 1165 1899 cum
1194 1861 1344 1898 dilectio
1364 1861 1470 1899 intel-

403 1913 538 1962 ligatur
557 1916 665 1964 quasi
686 1917 856 1954 medium
885 1916 982 1954 inter
1009 1922 1204 1952 amantem
1226 1922 1262 1951 et
1285 1922 1469 1963 amatum,

405 1979 492 2004 cum
513 1970 704 2017 quaeritur
731 1982 780 2007 an
808 1972 915 2007 Deus
942 1969 1061 2018 possit
1088 1968 1251 2009 totaliter
1278 1968 1391 2016 diligi,
1410 1969 1470 2006 tri-

404 2020 549 2069 pliciter
567 2030 692 2072 potest
710 2023 874 2071 intelligi.
894 2023 982 2060 Uno
1003 2023 1135 2069 mod0‚
1155 2030 1197 2059 ut
1215 2023 1356 2060 modus
1375 2030 1470 2060 tota-

459 2159 486 2191 α)
506 2159 543 2183 ad
563 2159 649 2182 Deum
670 2158 743 2183 uniri
761 2158 889 2183 totaliter.
907 2171 926 2176 -
943 2158 1063 2183 totaliter
1083 2159 1140 2183 Deo
1158 2159 1233 2183 uniri
1251 2159 1297 2183 Pa.

1523 906 1633 944 litatis
1653 908 1835 945 referatur
1863 909 1913 946 ad
1936 921 2019 946 rem
2047 908 2235 946 dilectam.
2265 908 2315 944 Et
2334 907 2387 944 sic
2406 908 2512 944 Deus
2531 915 2587 944 est

1523 961 1686 997 totaliter
1714 961 1943 1009 diligendus:
1978 961 2068 1010 quia
2095 969 2218 998 toturn
2246 961 2353 1008 quod
2381 959 2430 997 ad
2456 961 2586 997 Deum

1523 1013 1685 1061 pertinet
1705 1015 1825 1051 homo
1847 1014 2000 1062 diligere
2020 1015 2144 1051 debet.
2165 1036 2189 1042 -
2213 1014 2299 1050 Alio
2319 1013 2438 1050 modo
2461 1020 2588 1062 potest

1523 1067 1675 1115 intelligi
1693 1067 1743 1104 ita
1762 1068 1866 1116 quod
1894 1067 2056 1104 totalitas
2084 1068 2267 1104 referatur
2287 1067 2335 1103 ad
2355 1066 2585 1114 diligentem.

1524 1119 1574 1156 Et
1600 1119 1654 1156 sic
1674 1120 1788 1156 etiarn
1816 1122 1922 1157 Deus
1950 1120 2110 1157 totaliter
2138 1119 2240 1167 diligi
2267 1120 2401 1156 debet:
2431 1119 2521 1167 quia
2541 1131 2587 1156 ex

1522 1180 1604 1209 toto
1632 1184 1747 1220 posse
1779 1184 1850 1208 suo
1888 1173 2003 1210 debet
2032 1173 2152 1210 homo
2190 1172 2343 1220 diligere
2371 1174 2519 1218 Deum,
2550 1179 2588 1209 et

1525 1224 1710 1273 quidquid
1729 1225 1845 1261 habet
1873 1225 1922 1261 ad
1949 1225 2022 1261 Dei
2050 1236 2225 1261 amorem
2245 1225 2432 1273 ordinare,
2453 1237 2587 1262 secun-

1525 1278 1617 1313 dum
1657 1278 1747 1315 illud
1782 1279 1892 1314 Deut.
1917 1289 1953 1314 vl
1972 1277 2008 1314 *z
2045 1277 2193 1326 Diliges
2223 1277 2433 1315 Dominum
2460 1279 2586 1316 Deum

1523 1336 1628 1368 tuum
1666 1343 1716 1367 ex
1742 1336 1817 1367 toto
1855 1331 1969 1367 corde
1994 1336 2070 1367 tuo.
2092 1330 2269 1367 [Tertio
2305 1331 2426 1376 modo
2459 1338 2590 1382 potest

1522 1382 1677 1431 intelligi
1712 1383 1924 1421 secundum
1960 1382 2290 1432 comparationem
2324 1383 2512 1436 diligentis
2533 1384 2589 1423 ad

1523 1449 1605 1474 rem
1634 1437 1827 1484 dilectam,
1857 1445 1899 1475 ut
1927 1437 2067 1474 scilicet
2094 1436 2235 1474 modus
2263 1436 2454 1485 diligentis
2475 1432 2589 1488 adae-

1524 1487 1615 1539 quet
1634 1493 1794 1529 modum
1814 1490 1868 1527 rei
1887 1490 2057 1528 dilectae.
2087 1489 2137 1527 Et
2155 1490 2231 1527 hoe
2249 1501 2328 1528 non
2346 1488 2472 1539 potest
2490 1489 2586 1531 esse.

1524 1544 1625 1581 Cum
1654 1543 1755 1580 enim
1783 1543 2087 1592 unumquodque
2115 1542 2302 1585 intantum
2337 1543 2515 1591 diligibile
2542 1542 2590 1581 stt

1521 1597 1749 1645 inquantum
1769 1594 1784 1626 β
1803 1604 1858 1634 est
1887 1597 2046 1643 bonum,
2075 1597 2194 1644 Deus,
2224 1596 2331 1634 cuius
2359 1597 2511 1634 bonitas
2529 1603 2589 1635 est

1521 1650 1681 1697 infinita,
1711 1657 1767 1687 est
1793 1649 1939 1687 infinite
1967 1649 2173 1697 diligibilis:
2206 1650 2308 1687 nulla
2335 1655 2464 1687 antem
2482 1660 2587 1688 cim-

1522 1711 1607 1739 tura
1634 1711 1760 1751 potest
1787 1704 1915 1739 Deum
1944 1703 2089 1742 infinite
2128 1702 2301 1751 diligere,
2340 1703 2430 1752 quia
2454 1703 2588 1741 >omnis

1522 1756 1644 1794 virtus
1673 1764 1888 1803 creaturae,
1924 1756 2006 1794 sive
2034 1756 2213 1793 naturalis
2245 1756 2325 1794 sive
2351 1756 2515 1803 infusa,
2533 1764 2588 1794 est

1523 1809 1642 1846 finita.
1907 1839 1909 1842 ⁴
2285 1844 2290 1848 .
2506 1826 2509 1843 ς
2532 1831 2533 1837 1

1577 1863 1627 1900 Et
1653 1875 1723 1911 per
1750 1863 1824 1899 hoc
1852 1869 1956 1911 patet
1982 1862 2180 1910 responsio
2209 1862 2258 1899 ad
2285 1862 2457 1900 obiecta-
2482 1863 2588 1900 Nam

1523 1915 1671 1964 primae
1686 1923 1761 1953 tres
1776 1915 2010 1952 obiectiones
2024 1915 2240 1964 procedunt
2257 1915 2588 1960 secundumhunc

1523 1969 1675 2007 tertium
1694 1981 1870 2007 sensum:
1899 1969 2182 2007 ultimafautem
2201 1969 2296 2006 ratio
2310 1968 2588 2017 *1proceditfin

1524 2035 1640 2061 sensu
1669 2023 1852 2061 secundo.
1912 2055 1914 2057 ,
1992 2048 1993 2052 ,
2029 2057 2032 2061 ,
2080 2048 2082 2053 ,
2134 2042 2137 2045 ν
2312 2047 2313 2050 ¹
2340 2037 2369 2058 :w
2531 2026 2574 2057 „ct

1493 2158 1497 2185 ι
1542 2195 1545 2200 ι
1575 2157 1602 2192 β)
1622 2148 1787 2193 tnquauium‘.
1805 2173 1825 2178 -
1843 2137 1971 2196 quantun
1991 2146 2154 2191 ABEF'Hix.
2181 2188 2187 2197 .
2242 2143 2293 2164 ⁵
2412 2152 2414 2154 ’

1081 2234 1412 2267 Commenta-ia
1435 2219 1684 2275 Garamans
1705 2234 1906 2272 Caietam

410 2326 457 2388 IN
481 2315 613 2346 articulo
637 2315 750 2356 quinto
771 2313 896 2345 adverte
919 2314 1008 2354 quod
1025 2314 1169 2354 quaestio
1193 2314 1269 2344 haec
1290 2314 1472 2344 communis
1522 2313 1625 2344 ‘modo
1650 2323 1686 2344 ex
1702 2308 1788 2354 parte
1811 2308 1973 2354 diligentis
1985 2313 2071 2344 Deus
2094 2312 2231 2344 totaliter
2247 2302 2588 2375 fflgatui:*.quia,31{{i

438 2367 484 2390 est
507 2359 632 2390 caritati
647 2360 716 2389 viae
741 2366 771 2389 et
795 2358 913 2389 caritati
935 2358 1069 2398 patriae:
1094 2358 1169 2399 quia
1193 2366 1239 2390 est
1255 2359 1293 2389 de
1318 2358 1419 2389 amari
1436 2364 1472 2389 ex
1526 2358 1577 2389 hic
1600 2366 1666 2389 non
1689 2357 1738 2394 fit,
1763 2351 1878 2388 suflicit
1900 2358 1990 2399 quod
2013 2357 2068 2388 fiat
2088 2356 2131 2387 in.
2146 2356 2254 2398 patria:

407 2404 533 2435 caritate
556 2404 711 2435 absolute.
734 2404 775 2433 Et
791 2410 957 2443 propterea
982 2412 1047 2433 non
1072 2409 1198 2443 oportet
1213 2403 1367 2434 discutere
1391 2413 1471 2443 quo—

1216 2541 1535 2584 ART1CULUS
1563 2525 1772 2585 sexius

2503 2404 2578 2427 ἰἿῖ

2518 2512 2574 2532 s

811 2632 968 2666 UTRUM
992 2633 1169 2664 DIVINAE
1193 2627 1470 2666 D1LECT'10N1s
1493 2634 1560 2664 sn*
1584 2632 1756 2671 AL1QU1s
1779 2625 1929 2664 Montis
1952 2611 2185 2688 H'A'BENDth
2209 2634 2213 2679 2

747 2715 779 2740 111
799 2715 881 2743 Sem..
902 2715 963 2740 dist.
980 2721 1057 2744 xxvu,
1077 2721 1122 2746 qu.
1139 2721 1178 2745 111,
1198 2719 1246 2738 art.
1266 2713 1279 2739 3
1286 2721 1295 2744 ς
1314 2714 1357 2739 De
1375 2713 1486 2743 Vir-tut„
1507 2721 1553 2747 qu.
1570 2721 1599 2745 11,
1618 2718 1666 2738 art.
1684 2720 1709 2744 2,
1724 2713 1760 2738 ad
1782 2712 1828 2742 13;
1847 2713 1892 2738 Ad
1909 2713 1997 2744 Rom„
2015 2720 2073 2745 cap.
2089 2713 2214 2745 urle&—
2229 2720 2251 2742 u,

443 2805 571 2836 >summ
622 2799 644 2824 D
667 2797 808 2823 SEXTUM
836 2797 889 2822 stc
917 2794 1157 2823 moeson-na.
1177 2785 1336 2822 Videtur
1363 2785 1469 2834 quod

437 2836 537 2899 A
548 2841 600 2892 <55
621 2840 770 2878 divinae
800 2839 1007 2876 dilectionis
1028 2839 1073 2875 sit
1092 2838 1224 2887 aliquis
1244 2838 1384 2875 modus
1404 2837 1468 2875 ha-

428 2895 544 2953 ὅκῃ
559 2880 782 2930 '*bendus.
820 2892 932 2929 Ratio
969 2892 1071 2929 enim
1109 2892 1201 2928 boni
1237 2891 1404 2928 consistit
1430 2891 1469 2927 in

468 2923 566 2987 (ξὲ
580 2939 754 2992 modo,
791 2946 912 2993 specie
945 2951 981 2982 et
1015 2946 1246 2982 ordinet'ut
1273 2944 1471 2993 patet'per

410 2999 680 3047 Augustinum,
703 2999 740 3035 in
760 2999 856 3035 libro
877 2999 922 3035 de
940 2999 1031 3036 Nat.
1052 2999 1154 3035 Boni
1171 2999 1202 3035 ¹⁸¹.
1226 2997 1306 3035 sed
1322 2997 1470 3034 dilectio

411 3053 483 3090 Dei
512 3059 567 3088 est
594 3052 782 3101 optimum
803 3051 841 3088 in
860 3051 1038 3088 homine:
1068 3052 1279 3088 secundum
1303 3050 1395 3088 illud
1423 3051 1474 3087 ad

416 3105 555 3142 Coloss.
577 3117 613 3142 ιιι
631 3105 667 3142 *ε
693 3106 814 3153 Super
832 3105 960 3141 omnia
980 3106 1173 3142 caritatem
1197 3105 1338 3142 habete.
1368 3103 1471 3152 Ergo

412 3158 561 3196 dilectio
590 3158 663 3195 Dei
693 3158 806 3195 debet
834 3158 995 3195 modum
1024 3158 1178 3195 habere.

466 3224 501 3248 2.
531 3212 763 3257 PRAETEREA,
780 3211 1012 3259 Augustinus
1033 3211 1132 3257 dicit,
1149 3210 1186 3247 in
1205 3209 1300 3247 libro
1321 3209 1367 3246 de
1383 3209 1472 3246 Mo-

411 3265 481 3302 rib.
501 3265 642 3301 Eccles.
663 3264 699 3300 ²¹³:
730 3264 803 3300 Dic
831 3264 933 3310 mihi,
963 3276 1100 3312 quaeso
1130 3269 1181 3308 te,
1212 3263 1294 3311 quis
1320 3262 1368 3298 sit
1392 3262 1473 3298 dili-

411 3318 528 3367 gendi
545 3318 689 3354 modus.
725 3318 866 3354 Vereor
885 3318 983 3353 enim
1004 3330 1050 3354 ne
1063 3318 1151 3365 plus
1169 3317 1340 3353 minusve
1358 3327 1472 3363 quam

413 3376 557 3419 oportet
576 3371 791 3420 inflammer
809 3370 990 3407 desiderio
1011 3376 1047 3406 et
1063 3381 1194 3407 amore
1212 3369 1371 3417 Domini
1387 3369 1470 3405 mei.

467 3495 493 3527 α)
508 3494 677 3526 praestitum.
696 3506 715 3513 -
727 3494 920 3526 praestitutum
940 3493 1074 3518 ACILsKK
1094 3498 1119 3517 et
1137 3500 1180 3518 Ra.

1523 2785 1676 2821 Frustra
1696 2791 1824 2820 autern
1846 2790 2046 2832 quaereret
2065 2782 2226 2821 modum
2246 2783 2318 2821 nisi
2337 2791 2436 2821 esset
2455 2780 2588 2834 aliquis

1525 2837 1678 2874 divinae
1707 2833 1916 2873 dilectionis
1944 2836 2096 2874 modus.
2131 2832 2233 2886 Ergo
2262 2843 2318 2874 est
2345 2837 2477 2886 aliquis
2505 2847 2588 2875 mo-

1525 2890 1596 2928 dus
1626 2889 1778 2927 divinae
1808 2889 2030 2928 dilectionis.

1580 2944 1613 2980 3.
1643 2943 1881 2990 PRAETEREA‚
1912 2942 2010 2980 sicut
2024 2942 2258 2991 Augustinus
2284 2940 2384 2992 dicit,
2407 2943 2460 2981 IV
2476 2941 2590 2994 super

1529 2997 1622 3033 Gen.
1643 2997 1694 3033 ad
1711 2996 1774 3033 titt.
1790 2994 1822 3043 ¹⁸³,
1847 2996 1981 3033 modus
2004 3002 2058 3033 est
2076 3007 2185 3045 quem
2211 2995 2411 3046 unicuique
2426 2997 2589 3049 propria

1525 3061 1703 3087 mensura
1733 3049 1926 3101 pra-figit.
1967 3048 2044 3087 Sed
2072 3060 2250 3086 mensura
2286 3049 2491 3088 voluntatis
2519 3049 2589 3088 hu-

1526 3115 1676 3149 manae,
1698 3102 1793 3140 sicut
1812 3109 1848 3139 et
1868 3101 2024 3140 actionis
2045 3101 2248 3150 exterioris,
2269 3108 2324 3139 est
2349 3102 2455 3141 ratio.
2485 3103 2588 3152 Ergo

1526 3156 1620 3193 sicut
1647 3156 1685 3192 in
1714 3155 1887 3193 exteriori
1917 3155 2053 3192 effectu
2083 3154 2242 3194 caritatis
2270 3163 2420 3206 oportet
2445 3156 2588 3194 habere

1525 3210 1686 3246 modum
1714 3221 1736 3246 a
1765 3209 1908 3246 ratione
1937 3208 2162 3257 praestitum
2185 3213 2222 3256 α,
2253 3209 2466 3246 secundum
2497 3209 2588 3247 illud

1526 3264 1638 3299 Rom.
1664 3273 1712 3298 xn
1731 3261 1766 3298 *ε
1796 3262 2036 3299 Rationabile
2068 3262 2286 3311 obsequium
2319 3267 2506 3307 vestrum,·
2538 3261 2589 3299 ita

1528 3315 1641 3351 etiarn
1670 3315 1752 3363 ipsa
1777 3313 1792 3344 β
1820 3314 1974 3352 interior
2003 3314 2150 3351 dilectio
2179 3315 2251 3352 Dei
2285 3315 2399 3353 debet
2426 3315 2588 3363 modum

1526 3368 1680 3404 habere.

1584 3492 1608 3524 [5)
1629 3492 1697 3523 ipsa.
1713 3505 1731 3510 -
1750 3491 1810 3516 Om.
1830 3491 1932 3523 BDFpa
1951 3496 1976 3515 et
1994 3498 2020 3515 a.

2611 519 2744 541 Comment.
2757 526 2820 541 num.

2612 552 2670 567 xxxxx

2614 1282 2698 1331 :regala
2710 1288 2758 1311 arg.
2779 1282 2827 1304 Sed

2615 1969 2759 2017 mus-⁴
2768 1970 2825 1991 ⁰⁶·-

2616 3011 2627 3021 ⁸
2641 3010 2689 3038 cup
2713 3016 2748 3032 ιιι.

2614 3275 2626 3286 ’
2641 3274 2708 3297 νει-ε.
2723 3281 2738 3296 ι.
