2892 4056
169 365 176 373 ·
185 363 379 389 Lib.1‚cnp.xxn.

169 546 177 553 ²
193 545 246 566 Vid.
261 520 303 567 :m
319 552 334 566 1.

170 577 179 585 ·
194 576 220 597 D.
234 581 294 603 1005,
310 582 368 604 ¹⁰¹9·

192 1795 262 1817 Hom.
275 1795 333 1822 XLI,
348 1796 377 1816 al.

167 1822 236 1846 XLII.
253 1822 277 1843 in
295 1822 376 1843 Matth.

264 1858 280 1883 Υ

167 2009 175 2015 ·
191 2006 264 2034 Epist.
285 2005 319 2027 ad
334 2006 376 2028 Se-

167 2038 220 2060 rap.
235 2032 275 2054 IV.

413 175 483 211 116

407 253 570 289 mittetur
598 254 633 289 ei
660 265 778 302 neque
806 255 842 290 in
871 255 941 290 hoc
963 254 1112 290 saeculo
1133 265 1252 301 neque
1271 255 1307 291 in
1315 256 1468 302 futuro.

408 306 457 342 Et
483 306 714 353 Augustinus
744 306 849 352 dicit,
880 306 917 342 in
945 306 1041 342 libro
1070 306 1115 342 de
1143 307 1263 343 Serm.
1288 308 1402 345 Dom.
1432 309 1468 344 in

407 359 542 395 Monte
560 358 590 404 ³¹⁵,
621 359 724 406 quod
754 364 855 395 tanta
885 364 939 394 est
965 358 1065 394 labes
1084 359 1193 395 huius
1207 361 1355 407 peccati
1371 361 1472 409 quod

408 411 651 447 humilitatem
679 412 905 459 deprecandi
924 411 1050 446 subire
1073 423 1147 447 non
1161 417 1293 460 potest.

463 465 687 500 RESPONDEO
715 475 898 501 DICENDUM
928 464 1033 510 quod
1063 465 1276 502 secundum
1301 466 1469 502 diversas

410 516 648 564 acceptiones
667 516 811 564 peccati
823 522 840 537 α
858 516 896 552 in
913 516 1091 564 Spiritum
1109 517 1290 554 Sanctum
1299 519 1331 565 *,
1347 518 1468 555 diver-

410 569 557 605 simode
573 568 826 605 irremissibile
847 568 980 606 dicitur
994 568 1025 605 ²⁸.
1048 569 1087 606 Si
1108 570 1208 607 enim
1224 570 1369 607 dicatur
1382 583 1470 619 pec-

410 629 535 657 catum
556 623 594 657 in
616 621 797 669 Spiritum
819 622 1001 658 Sanctum
1022 622 1145 658 finalis
1169 623 1469 671 impoenitentia,

409 674 461 710 sic
490 674 623 710 dicitur
650 674 903 710 irremissibile
932 674 1021 722 quia
1050 676 1152 711 nullo
1177 676 1296 713 modo
1317 676 1470 713 remitti·

407 734 478 762 tur.
509 727 712 762 Peccatum
743 726 844 763 enim
870 728 1029 764 mortale
1050 728 1088 764 in
1108 740 1184 776 quo
1205 729 1324 765 homo
1345 741 1470 778 perse-

406 786 512 815 verat
540 791 660 827 usque
694 779 742 815 ad
776 787 961 827 mortem,
991 780 1080 828 quia
1108 781 1146 817 in
1174 782 1246 818 hac
1277 782 1355 819 vita
1392 794 1469 819 non

407 831 604 868 remittitur
632 844 700 879 per
727 833 1012 880 poenitentiam,
1042 846 1112 870 nec
1142 834 1254 871 etiam
1277 835 1315 871 in
1343 835 1469 872 futuro

407 885 622 921 dimittetur.

460 938 680 974 Secundum
702 938 940 975 autem-alias
960 940 1055 976 duas
1075 940 1316 989 acceptiones
1337 940 1471 977 dicitur

405 990 673 1038 irremissibile,
704 1003 781 1028 non
810 992 899 1040 quia
919 990 934 1021 β
961 993 1064 1029 nullo
1094 993 1213 1030 modo
1238 993 1469 1031 remittatur:

406 1044 473 1080 sed
502 1044 602 1092 quia,
624 1052 811 1092 quantum
841 1053 894 1082 est
919 1046 965 1082 de
995 1058 1051 1093 se,
1082 1047 1196 1083 habet
1223 1047 1401 1083 meritum
1430 1053 1471 1084 ut

406 1108 484 1132 non
513 1097 732 1133 remittatur.
772 1098 820 1134 Et
847 1099 922 1134 hoc
959 1099 1166 1147 dupliciter.
1205 1099 1292 1136 Uno
1327 1101 1468 1147 modo,

406 1157 592 1197 quantum
613 1150 662 1187 ad
679 1162 860 1199 poenam.
891 1151 967 1198 Qui
987 1152 1088 1188 enim
1110 1163 1154 1188 ex
1177 1152 1389 1199 ignorantia
1407 1153 1470 1190 vel

406 1203 623 1240 infirmitate
642 1211 786 1252 peccat,
804 1204 993 1241 minorem
1014 1216 1181 1253 poenam
1202 1211 1384 1241 meretur:
1405 1205 1470 1253 qui

406 1264 534 1293 autem
564 1268 608 1293 ex
629 1264 728 1294 certa
749 1257 890 1293 malitia
909 1265 1054 1306 peccat,
1071 1269 1149 1293 non
1168 1257 1284 1293 habet
1302 1257 1470 1306 aliquam

407 1310 688 1346 excusationem
716 1310 817 1346 unde
848 1310 928 1346 eius
954 1322 1080 1358 poena
1100 1309 1302 1346 minuatur.
1334 1310 1472 1347 Simili-

405 1370 462 1398 ter
491 1363 603 1399 etiam
633 1364 696 1411 qui
727 1363 1017 1410 blasphemabat
1049 1363 1087 1399 in
1116 1361 1252 1399 Filium
1290 1363 1469 1410 hominis,

407 1416 485 1452 eius
515 1415 706 1452 divinitate
736 1416 908 1452 nondum
944 1417 1122 1462 revelata,
1155 1423 1304 1463 poterat
1329 1417 1470 1453 habere

406 1469 570 1517 aliquam
590 1469 873 1505 excusationem
894 1475 1049 1517 propter
1070 1468 1328 1506 infirmitatem
1349 1469 1471 1509 carnis

407 1534 524 1572 quam
553 1522 590 1558 in
620 1535 666 1558 eo
696 1522 914 1571 aspiciebat,
942 1529 982 1570 yet
1010 1521 1063 1558 sic
1092 1521 1282 1558 minorem
1303 1534 1468 1571 poenam

406 1576 641 1612 merebatur:
672 1575 739 1612 sed
772 1574 837 1623 qui
869 1575 991 1624 ipsam
1026 1574 1260 1612 divinitatem
1295 1575 1470 1624 blasphe-

407 1629 547 1675 mabat,
578 1640 695 1677 opera
724 1628 883 1677 Spiritus
913 1628 1040 1664 Sancti
1070 1627 1222 1664 diabolo
1249 1628 1469 1676 attribuens,

406 1683 550 1718 nullam
588 1681 869 1718 exeusationem
897 1681 1063 1717 habebat
1096 1681 1199 1718 unde
1234 1681 1311 1718 eius
1343 1694 1470 1729 poena

407 1735 689 1772 diminueretur.
721 1735 769 1770 Et
796 1734 882 1770 ideo
913 1734 1059 1779 dicitur,
1090 1734 1302 1779 secundum
1324 1735 1470 1783 exposi-

406 1790 550 1824 tionem
586 1787 851 1836 Chrysostomi
869 1786 906 1832 *,
936 1787 1010 1823 hoc
1039 1794 1241 1835 peccatum
1279 1787 1427 1824 Iudaeis
1454 1793 1470 1815 Υ

406 1854 484 1878 non
513 1841 649 1878 remitti
683 1852 806 1889 neque
836 1840 873 1876 in
907 1840 981 1876 hoc
1010 1840 1162 1876 saeculo
1191 1851 1316 1888 neque
1343 1840 1381 1877 in
1415 1840 1470 1876 fu-

405 1904 502 1940 tur0,
528 1895 617 1942 quia
644 1906 713 1942 pro
744 1906 789 1930 eo
818 1893 919 1942 passi
949 1901 1036 1930 sunt
1063 1904 1230 1941 poenam
1252 1900 1288 1930 et
1306 1893 1345 1930 in
1363 1905 1470 1942 prae-

406 1949 501 1985 senti
522 1948 599 1985 vita
619 1959 687 1996 per
708 1948 919 1993 Romanos,
937 1954 973 1982 et
992 1946 1030 1982 in
1050 1946 1175 1983 futura
1189 1946 1267 1983 vita
1287 1946 1324 1983 in
1343 1958 1471 1994 poena

406 2002 551 2039 inferni.
593 2001 695 2038 Sicut
724 2001 835 2037 etiam
864 1999 1093 2036 Athanasius
1121 2000 1141 2020 ’¹‘
1169 1999 1312 2036 inducit
1345 2012 1470 2036 exem-

405 2057 512 2105 plum
542 2055 588 2091 de
619 2066 753 2091 eorum
785 2052 1026 2102 parentibuS,
1056 2052 1120 2101 qui
1153 2052 1279 2101 primo
1313 2053 1468 2100 quidem

406 2118 537 2146 contra
574 2108 737 2156 Moysen
774 2106 1050 2143 contenderunt
1087 2113 1243 2154 propter
1279 2106 1469 2143 defectum

405 2175 528 2211 aquae
549 2169 585 2198 et
608 2161 733 2210 panis:
763 2168 800 2197 et
826 2161 901 2196 hoc
920 2159 1111 2196 Dominus
1131 2158 1305 2196 sustinuit
1327 2159 1470 2208 patien-

459 2279 485 2310 α)
501 2277 613 2309 peccati.
631 2290 651 2295 -
665 2278 804 2307 peccatum
824 2274 894 2298 addit
912 2274 939 2298 P.

459 2312 484 2346 β)
503 2313 575 2345 quia.
593 2325 612 2331 —
629 2311 701 2343 quod
720 2311 790 2335 PDa.

458 2350 484 2382 γ)
505 2347 619 2373 Iudaeis.
637 2360 656 2366 —
674 2347 759 2378 ipsum
780 2347 797 2376 Ι,
817 2353 870 2369 om.
890 2344 975 2370 ceteri.

1095 176 1359 222 QUAESTIO
1389 177 1492 225 XIV,
1522 177 1817 215 ARTICULUS
1847 178 1898 214 IV

1524 262 1600 301 ter,
1630 256 1822 292 habebant
1851 255 1953 292 enim
1983 258 2264 295 excusationem
2294 271 2339 295 ex
2367 259 2583 296 infirmitate

1525 308 1658 344 carnis.
1681 308 1758 344 Sed
1772 308 2021 356 postmodum
2037 310 2189 356 gravius
2207 319 2463 359 peccaverunt
2478 311 2584 360 quasi

1524 361 1831 408 blasphemantes
1870 360 1907 396 in
1946 361 2127 409 Spiritum
2146 363 2366 412 Sanctum,
2400 364 2585 401 beneficia

1524 413 1608 460 Dei,
1624 413 1689 461 qui
1711 425 1778 450 eos
1794 413 1841 450 de
1857 415 2032 462 Aegypto
2053 414 2243 462 eduxerat,
2259 415 2361 453 idolo
2382 416 2584 453 attribuen-

1524 473 1590 513 tes,
1617 478 1705 502 cum
1736 466 1908 503 dixerunt
1928 467 1965 502 *1
1993 467 2054 503 Hi
2077 470 2165 503 sunt
2189 468 2243 504 dii
2268 469 2332 515 tui,
2361 469 2494 515 Israel,
2521 469 2587 517 qui

1524 524 1558 554 te
1585 519 1796 556 eduxerunt
1818 520 1864 556 de
1882 525 1983 556 terra
2002 520 2179 568 Aegypti.
2210 520 2259 557 Et
2285 521 2372 558 ideo
2392 522 2584 559 Dominus

1526 579 1561 607 et
1588 571 1846 620 temporaliter
1865 572 1949 608 fecit
1969 583 2035 608 eos
2054 572 2190 620 puniri,
2211 573 2299 621 quia
2318 575 2531 611 ceciderunt
2546 575 2583 610 in

1524 624 1583 660 die
1602 624 1664 660 illo
1685 625 1793 673 quasi
1810 622 1823 646 δ
1856 626 1929 661 tria
1948 625 2065 662 millia
2084 625 2278 662 hominum
2297 625 2337 672 *ς
2367 634 2403 663 et
2421 627 2458 664 in
2487 627 2583 663 futu-

1524 688 1609 713 rum
1640 676 1693 713 eis
1716 689 1883 726 poenam
1910 677 2177 724 comminatur,
2199 677 2328 715 dicens
2346 678 2381 715 ³¹⁸:
2410 680 2497 729 Ego
2516 691 2583 716 au-

1524 736 1596 766 tem
1617 730 1654 766 in
1669 730 1730 767 die
1748 730 1896 767 ultionis
1914 731 2070 767 visitabo
2089 731 2160 767 hoc
2171 736 2370 778 peccatum
2386 742 2529 769 eorum.

1576 782 1662 819 Alio
1683 784 1801 820 modo
1821 790 1946 831 potest
1965 783 2116 831 intelligi
2136 790 2322 831 quantum
2344 784 2392 821 ad
2414 785 2584 833 culpam:

1524 835 1620 872 sicut
1638 836 1771 885 aliquis
1791 836 1926 878 dicitur
1953 837 2112 873 morbus
2140 836 2355 873 incurabilis
2375 838 2584 874 secundum

1524 896 1697 926 naturam
1731 889 1872 935 morbi,
1907 901 1976 938 per
2003 901 2118 937 quem
2150 889 2289 926 tollitur
2326 888 2364 925 id
2398 901 2440 925 ex
2475 901 2553 938 quo
2573 893 2585 911 ⁸

1524 942 1682 979 morbus
1702 949 1826 991 potest
1845 942 1978 988 curari,
1998 949 2090 990 puta
2111 954 2199 978 cum
2220 942 2377 979 morbus
2401 942 2496 979 tollit
2513 942 2587 979 vir-

1524 1003 1644 1032 tutem
1669 1003 1837 1041 naturae,
1865 995 1929 1031 vel
1957 995 2100 1032 inducit
2128 994 2320 1032 fastidium
2351 995 2423 1032 cibi
2452 1002 2488 1031 et
2507 1006 2587 1031 me—

1525 1047 1790 1094 dicinae31icet
1819 1047 1964 1084 etiam<
1992 1049 2106 1084 talem
2133 1049 2315 1085 morbum
2344 1049 2450 1085 Deus
2468 1048 2588 1097 possit

1525 1113 1668 1138 curare.
1699 1102 1752 1137 Ita
1777 1100 1891 1136 etiam
1918 1107 2116 1148 peccatum
2133 1100 2171 1137 in
2196 1101 2377 1150 Spiritum
2403 1101 2585 1138 Sanctum

1526 1154 1660 1191 dicitur
1682 1153 1938 1190 irremissibile
1958 1154 2171 1190 secundum
2195 1165 2304 1190 suam
2326 1161 2513 1201 naturam,
2533 1154 2588 1190 in—

1525 1213 1709 1255 quantum
1738 1205 1900 1242 excludit
1929 1217 1974 1241 ea
1996 1217 2065 1254 per
2096 1217 2196 1253 quae
2229 1207 2271 1242 fit
2299 1206 2471 1243 remissio
2500 1218 2587 1256 pec-

1525 1255 1709 1295 catorum.
1739 1258 1814 1294 Per
1845 1258 1921 1294 hoc
1953 1265 2085 1295 tamen
2122 1270 2200 1294 non
2236 1259 2492 1306 praecluditur
2522 1259 2587 1297 via

1525 1310 1739 1348 remittendi
1767 1318 1804 1347 et
1827 1310 1985 1347 sanandi
2005 1310 2301 1359 omnipotentiae
2322 1318 2359 1347 et
2377 1312 2588 1349 misericor-

1525 1364 1610 1401 diae
1638 1364 1720 1410 Dei,
1751 1376 1820 1412 per
1847 1375 1963 1412 quarn
1993 1363 2199 1412 aliquando
2227 1364 2321 1400 tales
2349 1364 2456 1412 quasi
2476 1364 2589 1402 mira-

1525 1418 1654 1454 culose
1683 1416 1922 1465 spiritualiter
1949 1424 2139 1453 sanantur.

1577 1472 1636 1508 AD
1657 1482 1794 1508 ramum
1818 1481 1917 1506 ERGO
1937 1481 2120 1507 mci-:unum
2141 1470 2245 1519 quod
2275 1469 2322 1506 de
2350 1469 2504 1506 nemine
2524 1469 2589 1507 de-

1525 1523 1756 1573 sperandum
1787 1530 1842 1559 est
1869 1522 1907 1560 in
1934 1524 2006 1559 hac
2034 1522 2123 1570 vita,
2154 1522 2391 1559 considerata
2415 1522 2589 1572 omnipo-

1524 1576 1639 1614 tentia
1659 1583 1696 1613 et
1714 1575 1970 1613 misericordia
1989 1575 2073 1612 Dei.
2105 1575 2181 1612 Sed
2203 1575 2440 1613 considerata
2459 1575 2589 1615 condi-

1524 1630 1627 1667 tione
1655 1628 1812 1678 peccati,
1843 1628 2018 1666 dicuntur
2046 1628 2160 1678 aliqui
2175 1628 2255 1676 filii
2281 1628 2524 1678 diffidentiae,
2547 1624 2590 1667 u't

1523 1683 1686 1720 habetur
1712 1682 1764 1719 ad
1787 1682 1922 1730 Ephes.
1944 1694 1967 1719 ιι
1986 1681 2016 1718 *.

1578 1737 1637 1772 Ao
1657 1746 1845 1772 SECUNDUM
1867 1746 2051 1772 memnon
2070 1735 2176 1782 quod
2205 1734 2299 1771 ratio
2328 1734 2388 1772 illa
2416 1734 2589 1783 procedit

1526 1800 1571 1825 ex
1590 1795 1696 1837 parte
1716 1787 2011 1836 omnipotentiae
2035 1787 2128 1824 Dei:
2159 1799 2237 1824 non
2266 1787 2478 1824 secundum
2499 1797 2588 1825 con·

1525 1841 1708 1878 ditionem
1736 1840 1892 1889 peccati.
2140 1883 2142 1885 ‚

1578 1896 1636 1931 Αι)
1663 1905 1823 1931 TER'rmM
1856 1905 2040 1930 DlCENDUM
2069 1893 2172 1942 quod
2200 1892 2363 1930 liberum
2391 1889 2587 1937 arbitrium

1525 1954 1697 1984 remanet
1727 1946 1884 1995 quidem
1922 1958 2075 1995 semper
2109 1946 2150 1983 in
2186 1947 2265 1992 hac·
2284 1946 2364 1984 vita
2393 1945 2588 1984 vertibile:

1523 2008 1654 2038 tamen
1682 2000 1914 2049 quandoque
1942 1999 2068 2036 abiicit
2095 2011 2118 2036 a
2145 2011 2186 2037 se
2214 1999 2253 2036 id
2280 2011 2351 2048 per
2368 1999 2474 2047 quod
2491 1999 2588 2037 verti

1524 2061 1650 2102 potest
1674 2053 1722 2090 ad
1746 2054 1905 2099 bonum,
1927 2059 2115 2101 quantum
2138 2052 2177 2089 in
2201 2052 2285 2101 ipso
2315 2059 2380 2089 est.
2411 2052 2524 2090 Unde
2543 2058 2587 2090 ex

1524 2114 1630 2156 parte
1654 2119 1722 2143 sua
1750 2114 1950 2155 peccatum
1981 2113 2037 2142 est
2063 2105 2341 2152 irremissibile,
2370 2104 2457 2142 licet
2482 2103 2588 2143 Deus

1525 2159 1715 2197 remittere
1743 2158 1872 2208 possit.

1575 2273 1599 2307 ὃ)
1619 2274 1704 2307 quasi.
1723 2287 1742 2292 —
1761 2274 1821 2299 Om.
1846 2274 1905 2306 Dpx
1931 2278 1956 2298 et
1973 2280 2005 2308 a,-
2024 2280 2072 2306 pro
2090 2274 2153 2302 tr1'a,
2173 2273 2271 2306 uiginti
2289 2273 2344 2298 tria
2361 2273 2463 2298 PDEsF
2482 2277 2509 2298 et
2525 2279 2553 2298 a.
2569 2285 2589 2298 ι-

1523 2310 1574 2334 Pro
1593 2310 1619 2334 in
1633 2311 1769 2342 futurum,
1789 2309 1815 2334 in
1828 2311 1928 2342 futuro
1947 2309 2014 2338 PCa,
2027 2310 2153 2342 suturam
2173 2308 2222 2339 (eis
2236 2310 2352 2340 pestem)
2370 2308 2403 2333 G.
2575 2317 2578 2324 ¹

1576 2345 1600 2377 ε)
1618 2352 1656 2370 ex
1673 2352 1734 2377 quo.
1746 2358 1764 2363 —
1779 2352 1830 2377 per
1848 2344 1919 2377 quod
1938 2345 1983 2374 Pa,
2002 2345 2074 2376 quod
2091 2352 2134 2376 px,
2150 2351 2202 2376 per
2220 2343 2292 2376 quod
2310 2343 2351 2368 vel
2369 2350 2406 2368 ex
2424 2350 2475 2376 quo
2494 2350 2534 2369 sn.

1574 2379 1600 2412 ζ)
1620 2380 1680 2405 licet
1698 2379 1786 2405 etiam.
1800 2395 1819 2398 —
1838 2380 1898 2405 licet
1916 2380 1944 2409 P,
1963 2386 2029 2412 quae
2048 2379 2112 2412 (om.
2133 2379 2217 2411 Deus)
2234 2379 2253 2403 1.
2493 2381 2495 2383 '

1084 2450 1414 2483 Commentaria
1437 2450 1686 2483 cardinalis
1709 2450 1909 2482 Caietam

437 2537 457 2557 N
474 2526 606 2557 articulo
629 2524 720 2554 tertio
737 2523 879 2553 eiusdem
899 2522 1094 2563 quaestionis
1115 2521 1311 2552 novitiorum
1335 2521 1470 2552 dubium

410 2539 582 2606 Ioccurrit,
608 2579 683 2599 cum
706 2577 878 2598 commune
902 2567 941 2597 sit
965 2566 1053 2596 omni
1078 2573 1207 2606 peccato
1225 2565 1352 2596 mortali
1370 2565 1470 2596 exclu-

406 2616 478 2646 dere
503 2614 611 2645 omnia
641 2622 696 2653 per
723 2622 804 2652 quae
832 2610 867 2642 fit
891 2610 1034 2641 remissio
1067 2617 1285 2649 peccatorum,
1315 2609 1470 2650 quoniam

406 2660 488 2690 tollit
507 2659 647 2698 gratiam,
664 2666 744 2697 quae
764 2662 810 2686 est
833 2655 895 2685 vita
919 2655 1052 2690 animae,
1073 2661 1103 2684 et
1119 2654 1281 2684 constituit
1304 2654 1405 2694 ipsam
1422 2654 1468 2684 in-

406 2704 589 2739 sanabilem,
613 2702 715 2732 immo
739 2707 917 2735 mortuam;
942 2709 998 2729 cur
1021 2705 1147 2739 peccata
1171 2698 1203 2728 in
1224 2698 1377 2738 Spiritum
1393 2698 1468 2728 San-

406 2755 493 2778 ctum
518 2748 660 2778 dicantur
690 2744 863 2785 specialiter
893 2742 1119 2774 irremissibilia
1142 2752 1178 2773 ex
1201 2749 1288 2782 parte
1311 2742 1468 2782 peccantis

406 2793 480 2833 quia
503 2792 674 2822 excludunt
688 2800 723 2820 ea
740 2799 795 2829 per
810 2798 892 2830 quae
908 2787 942 2818 fit
961 2787 1103 2818 remissio
1124 2793 1336 2827 peccatorum,
1353 2786 1469 2816 scilicet

406 2835 662 2871 misericordiam,
687 2833 838 2864 iustitiam
861 2842 920 2873 pro
944 2842 992 2869 se,
1017 2831 1166 2871 gratiam,
1189 2829 1417 2871 poenitentiam
1439 2837 1469 2861 et

408 2881 598 2921 pronitatem
623 2879 661 2909 ad
686 2879 818 2908 bonum.

464 2925 513 2955 Ad
536 2924 597 2954 hoc
621 2923 734 2953 dicitur
755 2921 844 2962 quod
862 2921 943 2951 inter
958 2927 1084 2960 peccata
1100 2919 1132 2950 in
1149 2919 1302 2959 Spiritum
1317 2918 1468 2956 Sanctum

1522 2528 1552 2551 et
1575 2521 1636 2552 alia
1658 2521 1803 2551 mortalia
1824 2520 1901 2551 haec
1917 2527 1964 2551 est
1979 2520 2162 2557 differentia,
2180 2520 2269 2561 quod
2284 2527 2448 2561 peccatum
2468 2520 2500 2550 in
2516 2520 2587 2560 Spi-

1522 2565 1618 2595 ritum
1641 2565 1793 2595 Sanctum
1817 2565 1954 2596 excludit
1976 2565 2090 2595 directe
2106 2565 2307 2596 reti-activum
2321 2575 2339 2594 a
2353 2571 2501 2604 peccato:
2526 2564 2587 2596 alia

1521 2619 1597 2640 vero
1620 2619 1685 2639 non
1710 2609 1882 2640 excludunt
1904 2609 1966 2640 hoc
1990 2610 2122 2646 directe,
2147 2610 2202 2640 sed
2225 2619 2261 2639 ex
2285 2609 2424 2650 quadarn
2447 2608 2585 2650 sequela.

1522 2654 1595 2683 Non
1620 2653 1705 2683 enim
1730 2653 1833 2683 omnis
1858 2650 1990 2693 peccans
2015 2653 2188 2683 mortaliter
2211 2653 2324 2684 directe
2341 2653 2478 2684 excludit
2494 2652 2586 2683 mise-

1522 2697 1706 2733 ricordiam,
1731 2697 1812 2727 sicut
1839 2698 2022 2737 desperans;
2048 2704 2103 2728 aut
2131 2697 2277 2736 gratiam,
2302 2697 2384 2727 sicut
2411 2697 2524 2727 dolens
2547 2696 2586 2726 de

1523 2741 1689 2771 diffusione
1713 2741 1828 2780 gratiae
1851 2741 1991 2777 divinae3
2016 2747 2047 2771 et
2069 2741 2113 2771 sic
2129 2741 2167 2771 de
2183 2741 2260 2773 aliis.
2285 2741 2326 2771 Et
2341 2747 2508 2780 propterea
2526 2740 2585 2770 hu-

1522 2785 1662 2827 iusmodi
1686 2792 1851 2824 peccatum
1875 2785 1990 2815 dicitur
2015 2784 2227 2815 irremissibile
2253 2791 2284 2815 et
2307 2785 2438 2815 morbus
2461 2784 2585 2815 incura-

1521 2829 1592 2859 bilis
1616 2838 1653 2859 ex
1675 2835 1762 2869 parte
1787 2829 1953 2869 peccantis,
1971 2828 2046 2870 quia
2070 2829 2183 2860 directe
2207 2828 2289 2860 tollit
2313 2838 2349 2859 ea
2371 2837 2428 2868 per
2448 2827 2586 2869 quamsit

1522 2872 1664 2904 remissio
1689 2880 1720 2903 et
1742 2882 1834 2909 cura,
1858 2873 1927 2903 aliis
1944 2873 2126 2904 tollentibus
2142 2872 2336 2914 principium
2350 2881 2445 2904 curae
2458 2881 2496 2903 ex
2510 2880 2585 2904 con-

1522 2924 1675 2958 sequenti.

1186 3035 1502 3079 ARTICULUS
1533 3035 1805 3089 QUARTUS

554 3119 709 3151 UTRUM
732 3118 862 3149 HOMO
886 3118 1032 3149 POSSIT
1057 3117 1191 3167 PRIMO
1214 3116 1413 3148 PECCARE
1437 3117 1479 3147 IN
1504 3117 1706 3148 SPIRITUM
1731 3115 1955 3153 SANCTUM,
1980 3115 2071 3147 NON
2094 3114 2448 3147 PRAESUPPOSITIS

1327 3169 1435 3200 ALIIS
1458 3168 1668 3200 PECCATIS

1030 3240 1049 3264 11
1070 3240 1154 3269 Sem„
1174 3240 1232 3264 dist.
1250 3246 1321 3270 mn,
1340 3243 1387 3264 art.
1408 3238 1438 3269 53
1458 3239 1499 3263 De
1523 3239 1626 3269 Virtut„
1646 3247 1691 3271 qu.
1711 3247 1737 3270 ιι,
1758 3244 1803 3264 art.
1827 3238 1869 3269 13,
1890 3239 1921 3263 ad
1944 3247 1964 3263 ι.

566 3328 575 3333 2
623 3315 646 3340 D
665 3313 838 3345 QUARTUM
858 3313 910 3339 sic
930 3313 1170 3339 PROCEDITUR.
1190 3301 1351 3338 Videtur
1368 3302 1473 3349 quod

452 3332 489 3364 a:
530 3327 602 3388 ’,ἑῇ

472 3369 482 3377 .
554 3364 597 3400 «as

623 3357 743 3393 homo
763 3367 841 3392 non
861 3354 980 3403 possit
999 3355 1124 3403 primo
1145 3364 1304 3404 peccare
1333 3354 1369 3390 in
1391 3353 1473 3402 Spi—

429 3413 545 3463 *187¹*
571 3416 592 3459 (ᾗ
625 3410 735 3446 ritum
758 3409 950 3454 Sanctum,
973 3420 1050 3445 non
1069 3406 1368 3458 praesuppositis
1393 3406 1473 3443 aliis

431 3465 433 3467 ’
469 3438 559 3493 ζ’·ἷῗῖ
580 3454 799 3511 peccatis.
821 3461 1013 3498 Naturalis
1034 3461 1135 3497 enirn
1165 3460 1261 3498 ordo
1283 3467 1338 3497 est
1365 3467 1405 3496 ut
1425 3459 1472 3496 ab

442 3367 474 3416 ‚i
547 3384 612 3424 *ll*

1499 3299 1502 3360 ξ
1527 3300 1750 3349 imperfecto
1772 3301 1819 3338 ad
1844 3301 2055 3350 perfectum
2081 3299 2164 3349 quis
2193 3306 2406 3336 moveatur.
2437 3298 2486 3335 Et
2513 3299 2588 3335 hoc

1499 3361 1501 3407 l
1527 3353 1684 3402 quidem
1700 3354 1738 3390 in
1754 3353 1864 3390 bonis
1883 3360 2051 3403 apparet,
2071 3352 2282 3390 secundum
2297 3351 2388 3388 illud
2404 3350 2585 3388 Proverb.

1531 3406 1611 3443 1v*:
1632 3407 1822 3443 Iustorum
1841 3407 1972 3444 semita
1987 3406 2097 3456 quasi
2114 3406 2182 3443 lux
2198 3405 2393 3455 splendens
2407 3403 2540 3441 crescit
2554 3409 2590 3440 et

1499 3481 1501 3509 ;
1520 3460 1676 3508 proficit
1702 3471 1817 3508 usque
1835 3460 1887 3497 ad
1908 3460 2117 3508 perfectum
2137 3459 2247 3496 diem.
2278 3456 2360 3495 Sed*
2379 3457 2587 3506 perfectum

2612 474 2822 503 'Exod.cnp.mn‚

2612 507 2670 523 vera.
2684 508 2707 528 4.

2611 660 2619 669 ·
2635 659 2694 680 Ibid.
2707 625 2768 682 tere.
2787 660 2822 682 28.

2612 691 2621 699 ‘
2636 689 2694 711 lbid.
2710 697 2769 712 veru.
2786 697 2822 719 34.

2615 3418 2622 3426 ”
2638 3417 2704 3440 Vera.
2719 3417 2751 3440 18.
