2892 4056
57 836 67 864 Α·
81 855 132 876 Art.
147 854 251 881 praeced.

1011 133 1275 180 QUAESTIO
1306 135 1355 181 11,
1384 135 1677 172 ARTICULUS
1706 135 1740 172 v

297 222 302 230 ‘
348 213 407 249 An
427 222 564 248 ΡιιιΜυΜ
584 222 682 248 ERGO
701 223 885 249 mcx-:noum
909 212 1013 260 quod
1032 212 1269 260 investigatio
1289 224 1353 248 na-

295 263 424 301 turalis
443 263 596 300 rationis
625 275 703 300 non
722 265 860 301 sufficit
886 265 1056 301 humano
1076 264 1204 312 generi
1223 265 1271 302 ad
1291 277 1353 301 co-

295 315 499 364 gnitionem
526 315 744 353 divinorum
774 317 886 354 etiam
915 329 1012 366 quae
1041 317 1185 354 ratione
1205 317 1354 354 ostendi

294 376 464 416 possunt.
494 368 543 404 Et
561 368 647 406 ideo
667 381 751 406 non
765 377 822 406 est
839 367 1075 418 superfluum
1104 376 1146 406 ut
1170 369 1256 406 talia
1276 381 1352 406 cre-

296 421 432 458 dantur
450 418 476 457 β.

347 475 407 510 Αι)
438 484 629 510 SECUNDUM
657 485 841 511 mesanum
877 474 981 522 quod
1020 474 1067 510 de
1101 474 1239 510 eodem
1277 486 1355 510 non

294 532 419 573 potest
446 537 529 562 esse
557 526 711 563 scientia
739 533 776 563 et
802 525 898 563 fides
931 526 1033 574 apud
1062 525 1238 563 eundem.
1279 527 1355 563 Sed

346 653 373 687 β)
391 655 546 681 credantur.
564 669 582 675 -
599 656 713 681 credant
731 655 759 680 Ρ.

2417 136 2459 172 3ι

1407 211 1443 248 id
1481 213 1586 260 quod
1616 220 1669 249 est
1697 214 1744 250 ab
1773 225 1850 250 uno
1880 213 2016 250 scitum
2051 221 2175 261 potest
2203 226 2284 251 esse
2313 214 2362 250 ab
2391 214 2462 250 alio

1408 264 1604 311 creditum,
1633 273 1674 301 ut
1701 265 1848 314 supra*
1876 265 2017 302 dictum
2047 274 2113 302 est.

1459 318 1518 352 Αι)
1546 328 1704 354 TERTmM
1731 329 1915 355 memnon
1943 318 2069 366 quod,
2107 318 2137 355 si
2165 317 2294 355 omnia
2322 317 2465 361 scibilia

1407 369 1634 413 conveniant
1661 370 1699 406 in
1727 371 1871 407 ratione
1894 370 2082 417 scientiae,
2112 383 2190 407 non
2218 378 2347 407 tamen
2376 382 2465 406 con-

1408 421 1566 458 veniunt
1593 422 1630 458 in
1659 423 1733 458 hoe
1761 423 1865 471 quod
1884 423 2088 471 aequaliter
2106 423 2282 460 ordinent
2305 422 2354 460 ad
2377 423 2464 459 bea-

1409 473 1616 511 titudinem.
1647 475 1696 510 Et
1723 474 1808 511 ideo
1838 487 1916 512 non
1935 475 2141 524 aequaliter
2168 475 2298 512 omnia
2325 487 2464 524 propo·

1411 534 1549 562 nuntur
1576 534 1618 563 ut
1646 527 1845 564 credenda.

974 732 1305 766 Commentaria
1329 733 1577 766 Gar-dinalis
1600 734 1798 767 Caietam

324 823 345 844 N
368 812 501 844 articulo
525 819 638 855 quarto
661 818 755 847 nota,
779 811 917 847 novitie,
948 811 1036 852 quod
1063 818 1234 852 postquam
1258 822 1350 841 mon-

298 825 457 888 Istratum
471 863 518 887 est
528 857 546 876 '⁸
560 855 771 887 necessarium
786 864 852 885 esse
869 855 1002 891 credere,
1016 854 1242 894 particulariter
1257 865 1351 895 quae-

292 901 428 932 rendum
452 900 586 931 restabat
601 908 642 930 an
659 899 700 929 sit
714 898 925 929 necessarium
949 899 1073 929 credere
1095 898 1177 934 talia,
1195 905 1271 938 puta
1294 899 1352 928 sci-

292 945 383 981 bilia3
407 950 439 975 et
459 943 514 980 sic,
538 950 616 994 puta
638 942 790 982 explicite,
808 949 884 978 etc„
908 948 944 972 ut
966 942 998 972 in
1022 942 1226 992 sequentibus
1248 941 1292 972 fit.

347 989 383 1019 In
406 987 612 1028 responsione
635 986 675 1016 ad
698 986 854 1036 primum
862 986 1004 1016 eiusdem
1027 986 1131 1026 quarti
1149 986 1270 1016 articuli
1294 986 1352 1016 du-

292 1027 382 1062 bium
404 1030 600 1061 novitiorum
623 1030 776 1061 occurrit:
801 1029 876 1071 quia
890 1030 988 1066 Deus,
1003 1030 1053 1060 vel
1066 1037 1187 1066 natura,
1205 1029 1352 1060 defecisse

291 1075 437 1110 videtur'
429 1084 462 1109 ιιι
478 1074 660 1105 necessariis
675 1074 880 1110 naturalibus,
893 1073 919 1104 si
932 1084 1006 1104 vera
1017 1081 1063 1105 est
1078 1083 1226 1115 praesens
1240 1073 1350 1104 littera.

290 1115 374 1150 Natu
396 1118 430 1148 in
447 1116 555 1149 littera
577 1113 690 1149 dicitur
717 1118 806 1159 quod
829 1117 1026 1158 investigatio
1050 1117 1179 1149 rationis
1203 1117 1352 1148 naturalis

291 1165 365 1193 tion
365 1161 488 1193 sufficit
501 1162 645 1192 humano
660 1161 766 1202 generi
781 1162 821 1192 ad
836 1161 1051 1202 cognitionem
1066 1161 1247 1192 divinorum
1270 1171 1351 1201 quae

291 1206 474 1239 naturaliter
488 1206 559 1239 sciri
574 1213 718 1246 possunt.
742 1206 776 1237 Si
791 1205 876 1236 enim
891 1215 957 1236 non
974 1205 1097 1242 sufficit,
1122 1212 1244 1236 constat
1262 1206 1351 1245 quod

292 1249 398 1293 deficit
412 1260 437 1279 a
459 1249 664 1294 natyralibus.

236 1330 240 1333 ,
291 1311 329 1324 ν
345 1288 480 1326 Adrtroc
503 1288 616 1325 dicitur
638 1293 728 1334 quod
746 1293 826 1334 ratio
845 1293 994 1324 naturalis
1018 1293 1058 1323 ad
1073 1293 1227 1323 naturalia
1242 1292 1351 1324 huius-

136 2075 165 2088 ,τι
183 2070 238 2093 4νςέιζ)
254 2070 261 2075 ”

53 2093 64 2105 ⁴
78 2093 146 2115 Vere.
161 2098 194 2119 14,
208 2097 239 2121 ι5.

55 2571 65 2579 ”
80 2568 147 2591 Ven-
161 2574 198 2596 39.

153 2669 168 2703 β

57 2724 123 2747 Ἧι).
131 2724 149 2750 1,
159 2730 209 2752 esp.
217 2729 266 2751 nx,

54 2756 93 2773 xx.

156 2836 174 2862 t

57 2991 67 3000 ‘
81 2989 148 3012 vern.
162 2995 183 3018 5.

291 1327 381 1381 iaodi
404 1334 519 1369 sufficit
542 1343 572 1368 et
594 1347 662 1367 non
684 1337 799 1368 sufficit
821 1337 963 1367 humano
987 1336 1110 1377 generi,
1143 1336 1352 1367 diversimode

292 1370 521 1419 considerando
545 1381 724 1412 humanum
745 1390 855 1421 genus.
880 1379 912 1411 Si
928 1380 1013 1411 enim
1037 1379 1078 1410 sit
1099 1389 1204 1410 sermo
1229 1380 1267 1410 de
1291 1379 1352 1410 hu-

291 1434 389 1455 mano
408 1429 524 1465 genere
550 1425 728 1455 secundum
750 1424 894 1464 singulos
917 1423 1081 1459 homines,
1114 1429 1237 1454 constat
1263 1423 1352 1463 quod

1407 812 1485 843 ratio
1502 812 1652 842 naturalis
1668 823 1733 842 non
1749 813 1863 844 sufficit
1879 814 1918 843 ad
1934 814 2132 844 huiusmodi:
2158 822 2193 844 ut
2208 821 2293 854 patet
2307 815 2339 845 in
2356 815 2463 846 multis

1406 856 1518 895 ineptis
1543 862 1573 885 et
1596 856 1797 891 mulieribus,
1828 865 1858 887 et
1881 865 2010 898 propter
2032 857 2146 887 multas
2170 859 2394 897 occupationes
2417 869 2463 889 ra-

1405 899 1580 929 tionabiles.
1612 899 1644 929 si
1667 906 1774 930 autem
1797 900 1968 940 loquamur
1991 901 2028 930 de
2052 911 2163 940 genere
2186 901 2327 932 humano
2352 912 2463 932 secun-

1406 943 1483 972 dum
1506 942 1605 981 ipsius
1629 943 1907 979 communitatem,
1938 944 1981 974 sic
2004 944 2173 975 dicendum
2204 952 2250 975 est
2272 946 2360 986 quod
2384 946 2463 977 ratio

1406 986 1554 1016 naturalis
1578 986 1691 1017 sufficit
1713 988 1753 1017 ad
1776 987 1862 1018 haec.
1886 987 2098 1018 Distributum
2121 989 2240 1028 quippe
2260 997 2306 1020 est
2320 996 2356 1019 ut
2377 989 2409 1019 hi
2425 990 2464 1019 ad

1405 1030 1706 1069 contemplationem
1730 1031 1915 1071 sapientiae,
1947 1031 1992 1061 illi
2015 1032 2055 1061 ad
2078 1032 2317 1071 agriculturam,
2348 1033 2397 1063 alii
2425 1034 2464 1064 ad

1405 1074 1465 1104 alia
1489 1074 1553 1104 nati
1576 1074 1653 1104 sint:
1684 1074 1792 1115 sicque
1815 1081 1850 1105 ut
1873 1075 2015 1105 humano
2038 1076 2143 1114 generi
2166 1076 2245 1106 ratio
2269 1076 2402 1107 sufficiat
2424 1077 2463 1106 ad

1405 1119 1465 1148 hoc
1489 1118 1577 1158 quod
1601 1118 1752 1157 sapientia
1776 1125 1939 1159 ceteraque
1963 1118 2074 1154 adsint,
2099 1120 2243 1159 quamvis
2267 1130 2332 1150 non
2356 1121 2465 1150 omnia

1404 1162 1545 1201 singulis.
1570 1161 1611 1191 Et
1632 1162 1786 1202 quoniam
1809 1165 1930 1192 Auctor
1953 1163 1991 1192 de
2011 1162 2190 1202 cognitione
2207 1163 2387 1194 divinorum
2410 1174 2464 1194 ne-

1405 1205 1535 1236 cessaria
1550 1205 1693 1235 humano
1708 1206 1814 1245 generi
1826 1206 2002 1237 secundum
2018 1207 2158 1246 singulos
2174 1208 2372 1247 loquebatur,
2389 1208 2464 1247 quia

1404 1249 1519 1289 singuli
1541 1249 1724 1289 singillatim
1739 1250 1878 1280 salvandi
1893 1250 1943 1281 vel
1959 1251 2130 1280 damnandi
2152 1258 2240 1287 sunt;
2265 1252 2338 1281 ideo
2353 1261 2464 1282 verum

1405 1292 1490 1329 dixit,
1514 1293 1603 1333 quod
1626 1292 1705 1324 ratio
1729 1294 1878 1324 naturalis
1901 1294 2043 1324 humano
2072 1295 2177 1334 generi
2200 1305 2265 1325 non
2290 1294 2403 1325 sufficit
2425 1296 2464 1326 ad

1406 1336 1621 1377 cognitionem
1637 1337 1819 1367 divinorum
1835 1338 2002 1369 scibilium.
2026 1338 2067 1368 Et
2085 1338 2157 1368 ideo
2174 1348 2286 1369 eorum
2305 1338 2382 1369 fides
2397 1349 2463 1369 non

1407 1379 1574 1420 superflua,
1600 1381 1654 1410 sed
1678 1381 1850 1411 necessaria
1874 1389 1919 1412 est
1942 1382 2031 1412 valde
2055 1381 2172 1412 multis.

1078 1575 1395 1618 ARTICULUS
1423 1576 1680 1625 QUINTUS

677 1668 833 1698 UTRUM
857 1667 986 1698 HOMO
1011 1667 1248 1698 TENEATUR
1272 1668 1330 1698 AD
1355 1668 1626 1699 CREDENDUM
1650 1666 1826 1705 ALIQUID
1850 1668 2076 1699 EXPLICITE

660 1747 669 1771 Ι
689 1746 772 1776 δεητ.,
792 1746 850 1771 dist.
870 1754 955 1775 xxxin,
974 1752 1020 1771 art.
1042 1746 1069 1777 5;
1089 1746 1129 1777 Ill,
1149 1746 1207 1770 dist.
1226 1754 1282 1776 xxv,
1302 1754 1346 1778 qu.
1366 1753 1393 1777 ιι,
1413 1751 1459 1779 art.
1483 1754 1503 1775 ι,
1523 1746 1572 1778 qu·
1596 1754 1616 1777 1,
1639 1753 1667 1775 2;
1689 1746 1730 1771 De
1753 1747 1841 1776 Verit.,
1861 1755 1905 1779 qu.
1925 1754 1974 1777 xxv,
1994 1752 2040 1771 art.
2064 1755 2102 1771 11.

476 1850 479 1856 ‹
505 1838 527 1862 n
547 1836 710 1867 QuiNTUM
730 1836 783 1861 Sic
803 1835 1043 1861 PROCEDlTUR.
1068 1824 1227 1861 Videtur
1246 1823 1352 1872 quod

503 1890 584 1915 non
609 1884 782 1915 teneatur
808 1878 928 1914 homo
957 1877 1008 1915 ad
1027 1877 1262 1919 credendum
1287 1876 1352 1913 ali-

310 1919 475 1987 3540*ss
487 1930 596 1979 quid
624 1929 806 1978 explicite.
836 1930 974 1966 Nullus
998 1930 1100 1966 enim
1129 1937 1277 1966 tenetur
1304 1929 1352 1966 ad

302 1979 475 2031 ''A‘tffss‘s
462 1977 544 2021 xsid
571 1983 677 2032 quod
699 1994 777 2019 non
798 1989 853 2019 est
879 1982 917 2018 in
938 1982 1018 2019 eius
1046 1990 1244 2031 potestate.
1276 1982 1351 2018 Sed

292 2022 446 2074 eredere
474 2034 615 2084 aliquid
645 2035 816 2094 explicite
845 2046 923 2072 non
943 2042 999 2072 est
1026 2035 1064 2071 in
1092 2035 1258 2072 hominis
1285 2047 1353 2083 po-

290 2095 439 2129 testate:
469 2087 600 2126 dicitur
620 2088 722 2125 enim
746 2089 858 2124 Rom.
878 2087 947 2124 x*:
980 2088 1175 2130 Quomodo
1205 2088 1356 2124 credent

290 2143 362 2180 ei!
389 2153 498 2190 quem
523 2153 598 2179 non
617 2139 845 2178 audierunt?
877 2140 1071 2182 Quomodo
1095 2141 1248 2177 audient
1273 2141 1353 2177 sine

285 2194 560 2243 praedicante?
599 2194 796 2236 Quomodo
823 2198 949 2230 autem
981 2194 1258 2241 praedicabunt
1283 2194 1355 2230 nisi

290 2246 525 2284 mittantur?
551 2247 654 2294 Ergo
683 2246 839 2283 credere
865 2245 1006 2295 aliquid
1035 2246 1206 2295 explicite
1234 2247 1351 2282 homo

291 2307 370 2343 non
398 2306 557 2337 tenetur.

345 2363 381 2389 2.
409 2351 652 2397 ΡιιΑΕτΕιιΕΑ,
692 2351 786 2388 sicut
816 2363 886 2400 per
916 2351 1035 2388 fidem
1066 2351 1288 2388 ordinamur
1316 2351 1353 2388 in

290 2406 432 2451 Deum,
459 2404 510 2441 ita
539 2411 575 2440 et
601 2415 670 2452 per
697 2402 902 2440 caritatem.
937 2403 1015 2440 Sed
1042 2403 1092 2440 ad
1119 2404 1352 2441 servandum

289 2464 493 2507 praecepta
518 2455 679 2493 caritatis
706 2456 826 2492 homo
847 2467 934 2502 non
943 2462 1100 2502 tenetur,
1131 2457 1197 2492 sed
1216 2456 1355 2493 sufficit

292 2510 373 2547 sola
400 2509 638 2559 praeparatio
667 2508 799 2544 animi:
838 2507 932 2544 sicut
959 2515 1062 2556 patet
1088 2508 1126 2544 in
1154 2508 1217 2544 illo
1245 2520 1353 2556 prae-

293 2569 403 2612 cepto
418 2561 573 2600 Domini
592 2561 696 2610 quod
711 2560 864 2609 ponitur
878 2560 1012 2597 Matth.
1027 2572 1052 2596 v
1065 2559 1097 2607 *,
1118 2561 1160 2597 Si
1176 2561 1257 2609 quis
1265 2571 1352 2608 per-

293 2615 449 2653 cusserit
474 2620 508 2651 te
531 2614 568 2651 in
590 2625 666 2650 una
684 2613 854 2659 maxilla,
876 2614 1020 2661 praebe
1038 2613 1075 2650 ei
1099 2619 1134 2649 et
1160 2613 1288 2659 aliam,
1319 2621 1354 2650 et

291 2668 331 2706 in
359 2668 439 2706 aliis
467 2666 726 2704 consimilibus
745 2664 770 2712 β,
803 2673 841 2702 ιιι
859 2665 1092 2713 Augustinus
1120 2666 1286 2714 exponit,
1316 2666 1353 2702 in

291 2721 386 2758 libro
415 2721 462 2757 de
479 2720 598 2756 Serm.
619 2719 733 2755 Dom.
754 2718 791 2755 in
811 2718 946 2754 Monte
959 2718 989 2754 *.
1020 2718 1123 2765 Ergo
1144 2718 1255 2754 etiam
1275 2730 1354 2755 non

292 2778 441 2811 tenetur
467 2773 587 2809 homo
618 2770 786 2820 explicite
815 2771 955 2819 aliquid
984 2770 1154 2817 credere,
1184 2772 1251 2808 sed
1281 2771 1354 2807 suf-

293 2824 371 2863 ficit
397 2825 502 2873 quod
531 2824 671 2861 habeat
688 2823 861 2860 animum
890 2830 1064 2872 paratum
1084 2829 1100 2851 Υ
1129 2823 1178 2860 ad
1198 2823 1354 2860 creden-

294 2879 387 2916 dum
417 2890 462 2915 ea
490 2889 587 2930 quae
617 2889 638 2913 a
666 2877 751 2913 Deo
779 2883 1056 2935 proponuntur.

350 2932 384 2968 3.
414 2931 656 2976 PRAETEREA,
694 2930 842 2966 bonurn
880 2928 970 2966 fidei
1003 2928 1040 2965 in
1069 2927 1236 2976 quadam
1265 2928 1355 2964 obe—

296 2983 435 3021 dientia
467 2982 655 3019 consistit.
693 2981 902 3018 secundum
941 2981 1032 3018 illud
1068 2980 1274 3017 Rom.1*:
1306 2981 1358 3018 ad

295 3036 539 3073 obediendum
547 3035 647 3082 fidet
664 3034 701 3071 in
722 3034 894 3071 omnibus
911 3033 1094 3083 gentibus.
1117 3033 1192 3070 Sed
1213 3033 1262 3070 ad
1280 3033 1355 3070 vir-

295 3097 413 3126 tutem
435 3086 672 3125 obedientiae
692 3098 771 3123 non
790 3086 991 3135 requiritur
1018 3086 1123 3134 quod
1151 3086 1270 3122 homo
1289 3086 1356 3123 ali-

296 3154 372 3190 qua
399 3140 649 3178 determinata
675 3147 879 3188 praecepta
907 3139 1095 3185 observet,
1124 3138 1191 3176 sed
1220 3138 1358 3176 sufficit

349 3273 376 3305 α)
395 3273 464 3298 212-
483 3272 509 3296 in
529 3269 692 3302 BEFHILpK
711 3273 737 3294 et
755 3276 780 3298 κ,
801 3270 826 3293 in
846 3269 920 3294 illum
940 3269 1009 3298 PAa,
1029 3276 1082 3294 οιιι.
1102 3269 1167 3302 DGp
1169 3268 1202 3295 C.

348 3306 374 3341 β)
392 3306 581 3333 consimilibus.
599 3319 618 3325 -
635 3304 852 3337 consequentibus
869 3304 923 3334 sC,
941 3303 1070 3329 similibus
1093 3277 1290 3336 quagstionibus
1308 3304 1354 3332 sK,

294 3351 348 3369 οιιι.
366 3343 384 3373 1,
403 3342 599 3376 quaestionibus
617 3340 704 3366 ceteri.

347 3378 374 3412 γ)
390 3381 528 3410 paratum.
546 3378 772 3408 -praeparatum
791 3374 820 3398 P.

1405 1824 1510 1871 quod
1524 1824 1663 1860 habeat
1675 1832 1897 1873 promptum
1913 1824 2083 1861 animum
2098 1826 2145 1862 ad
2161 1826 2418 1864 obediendum
2429 1825 2460 1863 δε

1405 1876 1616 1913 secundum
1646 1876 1735 1914 illud
1764 1877 1903 1914 Psalm.
1923 1877 1959 1913 *ε
1997 1879 2157 1914 Paratus
2183 1891 2288 1924 sum,
2326 1886 2362 1916 et
2387 1891 2461 1916 non

1403 1941 1487 1965 sum
1515 1930 1703 1974 turbatus,
1734 1935 1773 1965 ut
1800 1930 2004 1966 custodiam
2038 1931 2217 1967 mandata
2245 1937 2320 1968 tua.
2361 1932 2462 1979 Ergo

1404 1982 1554 2018 videtur
1573 1982 1677 2029 quod
1699 1982 1812 2018 etiam
1832 1982 1881 2019 ad
1900 1983 2016 2019 fidem
2037 1983 2196 2020 sufficiat
2221 1984 2324 2032 quod
2344 1985 2462 2022 homo

1405 2035 1544 2071 habeat
1561 2042 1785 2083 promptum
1800 2035 1972 2072 animum
1987 2035 2034 2072 ad
2052 2036 2284 2073 credendum
2301 2049 2346 2073 ea
2365 2049 2462 2085 quae

1407 2087 1440 2124 ei
1469 2087 1648 2124 divinitus
1676 2087 1841 2136 proponi
1869 2095 2025 2136 possent
2044 2093 2066 2135 ἱ,
2097 2089 2242 2136 absque
2261 2090 2335 2126 hoc
2358 2091 2463 2137 quod

1408 2140 1577 2188 explicite
1607 2140 1746 2188 aliquid
1775 2140 1914 2177 credat.

1459 2193 1534 2229 SED
1554 2204 1699 2229 CONTRA
1718 2205 1784 2229 EST
1812 2194 1916 2241 quod
1945 2193 2079 2230 dicitur
2098 2194 2150 2229 ad
2165 2194 2264 2230 Heb.
2285 2206 2320 2230 xi
2335 2194 2370 2230 *ε
2390 2195 2463 2231 Ac-

1407 2246 1592 2282 cedentem
1621 2246 1672 2282 ad
1698 2246 1821 2282 Deum
1850 2251 1993 2294 oportet
2019 2246 2172 2282 credere
2208 2247 2295 2294 quia
2324 2253 2395 2292 est,
2429 2254 2465 2284 et

1406 2299 1507 2346 quod
1533 2298 1801 2346 inquirentibus
1826 2310 1866 2334 se
1893 2304 2156 2335 remunerator
2182 2305 2244 2335 est.

1460 2352 1685 2388 RESPONDEO
1704 2362 1888 2388 DmENDUM
1907 2351 2010 2399 quod
2030 2359 2232 2402 praecepta
2251 2351 2341 2399 legis
2365 2364 2462 2399 quae

1405 2403 1524 2440 homo
1545 2411 1693 2440 tenetur
1711 2403 1867 2452 implere
1897 2403 2034 2440 dantur
2052 2404 2099 2440 de
2118 2403 2263 2440 actibus
2281 2404 2461 2441 virtutum

1406 2456 1470 2504 qui
1498 2463 1586 2492 sunt
1611 2456 1674 2493 via
1701 2456 1947 2504 perveniendi
1975 2457 2024 2493 ad
2052 2452 2223 2493 sa'lutem.
2254 2459 2370 2493 Actus
2398 2470 2464 2494 au-

1406 2516 1483 2544 tem
1510 2508 1677 2554 virtutis,
1711 2508 1807 2544 sicut
1834 2520 1947 2556 supra
1972 2509 1992 2530 '⁸
2020 2509 2161 2545 dictum
2191 2516 2266 2555 est,
2305 2509 2464 2546 sumitur

1406 2559 1616 2596 secundum
1635 2560 1895 2597 habitudinem
1915 2560 2064 2597 habitus
2084 2562 2132 2598 ad
2152 2561 2354 2597 obiectum.
2385 2561 2462 2598 Sed

1406 2612 1444 2649 in
1473 2612 1622 2649 obiecto
1651 2612 1848 2649 cuiuslibet
1874 2612 2020 2649 virtutis
2053 2613 2128 2649 duo
2157 2621 2315 2661 possunt
2342 2614 2463 2650 consi-

1407 2665 1547 2702 derari:
1577 2664 1716 2702 scilicet
1734 2665 1773 2702 id
1800 2665 1906 2713 quod
1935 2673 1989 2701 est
2016 2664 2167 2713 proprie
2188 2673 2223 2701 et
2242 2678 2310 2713 per
2329 2678 2369 2702 se
2388 2666 2461 2702 vir-

1407 2718 1493 2754 tutis
1527 2717 1738 2763 obiectum,
1777 2717 1882 2765 quod
1914 2717 2168 2754 necessarium
2203 2726 2258 2754 est
2289 2718 2327 2754 in
2356 2719 2462 2755 omni

1407 2778 1492 2807 actu
1518 2770 1683 2814 virtutis;
1723 2777 1759 2806 et
1791 2770 1927 2806 iterum
1955 2769 1993 2807 id
2030 2770 2134 2818 quod
2152 2769 2165 2795 ζ
2192 2782 2261 2818 per
2287 2771 2461 2808 accidens

1407 2823 1486 2859 sive
1507 2830 1782 2871 consequenter
1800 2834 1839 2859 se
1859 2822 1973 2858 habet
1992 2822 2040 2859 ad
2063 2822 2255 2871 propriam
2276 2823 2460 2860 rationem

1407 2875 1553 2912 obiecti.
1585 2875 1688 2912 Sicut
1707 2875 1755 2911 ad
1775 2874 1964 2911 obiectum
1994 2874 2218 2912 fortitudinis
2245 2876 2398 2924 proprie
2427 2884 2463 2913 et

1407 2940 1474 2977 per
1502 2940 1541 2964 se
1574 2928 1734 2976 pertinet
1761 2927 1942 2964 sustinere
1978 2927 2144 2975 pericula
2172 2927 2304 2964 mortis
2336 2936 2373 2965 et
2400 2941 2461 2976 ag-

1407 2981 1512 3029 gredi
1539 2981 1667 3017 hostes
1695 2992 1782 3016 cum
1810 2979 1978 3028 periculo
2006 2987 2161 3028 propter
2188 2981 2333 3017 bonum
2358 2993 2462 3017 corn-

1409 3046 1525 3070 mune
1546 3039 1583 3069 ηε
1614 3033 1681 3070 sed
1709 3033 1813 3080 quod
1841 3033 1959 3068 homo
1980 3040 2146 3069 armetur
2172 3034 2234 3069 vel
2263 3045 2350 3069 ense
2378 3046 2462 3082 per-

1409 3086 1525 3123 cutiat
1543 3085 1580 3122 in
1600 3086 1698 3122 bello
1719 3086 1828 3131 iusto,
1858 3092 1922 3121 aut
1940 3084 2080 3134 aliquid
2099 3085 2318 3122 huiusmodi
2342 3086 2460 3132 faciat,

1411 3138 1599 3176 reducitur
1627 3138 1783 3187 quidem
1816 3138 1864 3175 ad
1893 3137 2084 3174 obiectum
2113 3138 2358 3185 fortitudinis,
2396 3139 2462 3175 sed

1459 3268 1484 3301 ὃ)
1503 3269 1684 3294 obediendum.
1702 3282 1720 3287 ·-
1738 3267 1897 3293 credendum
1917 3267 2116 3297 PABCFGan,
2141 3268 2332 3292 observandum
2351 3267 2385 3296 D.
2404 3268 2463 3293 obe-

1407 3304 1533 3329 diendum
1551 3304 1601 3328 sibi
1619 3304 1650 3329 K.

1460 3339 1483 3371 ε)
1498 3343 1615 3371 possent.
1633 3352 1651 3357 —
1666 3341 1778 3370 possunt
1797 3338 1900 3363 PCDsK
1918 3344 1944 3363 et
1961 3345 2004 3363 aa.

1459 3373 1484 3406 ζ)
1504 3374 1582 3406 quod.
1601 3387 1620 3392 -
1637 3373 1708 3405 quod
1725 3376 1764 3398 est
1783 3373 1847 3398 an.

1460 3410 1486 3441 η)
1507 3416 1650 3434 commune.
1668 3422 1687 3427 -
1706 3408 1767 3433 Om.
1786 3408 1887 3433 codices
1906 3413 1931 3433 et
1948 3415 1975 3432 a.

2493 276 2564 298 ’μοι
2573 276 2610 297 cit.
2622 276 2644 298 in
2655 282 2702 303 arg.

2588 1829 2602 1854 δ

2491 1891 2499 1898 ·
2509 1889 2546 1911 Ps.
2554 1895 2633 1916 cxvrn,
2641 1895 2699 1910 vers.

2493 1915 2531 1937 60.

2490 2208 2498 2215 ·
2514 2205 2580 2227 vers.
2595 2205 2619 2227 6.

2490 2516 2501 2526 ⁸
2517 2515 2563 2542 Qu.
2584 2521 2607 2541 ιι,
2622 2519 2664 2536 art.
2679 2521 2699 2536 2.
