2892 4056
972 145 1236 191 QUAESTIO
1265 145 1478 192 XXXVIII,
1506 144 1802 182 ARTICULUS
1832 145 1863 181 II

335 235 412 271 que
430 222 552 259 verbo
572 222 611 260 id
630 222 735 270 quod
764 222 834 259 sibi
861 223 1012 261 videtur
1031 223 1210 261 defendit.
1239 224 1289 260 Et
1306 223 1394 260 ideo

335 275 473 312 eadem
501 274 647 312 ratione
675 275 828 324 ponitur
851 275 1042 313 eontentio
1069 276 1148 313 filia
1174 276 1298 313 inanis
1316 276 1395 323 glo-

335 327 413 365 riae
441 327 537 364 sicut
565 335 601 364 et
629 327 817 365 discordia
835 333 863 365 ἵ.

387 381 446 416 AD
466 392 603 417 ramum
622 392 720 417 ERGO
739 391 924 418 memnon
944 381 1049 429 quod
1069 380 1276 428 contentio,
1300 379 1396 417 sicut

336 439 373 469 et
391 432 591 480 discordia,
611 433 727 470 habet
744 433 967 470 affinitatem
994 445 1083 470 cum
1110 432 1255 471 invidia
1274 445 1395 481 quan-

335 491 416 522 tum
435 485 485 522 ad
512 497 705 523 recessum
738 486 819 523 eius
837 483 851 507 ὅ
870 497 894 522 a
920 497 998 533 quo
1035 485 1170 533 aliquis
1206 485 1396 523 discordat

334 537 398 574 vel
427 550 516 574 cum
545 550 622 586 quo
653 537 857 575 contendit.
891 537 968 574 Sed
996 543 1180 585 quantum
1214 538 1263 575 ad
1290 538 1328 575 id
1355 538 1394 575 in

335 601 413 638 quo
452 589 546 627 sistit
572 590 632 627 ille
669 590 735 640 qui
769 589 982 636 contendit,
1011 589 1126 626 habet
1163 589 1393 627 convenien-

334 642 428 680 tiam
465 655 553 680 cum
591 643 771 692 superbia
799 649 836 679 et
861 641 963 679 inani
999 642 1137 689 gloria,
1167 642 1392 691 inquantum

335 694 476 732 scilicet
502 695 542 733 in
569 695 726 744 proprio
753 706 869 732 sensu
896 701 1013 731 statur
1031 699 1060 742 ⁶,
1089 702 1131 731 ut
1158 707 1273 743 supra
1292 695 1313 717 '⁸‘
1341 695 1395 732 di-

335 755 439 784 ctum
469 756 535 785 est.

387 801 447 838 An
465 812 655 838 SECUNDUM
674 811 860 837 mer-'unum
885 799 992 847 quod
1021 800 1167 836 clamor
1189 799 1394 836 assumitur

334 853 374 890 in
407 853 650 890 contentione
684 852 731 890 de
764 864 840 900 qua
866 851 1060 900 loquimur
1092 852 1141 888 ad
1172 852 1291 888 finem
1323 851 1393 888 irn-

385 1017 413 1077 ³)
432 1017 575 1042 discordia.
592 1030 612 1036 -
629 1016 780 1042 discordiae
798 1016 828 1042 P.

400 1053 411 1086 )
429 1053 495 1078 eius.
511 1065 532 1072 -
548 1052 610 1077 Om.
628 1052 684 1085 Ipx.
701 1065 720 1071 —
738 1052 789 1077 Pro
805 1059 865 1077 cum
884 1058 944 1084 quo,
963 1058 1001 1077 ex
1019 1058 1070 1083 quo
1089 1051 1118 1076 P.

2425 145 2498 182 305

1447 224 1673 271 pugnandae
1700 222 1877 260 veritatis.
1907 223 2016 261 Unde
2045 234 2124 260 non
2153 230 2208 259 est
2233 222 2438 271 principale
2462 222 2500 259 in

1449 275 1702 312 contentione.
1731 276 1780 312 Et
1798 275 1886 312 ideo
1914 287 1993 312 non
2019 282 2168 324 oportet
2186 275 2292 322 quod
2311 274 2500 312 contentio

1448 339 1494 365 ex
1514 327 1654 364 eodem
1673 324 1864 365 derivetur
1882 340 1927 366 ex
1946 340 2031 378 quo.
2044 327 2237 365 derivatur
2255 327 2411 364 clamor.

1500 382 1559 417 An
1586 391 1745 417 TERTmM
1767 391 1952 418 mmmmm
1980 380 2086 429 quod
2113 379 2290 428 superbia
2319 387 2356 416 et
2381 379 2502 416 inanis

1447 432 1567 481 gloria
1603 433 1846 470 occasionem
1883 440 2039 470 sumunt
2073 433 2276 482 praecipue
2313 443 2336 468 a
2369 432 2501 479 bonis,

1447 485 1561 522 etiam
1582 485 1653 522 sibi
1673 485 1880 533 contrariis,
1905 493 1997 534 puta
2025 497 2113 522 cum
2142 485 2189 522 de
2208 484 2419 522 humilitate
2439 485 2503 521 ali-

1448 538 1533 586 quis
1551 537 1741 586 superbit:
1771 545 1827 574 est
1845 538 1946 575 enim
1974 537 2195 575 huiusmodi
2223 537 2406 574 derivatio
2426 549 2503 574 non

1446 602 1515 639 per
1542 602 1598 637 se,
1629 590 1696 627 sed
1723 602 1792 639 per
1819 590 2006 638 accidens,
2036 590 2247 627 secundum
2275 601 2391 638 quern
2419 601 2503 626 mo-

1447 643 1540 680 dum
1568 643 1659 680 nihil
1685 644 1862 692 prohibet
1890 643 2119 680 contrarium
2146 655 2169 680 a
2194 642 2383 680 contrario
2402 642 2501 680 oriri.

1447 696 1496 732 Et
1523 695 1610 732 ideo
1638 695 1730 732 nihil
1758 695 1934 744 prohibet
1962 708 2007 733 ea
2035 708 2134 743 quae
2163 695 2209 732 e'x
2236 694 2414 744 superbia
2440 695 2503 732 vel

1447 747 1550 784 inani
1586 748 1704 795 gloria
1730 760 1800 796 per
1833 760 1873 785 se
1915 755 1951 785 et
1978 748 2117 785 directe
2149 747 2321 785 oriuntur
2358 747 2504 785 causari

1448 812 1493 836 ex
1512 800 1706 837 contrariis
1735 813 1869 838 eorum
1899 813 1944 837 ex
1971 801 2108 849 quibus
2136 800 2421 838 occasionaliter
2443 812 2503 837 su-

1446 851 1578 900 perbia
1606 852 1734 889 oritur.

1500 1016 1523 1048 ε)
1541 1019 1639 1042 statur.
1656 1029 1675 1035 —
1692 1019 1748 1041 stat
1766 1017 1799 1042 H.

480 3495 591 3519 Sumus
609 3493 711 3518 Tutor„
730 3493 762 3518 D.
776 3493 890 3518 'rnomffl
909 3492 942 3518 T.
960 3493 992 3517 V.
