2892 4056
215 563 226 573 ⁴
246 562 280 583 Cf.
302 568 340 589 qu.
356 566 424 587 ιιι-νυ,

216 592 257 611 att.
274 589 294 609 S.

216 770 225 778 ⁸
240 768 306 789 Vei-s.
321 773 353 794 25·

219 3067 226 3075 “
243 3065 308 3088 Vcrs.
326 3066 356 3087 16.

452 220 524 266 392

451 303 512 332 ctu
533 295 853 332 considerationis.
883 295 984 341 Ergo
1005 292 1262 341 praecipitatio
1283 293 1353 328 sub
1374 292 1503 328 incon-

451 348 676 385 sideratione
705 347 927 384 continetur.
967 347 1056 382 Non
1087 357 1175 392 ergo
1209 344 1502 382 inconsideratio

452 408 506 437 est
534 400 696 449 speciale
723 406 936 447 peccatum.

506 454 539 489 3.
570 454 805 497 PRAETEREA,
844 449 1043 508 prudentia
1081 448 1247 485 consistit
1283 448 1321 485 in
1359 449 1502 485 actibus

451 505 604 541 rationis
631 504 828 552 practicae,
850 502 913 561 qui
938 509 1023 539 sunt
1048 501 1244 548 consiliari,
1271 501 1436 537 iudicare
1457 501 1502 537 de

452 557 662 602 consiliatis,
684 563 719 592 et
738 555 952 603 praecipere
972 554 1002 590 ²⁸.
1038 554 1114 590 Sed
1135 553 1376 590 considerare
1395 565 1503 601 prae-

451 610 548 646 cedit
568 621 701 645 omnes
720 607 811 644 istos
831 614 952 643 actus:
972 606 1061 653 quia
1080 605 1240 654 pertinet
1260 606 1373 642 etiam
1388 605 1436 642 ad
1450 606 1504 642 in-

449 662 638 698 tellectum
663 659 950 708 speculativum.
980 659 1080 706 Ergo
1109 658 1402 695 inconsideratio
1427 670 1503 694 non

451 722 505 750 est
521 714 681 762 speciale
695 720 894 760 peccatum
911 712 980 748 sub
999 710 1255 760 imprudentia
1271 718 1503 747 contentum.

504 767 578 802 Si-:n
611 776 756 802 CONTRA
775 776 840 801 EST
860 765 963 813 quod
984 763 1118 801 dicitur
1136 765 1247 800 Prov.
1270 775 1304 800 iv
1323 763 1365 799 *ε
1400 763 1507 800 Oculi

450 819 504 854 tui
528 818 679 855 videant
708 822 827 863 recta,
865 823 900 853 et
919 816 1127 864 palpebrae
1164 822 1250 852 tuae
1276 816 1507 863 praecedant

448 882 599 920 gressus
626 876 718 915 tuos,
740 869 846 918 quod
873 869 1034 918 pertinet
1061 869 1110 906 ad
1137 868 1390 916 prudentiam.
1428 869 1505 905 Sed

450 923 681 959 contrarium
710 922 822 959 huius
857 921 978 969 agitur
1009 934 1079 970 per
1106 921 1504 958 inconsiderationem.

450 976 550 1023 Ergo
585 974 877 1012 inconsideratio
916 982 973 1011 est
1007 974 1170 1023 speciale
1202 982 1403 1022 peccatum
1435 974 1506 1010 sub

449 1028 701 1076 imprudentia
729 1034 962 1064 contentum.

503 1081 727 1118 RespoNnsso
747 1092 931 1118 mcENDuM
959 1080 1064 1128 quod
1093 1079 1346 1116 consideratio
1366 1079 1507 1127 impor-

449 1139 501 1169 tat
520 1141 648 1170 actum
668 1134 875 1170 intellectus
895 1133 1094 1169 veritatem
1116 1132 1168 1169 rei
1188 1132 1377 1168 intuentis.
1404 1131 1507 1168 Sicut

450 1194 577 1223 autem
606 1186 798 1246 inquisitio
826 1186 988 1234 pertinet
1019 1185 1067 1222 ad
1097 1181 1303 1232 rationem,
1338 1184 1387 1220 ita
1414 1184 1508 1220 iudi-

451 1239 550 1275 cium
569 1239 731 1294 pertinet
759 1239 807 1276 ad
835 1238 1086 1274 intellectum:
1115 1237 1217 1274 unde
1248 1244 1284 1273 et
1308 1237 1346 1273 in
1375 1249 1507 1284 specu

450 1292 570 1328 lativis
600 1286 899 1329 demonstrativa
933 1290 1088 1327 scientia
1123 1289 1258 1327 dicitur
1283 1288 1506 1336 indicativa,

450 1345 675 1392 inquantum
703 1356 772 1393 per
800 1343 1071 1380 resolutionem
1104 1342 1142 1379 in
1169 1342 1293 1391 prima
1324 1341 1508 1390 principia

450 1397 692 1444 intelligibilia
721 1397 767 1433 de
790 1396 948 1433 veritate
979 1395 1244 1444 inquisitorum
1272 1394 1507 1431 diiudicatur.

450 1451 499 1487 Et
526 1450 613 1487 ideo
652 1449 904 1486 consideratio
942 1448 1107 1485 maxime
1143 1447 1304 1496 pertinet
1341 1447 1388 1484 ad
1416 1447 1510 1484 iudi-

451 1503 564 1539 cium.
607 1502 718 1540 Unde
751 1509 787 1538 et
815 1502 983 1539 defectus
1019 1500 1110 1537 recti
1141 1500 1268 1537 iudicii
1296 1500 1345 1537 ad
1371 1500 1506 1536 vitium

450 1554 802 1592 inconsiderationis
837 1554 1017 1603 pertinet:
1054 1560 1167 1602 prout
1204 1553 1343 1590 scilicet
1374 1553 1508 1600 aliquis

1139 215 1404 261 QUAESTIO
1434 215 1535 260 LIII,
1567 214 1858 251 ARTICULUS
1887 214 1922 251 v

1554 292 1615 329 vel
1644 291 1795 339 negligit
1830 291 2023 328 attendere
2059 304 2104 328 ea
2133 304 2178 328 ex
2211 293 2348 340 quibus
2383 301 2528 331 rectum
2558 293 2612 330 iu-

1555 344 1696 380 dicium
1723 344 1906 392 procedit.
1937 344 2046 381 Unde
2077 344 2319 382 manifestum
2348 354 2404 382 est
2431 347 2538 394 quod
2558 346 2612 383 in-

1556 396 1805 433 consideratio
1835 404 1891 432 est
1917 403 2116 444 peccatum
2137 401 2165 433 α.

1608 451 1666 485 AD
1691 461 1828 485 PRIMUM
1852 460 1949 485 ERGO
1974 460 2158 486 DlCENDuM
2187 450 2292 497 quod
2319 450 2510 486 Dominus
2534 463 2612 488 non

1554 501 1730 550 prohibet
1767 501 2008 538 considerare
2041 514 2086 537 ea
2123 513 2222 548 quae
2257 509 2343 538 sunt
2378 502 2525 550 agenda
2551 504 2613 540 vel

1555 553 1736 601 dicenda,
1775 554 1929 601 quando
1968 554 2087 590 homo
2125 554 2240 590 habet
2277 555 2612 602 opportunitatem.

1558 606 1635 643 Sed
1672 607 1736 643 dat
1770 606 1952 643 fiduciam
1990 605 2180 654 discipulis
2221 606 2260 643 in
2293 605 2422 643 verbis
2453 607 2614 645 inductis

1555 666 1612 706 ut,
1643 658 1842 695 deficiente
1871 658 1941 695 sibi
1970 658 2252 708 opportunitate
2269 660 2332 696 vel
2360 669 2517 708 propter
2543 659 2615 697 im-

1556 711 1729 760 peritiam
1753 712 1815 748 vel
1843 711 1932 760 quia
1960 711 2084 748 subito
2113 720 2454 760 praeoccupantur,
2474 712 2513 749 in
2531 713 2613 749 solo

1558 764 1687 801 divino
1718 764 1913 801 confidant
1941 763 2118 801 consilio:
2158 764 2245 812 quia
2277 776 2363 801 cum
2391 765 2616 814 ignoramus

1558 816 1648 865 quid
1664 828 1781 866 agere
1799 817 2010 862 debeamus,
2029 818 2100 854 hoc
2126 817 2247 853 solum
2266 817 2446 854 habemus
2465 817 2614 863 residui,

1559 875 1599 906 ut
1625 869 1751 906 oculos
1779 874 1923 906 nostros
1950 869 2160 919 dirigamus
2187 869 2239 906 ad
2263 870 2405 915 Deum,
2439 869 2534 906 sicut
2561 869 2615 907 di·

1560 922 1655 959 citur
1683 923 1714 958 II
1744 922 1870 958 Paral.
1891 934 1938 958 xx
1956 921 1987 959 ²⁸¹.
2025 921 2217 970 Alioquin,
2247 922 2277 958 si
2304 923 2424 958 homo
2452 930 2616 970 praeter-

1559 975 1681 1011 mittat
1708 975 1832 1011 facere
1861 974 1966 1023 quod
1993 981 2129 1023 potest,
2159 975 2283 1011 solum
2313 974 2487 1011 divinum
2515 974 2618 1011 auxi-

1558 1028 1649 1064 lium
1679 1034 1897 1076 expectans,
1925 1027 2076 1064 videtur
2104 1034 2248 1064 tentare
2276 1028 2417 1064 Deum.

1612 1082 1670 1117 AD
1692 1091 1882 1117 SECUNDUM
1902 1091 2087 1117 montinum
2106 1079 2211 1128 quod
2234 1087 2314 1117 tota
2332 1078 2347 1109 β
2367 1079 2617 1116 consideratio

1560 1144 1695 1169 eorum
1732 1144 1831 1180 quae
1875 1132 1913 1168 in
1948 1132 2104 1169 consilio
2143 1133 2387 1169 attenduntur
2424 1132 2618 1170 ordinatur

1561 1186 1609 1222 ad
1646 1191 1745 1220 recte
1782 1184 2053 1221 iudicandum:
2094 1191 2130 1220 et
2166 1184 2253 1221 ideo
2291 1185 2542 1222 consideratio
2579 1184 2618 1222 in

1559 1237 1698 1273 iudicio
1719 1236 1923 1284 perficitur.
1953 1236 2063 1273 Unde
2089 1236 2204 1273 etiam
2228 1237 2520 1274 inconsideratio
2539 1249 2618 1274 ma-

1558 1289 1657 1326 xime
1678 1289 1885 1337 opponitur
1904 1288 2115 1326 rectitudini
2133 1288 2272 1326 iudicii.

1611 1344 1670 1378 AD
1699 1353 1860 1379 ’ri-:arium
1888 1353 2075 1379 monimum
2103 1341 2210 1390 quod
2237 1341 2530 1378 inconsideratio
2558 1341 2620 1378 hic

1561 1394 1740 1443 accipitur
1768 1394 1981 1431 secundum
2010 1394 2300 1431 determinatam
2328 1393 2540 1441 materiam,
2564 1393 2620 1432 id—

1562 1455 1617 1484 est
1645 1447 1858 1484 secundum
1887 1447 2035 1495 agibilia
2062 1448 2248 1484 humana:
2281 1446 2320 1483 in
2346 1447 2484 1495 quibus
2511 1446 2621 1495 plura

1561 1507 1648 1537 sunt
1667 1500 1895 1537 attendenda
1915 1500 1963 1537 ad
1983 1507 2082 1536 recte
2103 1499 2349 1536 iudicandum
2369 1511 2485 1548 quam
2507 1499 2620 1536 etiam

1561 1554 1598 1589 ln
1627 1552 1887 1601 speculativis;
1917 1553 2005 1601 quia
2033 1552 2272 1601 operationes
2310 1560 2396 1589 sunt
2423 1552 2462 1589 in
2496 1551 2621 1600 singu-

451 1608 489 1645 in
509 1616 608 1645 recte
628 1607 831 1645 iudicando
857 1606 984 1644 deficit
1011 1618 1055 1643 ex
1074 1606 1149 1643 hoc
1172 1605 1277 1653 quod
1302 1605 1509 1642 contemnit
1563 1605 1716 1642 iaribus.

505 1723 531 1755 α)
547 1725 694 1754 peccatum.
713 1735 732 1740 —
749 1721 862 1752 speciale
881 1721 950 1745 addit
968 1721 1013 1745 sA.
1044 1717 1048 1720 ”

1616 1719 1640 1752 β)
1661 1723 1727 1744 tora.
1745 1734 1764 1738 -
1783 1720 1844 1744 Om.
1864 1719 1892 1744 P.

1117 1793 1451 1827 commentaria
1473 1794 1724 1827 Cardianus
1746 1793 1947 1827 Caietam

481 1882 501 1902 N
525 1870 658 1901 articulo
682 1875 796 1910 quarto
820 1869 962 1899 eiusdem
991 1868 1384 1908 quinquagesimaetertiae
1414 1878 1510 1908 quae-

454 1884 593 1946 Istionis
617 1914 742 1944 adverte
766 1913 854 1953 quod
877 1912 978 1943 littera
1011 1912 1123 1951 accipit
1150 1919 1212 1942 tres
1235 1912 1405 1947 terminos,
1430 1912 1509 1942 scili-

453 1967 500 1991 cet
523 1958 816 1994 considerationem,
841 1957 1003 1994 iudicium,
1026 1963 1056 1986 et
1076 1956 1269 1986 intellectum
1290 1963 1325 1986 ut
1345 1955 1508 1995 distingui-

452 2011 503 2035 tur
526 2009 636 2033 contra
658 2002 823 2032 rationem.
847 2001 888 2030 Et
911 2010 947 2030 ex
971 1999 1195 2030 coniunctione
1218 1999 1348 2030 illorum
1371 2000 1510 2030 duorum

452 2055 591 2082 actuum,
616 2045 732 2076 scilicet
755 2043 1014 2075 considerationis
1039 2050 1069 2074 et
1091 2043 1207 2079 iudicii,
1227 2043 1260 2073 in
1277 2044 1379 2080 tertio,
1396 2043 1512 2074 scilicet

450 2092 483 2122 in
507 2091 676 2126 intellectu,
702 2088 862 2119 concludit
886 2087 1143 2118 coniunctionem
1165 2087 1294 2117 illorum
1310 2088 1448 2118 duorum
1464 2087 1510 2117 in-

450 2142 497 2166 ter
520 2145 562 2165 se.
588 2136 632 2164 Ac
656 2143 711 2173 per
734 2133 794 2163 hoc
817 2131 911 2162 infert
933 2131 1093 2162 defectum
1116 2131 1375 2162 considerationis
1399 2132 1437 2161 ad
1458 2132 1510 2161 de-

451 2179 570 2210 fectum
593 2177 700 2208 iudicii
723 2176 891 2216 pertinere:
917 2176 1006 2216 quod
1030 2182 1094 2206 erat
1115 2175 1284 2206 intentum.

504 2226 710 2261 Assumptam
734 2227 840 2251 autem
861 2219 966 2259 primo
989 2219 1259 2259 propositionem,
1284 2219 1400 2249 scilicet
1422 2219 1509 2259 quod

452 2267 662 2298 consideratio
685 2266 835 2305 importat
857 2269 962 2294 actum
994 2263 1171 2294 intellectus
1199 2264 1362 2294 veritatem
1393 2264 1441 2293 rei
1464 2263 1510 2292 in—

1562 1869 1688 1904 tuentis,
1714 1869 1835 1898 Auctor
1857 1877 1922 1897 non
1947 1867 2035 1897 aliter
2058 1866 2252 1897 manifestat:
2283 1867 2364 1897 forte
2387 1867 2463 1908 quia
2484 1867 2622 1898 vocabu-

1561 1912 1630 1941 lum
1645 1911 1752 1951 ipsum
1768 1921 1786 1941 a
1809 1912 1928 1942 visione
1942 1911 2083 1942 siderum
2098 1910 2225 1947 venit*;
2250 1917 2281 1942 et
2295 1911 2451 1952 frequenti
2466 1919 2527 1941 usu
2543 1918 2622 1941 con-

1561 1956 1695 1986 siderare
1719 1965 1887 1985 movemur
1909 1955 2015 1986 oblata
2037 1961 2109 1986 ante
2133 1955 2260 1991 oculos;
2285 1962 2316 1986 et
2329 1965 2396 1985 non
2411 1954 2623 1992 considerasse

1561 1999 1697 2030 dicimus
1713 2009 1796 2039 quae
1819 2006 1890 2030 ante
1907 1999 2019 2029 oculos
2034 1998 2220 2035 habuimus;
2245 2005 2398 2040 tanquam
2413 1997 2622 2033 consideratio

1563 2043 1602 2073 sit
1625 2053 1691 2073 non
1715 2043 1847 2083 simplex
1871 2043 1950 2073 visio
1974 2049 2028 2073 aut
2050 2042 2221 2079 iudicium,
2247 2043 2301 2073 sed
2325 2042 2455 2074 attentio
2483 2042 2523 2073 ad
2544 2041 2621 2079 visa,

1562 2094 1598 2117 ut
1620 2087 1797 2117 iudicemus
1821 2087 1912 2126 plene
1938 2094 1967 2117 et
1990 2087 2079 2128 quasi
2103 2086 2272 2117 metiamur
2294 2086 2356 2123 illa,
2381 2093 2417 2117 ut
2433 2086 2467 2116 in
2482 2086 2621 2117 siderum

1561 2131 1756 2171 inspectione
1785 2130 1938 2170 contingit
1970 2130 2146 2170 astrologis.
2180 2130 2311 2170 Propter
2341 2130 2430 2170 quod
2459 2130 2492 2160 in
2519 2129 2621 2160 littera

1563 2174 1692 2211 dicitur,
1720 2175 1753 2205 in
1776 2175 1982 2214 responsione
2005 2175 2044 2204 ad
2067 2174 2258 2209 secundum,
2292 2174 2381 2215 quod
2411 2173 2620 2205 consideratio

1562 2218 1722 2259 perficitur
1744 2219 1778 2248 in
1800 2218 1907 2249 iudicii
1931 2225 2013 2249 actu.

1234 2401 1549 2443 ARTICULUS
1579 2399 1834 2450 QUINTUS

790 2494 943 2525 UTRUM
968 2493 1290 2525 INCONSTANTIA
1313 2493 1378 2523 SIT
1402 2493 1555 2523 VIT1UM
1579 2493 1657 2523 suss
1682 2492 1980 2523 IMPRUDENTIA
2005 2491 2280 2523 CONTENTUM

1350 2571 1390 2595 De
1407 2570 1490 2600 Malo,
1510 2578 1555 2602 qu.
1574 2578 1614 2601 xv,
1636 2575 1682 2594 art.
1700 2578 1726 2601 4.

487 2657 549 2700 ies*
604 2665 644 2712 ⁵5<
665 2656 687 2680 D
708 2655 868 2686 QUINTUM
887 2655 940 2679 SIC
961 2654 1200 2681 paoeamrun.
1222 2642 1380 2679 Videtur
1402 2642 1507 2690 quod

482 2686 646 2758 fivssffae
666 2695 914 2733 inconstantia
942 2707 1020 2732 non
1041 2696 1086 2732 sit
1103 2696 1239 2732 vitium
1268 2696 1338 2732 sub
1367 2694 1508 2743 impru-

473 2750 635 2807 ’γὰρ
609 2742 792 2786 dentia
833 2756 1065 2786 contentum.
1114 2748 1368 2785 Inconstantia
1409 2747 1507 2784 enim

512 2778 602 2831 ‘2⁶⁸3
625 2796 814 2840 &videtur
841 2801 879 2838 in
913 2802 987 2838 hoc
1015 2801 1220 2838 consistere
1255 2800 1359 2849 quod
1386 2801 1506 2837 homo

454 2866 532 2891 non
560 2842 732 2902 persistat
768 2855 806 2890 in
843 2854 968 2902 aliquo
1003 2853 1155 2891 difficili.
1195 2853 1272 2890 Sed
1309 2853 1506 2902 persistere

453 2907 491 2943 in
511 2906 723 2944 difficilibus
751 2907 910 2955 pertinet
942 2907 990 2943 ad
1018 2906 1288 2944 fortitudinem.
1323 2906 1426 2953 Ergo
1455 2905 1509 2942 in-

455 2960 661 2996 constantia
681 2959 800 3007 magis
828 2959 1034 3008 opponitur
1058 2958 1264 2996 fortitudini
1285 2971 1401 3007 quam
1420 2971 1508 3007 pru—

456 3012 616 3048 dentiae.

510 3076 544 3100 2.
573 3065 812 3111 PRAETEREA,
851 3065 923 3100 Iac.
945 3076 979 3100 111
998 3063 1018 3085 ’¹‘
1047 3064 1201 3101 dicitur:
1245 3064 1318 3101 Ubi
1349 3063 1446 3112 zelus
1474 3069 1509 3100 et

453 3116 648 3162 contentio,
679 3116 730 3152 ibi
755 3117 999 3153 inconstantia
1028 3122 1063 3152 et
1080 3129 1191 3153 omne
1213 3128 1304 3164 opus
1326 3127 1505 3164 pravum.

456 3170 531 3206 Sed
551 3170 652 3205 zelus
673 3170 721 3205 ad
741 3169 921 3206 invidiam
941 3169 1111 3217 pertinet.
1137 3170 1239 3216 Ergo
1259 3168 1507 3205 inconstantia

455 3234 534 3259 non
552 3221 712 3270 pertinet
739 3221 788 3258 ad
815 3221 1119 3270 imprudentiam,
1145 3222 1211 3259 sed
1231 3221 1352 3269 magis
1380 3221 1428 3258 ad
1452 3221 1506 3257 in-

454 3274 611 3312 vidiam.

511 3328 544 3364 3.
574 3328 813 3373 PRAETEREA,
843 3326 902 3362 ille
922 3325 1071 3362 videtur
1097 3339 1178 3362 esse
1206 3326 1422 3363 inconstans
1442 3325 1506 3374 qui

454 3392 533 3417 non
560 3387 777 3428 perseverat
808 3379 847 3416 in
877 3391 922 3415 eo
951 3379 1054 3427 quod
1087 3386 1350 3427 proposuerat.
1389 3378 1505 3425 Quod

455 3432 609 3480 quidem
629 3432 789 3481 pertinet
816 3431 854 3468 in
875 3431 1184 3468 delectationibus
1205 3431 1252 3468 ad
1280 3431 1505 3468 incontinen-

454 3491 538 3532 tem,
558 3485 595 3521 in
615 3484 764 3522 tristitiis
784 3492 910 3521 autem
939 3485 988 3521 ad
1011 3484 1160 3520 mollem
1189 3483 1269 3520 sive
1295 3483 1504 3529 delicatum,

1561 2649 1602 2678 ut
1621 2642 1754 2679 dicitur
1771 2642 1839 2678 V11
1859 2642 1978 2678 Ethic
2003 2643 2022 2663 *
2041 2643 2142 2690 Ergo
2168 2642 2418 2680 inconstantia
2436 2655 2516 2680 non
2533 2655 2619 2696 per-

1561 2695 1654 2731 tinet
1681 2695 1730 2732 ad
1758 2694 2067 2743 imprudentiam.

1615 2748 1689 2784 SED
1719 2758 1865 2784 CONTRA
1892 2757 1957 2784 EST
1984 2747 2091 2796 quod
2118 2747 2167 2784 ad
2194 2747 2436 2796 prudentiam
2456 2747 2619 2796 pertinet

1561 2800 1750 2847 praeferre
1770 2799 1894 2836 maius
1923 2800 2070 2836 bonum
2098 2799 2224 2836 minus
2252 2800 2368 2836 bono.
2398 2801 2501 2848 Ergo
2521 2800 2618 2838 desi-

1561 2860 1659 2889 stere
1687 2864 1709 2888 a
1737 2851 1883 2888 meliori
1921 2852 2082 2900 pertinet
2114 2853 2164 2889 ad
2197 2852 2503 2900 imprudentiam.
2540 2852 2618 2890 Sed

1559 2906 1634 2941 hoc
1664 2912 1719 2941 est
1745 2904 2007 2941 inconstantia.
2047 2905 2148 2952 Ergo
2177 2904 2428 2941 inconstantia
2455 2905 2619 2954 pertinet

1561 2959 1608 2996 ad
1636 2957 1943 3006 imprudentiam.

1614 3008 1837 3047 Respofimzo
1857 3021 2040 3046 DlCENDUM
2068 3009 2173 3057 quod
2203 3009 2454 3047 inconstantia
2475 3009 2617 3059 impor-

1559 3069 1612 3099 tat
1631 3074 1823 3099 recessum
1843 3062 2036 3111 quendam
2060 3074 2083 3099 a
2102 3062 2204 3099 bono
2224 3063 2423 3111 proposito
2446 3062 2616 3100 definito.

1561 3115 1790 3152 Huiusmodi
1820 3123 1949 3151 autem
1987 3127 2157 3151 recessus
2193 3115 2422 3164 principium
2459 3115 2616 3163 quidem

1560 3168 1674 3204 habet
1702 3179 1724 3204 a
1750 3167 1789 3204 vi
1818 3167 2044 3216 appetitiva:
2074 3179 2153 3204 non
2182 3168 2283 3204 enirn
2313 3167 2448 3216 aliquis
2477 3167 2619 3205 recedit

1561 3232 1583 3256 a
1602 3220 1716 3269 priori
1736 3220 1840 3257 bono
1860 3220 2057 3269 proposito
2078 3219 2148 3257 nisi
2170 3227 2327 3269 propter
2350 3220 2492 3268 aliquid
2511 3219 2618 3269 quod

1560 3273 1630 3309 sibi
1648 3273 1859 3310 inordinate
1877 3273 2010 3321 placet.
2041 3273 2118 3310 Sed
2137 3272 2205 3310 iste
2234 3285 2406 3310 recessus
2429 3284 2510 3310 non
2528 3284 2618 3311 con-

1560 3334 1770 3362 summatur
1803 3325 1872 3363 nisi
1907 3338 1974 3374 per
2003 3325 2192 3362 defectum
2227 3325 2397 3373 rationis,
2426 3337 2525 3375 quae
2552 3325 2618 3363 fal-

1559 3378 1644 3414 litur
1671 3378 1708 3415 in
1737 3379 1810 3415 hoc
1839 3378 1943 3437 quod
1971 3378 2144 3427 repudiat
2174 3378 2214 3415 id
2242 3379 2346 3437 quod
2381 3385 2480 3416 recte
2509 3388 2617 3415 acce-

1559 3438 1749 3478 ptaverat:
1780 3439 1816 3467 et
1843 3431 1949 3480 quia,
1979 3443 2066 3468 curn
2095 3430 2214 3479 possit
2241 3430 2413 3468 resistere
2437 3427 2616 3479 impulsui

1560 3483 1765 3531 passionis,
1804 3483 1834 3520 si
1862 3496 1940 3521 non
1969 3483 2131 3530 resistat,
2169 3484 2244 3520 hoc
2272 3491 2326 3520 est
2354 3495 2399 3520 ex
2427 3481 2615 3520 debilitate

2641 926 2651 937 ⁸
2667 925 2731 947 Vere.
2746 931 2776 947 12.

2649 1916 2658 1926 ⁸
2672 1914 2732 1937 Fen.
2748 1914 2778 1936 de
2793 1914 2858 1936 Verb.

2648 1947 2660 1962 e
2726 1956 2733 1963 .
2756 1941 2796 1963 ub.
2818 1941 2857 1966 ΙΙΙ,

2648 1973 2662 1990 ι
2704 1973 2756 1990 voe.
2780 1968 2859 1989 conei—

2649 1993 2743 2016 derare.

2645 2649 2719 2699 ἶὲῗ·
2727 2655 2801 2699 ’ῗὲέὶῑ
2808 2656 2855 2699 ¹33:
