2892 4056
442 149 488 185 32
1152 144 1417 190 QUAEsrio
1448 147 1497 190 11,

439 237 508 274 per
536 225 723 262 accidens.
762 223 1036 261 Determinatio
1071 222 1180 269 igitur
1207 222 1366 259 virtuosi
1393 231 1497 260 actus

440 278 488 315 ad
518 278 716 326 proprium
746 284 782 312 et
808 288 876 324 per
900 288 939 312 se
961 275 1151 311 obiectum
1170 275 1314 312 virtutis
1344 283 1398 313 est
1426 277 1496 312 sub

441 330 661 366 necessitate
688 327 892 376 praecepti,
922 327 1015 363 sicut
1044 334 1079 362 et
1106 326 1186 374 ipse
1210 327 1355 364 virtutis
1379 335 1495 365 actus.

384 382 387 385 ’
442 382 518 419 Sed
548 380 808 418 determinatio
838 387 941 416 actus
968 379 1124 415 virtuosi
1162 379 1210 416 ad
1238 391 1283 416 ea
1311 391 1409 427 quae
1439 392 1498 416 ac-

203 647 212 656 '
228 646 255 667 D.
270 645 325 667 606.

200 703 209 712 ''
226 702 273 729 Qu.
294 708 308 729 1,
329 705 369 722 art.
388 702 410 728 6,

199 728 228 749 ad
244 734 258 749 ι.

200 1171 210 1181 ⁸
224 1170 251 1191 D.
266 1176 315 1198 419·

198 2039 207 2047 '¹
223 2040 247 2059 et
259 2038 315 2059 Pin.

197 2064 218 2076 '⁵
232 2064 257 2085 ln
273 2070 332 2092 resp.
349 2064 377 2085 ad
392 2071 409 2086 1.

196 2258 207 2268 ⁸
221 2257 276 2279 Loc.
293 2258 331 2280 cit.

441 434 671 471 cidentaliter
685 433 747 469 vel
766 431 991 468 secundario
1012 443 1051 467 se
1071 431 1212 468 habent
1231 431 1280 468 ad
1298 432 1495 481 proprium

441 494 477 526 et
503 498 572 534 per
599 498 638 522 se
666 484 810 521 virtutis
838 484 1029 520 obiectum
1060 495 1138 520 non
1166 484 1264 520 cadit
1283 482 1295 504 θ
1330 486 1400 521 sub
1433 497 1497 522 ne—

441 539 611 575 cessitate
640 537 829 585 praecepti
857 536 926 572 nisi
954 548 1024 583 pro
1053 536 1137 572 loco
1168 544 1204 572 et
1230 544 1416 585 tempore.

493 589 707 638 Dicendum
729 596 783 624 est
803 600 890 635 ergo
916 588 1019 636 quod
1044 588 1134 624 fidei
1155 588 1346 625 obiectum
1371 602 1439 637 per
1458 602 1497 625 se

440 650 495 678 est
523 642 560 678 id
588 654 655 690 per
682 641 787 689 quod
819 642 938 677 homo
968 641 1099 677 beatus
1129 641 1288 677 efficitur
1305 641 1340 687 *,
1370 650 1411 678 ut
1438 654 1498 678 su-

438 707 506 743 pra
526 694 545 715 *
574 694 713 730 dictum
742 701 806 730 est.
837 694 910 729 Per
935 693 1109 730 accidens
1134 701 1260 730 autem
1286 694 1346 730 vel
1366 706 1498 731 secun-

440 746 543 783 dario
573 758 613 782 se
633 747 774 783 habent
801 746 850 783 ad
870 745 1062 783 obiectum
1091 746 1180 783 fidei
1204 752 1211 767 ²
1241 746 1371 783 omnia
1400 759 1497 795 quae

438 799 476 835 in
506 799 697 847 Scriptura
727 799 905 836 divinitus
933 796 1068 836 tradita
1106 799 1364 836 continentur:
1404 799 1498 836 sicut

439 852 544 900 quod
571 852 767 888 Abraham
796 852 928 888 habuit
956 852 1053 890 duos
1081 851 1200 899 filios,
1237 851 1341 900 quod
1370 852 1497 889 David

438 904 506 941 fuit
533 904 632 941 filius
652 905 734 952 lsai,
765 912 800 941 et
828 905 899 942 alia
928 905 1158 942 huiusmodi.
1189 905 1386 951 Quantum
1407 917 1496 953 ergo

439 957 487 993 ad
514 956 635 1006 prima
664 957 872 1004 credibilia,
902 970 1000 1006 quae
1029 966 1116 995 sunt
1143 957 1286 994 articuli
1314 957 1416 1005 fidei,
1445 965 1498 994 te-

439 1016 546 1046 netur
580 1010 700 1053 homo
739 1011 907 1059 explicite
941 1010 1116 1058 credere,
1157 1010 1252 1047 sicut
1283 1018 1320 1047 et
1351 1017 1498 1047 tenetur

438 1062 580 1099 habere
599 1062 733 1105 fidem.
761 1063 956 1110 Quantum
978 1070 1105 1100 autem
1131 1064 1179 1100 ad
1199 1063 1269 1100 alia
1294 1063 1496 1109 credibilia,

438 1127 518 1152 non
544 1122 692 1152 tenetur
719 1116 838 1152 homo
868 1115 1036 1164 explicite
1065 1115 1240 1162 credere,
1278 1117 1345 1152 sed
1372 1117 1497 1153 solum

440 1167 617 1216 implicite
632 1167 652 1190 ’¹‘
675 1169 737 1205 vel
756 1168 795 1205 in
814 1169 1100 1217 praeparatione
1125 1168 1251 1215 animi,
1274 1169 1497 1216 inquantum

437 1228 590 1269 paratus
619 1228 675 1257 est
703 1221 856 1258 credere
885 1221 1070 1269 quidquid
1097 1221 1134 1257 in
1161 1220 1288 1258 divina
1309 1221 1499 1269 Scriptura

440 1273 651 1310 continetur
669 1279 696 1310 ².
733 1274 808 1310 Sed
837 1281 926 1310 tunc
954 1275 1078 1310 solum
1107 1272 1326 1310 huiusmodi
1353 1280 1501 1310 tenetur

439 1326 608 1374 explicite
630 1326 782 1363 credere
805 1326 959 1374 quando
985 1327 1060 1363 hoc
1089 1326 1121 1362 ei
1152 1325 1357 1363 constiterit
1378 1326 1417 1363 in
1433 1326 1499 1364 do-

440 1378 556 1414 ctrina
583 1377 673 1414 fidei
703 1378 897 1415 contineri.
1041 1379 1044 1382 “

490 1432 548 1467 AD
569 1442 704 1467 ptumum
725 1442 822 1468 ERGO
843 1443 1027 1468 ntct-:NDUM
1056 1431 1172 1479 quod,
1204 1430 1233 1467 si
1258 1431 1295 1467 in
1315 1438 1499 1480 potestate

490 1560 514 1594 θ)
533 1562 615 1587 cadit.
633 1576 651 1581 —
669 1563 770 1587 cadunt
789 1563 827 1586 Pa
846 1568 871 1586 et
890 1562 1001 1586 codices.

491 1598 509 1629 ι)
527 1598 599 1626 fidei.
617 1612 635 1616 -
654 1597 761 1622 virtutis
782 1597 989 1629 PBFleACEK
1003 1602 1029 1621 et
1047 1604 1108 1626 lma,
1130 1597 1237 1622 virtutis
1248 1597 1317 1631 fidei
1330 1597 1424 1628 HsCK,
1437 1596 1504 1630 fidei

437 1632 543 1657 virtutis
564 1633 594 1657 G.

496 1668 521 1699 κ)
542 1668 567 1692 in
582 1668 674 1692 divina
688 1667 830 1698 Scriptura
842 1667 1002 1692 continetur.
1015 1681 1033 1686 -
1052 1667 1144 1692 divina
1163 1668 1306 1699 Scriptura
1319 1667 1437 1692 continet
1451 1667 1488 1692 Pa
1496 1674 1504 1695 ,⁸

434 1697 461 1727 ¹'n
482 1711 535 1728 orn.
554 1703 608 1727 AB.

1530 146 1820 183 ARTICULUS
1850 146 1898 181 VI

1551 223 1715 259 hominis
1745 235 1827 259 esse
1855 222 1999 260 dicatur
2025 223 2168 271 aliquid
2196 225 2347 262 excluso
2371 224 2509 262 auxilio
2529 235 2610 272 gra-

1551 275 1644 322 tiae,
1683 275 1735 312 sic
1763 275 1812 311 ad
1840 275 1959 312 multa
1991 282 2145 312 tenetur
2170 276 2290 314 homo
2319 276 2369 314 ad
2397 289 2496 326 quae
2532 289 2610 316 non

1550 335 1675 376 potest
1709 327 1789 364 sine
1823 327 1940 374 gratia
1969 335 2167 376 reparante
2185 326 2223 365 λε
2260 329 2354 366 sicut
2381 329 2431 366 ad
2458 328 2612 377 diligen-

1553 380 1645 416 dum
1665 381 1792 416 Deum
1815 386 1850 416 et
1873 379 2113 428 proximum;
2144 387 2179 416 et
2197 380 2365 418 similiter
2388 382 2436 419 ad
2457 382 2611 419 creden—

1553 433 1645 469 dum
1674 432 1850 469 articulos
1869 432 1970 469 fidei.
2002 432 2078 470 Sed
2097 439 2226 468 tamen
2245 433 2319 470 hoc
2339 440 2464 482 potest
2491 434 2611 470 homo

1553 497 1639 521 cum
1661 484 1799 522 auxilio
1823 485 1974 532 gratiae,
2004 484 2120 531 Quod
2144 484 2301 533 quidem
2323 485 2502 523 auxilium
2532 486 2612 534 qui-

1552 538 1790 586 buscumque
1818 537 1994 575 divinitus
2014 538 2135 584 datur,
2163 536 2455 578 misericorditer
2483 538 2611 584 datur;

1551 590 1688 638 quibus
1718 597 1846 627 autem
1875 602 1952 627 non
1982 591 2108 637 datur,
2139 602 2184 626 ex
2211 589 2348 627 iustitia
2375 603 2453 628 non
2481 592 2611 637 datur,

1551 642 1588 678 in
1615 654 1783 690 poenam
1811 642 2072 692 praecedentis
2092 642 2249 691 peccati,
2269 643 2402 680 saltem
2423 643 2613 692 originalis

1551 695 1711 743 peccati;
1745 703 1785 732 ut
1813 695 2044 743 Augustinus
2074 695 2176 742 dicit,
2206 694 2244 731 in
2272 692 2367 732 libro
2396 695 2442 732 de
2471 697 2557 733 Cor.
2580 702 2614 732 et

1556 748 1688 784 Gratia
1706 747 1737 784 '¹‘.

1604 802 1663 838 At>
1685 812 1876 838 SECUNDUM
1896 812 2080 838 DICENDUM
2109 799 2214 849 quod
2242 801 2361 836 homo
2390 808 2537 841 tenetur
2565 802 2613 838 ad

1552 853 1798 890 determinate
1827 852 2060 901 diligendum
2089 853 2152 902 illa,
2177 851 2370 900 diligibilia
2401 849 2615 902 quaestu&

1552 905 1704 955 proprie
1734 912 1769 942 et
1796 918 1865 955 per
1892 918 1933 942 se
1962 906 2123 944 caritatis
2151 905 2311 952 obiecta,
2340 905 2480 943 scilicet
2507 907 2614 945 nem

1553 966 1587 995 et
1615 958 1823 1007 proximus.
1854 958 1932 995 Sed
1951 958 2114 995 obiectio
2143 958 2316 1007 procedit
2343 958 2391 996 de
2411 958 2480 995 illis
2507 969 2616 1008 prae·

1553 1011 1669 1060 ceptis
1690 1011 1849 1048 caritatis
1877 1022 1975 1060 quae
1995 1011 2103 1059 quasi
2125 1017 2402 1059 consequenter
2427 1010 2616 1061 pertinent

1552 1063 1600 1101 ad
1629 1063 1820 1101 obiectum
1849 1062 2020 1100 caritatis.
2524 1110 2526 1114 ,

1604 1117 1663 1153 AD
1691 1127 1851 1154 ‘ran-rium
1879 1127 2063 1153 DIOENDUM
2096 1115 2202 1164 quod
2225 1114 2345 1163 virtus
2374 1115 2615 1161 obedientiae

1552 1168 1704 1217 proprie
1732 1168 1771 1205 in
1789 1169 1984 1205 voluntate
2012 1169 2191 1207 consistit.
2220 1169 2269 1206 Et
2295 1168 2384 1206 ideo
2412 1170 2615 1208 adactum

1553 1220 1793 1257 obedientiae
1825 1219 1965 1257 sufficit
2000 1221 2263 1269 promptitudo
2289 1221 2496 1258 voluntatis
2525 1221 2614 1271 sub-

1552 1272 1648 1311 iecta
1667 1278 1684 1301 ¹*
1711 1272 1968 1322 praecipienti,
1997 1285 2095 1322 quae
2115 1280 2171 1310 est
2197 1272 2396 1323 proprium
2425 1273 2614 1322 et'pfe'r'se

2640 754 2852 803 &taff-¹⁰:15¹·

2640 833 2729 861 Sana„
2740 839 2790 862 cap.
2797 807 2851 860 eiii,

2641 807 2676 829 ef.
2706 807 2742 829 De

2640 860 2668 882 al.
2686 866 2719 882 xx.

1554 1325 1747 1362 obiectum
1777 1325 2027 1363 obedientiae.
2073 1324 2149 1364 Sed
2175 1325 2251 1363 hoc
2279 1320 2616 1378 praeceptumfvel.
2667 1346 2671 1349 ·

1554 1378 1645 1416 illud
1679 1390 1748 1427 per
1775 1377 1952 1416 accidens
1982 1378 2045 1415 vel
2075 1385 2352 1427 consequenter
2388 1390 2429 1417 se
2456 1379 2616 1426 habet}

1554 1430 1604 1468 ad
1629 1430 1830 1480 proprium
1858 1438 1894 1468 et
1920 1442 1990 1480 per
2016 1443 2057 1468 se
2086 1431 2280 1470 obiectum
2309 1430 2589 1469 obedientiaew

1609 1561 1637 1594 λ)
1657 1566 1810 1594 reparante.
1827 1577 1847 1581 —
1860 1566 2046 1594 praeparante
2066 1563 2095 1587 Ρ.

1610 1598 1642 1638 μ.)-
1657 1597 1782 1624 subiecta.
1800 1611 1818 1617 -
1836 1598 1967 1623 subiectae
1986 1598 2038 1627 PG,
2055 1598 2138 1630 (quod
2151 1598 2339 1629 promptitudo
2358 1597 2514 1629 voluntatis)
2532 1598 2618 1623 subfe-

1556 1636 1600 1658 σω
1609 1633 1739 1701 νῗιΐὶιὲἐεῖ.
1756 1683 1775 1688 -
1793 1669 1889 1697 habent
1907 1668 1953 1692 Pa.

1074 1813 1080 1819 ,
1114 1780 1446 1814 commentaria
1469 1781 1722 1815 cardinalis
1744 1782 1943 1815 Caietam

467 1870 486 1889 N
510 1857 641 1890 articulo
666 1859 778 1900 quinto
809 1858 950 1889 eiusdem
981 1858 1136 1889 secundae
1164 1859 1357 1900 quaestionis
1388 1859 1496 1889 adver-

439 1871 600 1934 Itendum
630 1911 675 1934 est
705 1903 885 1942 diligenter,
920 1902 1043 1943 primo,
1075 1904 1164 1943 quod
1193 1906 1314 1934 Auctor
1343 1904 1498 1943 adaequat

437 1948 597 1978 obiectum
621 1957 676 1987 per
700 1957 732 1977 se
755 1947 827 1977 fidei
851 1947 975 1978 obiecto
999 1946 1154 1978 beatifico.
1178 1947 1223 1978 Ita
1246 1948 1334 1988 quod
1357 1957 1393 1978 ea
1417 1957 1498 1988 quae

437 1991 649 2032 principaliter
672 1992 721 2022 hic
745 1991 902 2022 credimus
925 1998 999 2022 sunt
1022 1991 1074 2021 illa
1098 2001 1179 2032 quae
1202 1991 1235 2021 in
1259 1991 1359 2031 patria
1376 1991 1499 2022 visuros

437 2046 611 2075 speramus.
651 2035 691 2066 Et
714 2035 778 2071 hic,
804 2035 870 2066 ut*
893 2035 926 2065 in
949 2042 1005 2066 art.
1023 2036 1041 2065 6
1062 2035 1096 2055 **
1119 2042 1240 2076 quaest.
1271 2046 1279 2065 1
1309 2036 1427 2066 dictum
1453 2042 1500 2066 est

437 2089 474 2110 ex
496 2079 664 2120 Apostolo‚
678 2079 768 2120 fides
790 2085 837 2109 est
859 2080 1093 2119 sperandarum
1117 2079 1294 2110 substantia
1319 2089 1438 2110 rerum.

491 2124 677 2154 Notandum
694 2130 740 2154 est
753 2124 903 2159 secundo,
917 2123 1005 2164 quod
1017 2123 1098 2154 inter
1113 2123 1325 2164 principaliter
1336 2124 1498 2159 credenda,

436 2174 467 2199 et
488 2168 569 2199 intra
592 2177 647 2207 per
663 2177 695 2197 se
712 2168 873 2198 obiectum
889 2166 971 2203 fidei,
996 2169 1118 2198 Auctor
1134 2174 1299 2208 computat
1313 2168 1500 2209 mysterium

435 2211 658 2243 incarnationis
682 2211 777 2242 Verbi
808 2219 837 2242 et
860 2211 1009 2242 articulos
1038 2211 1126 2243 fidei:
1159 2219 1194 2243 ut
1222 2218 1307 2252 patet
1329 2212 1362 2242 in
1386 2212 1447 2243 hoc
1470 2219 1501 2242 et

436 2256 595 2297 praedicto
620 2255 752 2286 articulo
767 2255 794 2286 *.

491 2300 538 2330 Ex
550 2299 676 2340 quibus
700 2299 778 2330 scito
795 2299 897 2335 tertio,
914 2299 1003 2340 quod
1019 2299 1157 2330 nascitur
1172 2299 1307 2330 dubium
1322 2309 1388 2340 quo
1405 2307 1497 2340 pacto

435 2344 512 2374 haec
535 2343 658 2383 possint
672 2353 738 2374 esse
754 2343 850 2373 simul
873 2353 954 2374 vera.
979 2343 1062 2373 Nam
1082 2343 1242 2374 obiectum
1258 2342 1438 2374 beatificum
1454 2350 1500 2374 est

436 2388 523 2418 solus
540 2388 626 2418 Deus
643 2387 743 2418 trinus
767 2393 798 2417 et
821 2396 913 2418 unus.
939 2387 980 2418 Et
995 2394 1225 2429 consequenter
1247 2388 1434 2429 mysterium
1451 2388 1498 2417 In-

436 2431 634 2467 carnationis,
652 2432 733 2462 sicut
749 2438 794 2462 est
810 2438 894 2462 extra
914 2431 1074 2462 obiectum
1090 2431 1280 2468 beatificum,
1297 2432 1338 2462 ita
1353 2438 1401 2462 est
1415 2438 1500 2462 extra

436 2476 597 2507 obiectum
620 2475 702 2506 fidei.
727 2478 774 2505 Ac
797 2485 852 2515 per
867 2475 938 2511 hoc,
963 2485 1000 2505 ex
1015 2476 1073 2506 hac
1096 2476 1226 2512 ratione,
1243 2486 1308 2506 non
1325 2483 1372 2506 est
1394 2477 1432 2506 de
1449 2486 1499 2507 ex-

435 2520 540 2560 plicite
565 2519 726 2550 credendis
750 2529 807 2550 nec
822 2520 860 2550 de
875 2519 1104 2559 pertinentibus
1126 2520 1164 2550 ad
1180 2527 1286 2551 actum
1308 2519 1497 2551 beatificum.

434 2564 475 2594 Et
498 2564 542 2594 sic
565 2571 632 2595 tota
655 2563 730 2594 haec
753 2563 832 2594 ratio
857 2563 927 2594 ruit.

431 2616 434 2620 “
490 2607 527 2638 11.
551 2608 603 2638 Ad
626 2607 688 2637 hoc
712 2607 825 2638 dicitur
848 2607 936 2648 quod
959 2614 1025 2638 tam
1049 2607 1234 2648 mysterium
1263 2607 1498 2644 lucarnationis,

435 2658 470 2682 ut
493 2651 696 2691 distinguitur
711 2661 727 2681 a
742 2651 821 2687 Deo,
839 2661 936 2692 quarn
952 2651 1108 2692 quidquid
1125 2658 1283 2682 creaturae
1306 2652 1338 2681 in
1362 2651 1498 2682 articulis

434 2695 508 2726 fidei
531 2696 697 2732 invenitur,
713 2701 819 2734 potest
837 2695 1027 2726 considerari
1043 2695 1224 2735 dupliciter:
1249 2695 1364 2735 primo,
1389 2700 1498 2726 sec'un-

436 2740 514 2770 dum
537 2749 585 2776 se;
611 2739 761 2775 secundo,
786 2746 821 2770 ut
836 2739 905 2776 Dei,
923 2739 972 2770 vel
987 2739 1020 2769 in
1036 2739 1116 2775 Deo,
1133 2740 1183 2769 vel
1199 2739 1239 2769 ad
1256 2739 1371 2775 Deum,
1389 2745 1420 2770 et
1435 2739 1497 2770 hu-

435 2783 585 2814 iusmodi.
618 2783 845 2824 Si·loquamur
872 2784 911 2814 de
934 2783 1000 2814 istis
1023 2783 1200 2814 secundum
1224 2792 1272 2820 se,
1304 2783 1347 2814 sic
1377 2793 1434 2813 nec
1457 2783 1497 2814 ad

435 2826 508 2858 fidei
532 2827 693 2858 obiectum
717 2838 773 2858 nec
793 2828 832 2858 ad
846 2827 1048 2859 beatitudinis
1063 2827 1224 2858 obiectum
1241 2834 1397 2868 spectant:
1418 2836 1497 2868 quo-

436 2871 521 2901 niam
544 2871 630 2902 Deus
654 2871 819 2912 utriusque
848 2878 894 2902 est
917 2871 1078 2902 obiectum
1106 2871 1239 2902 formale
1267 2877 1297 2902 et
1319 2870 1495 2906 materiale,

1245 3009 1562 3052 ARTicous
1592 3009 1799 3052 SEXTUS
1826 3022 1829 3023 ν
2326 2976 2329 2977 ’
2492 3017 2506 3033 2
2526 2983 2536 3018 ’ψ
2576 3017 2609 3033 ,

1548 1866 1583 1890 ut
1606 1860 1639 1890 in
1661 1871 1672 1891 1
1695 1867 1751 1891 art.
1775 1860 1792 1879 *
1816 1861 1937 1891 dictum
1966 1859 2036 1891 fuit.
2075 1858 2108 1891 Si
2130 1868 2206 1890 vero
2236 1859 2405 1901 loquimur
2430 1859 2622 1899 ‹ie-istisin
2643 1867 2655 1878 ⁸
2669 1866 2749 1895 Qua.

1550 1911 1624 1935 sunt
1657 1904 1732 1940 Dei,
1764 1904 1807 1935 sic
1836 1904 1952 1935 cadunt
1986 1905 2044 1935 sub
2075 1904 2202 1934 obiecto
2231 1910 2262 1934 et
2285 1910 2357 1934 actu
2393 1896 2618 1946 beatificb'ssfit

1549 1948 1692 1979 similiter
1715 1948 1841 1980 obiecto
1862 1955 1893 1980 et
1914 1955 1986 1980 actu
2010 1947 2094 1979 fidei.
2127 1948 2282 1985 Quamvis
2305 1948 2390 1980 enim
2418 1947 2507 1980 solus
2527 1946 2618 1990 Delfis

1550 1992 1636 2023 visus
1659 1993 1788 2023 beatum
1811 1991 1912 2029 faciat,
1936 1992 2004 2033 ipse
2020 1999 2126 2023 tamen
2148 1991 2236 2023 visus
2251 2002 2318 2025 non
2332 1992 2441 2023 solum
2459 1991 2615 2035 amoime.

1551 2037 1606 2067 sed
1629 2043 1665 2067 ut
1687 2036 1783 2067 huius
1806 2036 1856 2066 vel
1877 2036 1963 2067 illius
1986 2036 2076 2072 ratio,
2094 2036 2197 2076 ¹magis
2220 2036 2305 2067 beat:
2331 2033 2618 2086 nonpropteffilla

1552 2080 1611 2111 alia
1633 2080 1709 2116 visa,
1727 2086 1763 2111 ut
1777 2080 1976 2120 Augustinus
1992 2079 2076 2117 dicit,
2100 2080 2133 2111 in
2147 2077 2176 2110 V
2196 2075 2341 2122 Confess.
2357 2077 2390 2116 *;
2415 2079 2471 2110 sed
2485 2076 2615 2123 propter
2642 2084 2653 2096 ⁸

1552 2125 1658 2155 Deum
1682 2123 1781 2164 magis
1804 2124 1918 2154 visum.
1949 2124 1999 2155 Sic
2021 2119 2096 2165 ergo
2121 2120 2291 2155 dicendum
2310 2120 2362 2156 ‘est
2383 2122 2473 2165 quod
2494 2119 2616 2155 beffifil

1553 2178 1627 2199 cum
1650 2168 1810 2199 obiectum
1834 2175 1865 2199 et
1886 2168 1959 2199 fidei
1981 2168 2067 2199 idern
2091 2174 2152 2199 est:
2173 2166 2212 2199 ‘et
2233 2168 2325 2209 quod
2345 2168 2379 2198 in
2402 2168 2510 2198 Verbo
2531 2166 2616 2199 vide·

1552 2213 1658 2244 bimus
1680 2212 1844 2243 veritatem
1866 2212 2092 2244 incarnationis
2114 2218 2146 2244 et
2168 2212 2375 2244 articulorum
2397 2211 2481 2245 fidei.
2606 2242 2613 2248 ,

1608 2256 1649 2287 Et
1683 2266 1756 2288 cum
1779 2257 1910 2294 Scotus,
1939 2257 1972 2287 in
1997 2257 2142 2295 Quarto,
2173 2256 2245 2287 dist.
2268 2266 2305 2293 x,
2329 2265 2383 2297 qu.
2404 2265 2479 2292 vm,
2501 2262 2616 2299 coma

1552 2300 1629 2331 haec
1652 2310 1780 2341 arguere
1803 2300 1936 2336 videtur,
1961 2302 2036 2341 quia
2059 2301 2171 2331 beatus
2194 2310 2256 2331 non
2279 2299 2534 2340 distinguitur.a
2551 2309 2614 2350 ῃςῃ,

1552 2344 1642 2374 beato
1673 2345 1735 2375 nisi
1758 2345 1892 2375 videndo
1924 2345 2077 2375 obiectum
2107 2344 2285 2385 beatificum
2315 2349 2350 2374 ut
2381 2348 2428 2374 est
2459 2335 2615 2374 obieetn‘ahr

1552 2388 1743 2430 beatificum,
1768 2393 1798 2419 et
1812 2398 1850 2419 ea
1865 2397 1949 2429 quae
1971 2388 2182 2419 includuntur
2203 2389 2236 2418 in
2253 2388 2321 2428 ipso
2344 2392 2382 2418 ut
2400 2392 2448 2418 est
2459 2387 2613 2419 obiecmm

1552 2432 1751 2473 beatificum:
1772 2449 1793 2456 -—
1817 2432 1907 2463 facile
1929 2432 2140 2472 respondetur
2161 2432 2250 2472 quod
2273 2431 2385 2462 veritas
2408 2425 2616 2462 articulum&

1551 2475 1625 2506 fidei
1648 2476 1804 2507 clauditur
1826 2476 1859 2506 in
1880 2476 2007 2507 obiecto
2030 2475 2192 2511 beatifico,
2221 2475 2376 2516 quoniam
2403 2475 2560 2509 clauditur
2579 2475 2615 2519 ίῃ

1551 2520 1621 2550 Deo
1644 2526 1680 2550 ut
1703 2520 1990 2560 supernaturalium
2014 2519 2068 2563 (de
2090 2520 2207 2560 quibus
2230 2526 2277 2551 est
2291 2517 2383 2562 fides)
2407 2529 2503 2552 causa
2524 2525 2615 2562 espa,-

1551 2563 1652 2600 tione;
1677 2564 1758 2595 sicut
1779 2564 1892 2595 veritas
1909 2564 2111 2600 naturalium,
2128 2563 2166 2595 de
2181 2563 2298 2604 quibus
2314 2570 2360 2597 est
2376 2559 2514 2605 scientia,
2531 2559 2614 2603 §lau-

1551 2607 1635 2638 ditur
1657 2608 1689 2638 in
1713 2608 1783 2638 Deo
1800 2615 1836 2639 ut
1849 2607 2040 2639 naturalium
2056 2617 2150 2639 causa
2173 2614 2204 2638 et
2221 2606 2353 2651 ratione.
2377 2604 2419 2638 Et
2437 2606 2613 2651 propterea,

1551 2650 1632 2682 sicut
1654 2652 1694 2682 ad
1716 2650 1812 2682 fidem
1836 2661 1901 2682 non
1925 2657 2045 2692 spectat
2067 2651 2126 2682 sub
2150 2651 2199 2682 his
2220 2649 2385 2691 speciebus
2409 2658 2476 2682 esse
2499 2655 2615 2691 corpus

1551 2694 1686 2732 Christi,
1716 2695 1772 2725 sed
1796 2696 1854 2725 sub
1878 2695 2043 2735 speciebus
2065 2695 2122 2725 rite
2145 2695 2348 2731 consecutum
2378 2694 2423 2725 ita
2452 2694 2547 2725 etiam
2573 2695 2615 2726 ad

1550 2745 1658 2770 actum
1680 2738 1862 2771 beatificum
1878 2745 2005 2779 -spectat
2015 2738 2124 2770 videre
2139 2748 2256 2779 corpus
2270 2738 2387 2771 Christi
2405 2747 2474 2770 esse
2495 2738 2529 2770 in
2542 2748 2614 2779 epm.

1550 2782 1657 2813 ciebus
1687 2782 1744 2813 rite
1773 2783 1978 2820 consecratis;
2011 2790 2042 2814 et
2062 2782 2208 2814 similiter
2234 2782 2368 2823 gratiam
2396 2782 2534 2815 conferri
2557 2793 2615 2826 per

1550 2833 1745 2857 sacramenta
1768 2826 1938 2867 dispositis.
1970 2826 2031 2859 Sed
2058 2826 2134 2858 haec
2158 2833 2232 2858 sunt
2255 2833 2339 2858 extra
2367 2836 2513 2867 praesens
2541 2836 2614 2869 1?th

1550 2869 1702 2910 positum,
1726 2877 1856 2911 propter
1879 2869 1964 2902 Scoti
1987 2877 2093 2901 tamen
2116 2870 2211 2901 verba
2234 2869 2324 2901 dicta.
2580 2871 2581 2876 ’

2500 3077 2501 3080 ¹
2540 3068 2610 3091 <adh

668 3103 822 3134 UTRUM
847 3102 993 3134 OMNES
1016 3103 1297 3141 AEQUALITER
1320 3103 1588 3134 TENEANTUR
1610 3103 1668 3134 AD
1693 3103 1936 3135 HABENDUM
1959 3103 2092 3135 FIDEM
2118 3103 2382 3135 EXPLICITAM

508 3180 539 3205 111
559 3180 641 3210 sent„
661 3180 719 3205 dist.
737 3187 792 3212 xxv,
813 3188 858 3213 qu.
876 3188 903 3209 11,
924 3186 971 3206 an.
994 3189 1014 3211 ι,
1035 3181 1083 3214 qu*
1105 3181 1133 3213 3;
1153 3181 1195 3212 1v,
1215 3181 1272 3206 dist.
1290 3189 1357 3213 xxrv,
1377 3189 1421 3214 qu.
1438 3189 1456 3211 ι,
1476 3186 1522 3206 art.
1543 3181 1566 3212 3,
1586 3182 1636 3214 qu⁸
1657 3189 1686 3213 2;
1707 3182 1748 3207 De
1770 3181 1860 3210 Ven'r..
1875 3190 1920 3215 qu.
1939 3189 1989 3211 xiv.
2003 3186 2049 3207 art.
2074 3189 2118 3212 1¹3
2137 3182 2182 3207 Ad
2199 3181 2290 3212 Heba,
2307 3187 2362 3214 cap.
2379 3186 2414 3211 xx.
2432 3181 2492 3207 {ecta
2513 3176 2544 3207 ni
2566 3175 2610 3206 Ὗ]

467 3273 477 3293 )
520 3275 527 3289 ι

470 3367 564 3411 ,ΫΨ

648 3311 852 3360 aequaliter
880 3324 1015 3348 omnes
1042 3320 1241 3349 teneantur
1271 3311 1320 3349 ad
1352 3312 1494 3349 haben-

569 3287 581 3298 ,
599 3280 620 3289 ·‹
647 3270 669 3295 ι)
693 3270 834 3296 5ΕΧτυΜ
861 3271 914 3296 sm
937 3271 1175 3296 PROCEDt‘rUR.
1204 3244 1362 3296 Videtur
1389 3259 1494 3307 quod
1546 3267 1626 3296 tur:
1660 3259 1754 3297 sicut
1781 3267 1884 3309 patet
1912 3260 1959 3299 de
1987 3260 2201 3310 praeceptis
2230 3261 2403 3299 caritatis.
2443 3261 2521 3298 Sed
2549 3272 2610 3297 ex-

1546 3312 1698 3360 plicatio
1727 3313 2005 3350 credendorum
2043 3321 2100 3350 est
2137 3313 2186 3351 de
2217 3313 2440 3351 necessitate
2468 3312 2608 3359 salutis,

564 3411 568 3413 p
593 3367 615 3411 ἦ
632 3364 741 3407 ¹¹dum
761 3364 879 3401 fidem
896 3364 1118 3413 explicitam.
1139 3365 1201 3402 Ad
1216 3377 1260 3402 ea
1276 3365 1375 3402 enim
1396 3376 1493 3413 quae
1546 3373 1587 3401 ut
1615 3365 1756 3402 dictum
1786 3373 1841 3402 est
1859 3365 1889 3402 ²¹⁸.
1920 3367 2021 3413 Ergo
2043 3378 2180 3404 omnes
2200 3365 2408 3415 aequaliter
2434 3372 2611 3403 tenentur
2640 3378 2648 3387 ·
2662 3376 2714 3399 An-
2729 3376 2836 3404 praeoed-

508 3393 581 3446 '791
603 3407 635 3450 Κ
649 3424 735 3454 sunt
757 3418 803 3455 de
824 3417 1043 3454 necessitate
1065 3417 1192 3454 salutis
1212 3429 1346 3455 omnes
1365 3425 1493 3455 tenen·
1546 3417 1595 3454 ad
1624 3418 1793 3467 explicite
1823 3418 2068 3456 credendum.
