2892 4056
669 246 859 280 QUAESTIO
888 246 1174 274 VIGESIMANONA

837 301 885 329 De
904 308 1000 335 pace.

390 380 553 400 Ani-tenuis
567 381 577 400 1
646 373 747 400 Utrum
768 381 822 407 pax
843 371 878 398 sit
899 371 974 399 idem
997 372 1077 408 quod
1098 371 1261 400 concordia.
1293 381 1366 410 pag.

566 420 587 439 11
648 413 748 439 Utrum
771 410 869 438 omnia
888 417 1026 447 appetant
1045 420 1147 447 pacem
1168 433 1174 439 .
1199 433 1205 439 .
1229 433 1235 439 .
1259 433 1265 439 .

566 460 599 479 111
648 452 750 478 Utrum
775 459 830 486 pax
851 450 887 477 sit
914 450 1047 486 proprius
1075 450 1192 478 effectus
1220 460 1267 479 ca·
1303 470 1306 472 -

663 490 752 517 ritatis
775 511 1264 518 .................

566 538 595 557 1v
646 530 747 557 Utrum
769 538 823 565 pax
844 529 880 556 sit
898 529 986 557 virtus
989 551 1265 558 ..........

705 609 896 642 QUAESTIO
920 609 1125 637 TRIGESIMA

754 669 802 698 De
823 669 1069 698 misericordia.

386 748 548 768 ARTicous
562 748 572 767 1
642 740 744 767 Utrum
766 740 874 767 malum
890 739 925 767 sit
940 740 1055 777 proprie
1070 740 1210 769 motivum
1229 741 1266 769 ad

660 778 886 807 misericordiam
895 801 1263 808 .............

555 827 576 846 11
639 819 742 846 Utrum
773 819 899 847 defectus
934 819 969 847 sit
1000 819 1073 848 ratio
1110 820 1263 849 miserendi

661 867 693 886 ex
714 864 795 894 parte
821 858 981 887 miserentis
985 881 1262 888 ..........

561 905 593 925 111
639 898 742 925 Utrum
764 897 960 927 misericordia
982 898 1017 926 sit
1037 898 1126 927 virtus
1134 921 1262 928 .....

561 945 591 965 1v
641 938 743 965 Utrum
772 937 967 967 misen‘cordia
995 938 1031 966 sit
1059 939 1184 968 maxima
1208 939 1264 968 vir—

660 983 753 1005 tutum
769 999 1261 1007 .................

643 1063 835 1097 QUAESTIO
856 1063 1184 1092 TRIGESIMAPRIMA

759 1116 808 1145 De
827 1116 1062 1147 beneficentia.

382 1199 544 1220 ARTtCULus
564 1201 576 1220 1
641 1193 743 1220 Utrum
765 1193 952 1222 beneficentia
973 1193 1009 1222 sit
1029 1201 1109 1222 actus
1128 1194 1262 1222 caritatis.

559 1240 581 1259 11
639 1232 742 1259 Utrum
763 1232 799 1260 sit
820 1232 955 1261 omnibus
981 1233 1229 1262 benefaciendum.
1253 1255 1260 1262 .

559 1280 592 1299 111
638 1272 741 1299 Utrum
756 1272 791 1299 sit
805 1272 896 1309 magis
906 1273 1143 1302 benefaciendum
1158 1273 1202 1302 his
1213 1273 1263 1310 qui

660 1317 726 1338 sunt
747 1311 831 1339 nobis
853 1312 943 1349 magis
965 1313 1112 1341 coniuncti
1134 1335 1262 1342 .....

558 1358 589 1378 1v
639 1351 741 1378 Utrum
756 1350 944 1380 beneficentia
962 1352 998 1380 sit
1011 1352 1100 1381 virtus
1121 1353 1260 1390 specialis.

609 1436 803 1470 QUAESTIO
824 1437 1211 1467 TRIGESIMASECUNDA

755 1491 805 1520 De
826 1492 1060 1529 eleemosyna.

381 1576 543 1596 mucuns
557 1575 569 1595 1
641 1568 743 1596 Utrum
774 1569 843 1597 dare
874 1570 1088 1607 eleemosynam
1118 1571 1155 1599 sit
1181 1578 1261 1600 actus

658 1607 781 1636 caritatis
797 1630 1259 1639 ................

462 1658 476 1673 »
558 1655 580 1674 11
637 1647 739 1675 Utrum
775 1649 979 1677 convenienter
1011 1650 1262 1687 eleemosynarum

656 1695 762 1723 genera
783 1688 994 1725 distinguantur
1011 1711 1259 1719 .........

557 1733 590 1753 m
636 1726 739 1754 Utrum
773 1727 973 1764 eleemosynae
1004 1730 1170 1765 corporales
1204 1730 1261 1758 sint

657 1765 786 1802 potiores
806 1776 894 1804 quam
916 1768 1077 1804 spirituales
1100 1790 1258 1798 ......

461 1815 475 1830 »
556 1813 587 1832 tv
638 1805 740 1833 Utrum
750 1806 950 1843 eleemosynae
960 1809 1125 1844 corporales
1136 1809 1261 1837 habeant

656 1844 788 1873 effectum
813 1846 988 1883 spiritualem
1011 1870 1258 1877 .........

461 1895 475 1910 a»
556 1891 576 1911 v
637 1885 739 1913 Utrum
761 1886 829 1914 dare
850 1887 1064 1924 eleemosynam
1083 1887 1120 1916 sit
1133 1887 1162 1916 in
1176 1898 1259 1925 prae-

657 1931 740 1961 cepto
767 1947 1259 1957 .................

461 1974 474 1989 »
556 1971 587 1991 v1
637 1964 740 1992 Utrum
771 1965 874 2002 aliquis
901 1967 1005 1995 debeat
1036 1968 1105 1996 dare
1134 1967 1260 1997 eleemo-

655 2013 757 2040 synam
778 2005 814 2032 de
834 2006 996 2035 necessario
1010 2028 1258 2036 .........

557 2050 599 2070 vn
638 2043 740 2071 Utrum
778 2045 870 2080 possit
903 2045 965 2074 fleri
1003 2047 1188 2084 eleemosyna
1222 2049 1260 2076 de

657 2082 760 2111 iniuste
781 2085 927 2121 acquisitis
948 2107 1257 2115 ...........

556 2130 607 2150 vm
638 2123 741 2150 Utrum
754 2123 801 2151 ille
816 2125 865 2161 qui
879 2131 923 2153 est
936 2125 967 2153 in
980 2132 1122 2162 potestate
1142 2126 1259 2155 alterius

654 2162 824 2192 constitutus
835 2165 927 2209 possit
934 2165 1148 2203 eleemosynam
1155 2166 1257 2195 facere.

555 2209 586 2229 tx
636 2202 739 2230 Utrum
754 2203 790 2231 sit
808 2204 899 2241 magis
913 2205 1170 2243 propinquioribus
1184 2207 1258 2235 elee-

655 2251 778 2278 mosyna
798 2243 928 2273 facienda
950 2266 1257 2275 ...........

459 2291 474 2305 »
555 2288 576 2308 x
636 2282 739 2310 Utrum
760 2283 945 2321 eleemosyna
965 2285 1001 2312 sit
1019 2286 1200 2314 abundanter
1218 2286 1259 2314 fa-

655 2321 756 2350 cienda
768 2344 1259 2354 .................

618 2397 810 2435 QUAESTIO
839 2402 1188 2432 TRIGESIMATERTIA

674 2455 723 2484 De
744 2457 960 2487 correctione
981 2458 1145 2487 fraterna.

377 2533 540 2554 Ait-ncums
553 2534 564 2553 1
634 2526 735 2553 Utrum
770 2526 895 2555 staterna
928 2528 1069 2556 correctio
1107 2529 1143 2557 sit
1177 2536 1257 2558 actus

653 2565 776 2594 caritatis
795 2588 1256 2598 ................

458 2616 472 2631 »
554 2613 576 2633 11
633 2605 736 2633 Utrum
757 2606 897 2634 correctio
918 2607 1041 2636 fraterna
1068 2608 1104 2636 sit
1125 2608 1154 2637 in
1175 2618 1257 2646 prae-

655 2651 737 2681 cepto
763 2667 1256 2678 .................

458 2695 472 2710 »
554 2692 586 2712 m
631 2685 734 2712 Utrum
749 2685 889 2714 correctio
909 2686 1034 2716 fraterna
1054 2689 1195 2724 pertineat
1209 2698 1257 2717 so-

653 2724 713 2752 lum
735 2726 772 2753 ad
792 2726 935 2762 praelatos
948 2749 1255 2757 ...........

554 2771 585 2791 1v
634 2764 735 2792 Utrum
751 2765 854 2802 aliquis
874 2772 1005 2795 teneatur
1019 2768 1160 2805 corrigere
1174 2778 1256 2805 prae-

653 2804 744 2832 latum
765 2814 850 2833 suum
853 2827 1255 2837 ..............

459 2853 473 2868 :v
553 2851 574 2870 v
633 2844 735 2872 Utrum
761 2851 895 2881 peccator
915 2846 1019 2875 debeat
1043 2847 1185 2885 corrigere
1206 2849 1256 2877 de-

654 2883 833 2920 linquentem
855 2907 1255 2916 ..............

554 2930 585 2951 v1
634 2924 736 2952 Utrum
767 2924 871 2962 aliquis
901 2925 1004 2954 debeat
1034 2936 1052 2954 a
1078 2927 1257 2956 correctione

653 2971 763 2992 cessare
788 2970 906 3001 propter
926 2964 1062 2994 timorem
1082 2975 1119 2995 ne
1141 2967 1186 2996 ille
1208 2967 1257 2996 fiat

654 3003 779 3031 deterior
793 3025 1255 3036 ................

459 3051 473 3066 »
554 3048 596 3069 vn
633 3042 734 3070 Utrum
757 3042 787 3071 in
807 3043 984 3073 correctione
1002 3045 1127 3075 fraterna
1142 3047 1254 3083 debeat,

654 3090 687 3109 ex
698 3082 866 3112 necessitate
877 3084 1030 3121 praecepti,
1040 3086 1202 3115 admonitio
1213 3096 1258 3115 se-

656 3128 731 3150 creta
751 3124 922 3158 praecedere
946 3125 1196 3155 denuntiationem
1219 3148 1225 3155 .
1248 3148 1255 3154 .

458 3170 472 3185 »
554 3166 606 3188 vm
634 3160 737 3189 Utrum
758 3162 872 3190 testium
897 3163 1025 3193 inductio
1048 3165 1151 3194 debeat
1175 3175 1257 3202 prae·

655 3201 755 3228 cedere
776 3202 920 3238 publicam
941 3204 1189 3234 denuntiationem
1218 3228 1224 3234 .
1248 3227 1254 3234 .

616 3273 809 3308 QUAESTIO
829 3275 1195 3312 TRIGESIMAQUARTA

823 3330 872 3359 De
894 3330 984 3360 odio·

377 3405 541 3426 ARthths
554 3406 565 3426 1
634 3399 739 3427 Utrum
759 3399 862 3437 aliquis
887 3400 978 3436 possit
999 3401 1093 3430 Deum
1114 3402 1183 3431 odio
1204 3403 1255 3451 ha-

655 3439 721 3467 bere
737 3461 1253 3472 ..................

555 3486 577 3505 11
637 3479 739 3506 Utrum
760 3478 862 3508 odium
882 3479 936 3508 Dei
957 3479 993 3508 sit
1014 3481 1171 3510 maximum
1189 3491 1255 3518 pec-

656 3525 786 3546 catorum
794 3540 1254 3551 ................

1392 170 1556 208 INDEX

1390 373 1446 400 236
1472 300 1475 406 i

1390 413 1446 448 237

1330 502 1344 516 »
1388 491 1444 518 238

1408 531 1445 558 ιδ.

1329 793 1342 806 »
1386 789 1443 816 240

1327 872 1341 886 »
1386 868 1437 895 241

1327 912 1341 926 »
1386 908 1441 935 242

1327 991 1341 1005 ›>
1385 981 1439 1015 243

1385 1195 1439 1229 245

1326 1245 1340 1259 »
1384 1235 1441 1269 246

1403 1291 1444 1341 ib..

1325 1364 1338 1378 »
1383 1353 1439 1388 248

1325 1624 1339 1638 ›>
1382 1621 1439 1650 249

1382 1693 1439 1720 250

1381 1772 1438 1799 252

1323 1861 1337 1875 ιο
1381 1851 1436 1878 253

1400 1929 1437 1958 ib.

1322 2020 1336 2034 »
1380 2009 1435 2036 255

1322 2099 1336 2113 »
1380 2089 1436 2116 256

1322 2178 1336 2192 x.
1380 2168 1436 2196 258

1322 2257 1336 2271 »
1380 2247 1437 2283 259

1381 2327 1438 2354 260

1321 2582 1335 2596 »
1379 2572 1436 2599 262

1379 2651 1434 2679 263

1320 2741 1334 2755 »
1378 2731 1433 2759 265

1320 2820 1334 2834 »
1378 2811 1434 2838 266

1378 2890 1434 2926 267

1319 3019 1333 3033 2
1377 3009 1433 3036 268

1320 3138 1334 3152 »
1378 3128 1434 3164 269

1319 3218 1333 3232 ²>
1378 3214 1430 3243 27¹

1377 3445 1431 3481 273

1319 3534 1333 3548 ›>
1376 3531 1434 3559 274

1472 247 1476 299 1
1504 255 1666 277 aaneuws
1682 257 1714 277 111
1762 250 1864 278 Utrum
1886 259 1974 279 omne
1995 251 2096 279 odium
2117 253 2243 288 proximi
2261 253 2298 282 sit
2318 263 2384 290 pec-

1780 295 1876 317 catum
1893 310 2380 322 .................
2408 303 2483 333 pag.
2505 302 2561 332 277

1680 336 1710 355 1v
1759 329 1863 356 Utrum
1877 329 1978 358 odium
1994 330 2117 366 proximi
2135 330 2171 359 sit
2184 331 2384 368 gravissimum

1779 375 1964 404 peccatorum
1979 379 2052 406 quae
2066 370 2096 398 in
2117 370 2281 406 proximum
2302 381 2383 400 com-

1780 407 1933 437 mittuntur
1943 429 2379 440 ...............

1583 456 1597 471 »
1680 454 1700 474 ν
1759 448 1862 476 Utrum
1883 447 1984 476 odium
2005 448 2041 476 sit
2062 448 2161 478 vitium
2183 450 2322 486 capitale.
2346 472 2352 478 .
2376 472 2383 479 .

1679 494 1709 513 Vl
1760 487 1862 515 Utrum
1884 487 1986 516 odium
2007 488 2117 517 oriatur
2137 498 2171 518 ex
2191 489 2299 518 invidia
2314 512 2321 518 .
2344 511 2351 518 .
2374 511 2381 518 .

1748 567 1940 601 QUAESTIO
1961 569 2315 604 TRIGESIMAQUINTA

1930 623 1980 652 De
2000 622 2130 653 acedia.

1503 700 1666 721 mucuns
1681 701 1692 721 1
1762 694 1865 722 Utrum
1886 695 1986 724 acedia
2006 681 2042 723 sit
2062 702 2211 732 peccatum
2222 717 2379 725 ......

1678 741 1700 760 11
1759 734 1861 761 Utrum
1883 734 1983 762 acedia
2003 734 2039 763 sit
2060 735 2183 771 speciale
2203 735 2319 764 vitium.
2344 757 2351 763 .
2375 758 2381 764 .

1678 781 1711 800 m
1759 773 1863 802 Utrum
1883 774 1983 802 acedia
2003 774 2039 803 sit
2058 781 2209 811 peccatum
2231 775 2353 804 mortale
2372 797 2379 804 .

1678 820 1709 840 1v
1758 813 1862 841 Utrum
1883 814 1983 842 acedia
1997 814 2100 843 debeat
2119 815 2191 851 poni
2211 815 2313 843 vitium
2334 824 2382 844 ca-

1777 852 1863 889 pitale
1885 875 2379 884 .................

1755 933 1949 967 QUAESTIO
1970 934 2303 963 TRIGESIMASEXTA

1921 993 1971 1023 De
1991 993 2130 1024 invidia.

1497 1070 1661 1092 amamus
1674 1071 1686 1091 1
1758 1064 1860 1091 Utrum
1882 1063 1988 1093 invidia
2009 1064 2045 1093 sit
2065 1065 2178 1095 tristitia
2190 1088 2379 1095 .......

1675 1111 1698 1130 11
1756 1103 1861 1131 Utrum
1881 1103 1989 1132 invidia
2009 1103 2046 1132 sit
2065 1112 2215 1141 peccatum
2223 1128 2379 1135 ......

1578 1153 1593 1167 »
1674 1150 1707 1170 111
1755 1143 1858 1170 Utrum
1886 1142 1994 1171 invidia
2015 1144 2051 1172 sit
2070 1151 2221 1181 peccatum
2248 1146 2378 1175 mortale.

1675 1189 1705 1209 1v
1755 1183 1858 1210 Utrum
1880 1181 1988 1212 invidia
2008 1183 2044 1211 sit
2063 1184 2166 1213 vitium
2183 1184 2313 1222 capitale.
2338 1207 2345 1214 .
2369 1207 2376 1214 .

1733 1261 1926 1296 QUAESTIO
1947 1262 2320 1292 TRIGESIMASEPTIMA

1899 1314 1948 1344 De
1970 1313 2153 1345 discordia.

1495 1393 1659 1414 Aancuzus
1672 1393 1683 1413 1
1753 1385 1856 1413 Utrum
1878 1385 2022 1414 discordia
2050 1387 2086 1415 sit
2105 1393 2256 1423 peccatum
2278 1409 2285 1416 .
2308 1410 2314 1416 .
2338 1410 2345 1416 .
2369 1409 2376 1416 .

1577 1437 1592 1451 >v
1674 1433 1696 1453 11
1755 1426 1858 1453 Utrum
1871 1425 2016 1454 discordia
2030 1427 2066 1455 sit
2079 1426 2138 1456 filia
2151 1427 2245 1456 inanis
2259 1427 2377 1464 gloriae.

1730 1478 1924 1532 QUAESTIO
1951 1498 2319 1528 TRIGESIMAOCTAVA

1878 1553 1928 1582 De
1948 1553 2178 1583 contentione.

1493 1635 1657 1656 Altncums
1670 1637 1682 1656 x
1750 1629 1854 1657 Utrum
1868 1629 2016 1658 contentio
2031 1629 2067 1658 sit
2077 1637 2228 1666 peccatum
2242 1632 2375 1660 mortale.

1576 1679 1590 1694 »
1672 1675 1694 1696 11
1753 1669 1856 1697 Utrum
1870 1669 2019 1697 contentio
2034 1669 2070 1697 sit
2083 1670 2142 1698 filia
2154 1670 2249 1699 inanis
2257 1671 2375 1708 gloriae.

1761 1743 1954 1777 QUAESTIO
1975 1744 2290 1774 TRIGESIMANONA

1884 1797 1934 1827 De
1955 1798 2158 1829 schismate.

1492 1875 1655 1896 anneuws
1669 1875 1680 1895 1
1750 1867 1854 1895 Utrum
1874 1867 1999 1896 schisma
2020 1868 2056 1896 sit
2068 1874 2219 1905 peccatum
2240 1870 2374 1907 speciale.

1574 1919 1589 1934 »
1671 1915 1692 1935 11
1751 1908 1854 1935 Utrum
1875 1907 2000 1936 schisma
2027 1908 2063 1936 sit
2083 1909 2197 1946 gravius
2223 1917 2376 1946 peccatum

1748 1953 1750 1956 ’
1772 1956 1860 1984 quam
1887 1946 2040 1976 infidelitas
2063 1969 2373 1980 ...........

1575 1997 1589 2012 »
1671 1994 1703 2014 111
1751 1987 1855 2015 Utrum
1887 1987 2061 2016 schismatici
2088 1988 2215 2017 habeant
2246 1989 2374 2027 aliquam

1770 2033 1942 2063 potestatem
1968 2049 2374 2059 ..............

1670 2073 1701 2094 1v
1750 2067 1853 2112 Utrum
1875 2066 1911 2095 sit
1929 2067 2103 2096 conveniens
2123 2077 2220 2114 poena
2237 2069 2375 2099 schisma-

1769 2113 1894 2135 tlcorum
1917 2113 1949 2135 ut
1969 2114 2257 2138 excommunicentur
2277 2131 2285 2138 .
2307 2131 2315 2138 .
2338 2131 2345 2138 .
2368 2131 2375 2138 .

1766 2184 1959 2219 QUAESTIO
1982 2185 2284 2220 QUADRAGESIMA

1937 2239 1988 2268 De
2006 2240 2106 2269 bello.

1491 2311 1655 2333 sanctinus
1668 2312 1679 2333 1
1750 2305 1854 2333 Utrum
1881 2304 1988 2333 bellare
2015 2313 2131 2342 semper
2146 2305 2186 2334 sit
2204 2312 2373 2347 peccatum.

1573 2355 1588 2370 »
1669 2351 1692 2372 11
1751 2345 1855 2372 Utrum
1875 2343 1986 2372 clericis
2007 2350 2034 2372 et
2049 2344 2193 2382 episcopis
2212 2345 2248 2374 sit
2265 2345 2375 2375 licitum

1669 2430 1702 2450 m
1751 2392 2373 2454 nffiffi‘it·1205..;..;2}2·b.11·..·„·„·„;.1211;.:

1574 2473 1589 2488 »
1670 2470 1701 2490 1v
1750 2463 1854 2491 Utrum
1878 2462 1909 2491 in
1929 2463 2031 2492 diebus
2051 2463 2130 2493 festis
2153 2465 2238 2494 liceat
2257 2466 2373 2495 bellare.

1708 2536 1902 2572 QUAESTIO
1923 2537 2344 2573 QUADRAGESIMAPRIMA
2399 2540 2402 2545 ’

1942 2591 1992 2622 De
2012 2592 2100 2623 rixa.

1490 2668 1654 2690 Aancuws
1668 2669 1680 2689 1
1749 2661 1852 2689 Utrum
1873 2659 1934 2691 rixa
1947 2651 2075 2699 ⁴semper
2094 2661 2131 2691 sit
2150 2669 2311 2700 peccatum.
2334 2685 2341 2692 .
2365 2686 2371 2693 .

1669 2709 1691 2729 n
1751 2701 1852 2729 Utrum
1874 2700 1934 2731 rIxa
1955 2701 1991 2730 sit
2010 2701 2069 2730 filia
2091 2701 2152 2731 irae
2153 2724 2372 2733 ........

1671 2773 1864 2809 QUAESTIO
1886 2774 2368 2809 QUADRAGESIMASECUNDA

1896 2827 1946 2857 De
1967 2827 2146 2858 seditione.

1488 2906 1653 2932 Anncums
1667 2907 1678 2927 1
1748 2898 1851 2928 Utrum
1879 2898 1982 2928 seditio
2009 2899 2046 2928 sit
2072 2899 2195 2937 speciale
2219 2907 2372 2938 peccatum

1557 2947 1560 2950 ⁴
1767 2939 1803 2967 ab
1824 2938 1887 2968 aliis
1908 2938 2074 2968 distinctum
2091 2961 2371 2970 ..........

1572 2989 1586 3004 »
1668 2986 1690 3006 n
1749 2979 1852 3007 Utrum
1884 2978 1986 3008 seditio
2019 2989 2133 3017 semper
2159 2979 2195 3008 sit
2220 2987 2373 3018 peccatum

1767 3018 1888 3047 mortale
1908 3040 2371 3050 ................

1691 3091 1883 3125 QUAESTIO
1906 3091 2351 3127 QUADRAGESIMATERTIA

1895 3145 1946 3175 De
1966 3145 2143 3177 scandalo.

1488 3216 1652 3238 ARTICULUS
1666 3217 1677 3237 1
1748 3210 1851 3237 Utrum
1878 3210 2048 3239 scandalum
2075 3210 2280 3240 convenienter
2300 3212 2371 3240 defi-

1767 3248 1863 3277 niatur
1883 3250 1964 3287 quod
1985 3247 2028 3279 est
2055 3250 2163 3279 dictum
2190 3251 2238 3280 vel
2253 3252 2372 3299 sactum

1767 3289 1864 3317 minus
1890 3295 2000 3318 rectum
2022 3291 2170 3328 praebens
2190 3291 2369 3320 occasionem

1766 3328 1870 3358 ruinae
1872 3349 2369 3360 .................

1571 3378 1584 3393 »
1666 3376 1688 3396 11
1747 3368 1850 3396 Utrum
1872 3368 2040 3398 scandalum
2062 3369 2098 3398 sit
2120 3376 2279 3408 peccatum.
2302 3393 2309 3400 .
2333 3393 2339 3400 .
2363 3393 2370 3400 .

1571 3418 1585 3432 »
1667 3415 1700 3435 111
1748 3408 1850 3436 Utrum
1859 3408 2027 3438 scandalum
2036 3408 2072 3437 sit
2080 3409 2203 3446 speciale
2210 3417 2370 3447 peccatum.

1570 3457 1584 3471 »
1666 3455 1697 3474 xv
1747 3448 1850 3476 Utrum
1857 3449 2023 3478 scandalum
2034 3449 2071 3478 sit
2079 3456 2230 3487 peccatum
2237 3451 2368 3480 mortale.

1570 3496 1584 3511 »
1667 3494 1687 3513 v
1746 3487 1849 3516 Utrum
1888 3489 2056 3518 scandalum
2095 3489 2242 3527 passivum
2277 3490 2372 3527 possit

1747 3526 1852 3556 etiam
1873 3527 1903 3556 in
1923 3528 2065 3565 perfectos
2087 3530 2189 3558 cadere
2209 3550 2368 3560 ......

2521 412 2561 441 ib.

2504 452 2562 480 280

2504 491 2561 519 282

2502 698 2559 726 285

2503 737 2560 765 286

2502 777 2560 813 287

2521 854 2560 883 ib.

2502 1075 2560 1104 290

2502 1108 2557 1144 293

2501 1148 2558 1184 296

2501 1187 2558 1223 298

2501 1390 2558 1418 300

2501 1429 2552 1457 301

2498 1626 2554 1662 30²³

2500 1673 2557 1709 304
