2892 4056
100 643 308 671 ‘Qu-xxvi,m.9.

99 767 107 775 ·
121 765 189 787 Vera.
205 771 238 792 ¹4-

97 957 108 969 ⁸
120 956 178 985 Cup.
193 963 276 980 xxviii.

1011 135 1276 182 QUAESTIO
1307 135 1450 182 XXXI,
1479 135 1774 173 ARTmULUs
1804 137 1853 172 111

2444 148 2517 185 247

340 227 457 263 quam
496 215 822 262 consanguineum
864 216 1027 251 hostem.
1072 215 1173 262 Ergo
1218 213 1405 251 beneficia
1457 214 1624 262 paribus,
1654 215 1980 251 benefaciendum.
2012 214 2051 251 Si
2081 222 2207 251 autem
2237 215 2401 251 duorum
2422 227 2520 251 unus

339 280 417 304 non
446 275 533 304 sunt
560 268 680 315 magis
710 268 925 305 exhibenda
953 267 1073 315 magis
1103 267 1322 304 coniunctis.

1458 267 1504 303 sit
1531 268 1651 315 magis
1672 268 1895 304 coniunctus
1925 275 1960 304 et
1988 268 2080 304 alter
2099 267 2218 315 magis
2238 267 2421 314 indigens,
2442 280 2519 304 non

393 322 428 357 3.
457 322 701 367 PRAETEREA,
744 321 849 369 prius
886 328 973 358 sunt
1010 321 1136 358 debita
1174 320 1404 357 restituenda
1456 327 1581 368 potest
1599 321 1802 358 universali
1817 321 1947 368 regula
1966 318 2236 358 determinari<
2256 319 2316 356 cui
2336 320 2382 357 sit
2400 321 2520 368 magis

338 384 455 421 quam
484 373 643 421 gratuita
672 374 858 410 beneficia
887 373 1156 422 impendenda.
1194 373 1271 410 Sed
1300 373 1403 410 debi-

335 433 417 462 tum
447 433 502 462 est
534 427 640 474 quod
669 427 803 475 aliquis
831 427 1029 475 impendat
1055 425 1286 463 beneficium
1316 426 1350 463 ei
1379 439 1401 463 a

336 491 412 528 quo
441 479 597 528 accepit.
634 480 736 527 Ergo
768 478 1074 517 benefactoribus
1101 478 1222 526 magis
1251 486 1307 515 est
1334 480 1399 516 be-

335 531 601 568 nefaciendum
631 545 747 580 quarn
776 531 1014 581 propinquis.

385 596 422 630 4.
454 585 695 632 PRAETEREA,
730 585 851 633 magis
883 592 970 621 sunt
1006 583 1186 631 diligendi
1222 593 1398 632 parentes

333 647 451 684 quam
479 637 558 684 filii,
587 646 629 675 ut
656 639 806 687 supra*
835 637 978 674 dictum
999 644 1066 674 est.
1097 637 1173 674 Sed
1203 638 1323 685 magis
1343 646 1399 675 est

333 689 652 728 benefaciendum
682 691 787 727 filiis:
815 690 904 738 quia
923 702 998 726 non
1018 690 1152 726 debent
1155 690 1237 738 filii
1252 692 1398 727 thesau-

332 743 456 791 rizare
486 744 707 792 parentibus
732 747 763 790 Υ,
801 751 842 780 ut
878 743 1014 780 dicitur
1042 744 1074 780 ΙΙ
1103 743 1155 780 ad
1185 744 1271 780 Cor.
1297 756 1345 780 xn
1365 744 1396 781 *.

332 795 435 842 Ergo
464 809 542 833 non
571 805 626 833 est
654 796 774 844 magis
807 795 1126 833 benefaciendum
1159 797 1279 843 magis
1307 809 1397 833 con-

334 847 484 886 iunctis.

389 902 464 938 SED
493 913 639 938 CONTRA
666 912 733 937 EST
770 900 876 948 quod
904 900 1140 948 Augustinus
1178 900 1287 948 dicit,
1317 901 1355 937 in
1385 902 1398 936 Ι

334 956 380 992 de
406 956 516 992 Doct.
551 954 686 990 Christ.
707 953 742 989 *t
782 954 876 990 Cum
905 954 1079 990 omnihus
1108 954 1291 1002 prodesse
1323 966 1398 989 non

325 1010 467 1059 possis,
496 1007 554 1044 his
577 1006 813 1054 potissimum
841 1007 1111 1044 consulendum
1140 1012 1194 1043 est
1220 1007 1294 1055 qui,
1324 1017 1397 1054 pro

330 1063 505 1099 locorum·
530 1065 568 1096 et
591 1065 802 1107 temporum
829 1060 890 1096 vel
916 1060 1170 1108 quarumlibet
1186 1071 1314 1096 rerum
1335 1070 1399 1108 op-

326 1114 631 1164 portunitatihus,
647 1113 880 1151 constrictius
895 1113 971 1159 tibi,
987 1114 1097 1162 quasi
1109 1113 1274 1161 quadam
1288 1118 1400 1159 sorte,

331 1168 556 1217 iunguntur.

339 1263 350 1266 ⁷.
384 1222 613 1258 RESPONDEO
640 1231 826 1257 DICENDUM
855 1219 960 1268 quod
988 1219 1106 1268 gratia
1125 1226 1162 1256 et
1179 1218 1299 1256 virtus
1318 1219 1401 1255 imi-

330 1280 457 1321 tantur
469 1280 642 1320 >naturae
662 1272 848 1319 ordinem,
878 1272 943 1321 qui
963 1280 1019 1308 est
1038 1284 1083 1308 ex
1104 1271 1232 1309 divina
1251 1272 1402 1321 sapien-

324 1321 618 1365 *iiff‘sfistitutua
653 1326 723 1362 Est
754 1333 883 1362 autem
917 1325 1000 1362 talis
1034 1325 1131 1362 ordo
1165 1332 1322 1362 naturae
1360 1332 1402 1362 ut

330 1379 637 1427 unumquodque
675 1390 792 1426 agens
825 1379 996 1415 naturale
1033 1390 1101 1426 per
1137 1378 1243 1426 prius
1278 1378 1400 1425 magis

332 1431 522 1471 diffundat
557 1443 668 1468 suam
702 1430 894 1468 actionem
929 1431 978 1467 ad
1011 1442 1057 1466 ea
1089 1442 1189 1478 quae
1217 1438 1305 1467 sunt
1331 1430 1401 1467 sibi

329 1483 606 1535 propinquiora
624 1481 654 1520 ⁶:
693 1483 790 1520 sicut
826 1482 921 1530 ignis
959 1482 1080 1530 magis
1118 1482 1287 1519 calefacit
1318 1495 1400 1520 rem

329 1530 402 1575 Sibi
421 1537 542 1585 magis
565 1535 833 1584 propinquam.
863 1535 913 1572 Et
941 1535 1110 1573 similiter
1128 1536 1235 1572 Deus
1255 1535 1293 1572 in
1313 1536 1403 1572 sub-

328 1589 483 1633 stantias
502 1589 574 1628 sibi
591 1589 885 1639 propinquiores
911 1601 982 1638 per
1008 1588 1113 1638 prius
1142 1596 1179 1625 et
1206 1588 1401 1637 copiosius

329 1642 433 1695 dona
460 1654 552 1680 suae
571 1641 749 1679 bonitatis
778 1641 955 1680 diffundit
973 1647 1004 1688 ⁸;
1033 1649 1075 1679 ut
1093 1649 1198 1690 patet
1215 1654 1284 1690 per
1308 1642 1401 1679 Dio-

327 1694 496 1753 nysium,
520 1707 557 1732 ιν
579 1707 663 1744 cap.
691 1695 792 1732 Cael.
811 1695 924 1733 Ilier.
953 1694 1146 1732 Exhibitio
1176 1702 1306 1732 autem
1335 1695 1399 1732 be-

327 1748 557 1787 neficiorum
591 1755 648 1785 est
679 1748 870 1798 quaedam
899 1748 996 1786 actio
1027 1748 1189 1786 caritatis
1220 1748 1259 1785 in
1291 1748 1398 1786 alios.

327 1802 379 1843 Et
404 1802 492 1840 ideo
513 1808 664 1852 oportet
682 1803 788 1851 quod
807 1802 857 1840 ad
876 1802 999 1850 magis
1018 1802 1259 1851 propinquos
1280 1802 1400 1839 simus

329 1855 452 1904 magis
478 1854 656 1893 benefici.

361 1905 364 1909 ’
382 1905 462 1946 Sed
479 1907 743 1957 propinquitas
757 1907 870 1944 unius
889 1907 1055 1944 hominis
1070 1907 1120 1945 ad
1138 1907 1255 1944 alium
1273 1915 1402 1956 potest

326 1958 471 2009 attendi
499 1962 712 2007 secundum
742 1960 894 1998 diversa
929 1960 968 1998 in
997 1960 1139 2009 quibus
1168 1960 1240 1997 sibi
1267 1961 1316 1998 ad
1343 1961 1400 1998 in-

325 2005 455 2062 vicem
489 2014 668 2053 homines
703 2014 1012 2051 communicant:
1049 2021 1092 2051 ut
1127 2014 1400 2062 consanguinei

326 2064 490 2110 naturali
513 2066 877 2114 communicatiOne,
907 2067 1086 2104 concives
1105 2066 1145 2104 in
1165 2067 1276 2115 civili,
1306 2067 1399 2105 fide-

323 2116 384 2177 ἦρέ,
402 2119 442 2159 in
461 2119 656 2169 spirituali,
686 2127 722 2157 et
750 2120 804 2157 sic
833 2120 880 2157 de
900 2119 994 2156 aliis.
1023 2120 1073 2157 Et
1101 2120 1315 2158 secundum
1346 2120 1400 2157 di-

323 2171 456 2218 versas
489 2172 779 2217 coniunctiones
816 2180 904 2210 sunt
945 2172 1203 2210 diversimode
1247 2173 1399 2211 diversa

326 2223 517 2278 beneficia
542 2225 821 2278 dispensanda:
850 2239 942 2264 nam
961 2226 1165 2276 unicuique
1194 2233 1251 2263 est
1279 2227 1399 2275 magis

327 2278 587 2316 exhibendum
616 2279 849 2316 beneficium
883 2280 1077 2328 pertinens
1106 2279 1154 2317 ad
1181 2279 1286 2316 illam
1314 2292 1397 2318 rem

326 2332 543 2369 secundum
567 2344 685 2380 quam
705 2339 761 2369 est
778 2332 900 2380 magis
919 2332 1031 2370 nobis
1050 2333 1289 2380 coniunctus,
1310 2333 1399 2370 sim-

324 2385 473 2434 pliciter
499 2385 708 2434 loquendo.
738 2385 891 2422 Tamen
917 2385 994 2422 hoc
1020 2393 1147 2434 potest
1173 2386 1315 2423 variari
1341 2399 1398 2423 se-

327 2438 499 2475 cundum
534 2438 794 2475 diversitatem
828 2437 1002 2475 locorum
1035 2446 1073 2475 et
1103 2446 1326 2487 temporum
1360 2447 1399 2476 et

327 2491 590 2539 negotiorum:
621 2503 712 2527 narn
740 2491 778 2528 in
807 2491 936 2539 aliquo
957 2503 1048 2527 casu
1077 2499 1133 2528 est
1159 2491 1280 2539 magis
1309 2493 1397 2529 sub-

325 2543 563 2582 veniendum
593 2551 785 2591 extraneo,
815 2551 907 2592 puta
935 2544 966 2580 si
993 2544 1040 2581 sit
1066 2544 1104 2580 in
1134 2551 1303 2581 extrema
1331 2557 1397 2581 ne-

326 2597 511 2644 cessitate,
541 2609 660 2645 quam
688 2597 802 2634 etiam
831 2597 927 2645 patri
956 2609 1034 2634 non
1062 2604 1206 2634 tantam
1234 2597 1397 2635 necessi-

325 2658 444 2688 tatem
473 2650 640 2699 patienti.

378 2705 437 2740 An
462 2715 600 2740 ramum
620 2714 718 2739 ERGO
747 2714 932 2739 mCENDUM
962 2703 1068 2751 quod
1096 2703 1287 2740 Dominus
1316 2716 1396 2740 non

323 2757 503 2805 prohibet
535 2756 755 2805 simpliciter
780 2768 922 2792 vocare
955 2756 1100 2793 amicos
1138 2765 1201 2793 aut
1235 2769 1396 2794 consan-

324 2810 486 2857 guineos
514 2809 564 2846 ad
591 2809 832 2846 convivium:
862 2810 928 2846 sed
957 2822 1099 2846 vocare
1119 2822 1187 2846 eos
1212 2822 1256 2846 ea
1275 2810 1395 2847 inten-

324 2862 428 2899 tione
456 2863 563 2911 quod
589 2868 624 2898 te
651 2863 723 2910 ipsi
748 2863 953 2899 reinvitent.
998 2863 1084 2899 Hoc
1105 2863 1206 2899 enim
1228 2875 1307 2900 non
1326 2863 1396 2901 erit

326 2914 501 2962 caritatis,
529 2915 598 2952 sed
626 2915 848 2963 cupiditatis.
878 2916 1010 2952 Potest
1027 2923 1155 2952 tamen
1176 2916 1396 2964 contingere

327 2967 434 3015 quod
454 2967 620 3004 extranei
640 2968 715 3004 sint
733 2968 854 3015 magis
872 2968 1058 3005 invitandi
1082 2969 1121 3005 in
1141 2969 1270 3017 aliquo
1291 2981 1396 3018 casu,

325 3028 482 3069 propter
509 3020 698 3057 maiorem
725 3020 986 3068 indigentiam.
1021 3022 1312 3069 Intelligendum
1340 3031 1396 3061 est

328 3073 429 3110 enim
463 3073 568 3122 quod
600 3073 720 3120 magis
749 3073 960 3110 coniunctis
994 3076 1115 3122 magis
1150 3083 1225 3122 est,
1262 3076 1395 3113 ceteris

379 3173 407 3206 γ)
421 3172 591 3205 parentibus.
608 3186 628 3191 -
645 3172 694 3197 sed
712 3179 726 3197 e
743 3179 871 3198 converso
893 3173 990 3197 addunt
1008 3174 1056 3198 Pa.
1148 3191 1153 3198 ,

379 3207 405 3240 ὃ)
420 3207 628 3240 propinquiora.
645 3221 663 3227 -
677 3208 831 3240 propinqua
849 3207 880 3238 D,
900 3209 987 3241 magis
1002 3209 1156 3241 propinqua
1175 3209 1222 3234 Pa.

379 3243 402 3276 ε)
422 3243 559 3277 diffundit.
576 3257 595 3263 —-
613 3243 749 3276 diffundat
766 3243 1019 3276 ABDEFGleCKn
1038 3249 1064 3268 et
1081 3251 1108 3269 x.

378 3278 404 3311 ζ)
424 3278 608 3303 determinari.
626 3292 644 3297 -
663 3278 797 3304 decreturi
815 3279 856 3303 vel
875 3278 1010 3304 decertari
1026 3279 1160 3309 AEFHIL.
1188 3279 1324 3306 decertari
1341 3282 1391 3313 Kx,
1417 3282 1419 3299 ἴ

327 3313 559 3382 decssrzginzune
570 3350 722 3374 multorum.
732 3363 751 3367 —
760 3356 899 3374 commune
911 3349 994 3374 multo
1004 3350 1021 3379 1,
1035 3350 1179 3375 multorum
1193 3358 1330 3377 commune
1345 3352 1392 3376 Pa.

380 3382 405 3417 Θ)
423 3385 574 3416 spiritualis
597 3385 638 3410 vel
655 3385 820 3416 temporalis.
836 3398 855 3404 -
873 3385 1008 3417 spirituali
1027 3385 1068 3410 vel
1086 3386 1228 3418 temporali
1246 3395 1286 3412 sn.
1305 3400 1322 3405 —
1342 3387 1392 3411 Pro

310 3420 398 3452 >quod
415 3420 513 3452 aliquis
531 3421 620 3450 etiam,
639 3420 721 3445 etiam
739 3420 811 3452 quod
828 3420 925 3452 aliquis
944 3420 990 3444 Pa.

381 3455 400 3487 ι)
420 3456 526 3481 bellicis.
537 3468 558 3475 -
569 3456 646 3480 rebus
666 3456 735 3480 addit
749 3456 766 3487 1,
781 3455 883 3480 actibus
902 3456 1000 3480 addunt
1014 3455 1061 3480 Pa.
1073 3469 1092 3474 -
1105 3456 1155 3480 Pro
1175 3457 1324 3485 ordinetur,
1339 3464 1391 3482 non

327 3490 467 3516 ordinetur
486 3491 647 3524 EFHpAKx,
667 3498 717 3516 non
738 3491 880 3516 ordinetur
898 3491 950 3515 nisi
968 3491 1023 3521 DG,
1043 3491 1187 3516 ordinatur
1206 3492 1236 3516 L.

1456 373 1778 420 subveniendum,
1808 374 1898 421 quia
1926 381 2011 410 sunt
2040 373 2179 410 diversi
2207 373 2346 420 gradus
2370 381 2407 409 et
2426 373 2520 410 indi-

1453 426 1602 473 gentiae
1632 434 1668 462 et
1694 426 2006 475 propinquitatis:
2046 426 2114 463 sed
2146 427 2221 464 hoc
2250 425 2405 474 requirit
2431 439 2519 474 pru-

1455 478 1578 516 dentis
1607 478 1802 516 iudicium.

1505 533 1564 568 An
1584 544 1775 568 SECUNDUM
1795 543 1978 568 DICENDUM
2008 532 2115 579 quod
2144 532 2292 568 bonum
2313 544 2519 568 commune

1453 586 1660 621 multorum
1676 590 1694 612 η
1710 585 1875 622 divinius
1890 592 1947 621 est
1965 597 2082 633 quam
2103 585 2248 621 bonum
2269 585 2382 621 unius
2396 584 2427 621 ²³⁶.
2443 585 2520 622 Un-
2547 614 2557 624 .

1453 637 1500 674 de
1526 649 1598 686 pro
1626 638 1730 674 bono
1755 637 1952 674 communi
1981 637 2210 685 reipublicae
2228 638 2291 674 vel
2319 637 2521 686 spiritualis

1450 691 1512 726 vel
1532 690 1751 740 temporalis
1766 688 1779 711 θ
1799 691 2012 727 virtuosum
2038 698 2094 727 est
2112 691 2219 738 quod
2243 690 2379 738 aliquis
2405 691 2520 728 etiam

1451 743 1646 791 propriam
1671 743 1790 779 vitam
1821 750 1986 791 exponat
2012 743 2194 791 periculo.
2225 744 2274 779 Et
2301 743 2402 792 ideo,
2433 756 2520 781 cum

1452 795 1750 832 communicatio
1779 796 1817 832 in
1846 795 1987 832 bellicis
2006 802 2013 816 ¹
2034 796 2230 833 ordinetur
2250 796 2298 832 ad
2319 809 2521 834 conserva-

1450 849 1595 885 tionem
1617 848 1859 896 reipublicae,
1888 848 1926 884 in
1946 849 2020 884 hoc
2039 849 2148 885 miles
2167 849 2395 896 impendens
2416 863 2520 888 com-

1452 900 1615 937 militoni
1644 900 1838 946 auxilium,
1869 913 1947 936 non
1966 900 2153 948 impendit
2173 902 2206 937 ei
2234 909 2417 950 tanquam
2445 904 2520 953 pri-

1451 960 1563 990 vatae
1589 965 1790 1001 personae,
1812 953 1879 989 sed
1899 953 1994 990 sicut
2022 961 2141 990 totam
2166 956 2442 1003 rempublicam
2467 957 2522 993 iu-

1451 1018 1559 1042 vans.
1594 1006 1644 1042 Et
1676 1005 1763 1042 ideo
1798 1018 1876 1042 non
1906 1013 1962 1042 est
1996 1006 2135 1043 mirum
2170 1007 2200 1042 si
2232 1007 2271 1043 in
2303 1009 2378 1045 hoe
2411 1022 2521 1057 prae-

1452 1059 1568 1095 fertur
1596 1065 1798 1095 extraneus
1827 1058 2030 1095 coniuncto
2060 1060 2271 1096 secundum
2301 1073 2465 1099 carnem.

1532 1113 1590 1148 AD
1619 1123 1779 1148 TERTmM
1808 1123 1992 1148 DlCENDUM
2025 1113 2131 1159 quod
2164 1113 2301 1160 duplex
2333 1123 2389 1151 est
2417 1115 2520 1152 debi-

1451 1172 1546 1202 tum.
1577 1164 1708 1202 Unum
1729 1164 1885 1212 quidem
1907 1165 2012 1213 quod
2032 1177 2111 1202 non
2131 1173 2186 1201 est
2200 1171 2217 1186 ἰ
2236 1169 2520 1205 numerandum

1452 1217 1490 1254 in
1519 1217 1630 1254 bonis
1651 1218 1732 1254 eius
1761 1217 1823 1266 qui
1850 1218 1975 1264 debet,
2005 1218 2072 1254 sed
2100 1218 2228 1267 potius
2248 1219 2286 1255 in
2311 1220 2421 1258 bonis
2442 1222 2521 1258 eius

1453 1270 1514 1307 cui
1543 1270 1715 1307 debetur.
1745 1271 1841 1307 Puta
1866 1269 1896 1307 si
1920 1270 2056 1319 aliquis
2083 1271 2198 1308 habet
2225 1273 2428 1320 pecuniam
2457 1282 2523 1311 aut

1452 1336 1535 1360 rem
1557 1323 1671 1360 aliam
1687 1321 1701 1344 λ
1721 1324 1874 1360 alterius
1892 1325 1954 1360 vel
1975 1324 2073 1360 furto
2094 1324 2282 1362 sublatam
2303 1327 2365 1362 vel
2385 1335 2520 1364 mutuo

1452 1384 1650 1424 acceptam
1685 1376 1767 1412 sive
1797 1377 2031 1424 depositam,
2061 1378 2123 1414 vel
2153 1377 2279 1426 aliquo
2310 1379 2381 1416 alio
2411 1380 2523 1417 simili

1452 1429 1586 1474 modo,
1616 1436 1803 1477 quantum
1828 1431 1875 1466 ad
1897 1430 1972 1466 hoc
2000 1430 2086 1477 plus
2115 1430 2228 1467 debet
2256 1432 2375 1468 homo
2392 1438 2409 1460 Ι*
2437 1434 2522 1470 red-

1452 1481 1543 1518 dere
1564 1481 1736 1518 debitum
1757 1493 1875 1528 quam
1891 1494 1936 1518 ex
1952 1494 1998 1518 eo
2019 1483 2243 1520 benefacere
2264 1485 2474 1522 coniunctis
2490 1486 2521 1523 ²¹⁶.

1451 1534 1536 1571 Nisi
1556 1535 1652 1571 forte
1673 1541 1772 1570 esset
1790 1541 1917 1571 tantae
1937 1535 2168 1571 necessitatis
2188 1536 2366 1574 articulus
2386 1538 2424 1574 in
2444 1551 2521 1586 quo

1451 1588 1567 1625 etiam
1587 1588 1740 1624 liceretv
1755 1599 1836 1624 rem
1853 1586 2016 1624 alienam
2032 1587 2205 1636 accipere
2226 1589 2274 1626 ad
2294 1590 2523 1628 subvenien-

1451 1641 1543 1678 dum
1572 1640 1838 1678 necessitatem
1867 1640 2036 1689 patienti.
2073 1641 2156 1677 Nisi
2185 1642 2281 1678 forte
2311 1651 2347 1680 et
2374 1644 2434 1680 ille
2464 1645 2524 1681 cui

1451 1706 1510 1731 res
1543 1694 1704 1731 debetur
1745 1693 1783 1730 in
1815 1693 1926 1730 simili
1959 1694 2181 1730 necessitate
2220 1703 2330 1732 esset.
2371 1698 2413 1732 In
2446 1710 2522 1745 quo

1450 1754 1580 1784 tamen
1605 1759 1696 1784 casu
1723 1747 1922 1795 pensanda
1942 1753 2041 1783 esset
2059 1746 2256 1796 utriusque
2278 1749 2445 1785 conditio
2466 1763 2523 1787 se—

1451 1800 1622 1837 cundum
1642 1800 1732 1837 alias
1749 1799 1986 1837 conditiones
2000 1797 2024 1847 ἕ,
2043 1800 2241 1848 prudentis
2256 1801 2412 1839 iudicio:
2434 1804 2523 1851 quia

1449 1854 1488 1890 in
1507 1854 1644 1890 talibus
1673 1865 1751 1890 non
1774 1861 1900 1902 potest
1918 1853 2294 1901 universalis-regula
2313 1854 2407 1901 dari,
2435 1868 2523 1904 pro-

1449 1915 1533 1956 pter
1559 1907 1783 1944 varietatem
1812 1906 2048 1954 singulorum
2078 1919 2250 1954 casuum,
2279 1914 2322 1944 ut
2349 1908 2524 1947 Philoso-

1449 1961 1550 2010 phus
1580 1959 1679 2006 dicit,
1709 1959 1748 1996 in
1777 1960 1830 1996 IX
1858 1958 2016 1996 Ethic.*

1502 2014 1618 2052 Aliud
1637 2021 1766 2050 autem
1792 2019 1848 2049 est
1876 2011 2050 2049 debitum
2078 2013 2184 2061 quod
2213 2020 2457 2062 computatur
2484 2014 2522 2051 in

1450 2067 1562 2104 bonis
1583 2067 1664 2104 eius
1693 2066 1759 2114 qui
1787 2065 1902 2103 debet
1915 2070 1941 2109 ⁰,
1972 2072 2008 2101 et
2036 2077 2114 2102 non
2141 2066 2221 2102 eius
2251 2066 2310 2102 cui
2340 2066 2521 2104 debetur:

1448 2128 1541 2170 puta
1556 2121 1587 2157 si
1602 2120 1788 2157 debeatur
1806 2131 1884 2155 non
1906 2130 1951 2154 ex
1965 2119 2190 2156 necessitate
2204 2119 2379 2166 iustitiae,
2391 2120 2461 2157 sed
2477 2133 2522 2157 ex

1449 2174 1618 2222 quadam
1635 2172 1770 2209 morali
1785 2171 1986 2220 aequitate,
2007 2179 2049 2207 ut
2067 2171 2249 2220 contingit
2266 2172 2306 2209 in
2325 2173 2523 2211 beneficiis

1449 2227 1562 2275 gratis
1588 2226 1785 2274 susceptis.
1815 2225 1967 2261 Nullius
1986 2231 2115 2261 autem
2135 2225 2388 2262 benefactoris
2406 2227 2522 2263 bene-

1449 2280 1582 2318 ficium
1604 2286 1660 2317 est
1683 2286 1828 2316 tantum
1849 2277 1944 2314 sicut
1966 2285 2192 2326 parentum:
2222 2285 2259 2315 et
2277 2278 2366 2315 ideo
2386 2291 2523 2327 paren-

1447 2342 1504 2371 tes
1541 2333 1581 2371 in
1613 2331 1953 2381 recompensandis
1990 2331 2186 2368 beneficiis
2219 2338 2307 2369 sunt
2340 2333 2521 2370 omnibus

1448 2387 1530 2424 aliis
1550 2384 1808 2435 praeferendi;
1828 2384 1897 2420 nisi
1914 2383 2118 2420 necessitas
2135 2396 2179 2420 ex
2195 2385 2268 2421 alia
2286 2392 2394 2432 parte
2413 2398 2521 2434 prae-

1446 2440 1690 2488 ponderaret,
1718 2439 1781 2475 vel
1809 2437 1935 2485 aliqua
1954 2437 2059 2473 aliar
2087 2438 2267 2484 conditio,
2296 2446 2389 2486 puta
2414 2452 2520 2476 com-

1447 2492 1575 2531 munis
1602 2491 1740 2528 utilitas
1769 2490 1962 2526 Ecclesiae
1991 2490 2055 2527 vel
2082 2490 2325 2539 reipublicae.
2361 2493 2403 2527 In
2437 2492 2519 2529 aliis

1447 2553 1576 2582 autern
1597 2551 1653 2581 est
1672 2543 1885 2580 aestimatio
1914 2543 2093 2580 habenda
2123 2550 2160 2579 et
2186 2543 2463 2581 coniunctionis
2484 2554 2520 2582 et

1446 2597 1624 2636 beneficii
1643 2596 1818 2644 suscepti.
1849 2596 1960 2642 Quae
1980 2595 2150 2632 similiter
2168 2609 2246 2633 non
2266 2604 2393 2645 potest
2411 2610 2517 2634 com—

1446 2651 1556 2689 muni
1585 2650 1714 2698 regula
1743 2647 1998 2686 determinari.

1500 2707 1558 2741 AD
1579 2715 1755 2746 QUARTUM
1774 2713 1960 2738 DICENDUM
1985 2702 2089 2750 quod
2113 2709 2291 2750 parentes
2310 2710 2398 2739 sunt
2421 2703 2517 2740 sicut

1445 2757 1684 2806 superiores:
1715 2763 1751 2792 et
1778 2755 1866 2792 ideo
1886 2766 1998 2791 amor
2015 2762 2217 2802 parentum
2243 2762 2299 2791 est
2326 2755 2375 2792 ad
2400 2756 2515 2792 bene-

1446 2810 1677 2856 faciendum,
1698 2821 1809 2845 amor
1828 2816 1957 2844 autem
1977 2808 2144 2844 filiorum
2169 2807 2216 2844 ad
2241 2809 2513 2845 honorandum

1445 2871 1634 2913 parentes.
1665 2863 1714 2899 Et
1740 2869 1868 2898 tamen
1896 2861 1963 2897 in?
1992 2860 2224 2897 necessitatis
2245 2868 2436 2898 extremae
2457 2874 2514 2899 ar-

1442 2918 1558 2954 ticulo
1579 2915 1700 2963 magis
1719 2915 1848 2951 liceret
1867 2914 2042 2951 deserere
2062 2914 2163 2950 filios
2183 2926 2299 2962 quam
2318 2922 2512 2962 parentes;

1444 2982 1544 3020 quos
1571 2970 1676 3006 nullo
1705 2967 1825 3004 modo
1855 2968 2029 3004 deserere
2057 2967 2158 3013 licet,
2189 2975 2344 3016 propter
2371 2968 2512 3016 obliga-

1444 3023 1590 3061 tionem
1618 3021 1895 3058 beneficiorum
1924 3027 2211 3068 susceptorum;
2245 3027 2287 3056 ut
2313 3028 2418 3068 patet
2444 3034 2513 3070 per

1445 3076 1739 3124 Philosophum,
1769 3074 1808 3110 in
1827 3074 1914 3110 VIII
1933 3074 2055 3110 Ethic.
2070 3073 2090 3095 ’¹‘

1497 3177 1523 3208 κ)
1543 3178 1591 3200 est.
1609 3187 1627 3192 —-
1645 3174 1698 3199 erit
1716 3173 1948 3205 ABEFHILpCKx
1967 3178 1992 3198 et
2006 3181 2031 3198 α.

1497 3209 1526 3243 λ)
1545 3210 1637 3235 aliam.
1654 3223 1674 3228 -
1691 3209 1808 3241 aliquam
1827 3209 1896 3239 PE«,
1915 3209 2029 3233 alienam
2049 3209 2079 3239 D,
2098 3208 2241 3241 ali(-quam
2261 3215 2340 3240 super
2358 3208 2420 3240 ras.)
2439 3215 2466 3234 n.

1499 3247 1527 3279 μ)
1542 3246 1606 3277 plus
1625 3245 1701 3269 debet
1719 3245 1806 3269 homo.
1824 3258 1842 3262 —
1860 3244 1936 3269 debet
1954 3244 2031 3269 homo
2045 3243 2125 3275 prius
2144 3244 2190 3268 Pa.

1499 3281 1522 3314 ν)
1541 3281 1641 3305 liceret.
1659 3294 1679 3298 —
1697 3280 1749 3312 ipsi
1767 3280 1863 3304 addunt
1881 3280 1928 3304 Pa.
1945 3293 1965 3298 —
1983 3280 2032 3304 Pro
2052 3279 2233 3304 necessitatem
2249 3278 2377 3309 patienti,
2398 3279 2507 3303 necessi-

1445 3320 1528 3342 tatem
1549 3315 1680 3347 patientis
1705 3315 1885 3347 BEFLprn,
1911 3315 2062 3339 necessitati
2081 3314 2212 3346 patientis
2237 3313 2331 3343 AGsx,
2357 3314 2508 3338 necessitati

1463 3359 1499 3376 au
1518 3358 1571 3376 eris
1591 3358 1631 3374 sn.

1441 3360 1462 3384 p
1496 3360 1524 3419 ἕ)
1543 3386 1717 3411 conditiones.
1735 3398 1754 3404 -
1771 3385 1915 3418 requisitas
1933 3386 2031 3410 addunt
2049 3386 2094 3410 Pa.

1500 3423 1525 3453 ο)
1546 3422 1630 3446 debet.
1647 3434 1667 3439 —
1684 3421 1763 3445 habet
1782 3421 2051 3452 PACDEFHIKanx
2071 3426 2096 3444 et
2114 3428 2138 3444 a.

1500 3458 1529 3489 π)
1549 3457 1612 3481 alia.
1631 3469 1648 3474 -
1667 3456 1728 3480 Om.
1748 3456 1778 3481 P.

1500 3492 1524 3525 ρ)
1545 3492 1582 3516 in.
1598 3504 1617 3511 ·-
1635 3491 1696 3516 Om.
1716 3491 1814 3515 ABDF.

2645 322 2659 350 ζ

2567 613 2601 635 Cf.
2613 589 2709 635 iniiam.
2725 614 2746 634 E

2549 640 2706 664 1hic.1ib.1.ca

2549 672 2571 687 n.
2581 667 2697 688 8.-S.Th.
2707 647 2750 688 Fet

2549 698 2575 713 ιι.
2647 719 2660 744 θ

2650 805 2658 820 ι

2647 1173 2662 1189 κ

2646 1327 2663 1352 λ

2646 1438 2664 1462 μ.

2550 1486 2557 1493 ·
2574 1484 2601 1505 1).
2618 1490 2664 1512 543-

2649 1599 2661 1615 ν

2551 1960 2559 1967 ·
2575 1957 2607 1979 Ca
2627 1973 2633 1979 .
2646 1964 2670 1984 n,
2682 1964 2704 1978 n.
2719 1963 2740 1978 2.
2750 1968 2760 1972 -

2550 1985 2574 2006 S.
2585 1964 2630 2005 Tii.
2646 1985 2689 2006 lect
2708 1990 2732 2005 n.

2648 2079 2661 2094 0

2639 2876 2652 2901 Ρ

2538 3063 2746 3114 §ntitas-:sa
