2892 4056
215 1054 223 1061 ⁸
239 1053 334 1073 Nurum.
349 1057 398 1079 sqq.

214 2246 224 2255 '⁶
238 2245 308 2266 Num.
324 2251 357 2266 111.

213 2330 223 2338 ’
238 2328 297 2349 ibid.

458 222 533 258 338

452 306 518 330 tam
542 299 753 335 dilectionem,
778 307 813 330 ut
836 306 1059 339 argumentum
1087 300 1229 331 assumit.
1262 302 1336 332 Non
1359 301 1445 333 enim
1469 307 1516 331 est

453 344 633 384 putandum
663 344 751 384 quod
783 344 883 373 debeo
912 343 997 373 fratri
1021 344 1149 374 carnali*
1168 351 1289 375 tantam
1313 346 1515 377 dilectionem

453 388 612 424 absolute,
645 394 722 428 puta
746 387 873 427 diligere
904 388 1080 418 secundum
1108 395 1246 427 quatuor
1275 392 1409 429 gradus:
1434 389 1515 420 sicut

452 432 507 472 qui
531 431 643 472 accipit
665 437 816 462 mutuum
840 432 931 461 debet
954 438 1078 461 tantum
1101 432 1254 469 absolute,
1273 441 1351 474 puta
1373 441 1511 464 centum.

453 476 514 506 Sed
538 475 630 505 debet
653 476 761 506 caritas
786 475 987 505 dilectionem
1008 476 1270 515 comparativam:
1303 478 1419 508 scilicet
1442 477 1514 517 plus

452 520 531 555 Deo,
550 526 617 555 etc„
642 527 677 549 ut
700 519 819 549 dictum
836 525 892 549 est.
915 520 981 549 Nec
1001 526 1047 549 est
1062 521 1242 560 quaerenda
1265 521 1326 552 alia
1345 531 1437 552 causa
1454 521 1513 551 nisi

451 563 526 604 quia
550 563 626 593 haec
649 563 779 594 materia
802 570 848 593 est
870 563 970 602 magis
995 564 1234 603 proportionata
1266 566 1348 596 actui
1372 565 1513 595 dilectio-

452 607 500 637 nis
524 607 706 647 simpliciter
734 607 785 637 vel
808 608 846 637 ab
875 607 947 643 hoc,
972 617 1070 647 quam
1098 609 1202 639 altera.
1228 609 1268 640 Et
1291 610 1330 639 ad
1354 610 1416 640 1108
1438 609 1512 639 insi-

452 651 626 686 nuandum,
651 652 772 681 Auctor
794 650 826 680 in
849 650 907 681 hac
930 652 1137 691 responsione
1154 663 1278 693 semper
1301 653 1514 693 comparativa

452 694 618 724 dilectione
642 700 672 724 et
696 694 907 725 satisfactione
931 705 1008 725 usus
1032 703 1087 727 est.
1112 696 1153 726 Et
1171 707 1227 737 per
1242 697 1304 727 hoc
1327 704 1413 737 patet
1428 696 1513 727 solu-

436 748 440 749 ’
451 738 495 768 110
520 738 676 769 omnium.

505 782 566 812 Sed
590 782 666 812 haec
693 782 859 822 responsio
887 782 967 813 falso
997 783 1150 814 innititur.
1184 785 1267 815 Nam
1295 785 1320 815 si
1344 784 1513 816 satisfactio

451 826 536 856 addit
560 826 715 856 rationem
738 826 844 863 debiti,
860 826 938 857 falsa
961 834 1006 858 est
1022 827 1075 858 illa
1099 829 1292 869 propositio:
1317 830 1425 860 Homo
1435 828 1514 868 plus

449 869 608 909 satisfacit
631 871 660 900 ei
681 880 773 910 quem
792 871 870 910 plus
891 871 1008 912 diligit.
1034 872 1100 903 Stat
1123 872 1209 903 enim
1233 873 1322 914 quod
1344 874 1418 913 plus
1441 872 1512 903 dili-

450 920 501 953 gat
530 914 596 943 sine
625 914 748 950 debito;
780 924 816 946 ac
839 925 895 955 per
922 915 996 952 hoc,
1027 917 1094 947 sine
1125 917 1347 949 satisfactione.
1370 936 1391 941 -
1415 917 1513 956 Quod

450 958 545 988 etiam
573 958 688 989 dicitur
710 959 799 999 quod
830 959 940 990 caritas
963 960 1077 991 habeat
1105 962 1281 992 necessario
1310 962 1514 993 dilectionem

450 1002 696 1041 comparativam
710 1010 853 1042 respectu
868 1013 1159 1046 quorumcumque,
1175 1015 1242 1036 non
1256 1006 1380 1037 videtur
1399 1015 1514 1046 usque-

449 1055 577 1086 quaque
600 1056 722 1083 verum,
748 1054 783 1077 ut
806 1048 925 1088 patebit
938 1048 965 1079 *.

503 1090 542 1120 V.
567 1090 747 1121 Dicendum
767 1099 820 1130 est.
831 1102 906 1132 ergo
926 1093 1015 1133 quod
1030 1093 1082 1124 hic
1105 1100 1152 1124 est
1167 1103 1250 1134 opus
1266 1094 1386 1134 duplici
1405 1093 1514 1124 distin-

450 1134 563 1164 ctione.
588 1135 693 1165 Prima
707 1142 754 1165 est
770 1136 850 1167 circa
867 1137 1080 1174 dilectionem,
1097 1139 1186 1177 quod
1202 1138 1319 1177 duplex
1342 1145 1404 1168 est:
1421 1147 1516 1178 quae-

449 1179 523 1208 dam
542 1188 579 1208 ex
596 1179 712 1216 debito,
738 1187 774 1210 ut
797 1180 923 1219 diligere
947 1181 1062 1217 Deum,
1087 1182 1371 1221 diligere'patrem‚
1395 1188 1426 1212 et
1441 1191 1514 1221 pro-

449 1222 572 1253 ximum
594 1223 627 1253 in
652 1224 837 1261 communi,
862 1232 893 1256 et
916 1225 1118 1261 huiusmodi;
1144 1226 1302 1265 quaedam
1327 1236 1363 1256 ex
1386 1235 1513 1265 supere-

449 1266 623 1305 rogatione,
649 1274 684 1298 ut
707 1268 833 1308 diligere
856 1269 888 1299 in
913 1269 1101 1308 particulari,
1119 1277 1203 1300 extra
1227 1269 1395 1300 articulum
1411 1279 1515 1299 neces-

449 1311 559 1346 sitatis,
585 1318 748 1342 extraneos
772 1313 821 1343 vel
844 1310 1002 1349 inimicos,
1027 1321 1058 1343 et
1080 1313 1278 1344 huiusmodi.
1303 1314 1448 1344 Secunda
1469 1320 1516 1343 est

450 1355 530 1385 circa
554 1355 744 1392 satisfacere,
774 1357 862 1397 quod
891 1357 976 1387 aliud
1008 1365 1054 1388 est
1080 1357 1171 1398 loqui
1201 1359 1238 1388 de
1265 1358 1455 1393 satisfacere,
1484 1364 1515 1388 et

450 1399 536 1429 aliud
567 1399 605 1429 de
629 1399 744 1431 facere:
779 1411 854 1431 nam
877 1401 1054 1432 satisfacere
1078 1409 1124 1432 est
1146 1409 1234 1433 actus
1262 1402 1398 1433 iustitiae
1429 1402 1514 1432 clau-

450 1444 527 1473 dens
550 1444 707 1474 rationem
730 1445 839 1481 debiti;
865 1445 965 1476 facere
980 1456 1153 1476 commune
1169 1453 1216 1477 est
1238 1453 1303 1477 tam
1324 1447 1363 1477 ad
1377 1446 1410 1477 id
1426 1446 1515 1487 quod

450 1498 487 1518 ex
510 1488 617 1518 debito
641 1498 739 1528 quam
762 1490 801 1519 ad
824 1489 856 1519 id
879 1491 968 1529 quod
982 1490 1120 1529 gratuito
1135 1490 1278 1521 facimus.
1303 1491 1391 1521 Haec
1407 1497 1514 1521 autem

451 1538 589 1573 quatuor
610 1532 654 1562 ita
677 1543 709 1563 se
733 1533 849 1564 habent
871 1533 952 1564 inter
975 1544 1007 1564 se
1030 1535 1120 1575 quod
1150 1535 1251 1565 amori
1275 1545 1311 1565 ex
1334 1535 1440 1565 debito
1465 1545 1514 1565 re-

450 1577 587 1616 spondet
610 1577 800 1608 satisfacere:
832 1578 934 1608 amori
963 1586 1071 1609 autem
1101 1589 1137 1609 ex
1168 1579 1445 1620 supererogatione
1469 1589 1515 1609 re-

451 1621 587 1661 spondet
605 1620 715 1651 facere.
740 1624 786 1652 Ac
809 1632 866 1661 per
888 1622 959 1658 hoc,
979 1623 1080 1654 homo
1103 1623 1176 1663 plus
1193 1623 1324 1663 diligens
1347 1633 1384 1654 ex
1407 1623 1514 1654 debito

451 1665 590 1705 aliquem
610 1665 683 1704 plus
707 1665 734 1695 ei
750 1666 912 1696 satisfacit:
938 1666 1010 1706 plus
1034 1674 1142 1698 autem
1166 1667 1298 1708 diligens
1322 1668 1461 1709 aliquem
1478 1677 1514 1698 ex

451 1709 730 1749 supererogatione
754 1711 826 1750 plus
850 1710 878 1740 ei
902 1710 984 1742 facit.

507 1753 540 1783 ln
564 1753 665 1784 littera
685 1763 760 1793 ergo
776 1764 881 1784 sermo
905 1761 992 1785 totus
1008 1761 1055 1785 est
1077 1755 1116 1784 de
1133 1755 1260 1795 diligere
1277 1765 1313 1785 ex
1333 1755 1450 1786 debito.
1473 1754 1515 1784 Et

450 1804 617 1837 propterea
639 1797 720 1827 infra
743 1798 943 1828 latitudinem
962 1809 1018 1829 seu
1041 1799 1197 1829 rationem
1215 1799 1390 1830 dilectionis
1413 1809 1450 1829 ex
1466 1798 1516 1828 de-

450 1842 517 1872 bito
541 1848 615 1872 sunt
638 1841 747 1872 omnia
763 1842 844 1872 dicta
867 1843 986 1873 litterae
1002 1844 1202 1882 exponenda:
1226 1844 1268 1874 ita
1287 1843 1404 1874 scilicet
1427 1842 1517 1884 quod

451 1886 559 1916 omnia
583 1892 656 1916 sunt
675 1896 755 1922 vera,
787 1887 871 1916 salva
899 1886 1020 1917 ratione
1049 1886 1226 1918 dilectionis
1257 1898 1294 1918 ex
1317 1887 1435 1918 debito.
1466 1886 1517 1917 Sic

451 1931 536 1961 enim
558 1930 720 1960 verissima
752 1937 798 1961 est
821 1931 999 1970 propositio
1030 1931 1084 1961 illa
1107 1938 1282 1972 assumpta,
1313 1932 1421 1963 Homo
1438 1931 1517 1971 plus

449 1974 607 2015 satisfacit
630 1975 659 2004 ei
674 1984 765 2015 quem
785 1976 861 2015 plus
879 1975 1004 2016 diligit:
1027 1975 1153 2006 dilectio
1178 1976 1264 2006 enim
1279 1986 1324 2006 ex
1346 1975 1453 2006 debito
1468 1975 1516 2005 in-

450 2019 510 2050 fert
533 2019 795 2055 satisfactionem,
821 2026 851 2050 et
874 2019 976 2050 maior
999 2019 1125 2050 dilectio
1149 2020 1304 2051 maiorem
1333 2019 1517 2051 satisfactio-

451 2073 535 2094 nem.
567 2063 721 2103 Oportuit
743 2069 849 2093 autem
865 2066 1039 2095 Auctorem
1057 2064 1202 2094 ordinem
1219 2064 1316 2095 debiti
1340 2064 1457 2095 amoris
1482 2073 1519 2094 ex

451 2107 576 2138 caritate
599 2107 755 2138 declarare
779 2117 815 2137 ex
838 2108 949 2138 ordine
973 2108 1021 2138 sui
1038 2108 1166 2139 effectus
1182 2109 1238 2150 qui
1258 2115 1305 2140 est
1323 2109 1517 2139 satisfacere·

451 2151 605 2193 quoniam
629 2151 710 2182 ordo
730 2151 951 2183 satisfactionis
975 2153 1014 2182 ad
1036 2152 1189 2184 iustitiam
1206 2153 1371 2184 manifeste
1387 2159 1517 2194 spectat,

452 2203 482 2227 et
497 2196 646 2226 iniuriam
662 2195 749 2226 alteri
765 2195 831 2225 fieri
849 2197 873 2226 si
890 2203 1084 2236 pervertatur
1095 2197 1311 2229 manifestat.-
1325 2197 1418 2228 Unde
1434 2204 1520 2238 patet

451 2241 570 2271 solutio
594 2241 749 2271 secundae
765 2240 952 2271 obiectionis
967 2241 995 2279 *,
1011 2251 1047 2272 ex
1061 2241 1123 2272 hoc
1138 2242 1237 2282 quod,
1255 2252 1329 2272 sane
1350 2241 1516 2278 intellecta,

451 2286 504 2316 illa
528 2285 707 2325 propositio
731 2291 777 2314 est
800 2291 830 2314 et
852 2294 924 2315 vera
948 2292 979 2315 et
1001 2285 1161 2326 pertinens
1185 2286 1222 2317 ad
1247 2286 1461 2326 propositum.

506 2330 558 2360 VI.
584 2329 634 2360 Ad
650 2329 787 2368 primam
809 2336 916 2359 autern
939 2329 1152 2360 obiectionem
1167 2330 1185 2349 *
1208 2330 1322 2361 dicitur
1336 2330 1425 2371 quod
1441 2330 1517 2360 dile-

453 2374 516 2404 ctio
535 2383 571 2403 ex
587 2373 694 2403 debito
711 2380 853 2412 respectu
871 2381 1030 2404 creaturae
1046 2384 1150 2414 neque
1167 2382 1214 2405 est
1227 2374 1349 2405 infinita
1365 2374 1517 2414 simplici-

453 2425 512 2454 ter,
545 2417 619 2458 quia
643 2417 730 2447 nulla
761 2424 900 2448 creatura
930 2426 975 2449 est
999 2419 1142 2449 amabilis
1172 2418 1309 2455 infinite;
1340 2429 1442 2460 neque
1471 2425 1518 2449 est

451 2462 618 2493 terminata
634 2462 674 2491 ad
697 2468 818 2492 certum
834 2462 1006 2492 terminum
1030 2463 1224 2502 simpliciter,
1245 2470 1322 2503 puta
1346 2469 1471 2494 tantum
1487 2470 1518 2493 et

454 2516 519 2536 non
536 2506 617 2546 plus,
635 2506 790 2546 quoniam
811 2513 876 2536 tam
899 2514 986 2546 pater
1002 2517 1099 2547 quam
1121 2515 1221 2538 mater
1237 2517 1334 2548 quam
1352 2514 1516 2538 extraneus
1542 2529 1543 2541 ,

454 2550 643 2581 sufficienter
666 2551 765 2580 modo
790 2561 807 2580 a
830 2561 881 2581 me
906 2558 1028 2581 amatus
1059 2559 1164 2590 potest
1188 2562 1224 2582 ex
1248 2551 1354 2582 debito
1379 2551 1517 2591 amplius

418 2619 420 2621 .
454 2595 560 2630 amari,
591 2601 668 2634 puta
692 2595 716 2624 si
740 2595 860 2625 accidat
883 2595 984 2625 maior
1006 2595 1188 2631 necessitas;
1220 2597 1275 2626 sed
1299 2603 1344 2626 est
1360 2595 1517 2636 quodam-

1112 221 1378 268 QUAESTIO
1409 223 1547 269 XLIV,
1577 222 1874 259 ARTICULUS
1902 222 1988 259 Vlll

1569 300 1667 329 modo
1691 299 1890 330 interminata
1913 306 1944 330 et
1967 300 2209 340 quodammodo
2238 301 2414 332 terminata.
2438 301 2521 331 Nam
2544 307 2628 331 extra

1567 343 1759 373 necessitatis
1783 353 1906 380 casum,
1931 343 2046 374 sufficit
2068 353 2338 395 unumquemque·
2355 345 2484 385 diligere
2502 351 2628 376 tantum

1567 394 1724 428 quantum
1754 387 1887 418 exterior
1919 394 2006 418 actus
2035 387 2082 418 1111
2109 387 2232 419 debitus
2261 388 2365 428 exigit.
2395 388 2491 420 Verbi
2518 389 2626 428 gratia,

1567 430 1682 461 sufficit
1704 430 1832 469 diligere
1855 438 1976 472 patrem
1998 437 2155 472 quantum
2177 431 2309 462 honoris
2324 439 2412 463 actus
2435 431 2480 462 illi
2504 431 2627 463 debitus

1566 474 1674 514 exigit,
1700 474 1836 511 fratrem,
1861 481 2017 516 quantum
2042 475 2176 505 fraterna
2198 471 2393 507 conversatio
2424 483 2518 516 atque
2541 485 2628 506 com-

1566 518 1679 548 munio
1709 518 1851 559 requirit;
1886 526 1916 550 et
1943 519 1986 550 sic
2014 520 2052 549 de
2078 518 2155 550 aliis.
2188 518 2230 550 Et
2251 519 2326 560 quia
2354 519 2398 551 sic
2428 519 2555 559 diligere
2582 526 2630 550 est

1567 572 1832 603 unumquemque
1862 563 1895 593 in
1926 573 1986 594 suo
2020 564 2118 603 gradu
2156 563 2299 603 diligere,
2334 563 2407 594 ideo
2441 563 2629 594 huiusmodi

1566 606 1692 636 dilectio
1715 607 1759 637 sic
1778 614 1824 637 est
1847 608 1886 637 ad
1909 607 2083 648 quemlibet
2105 607 2250 638 absolute
2272 608 2362 648 quod
2376 614 2477 638 servat
2500 617 2630 648 compa-

1565 651 1697 681 rativam
1714 650 1916 682 dilectionem
1939 652 1978 682 ad
2002 651 2095 682 alios:
2120 651 2196 682 alias
2211 661 2278 681 non
2300 651 2334 681 in
2354 661 2414 682 suo
2435 652 2535 692 gradu
2559 651 2629 692 qui-

1565 695 1642 726 libet
1671 701 1838 725 amaretur.
1869 695 1904 725 In
1936 705 2009 726 casu
2034 696 2140 726 autern
2170 694 2378 732 necessitatis,
2403 694 2428 725 si
2450 696 2629 726 multorum

1566 745 1613 769 est
1635 738 1732 769 simul
1755 749 1856 777 casus,
1881 739 1952 782 plus
1976 747 2099 770 amatus
2122 749 2159 770 ex
2183 739 2288 770 debito
2305 740 2549 779 praeponendus
2565 746 2627 770 est:

1565 783 1640 823 quia
1663 783 1735 823 plus
1759 783 1817 814 sibi
1840 783 1932 814 debet
1953 782 2020 814 fieri
2043 783 2116 815 satis
2140 783 2190 814 cui
2214 783 2286 824 plus
2303 783 2443 814 debetur.
2467 783 2500 814 Si
2522 790 2629 814 autem

1566 827 1623 858 uni
1646 833 1771 858 tantum
1793 827 1977 868 posterioris
2000 829 2116 868 gradus
2135 828 2255 858 accidat
2277 837 2378 863 casus,
2397 834 2475 858 tunc
2496 827 2549 858 ille
2563 837 2630 858 ma-

1565 872 1612 911 gis
1637 871 1814 912 diligendus
1837 882 1896 912 pro
1920 879 1996 903 tunc
2019 879 2066 903 est
2088 873 2196 913 quoad
2212 872 2287 903 hoc:
2310 872 2392 902 sicut
2415 878 2446 903 et
2468 871 2569 912 magis
2584 878 2632 903 est

1564 916 1609 946 illi
1632 916 1901 947 satisfaciendum.

1617 960 1665 990 Ex
1688 961 1804 1002 quibus
1827 967 1914 1001 patet
1936 960 2051 1001 primo,
2076 960 2165 1001 quod
2188 967 2235 991 est
2256 959 2431 999 implicatio
2446 959 2630 1001 incompos-

1565 1003 1707 1035 sibilium
1731 1004 1832 1035 dicere
1856 1005 1944 1046 quod
1968 1014 2028 1044 ego
2044 1004 2173 1044 diligam
2197 1014 2234 1035 ex
2257 1003 2363 1034 debito
2379 1003 2507 1035 fratrem
2529 1013 2631 1047 quan-

1566 1055 1638 1079 tum
1660 1049 1773 1087 debeo,
1790 1055 1821 1080 et
1844 1059 1919 1079 cum
1934 1049 1997 1079 hoc
2019 1048 2149 1088 diligam
2169 1048 2264 1080 etiam
2281 1058 2318 1078 ex
2334 1048 2442 1079 debito
2465 1048 2539 1088 plus
2555 1057 2631 1079 con—

1566 1092 1748 1123 sobrinum:
1765 1093 1826 1123 nisi
1840 1093 1874 1123 in
1887 1103 1960 1123 casu
1974 1092 2008 1123 in
2023 1102 2089 1133 quo
2105 1102 2174 1123 non
2185 1092 2372 1132 pervertitur
2386 1092 2521 1123 caritatis
2534 1093 2631 1129 ordo;

1567 1136 1722 1177 quoniam
1750 1136 1812 1167 hoc
1839 1137 1934 1170 habet
1964 1136 2098 1167 caritatis
2127 1137 2228 1173 ordo,
2258 1143 2294 1167 ut
2316 1136 2349 1169 in
2373 1146 2447 1168 casu
2476 1137 2632 1171 remotior

1566 1180 1798 1220 praediligatur.
1823 1197 1845 1203 —
1867 1181 1956 1211 Patet
1979 1181 2134 1216 secundo,
2159 1181 2249 1220 quod
2271 1183 2394 1211 Auctor
2415 1191 2452 1211 ex
2474 1181 2536 1212 hoc
2559 1181 2631 1221 ipso

1567 1224 1657 1264 quod
1678 1224 1822 1264 loquitur
1845 1224 1884 1254 de
1907 1224 2076 1254 dilectione
2100 1234 2137 1254 ex
2160 1224 2277 1262 debito,
2299 1224 2452 1256 interimit
2472 1225 2560 1258 illam
2584 1236 2631 1255 as-

1567 1275 1739 1308 sumptam,
1760 1268 1922 1307 arguendo
1946 1268 2201 1308 propositionem
2224 1269 2324 1299 modo
2340 1267 2456 1299 dictam
2478 1275 2632 1310 tanquam

1565 1312 1839 1352 incompossibilia
1863 1312 2090 1343 continentem.

1622 1357 1690 1387 VII.
1715 1357 1766 1387 Ad
1788 1356 1918 1388 tertium
1932 1356 1950 1375 *
1973 1356 2088 1386 dicitur
2110 1356 2213 1397 quod,
2238 1355 2351 1386 stando
2375 1355 2456 1386 infra
2479 1356 2632 1387 terminos

1568 1401 1744 1431 dilectionis
1767 1410 1804 1431 ex
1822 1400 1939 1436 debito,
1957 1400 2080 1441 optima
2096 1406 2143 1430 est
2156 1399 2256 1430 illatio
2272 1399 2402 1431 litterae.
2426 1398 2512 1437 Quia
2535 1407 2572 1431 ut
2587 1399 2633 1434 dit

1567 1451 1655 1478 ctum
1667 1445 1750 1481 est*,
1766 1444 1951 1475 huiusmodi
1968 1443 2094 1475 dilectio
2112 1450 2159 1475 est
2175 1444 2403 1484 comparativa·
2423 1443 2500 1485 quia
2514 1436 2668 1475 unum*-

1567 1499 1730 1531 quemque
1752 1489 1786 1519 in
1810 1499 1870 1519 suo
1894 1489 1994 1528 gradu
2017 1488 2128 1528 diligit,
2153 1495 2184 1519 et
2207 1494 2438 1529 consequenter
2459 1487 2637 1544 unicuique

1566 1534 1653 1565 iuxta
1676 1543 1771 1564 suurn
1790 1533 1924 1573 gradum
1947 1532 2022 1564 facit
2037 1533 2120 1564 satis.
2144 1533 2192 1563 Ex
2215 1533 2279 1564 hoc
2292 1532 2378 1563 enim
2400 1533 2581 1570 manifeste
2586 1532 2637 1564 sea

1567 1578 1676 1620 quitur
1698 1578 1788 1619 quod
1810 1578 1883 1618 plus
1906 1576 2023 1608 faciens
2046 1577 2121 1608 satis
2143 1577 2189 1607 illi
2213 1576 2264 1607 cui
2293 1577 2400 1608 minus
2428 1577 2561 1608 debetur
2582 1574 2638 1613 det}

1567 1622 1661 1653 trahit
1684 1621 1883 1653 excellentiae
1897 1621 1983 1652 illius
2007 1621 2058 1652 cui
2081 1620 2181 1661 magis
2197 1621 2343 1652 debetur:
2369 1621 2444 1662 quia
2461 1621 2516 1662 qui
2531 1620 2637 1653 aufert

1567 1667 1605 1697 ab
1622 1677 1661 1697 eo
1677 1667 1771 1697 istam
1786 1665 2012 1705 excellentiam,
2029 1665 2146 1696 scilicet
2160 1665 2250 1706 quod
2272 1665 2372 1704 magis
2396 1672 2519 1696 ametur
2533 1663 2637 1707 qunffl

1567 1711 1645 1741 alter
1667 1710 1774 1741 minus
1797 1710 1962 1746 amandus,
1986 1709 2088 1740 aufert
2101 1709 2145 1740 -ab
2163 1709 2219 1740 illo
2238 1718 2382 1740 amorem
2402 1716 2434 1740 et
2449 1709 2633 1741 satisfacti&

1567 1765 1642 1785 nem
1658 1754 1797 1785 debitam
1812 1754 1989 1784 secundum
2005 1763 2102 1784 suum
2115 1754 2266 1793 gradum;
2286 1753 2441 1794 quoniam
2456 1754 2639 1786 secundun?

1567 1808 1663 1830 suum
1686 1798 1822 1838 gradum
1845 1797 1938 1828 debet
1959 1797 2123 1848 praeponi,
2148 1805 2178 1828 et
2200 1804 2307 1828 tamen
2330 1798 2370 1828 de
2393 1797 2476 1829 facto
2500 1798 2636 1853 postpo-

1621 1886 1816 1926 Exemplum
1843 1892 1950 1916 autem
1981 1886 2019 1916 de
2042 1885 2135 1916 fratre
2159 1892 2189 1916 et
2212 1885 2405 1916 consobrino
2428 1885 2518 1919 fauit.
2549 1884 2637 1925 011111

1567 1930 1679 1962 transit
1701 1931 1741 1961 ad
1759 1930 1834 1970 plus
1857 1929 1971 1960 facere:
1996 1939 2071 1960 cum
2094 1939 2199 1960 sermo
2231 1936 2339 1960 noster
2365 1929 2405 1960 sit
2428 1929 2468 1960 de
2489 1929 2564 1970 plus
2586 1932 2637 1961 882

1566 1975 1719 2006 tisfacere.
1744 1975 1786 2005 Et
1808 1973 1952 2005 similiter
1973 1974 2084 2005 transit
2103 1973 2142 2004 ad
2165 1983 2309 2004 amorem
2332 1973 2638 2014 supererogationis?

1569 2030 1644 2051 cum
1665 2029 1772 2050 sermo
1796 2025 1904 2049 noster
1923 2018 1962 2049 sit
1985 2018 2025 2049 de
2047 2028 2156 2049 amore
2171 2017 2288 2049 debito.
2313 2017 2532 2049 Concedimus
2546 2018 2637 2051 enim

1568 2064 1659 2106 quod
1681 2071 1774 2103 potes
1797 2061 1991 2094 consobrino
2013 2063 2087 2103 plus
2109 2062 2210 2093 facere
2226 2072 2324 2102 quam
2345 2061 2438 2094 fratri
2452 2062 2577 2101 88118111
2586 2067 2635 2094 re·-

1568 2108 1745 2149 linquendo
1769 2107 1797 2138 ei
1821 2107 1958 2138 maiores
1982 2116 2075 2147 opes:
2101 2106 2177 2147 quia
2199 2106 2262 2137 hoc
2284 2112 2404 2146 spectat
2426 2106 2466 2136 ad
2489 2110 2634 2144 amorem

1568 2151 1859 2194 supererogationis
1891 2158 2035 2192 respectu
2065 2150 2260 2191 utriusque„
2286 2149 2404 2181 scilicet
2433 2157 2498 2182 tam
2533 2145 2637 2192 fratris

1568 2207 1667 2238 quam
1691 2195 1888 2232 consobrini;
1913 2202 1945 2226 et
1959 2201 1994 2226 tu
2018 2194 2306 2235 supererogationis
2323 2203 2431 2224 amore
2453 2200 2546 2234 potes
2560 2183 2639 2236 plus

1569 2251 1675 2271 amare
1699 2240 1929 2271 consobrinum
1956 2249 2054 2280 quam
2077 2239 2206 2270 fratrem
2237 2239 2403 2269 carnalem.
2433 2238 2524 2270 Ordo
2547 2239 2635 2270 enim

1569 2285 1704 2316 caritatis
1734 2290 1870 2315 statutus
1899 2291 1946 2315 est
1968 2290 2093 2314 tanturn
2115 2283 2149 2313 in
2173 2293 2282 2313 amore
2311 2282 2433 2318 debito,
2458 2289 2489 2313 et
2510 2292 2578 2314 non
2600 2283 2640 2322 in·

1568 2339 1678 2360 amore
1693 2328 1998 2369 supererogationis:
2022 2327 2177 2368 quoniam
2193 2327 2226 2357 in
2242 2326 2361 2358 amoris
2381 2327 2638 2367 supererogatio&

1569 2374 1617 2404 nis
1640 2383 1847 2414 quocumque
1871 2372 1982 2402 ordine
2006 2372 2085 2401 nulli
2107 2371 2144 2402 fit
2165 2370 2289 2407 iniuria,
2311 2370 2392 2401 sicut
2407 2370 2444 2401 fit
2464 2370 2498 2401 111
2517 2371 2638 2410 amoris

1542 2421 1543 2424 ’
1569 2418 1664 2448 debiti
1694 2417 1805 2447 ordine
1835 2423 2057 2456 praepostero,
2089 2422 2125 2446 ut
2148 2418 2271 2446 Auctor
2299 2414 2332 2445 in
2355 2414 2456 2446 littera
2485 2415 2579 2447 docet
2603 2418 2639 2448 et·

1569 2462 1762 2493 declaratum
1787 2467 1877 2491 est.-
1899 2460 2118 2491 Veruntamen
2141 2469 2208 2490 esse
2221 2459 2239 2479 *
2261 2465 2389 2501 oportet
2411 2459 2500 2499 quod
2523 2460 2638 2492 eadem*

1570 2506 1679 2537 caritas
1703 2516 1767 2546 qua
1790 2505 1862 2545 plus
1882 2504 1956 2534 facis
1981 2504 2186 2541 consobrino,
2201 2503 2295 2534 faciat
2315 2511 2347 2535 te
2370 2503 2443 2544 plus
2458 2502 2638 2536 satisfacere

1570 2550 1655 2581 fratri
1679 2557 1710 2580 et
1732 2549 1916 2589 simpliciter
1939 2555 1969 2579 et
1991 2548 2023 2578 in
2049 2557 2139 2579 casu:
2164 2548 2246 2578 sicut
2269 2547 2378 2578 caritas
2407 2556 2636 2598 supererogans

1542 2589 1545 2637 ἶ
1570 2594 1701 2625 1111111180
1725 2593 1799 2624 facit
1821 2594 1894 2634 plus
1917 2592 2093 2623 satisfacere
2116 2592 2219 2623 amico
2244 2592 2428 2632 simpliciter
2447 2597 2480 2622 et
2494 2591 2534 2622 in
2549 2593 2635 2624 casti.

2624 2639 2638 2656 ‘2

2659 1364 2741 1386 *lbicL

2658 1450 2753 1496 ’Νιιιιὶιι
2764 1451 2870 1479 praeced.

2662 2465 2840 2514 {Wffl
