<?xml version="1.0" encoding="UTF-8"?>
<!DOCTYPE html PUBLIC "-//W3C//DTD XHTML 1.0 Transitional//EN"
    "http://www.w3.org/TR/xhtml1/DTD/xhtml1-transitional.dtd">
<html xmlns="http://www.w3.org/1999/xhtml" xml:lang="en" lang="en">
 <head>
  <title>
</title>
<meta http-equiv="Content-Type" content="text/html;charset=utf-8" />
  <meta name='ocr-system' content='tesseract 3.04.00' />
  <meta name='ocr-capabilities' content='ocr_page ocr_carea ocr_par ocr_line ocrx_word'/>
</head>
<body>
  <div class='ocr_page' id='page_1' title='image "./operaomniaiussui08thom_0256.png"; bbox 0 0 2892 4056; ppageno 0'>
   <div class='ocr_carea' id='block_1_1' title="bbox 147 966 355 993">
    <p class='ocr_par' dir='ltr' id='par_1_1' title="bbox 147 966 355 993">
     <span class='ocr_line' id='line_1_1' title="bbox 147 966 355 993; baseline 0 -6"><span class='ocrx_word' id='word_1_1' title='bbox 147 967 155 976; x_wconf 69' lang='lat'><strong>³</strong></span> <span class='ocrx_word' id='word_1_2' title='bbox 171 966 219 993; x_wconf 88' lang='lat' dir='ltr'>Qu.</span> <span class='ocrx_word' id='word_1_3' title='bbox 234 971 298 992; x_wconf 81' lang='lat' dir='ltr'>xxm,</span> <span class='ocrx_word' id='word_1_4' title='bbox 313 969 355 987; x_wconf 77' lang='lat' dir='ltr'>art.</span> 
     </span>
    </p>
   </div>
   <div class='ocr_carea' id='block_1_2' title="bbox 386 189 460 226">
    <p class='ocr_par' dir='ltr' id='par_1_2' title="bbox 386 189 460 226">
     <span class='ocr_line' id='line_1_2' title="bbox 386 189 460 226; baseline -0.014 0"><span class='ocrx_word' id='word_1_5' title='bbox 386 189 460 226; x_wconf 84' lang='lat'>208</span> 
     </span>
    </p>
   </div>
   <div class='ocr_carea' id='block_1_3' title="bbox 1051 189 1887 237">
    <p class='ocr_par' dir='ltr' id='par_1_3' title="bbox 1051 189 1887 237">
     <span class='ocr_line' id='line_1_3' title="bbox 1051 189 1887 237; baseline -0.001 -11"><span class='ocrx_word' id='word_1_6' title='bbox 1051 189 1317 234; x_wconf 83' lang='lat' dir='ltr'>QUAESTlo</span> <span class='ocrx_word' id='word_1_7' title='bbox 1346 190 1465 237; x_wconf 89' lang='lat' dir='ltr'>XXV,</span> <span class='ocrx_word' id='word_1_8' title='bbox 1493 189 1789 227; x_wconf 86' lang='lat' dir='ltr'>ARTICULUS</span> <span class='ocrx_word' id='word_1_9' title='bbox 1818 190 1887 227; x_wconf 88' lang='lat' dir='ltr'>XII</span> 
     </span>
    </p>
   </div>
   <div class='ocr_carea' id='block_1_4' title="bbox 383 265 2553 368">
    <p class='ocr_par' dir='ltr' id='par_1_4' title="bbox 383 265 2553 368">
     <span class='ocr_line' id='line_1_4' title="bbox 385 265 2553 316; baseline 0.002 -13"><span class='ocrx_word' id='word_1_10' title='bbox 385 267 452 304; x_wconf 93' lang='lat' dir='ltr'>sed</span> <span class='ocrx_word' id='word_1_11' title='bbox 476 267 600 304; x_wconf 89' lang='lat' dir='ltr'>solum</span> <span class='ocrx_word' id='word_1_12' title='bbox 620 279 689 316; x_wconf 89' lang='lat' dir='ltr'>per</span> <span class='ocrx_word' id='word_1_13' title='bbox 708 267 900 315; x_wconf 89' lang='lat' dir='ltr'>quandam</span> <span class='ocrx_word' id='word_1_14' title='bbox 925 265 1225 303; x_wconf 82' lang='lat' dir='ltr'>redundantiam.</span> <span class='ocrx_word' id='word_1_15' title='bbox 1255 266 1304 303; x_wconf 89' lang='lat' dir='ltr'>Et</span> <span class='ocrx_word' id='word_1_16' title='bbox 1321 266 1408 304; x_wconf 89' lang='lat' dir='ltr'>ideo</span> <span class='ocrx_word' id='word_1_17' title='bbox 1424 272 1439 295; x_wconf 76' lang='grc' dir='ltr'><strong>Υ</strong></span> <span class='ocrx_word' id='word_1_18' title='bbox 1492 267 1639 304; x_wconf 85' lang='lat' dir='ltr'>ximum</span> <span class='ocrx_word' id='word_1_19' title='bbox 1668 274 1704 303; x_wconf 88' lang='lat' dir='ltr'>et</span> <span class='ocrx_word' id='word_1_20' title='bbox 1731 266 1944 303; x_wconf 87' lang='lat' dir='ltr'>secundum</span> <span class='ocrx_word' id='word_1_21' title='bbox 1973 267 2140 305; x_wconf 86' lang='lat' dir='ltr'>animam</span> <span class='ocrx_word' id='word_1_22' title='bbox 2169 275 2205 305; x_wconf 90' lang='lat' dir='ltr'>et</span> <span class='ocrx_word' id='word_1_23' title='bbox 2231 269 2444 307; x_wconf 91' lang='lat' dir='ltr'>secundum</span> <span class='ocrx_word' id='word_1_24' title='bbox 2469 282 2553 306; x_wconf 87' lang='lat' dir='ltr'>cor-</span> 
     </span>
     <span class='ocr_line' id='line_1_5' title="bbox 383 318 2551 368; baseline 0.001 -11"><span class='ocrx_word' id='word_1_25' title='bbox 383 319 504 357; x_wconf 87' lang='lat' dir='ltr'>horno</span> <span class='ocrx_word' id='word_1_26' title='bbox 533 320 743 358; x_wconf 89' lang='lat' dir='ltr'>secundum</span> <span class='ocrx_word' id='word_1_27' title='bbox 779 319 998 356; x_wconf 87' lang='lat' dir='ltr'>rationalem</span> <span class='ocrx_word' id='word_1_28' title='bbox 1031 325 1221 365; x_wconf 86' lang='lat' dir='ltr'>mentem,</span> <span class='ocrx_word' id='word_1_29' title='bbox 1259 331 1357 368; x_wconf 87' lang='lat' dir='ltr'>quae</span> <span class='ocrx_word' id='word_1_30' title='bbox 1387 327 1442 356; x_wconf 89' lang='lat' dir='ltr'>est</span> <span class='ocrx_word' id='word_1_31' title='bbox 1491 332 1564 368; x_wconf 85' lang='lat' dir='ltr'>pus</span> <span class='ocrx_word' id='word_1_32' title='bbox 1591 319 1736 356; x_wconf 90' lang='lat' dir='ltr'>ratione</span> <span class='ocrx_word' id='word_1_33' title='bbox 1764 318 1964 356; x_wconf 88' lang='lat' dir='ltr'>cuiusdam</span> <span class='ocrx_word' id='word_1_34' title='bbox 1991 320 2284 359; x_wconf 81' lang='lat' dir='ltr'>consociationis</span> <span class='ocrx_word' id='word_1_35' title='bbox 2320 322 2359 360; x_wconf 91' lang='lat' dir='ltr'>in</span> <span class='ocrx_word' id='word_1_36' title='bbox 2392 322 2551 360; x_wconf 89' lang='lat' dir='ltr'>beatitu—</span> 
     </span>
    </p>
   </div>
   <div class='ocr_carea' id='block_1_5' title="bbox 384 371 1440 473">
    <p class='ocr_par' dir='ltr' id='par_1_5' title="bbox 384 371 1440 473">
     <span class='ocr_line' id='line_1_6' title="bbox 384 371 1440 421; baseline -0.001 -11"><span class='ocrx_word' id='word_1_37' title='bbox 384 372 599 421; x_wconf 88' lang='lat' dir='ltr'>principalis</span> <span class='ocrx_word' id='word_1_38' title='bbox 625 372 664 409; x_wconf 90' lang='lat' dir='ltr'>in</span> <span class='ocrx_word' id='word_1_39' title='bbox 682 372 850 418; x_wconf 87' lang='lat' dir='ltr'>homine,</span> <span class='ocrx_word' id='word_1_40' title='bbox 871 371 942 408; x_wconf 88' lang='lat' dir='ltr'>alio</span> <span class='ocrx_word' id='word_1_41' title='bbox 964 371 1083 407; x_wconf 91' lang='lat' dir='ltr'>modo</span> <span class='ocrx_word' id='word_1_42' title='bbox 1111 383 1153 408; x_wconf 91' lang='lat' dir='ltr'>se</span> <span class='ocrx_word' id='word_1_43' title='bbox 1173 371 1289 419; x_wconf 89' lang='lat' dir='ltr'>diligit</span> <span class='ocrx_word' id='word_1_44' title='bbox 1307 384 1440 409; x_wconf 89' lang='lat' dir='ltr'>secun-</span> 
     </span>
     <span class='ocr_line' id='line_1_7' title="bbox 386 423 1386 473; baseline 0 -11"><span class='ocrx_word' id='word_1_45' title='bbox 386 427 479 463; x_wconf 88' lang='lat' dir='ltr'>dum</span> <span class='ocrx_word' id='word_1_46' title='bbox 499 425 704 471; x_wconf 87' lang='lat' dir='ltr'>caritatem,</span> <span class='ocrx_word' id='word_1_47' title='bbox 726 433 762 461; x_wconf 91' lang='lat' dir='ltr'>et</span> <span class='ocrx_word' id='word_1_48' title='bbox 780 424 853 460; x_wconf 87' lang='lat' dir='ltr'>alio</span> <span class='ocrx_word' id='word_1_49' title='bbox 873 423 991 460; x_wconf 92' lang='lat' dir='ltr'>modo</span> <span class='ocrx_word' id='word_1_50' title='bbox 1013 435 1151 471; x_wconf 89' lang='lat' dir='ltr'>corpus</span> <span class='ocrx_word' id='word_1_51' title='bbox 1175 425 1386 473; x_wconf 88' lang='lat' dir='ltr'>proprium.</span> 
     </span>
    </p>
   </div>
   <div class='ocr_carea' id='block_1_6' title="bbox 1495 371 2553 420">
    <p class='ocr_par' dir='ltr' id='par_1_6' title="bbox 1495 371 2553 420">
     <span class='ocr_line' id='line_1_8' title="bbox 1495 371 2553 420; baseline 0.005 -12"><span class='ocrx_word' id='word_1_52' title='bbox 1495 373 1593 409; x_wconf 89' lang='lat' dir='ltr'>dine.</span> <span class='ocrx_word' id='word_1_53' title='bbox 1629 372 1678 408; x_wconf 93' lang='lat' dir='ltr'>Et</span> <span class='ocrx_word' id='word_1_54' title='bbox 1705 371 1792 408; x_wconf 88' lang='lat' dir='ltr'>ideo</span> <span class='ocrx_word' id='word_1_55' title='bbox 1821 383 1866 408; x_wconf 88' lang='lat' dir='ltr'>ex</span> <span class='ocrx_word' id='word_1_56' title='bbox 1894 379 2000 420; x_wconf 88' lang='lat' dir='ltr'>parte</span> <span class='ocrx_word' id='word_1_57' title='bbox 2028 372 2190 420; x_wconf 79' lang='lat' dir='ltr'>proximi</span> <span class='ocrx_word' id='word_1_58' title='bbox 2217 382 2273 412; x_wconf 87' lang='lat' dir='ltr'>est</span> <span class='ocrx_word' id='word_1_59' title='bbox 2299 387 2376 412; x_wconf 85' lang='lat' dir='ltr'>una</span> <span class='ocrx_word' id='word_1_60' title='bbox 2404 383 2553 413; x_wconf 85' lang='lat' dir='ltr'>tantum</span> 
     </span>
    </p>
   </div>
   <div class='ocr_carea' id='block_1_7' title="bbox 1465 424 2552 477">
    <p class='ocr_par' dir='ltr' id='par_1_7' title="bbox 1465 424 2552 477">
     <span class='ocr_line' id='line_1_9' title="bbox 1465 424 2552 477; baseline 0.003 -15"><span class='ocrx_word' id='word_1_61' title='bbox 1465 450 1467 467; x_wconf 61' lang='lat'>1</span> <span class='ocrx_word' id='word_1_62' title='bbox 1493 425 1586 462; x_wconf 85' lang='lat' dir='ltr'>ratio</span> <span class='ocrx_word' id='word_1_63' title='bbox 1615 424 1835 461; x_wconf 85' lang='lat' dir='ltr'>dilectionis.</span> <span class='ocrx_word' id='word_1_64' title='bbox 1874 424 1986 462; x_wconf 87' lang='lat' dir='ltr'>Unde</span> <span class='ocrx_word' id='word_1_65' title='bbox 2014 437 2153 474; x_wconf 88' lang='lat' dir='ltr'>corpus</span> <span class='ocrx_word' id='word_1_66' title='bbox 2180 427 2344 474; x_wconf 75' lang='lat' dir='ltr'>proximi</span> <span class='ocrx_word' id='word_1_67' title='bbox 2376 440 2455 465; x_wconf 90' lang='lat' dir='ltr'>non</span> <span class='ocrx_word' id='word_1_68' title='bbox 2482 440 2552 477; x_wconf 94' lang='lat' dir='ltr'>po-</span> 
     </span>
    </p>
   </div>
   <div class='ocr_carea' id='block_1_8' title="bbox 438 470 1999 526">
    <p class='ocr_par' dir='ltr' id='par_1_8' title="bbox 438 470 1999 526">
     <span class='ocr_line' id='line_1_10' title="bbox 438 470 1999 526; baseline 0 -12"><span class='ocrx_word' id='word_1_69' title='bbox 438 480 496 514; x_wconf 80' lang='lat' dir='ltr'>An</span> <span class='ocrx_word' id='word_1_70' title='bbox 524 489 682 514; x_wconf 77' lang='lat' dir='ltr'>TERTIUM</span> <span class='ocrx_word' id='word_1_71' title='bbox 714 488 896 513; x_wconf 79' lang='lat' dir='ltr'>DlCENDUM</span> <span class='ocrx_word' id='word_1_72' title='bbox 926 476 1029 524; x_wconf 90' lang='lat' dir='ltr'>quod</span> <span class='ocrx_word' id='word_1_73' title='bbox 1057 477 1177 513; x_wconf 88' lang='lat' dir='ltr'>homo</span> <span class='ocrx_word' id='word_1_74' title='bbox 1213 477 1327 525; x_wconf 87' lang='lat' dir='ltr'>diligit</span> <span class='ocrx_word' id='word_1_75' title='bbox 1354 490 1441 526; x_wconf 87' lang='lat' dir='ltr'>pro·</span> <span class='ocrx_word' id='word_1_76' title='bbox 1465 470 1467 515; x_wconf 70' lang='grc'>1</span> <span class='ocrx_word' id='word_1_77' title='bbox 1493 478 1593 515; x_wconf 87' lang='lat' dir='ltr'>nitur</span> <span class='ocrx_word' id='word_1_78' title='bbox 1621 476 1783 526; x_wconf 90' lang='lat' dir='ltr'>speciale</span> <span class='ocrx_word' id='word_1_79' title='bbox 1812 477 1999 525; x_wconf 88' lang='lat' dir='ltr'>diligibile.</span> 
     </span>
    </p>
   </div>
   <div class='ocr_carea' id='block_1_9' title="bbox 437 642 1189 677">
    <p class='ocr_par' dir='ltr' id='par_1_9' title="bbox 437 642 1189 677">
     <span class='ocr_line' id='line_1_11' title="bbox 437 642 1189 677; baseline -0.001 -8"><span class='ocrx_word' id='word_1_80' title='bbox 437 644 463 677; x_wconf 81' lang='grc' dir='ltr'>γ)</span> <span class='ocrx_word' id='word_1_81' title='bbox 483 644 551 669; x_wconf 80' lang='lat' dir='ltr'>ideo.</span> <span class='ocrx_word' id='word_1_82' title='bbox 567 657 587 663; x_wconf 92' lang='lat'><em>-</em></span> <span class='ocrx_word' id='word_1_83' title='bbox 605 646 667 668; x_wconf 79' lang='lat' dir='ltr'>tunc</span> <span class='ocrx_word' id='word_1_84' title='bbox 685 642 969 672; x_wconf 70' lang='lat' dir='ltr'>ABCDEFHIKLna;</span> <span class='ocrx_word' id='word_1_85' title='bbox 987 642 1065 669; x_wconf 81' lang='lat' dir='ltr'>homo</span> <span class='ocrx_word' id='word_1_86' title='bbox 1083 650 1136 668; x_wconf 86' lang='lat' dir='ltr'>om.</span> <span class='ocrx_word' id='word_1_87' title='bbox 1156 643 1189 668; x_wconf 90' lang='lat' dir='ltr'>G.</span> 
     </span>
    </p>
   </div>
   <div class='ocr_carea' id='block_1_10' title="bbox 1055 730 1877 765">
    <p class='ocr_par' dir='ltr' id='par_1_10' title="bbox 1055 730 1877 765">
     <span class='ocr_line' id='line_1_12' title="bbox 1055 730 1877 765; baseline 0.001 -1"><span class='ocrx_word' id='word_1_88' title='bbox 1055 730 1386 765; x_wconf 72' lang='lat' dir='ltr'>commentaria</span> <span class='ocrx_word' id='word_1_89' title='bbox 1407 730 1656 764; x_wconf 76' lang='lat' dir='ltr'>Cardinalis</span> <span class='ocrx_word' id='word_1_90' title='bbox 1677 731 1877 765; x_wconf 68' lang='lat' dir='ltr'>Caietam</span> 
     </span>
    </p>
   </div>
   <div class='ocr_carea' id='block_1_11' title="bbox 381 826 1445 1526">
    <p class='ocr_par' dir='ltr' id='par_1_11' title="bbox 381 826 1442 1134">
     <span class='ocr_line' id='line_1_13' title="bbox 414 826 1442 869; baseline 0.001 -12"><span class='ocrx_word' id='word_1_91' title='bbox 414 836 434 857; x_wconf 75' lang='lat' dir='ltr'>N</span> <span class='ocrx_word' id='word_1_92' title='bbox 452 826 579 867; x_wconf 87' lang='lat' dir='ltr'>reliquis</span> <span class='ocrx_word' id='word_1_93' title='bbox 602 826 739 857; x_wconf 86' lang='lat' dir='ltr'>articulis</span> <span class='ocrx_word' id='word_1_94' title='bbox 763 826 904 857; x_wconf 88' lang='lat' dir='ltr'>eiusdem</span> <span class='ocrx_word' id='word_1_95' title='bbox 926 826 1225 869; x_wconf 87' lang='lat' dir='ltr'>vigesimaequintae</span> <span class='ocrx_word' id='word_1_96' title='bbox 1247 827 1442 869; x_wconf 83' lang='lat' dir='ltr'>quaestionis</span> 
     </span>
     <span class='ocr_line' id='line_1_14' title="bbox 387 839 1441 911; baseline 0.002 -11"><span class='ocrx_word' id='word_1_97' title='bbox 387 839 514 911; x_wconf 83' lang='lat' dir='ltr'>Iusque</span> <span class='ocrx_word' id='word_1_98' title='bbox 538 871 577 901; x_wconf 87' lang='lat' dir='ltr'>ad</span> <span class='ocrx_word' id='word_1_99' title='bbox 601 871 761 907; x_wconf 89' lang='lat' dir='ltr'>ultimum,</span> <span class='ocrx_word' id='word_1_100' title='bbox 785 870 864 900; x_wconf 91' lang='lat' dir='ltr'>nihil</span> <span class='ocrx_word' id='word_1_101' title='bbox 886 871 1087 901; x_wconf 89' lang='lat' dir='ltr'>scribendum</span> <span class='ocrx_word' id='word_1_102' title='bbox 1107 871 1250 902; x_wconf 89' lang='lat' dir='ltr'>occurrit.</span> <span class='ocrx_word' id='word_1_103' title='bbox 1275 872 1310 902; x_wconf 93' lang='lat' dir='ltr'>In</span> <span class='ocrx_word' id='word_1_104' title='bbox 1326 871 1441 902; x_wconf 90' lang='lat' dir='ltr'>ultimo</span> 
     </span>
     <span class='ocr_line' id='line_1_15' title="bbox 382 914 1441 955; baseline 0.002 -10"><span class='ocrx_word' id='word_1_105' title='bbox 382 922 498 952; x_wconf 90' lang='lat' dir='ltr'>autem,</span> <span class='ocrx_word' id='word_1_106' title='bbox 521 915 554 945; x_wconf 92' lang='lat' dir='ltr'>in</span> <span class='ocrx_word' id='word_1_107' title='bbox 569 914 775 955; x_wconf 86' lang='lat' dir='ltr'>responsione</span> <span class='ocrx_word' id='word_1_108' title='bbox 798 915 839 947; x_wconf 82' lang='lat' dir='ltr'>ad</span> <span class='ocrx_word' id='word_1_109' title='bbox 861 915 1011 955; x_wconf 88' lang='lat' dir='ltr'>primum,</span> <span class='ocrx_word' id='word_1_110' title='bbox 1031 915 1165 946; x_wconf 89' lang='lat' dir='ltr'>dubium</span> <span class='ocrx_word' id='word_1_111' title='bbox 1181 916 1326 947; x_wconf 87' lang='lat' dir='ltr'>occurrit.</span> <span class='ocrx_word' id='word_1_112' title='bbox 1351 916 1441 954; x_wconf 89' lang='lat' dir='ltr'>Quo-</span> 
     </span>
     <span class='ocr_line' id='line_1_16' title="bbox 381 958 1441 1001; baseline 0.001 -11"><span class='ocrx_word' id='word_1_113' title='bbox 381 960 468 990; x_wconf 87' lang='lat' dir='ltr'>niam</span> <span class='ocrx_word' id='word_1_114' title='bbox 483 959 547 991; x_wconf 77' lang='lat' dir='ltr'>iam</span> <span class='ocrx_word' id='word_1_115' title='bbox 561 959 580 978; x_wconf 80' lang='grc'>*</span> <span class='ocrx_word' id='word_1_116' title='bbox 598 959 719 990; x_wconf 87' lang='lat' dir='ltr'>dictum</span> <span class='ocrx_word' id='word_1_117' title='bbox 732 966 780 990; x_wconf 85' lang='lat' dir='ltr'>est</span> <span class='ocrx_word' id='word_1_118' title='bbox 798 960 887 1000; x_wconf 92' lang='lat' dir='ltr'>quod</span> <span class='ocrx_word' id='word_1_119' title='bbox 901 958 1010 990; x_wconf 73' lang='lat' dir='ltr'>caritas</span> <span class='ocrx_word' id='word_1_120' title='bbox 1027 966 1074 991; x_wconf 75' lang='lat' dir='ltr'>est</span> <span class='ocrx_word' id='word_1_121' title='bbox 1089 969 1153 990; x_wconf 88' lang='lat' dir='ltr'>una</span> <span class='ocrx_word' id='word_1_122' title='bbox 1166 959 1265 991; x_wconf 88' lang='lat' dir='ltr'>virtus</span> <span class='ocrx_word' id='word_1_123' title='bbox 1280 960 1314 990; x_wconf 90' lang='lat' dir='ltr'>in</span> <span class='ocrx_word' id='word_1_124' title='bbox 1329 960 1441 1001; x_wconf 86' lang='lat' dir='ltr'>specie,</span> 
     </span>
     <span class='ocr_line' id='line_1_17' title="bbox 382 1003 1442 1045; baseline 0.001 -11"><span class='ocrx_word' id='word_1_125' title='bbox 382 1005 440 1034; x_wconf 92' lang='lat' dir='ltr'>sub</span> <span class='ocrx_word' id='word_1_126' title='bbox 460 1014 523 1035; x_wconf 86' lang='lat' dir='ltr'>una</span> <span class='ocrx_word' id='word_1_127' title='bbox 539 1004 660 1042; x_wconf 71' lang='lat' dir='ltr'>ratione</span> <span class='ocrx_word' id='word_1_128' title='bbox 679 1003 803 1035; x_wconf 83' lang='lat' dir='ltr'>formali</span> <span class='ocrx_word' id='word_1_129' title='bbox 819 1003 927 1036; x_wconf 86' lang='lat' dir='ltr'>omnia</span> <span class='ocrx_word' id='word_1_130' title='bbox 943 1003 983 1035; x_wconf 78' lang='lat' dir='ltr'>ad</span> <span class='ocrx_word' id='word_1_131' title='bbox 1001 1013 1083 1045; x_wconf 75' lang='lat' dir='ltr'>quae</span> <span class='ocrx_word' id='word_1_132' title='bbox 1099 1014 1131 1035; x_wconf 89' lang='lat' dir='ltr'>se</span> <span class='ocrx_word' id='word_1_133' title='bbox 1147 1004 1285 1036; x_wconf 86' lang='lat' dir='ltr'>extendit</span> <span class='ocrx_word' id='word_1_134' title='bbox 1300 1004 1442 1045; x_wconf 81' lang='lat' dir='ltr'>diligens.</span> 
     </span>
     <span class='ocr_line' id='line_1_18' title="bbox 381 1047 1442 1090; baseline 0.001 -12"><span class='ocrx_word' id='word_1_135' title='bbox 381 1049 475 1079; x_wconf 90' lang='lat' dir='ltr'>Nunc</span> <span class='ocrx_word' id='word_1_136' title='bbox 497 1058 572 1080; x_wconf 84' lang='lat' dir='ltr'>vero</span> <span class='ocrx_word' id='word_1_137' title='bbox 601 1047 714 1079; x_wconf 89' lang='lat' dir='ltr'>dicitur</span> <span class='ocrx_word' id='word_1_138' title='bbox 744 1048 831 1090; x_wconf 90' lang='lat' dir='ltr'>quod</span> <span class='ocrx_word' id='word_1_139' title='bbox 855 1054 902 1078; x_wconf 88' lang='lat' dir='ltr'>est</span> <span class='ocrx_word' id='word_1_140' title='bbox 925 1047 1046 1079; x_wconf 87' lang='lat' dir='ltr'>diversa</span> <span class='ocrx_word' id='word_1_141' title='bbox 1069 1048 1147 1080; x_wconf 86' lang='lat' dir='ltr'>ratio</span> <span class='ocrx_word' id='word_1_142' title='bbox 1171 1048 1386 1089; x_wconf 75' lang='lat' dir='ltr'>diligibilitatis</span> <span class='ocrx_word' id='word_1_143' title='bbox 1409 1049 1442 1081; x_wconf 89' lang='lat' dir='ltr'>in</span> 
     </span>
     <span class='ocr_line' id='line_1_19' title="bbox 383 1091 1440 1134; baseline 0.001 -12"><span class='ocrx_word' id='word_1_144' title='bbox 383 1091 510 1122; x_wconf 86' lang='lat' dir='ltr'>diversis</span> <span class='ocrx_word' id='word_1_145' title='bbox 538 1091 751 1132; x_wconf 87' lang='lat' dir='ltr'>diligibilibus.</span> <span class='ocrx_word' id='word_1_146' title='bbox 787 1092 978 1134; x_wconf 86' lang='lat' dir='ltr'>Repugnant</span> <span class='ocrx_word' id='word_1_147' title='bbox 1007 1092 1102 1132; x_wconf 87' lang='lat' dir='ltr'>igitur</span> <span class='ocrx_word' id='word_1_148' title='bbox 1127 1093 1167 1124; x_wconf 91' lang='lat' dir='ltr'>ad</span> <span class='ocrx_word' id='word_1_149' title='bbox 1193 1092 1328 1123; x_wconf 88' lang='lat' dir='ltr'>invicem</span> <span class='ocrx_word' id='word_1_150' title='bbox 1351 1093 1440 1123; x_wconf 84' lang='lat' dir='ltr'>haec.</span> 
     </span>
    </p>

    <p class='ocr_par' dir='ltr' id='par_1_12' title="bbox 381 1136 1445 1526">
     <span class='ocr_line' id='line_1_20' title="bbox 448 1136 1440 1177; baseline 0.001 -11"><span class='ocrx_word' id='word_1_151' title='bbox 448 1136 498 1166; x_wconf 87' lang='lat' dir='ltr'>Ad</span> <span class='ocrx_word' id='word_1_152' title='bbox 520 1136 583 1167; x_wconf 90' lang='lat' dir='ltr'>hoc</span> <span class='ocrx_word' id='word_1_153' title='bbox 606 1136 719 1167; x_wconf 90' lang='lat' dir='ltr'>dicitur</span> <span class='ocrx_word' id='word_1_154' title='bbox 742 1136 831 1177; x_wconf 93' lang='lat' dir='ltr'>quod</span> <span class='ocrx_word' id='word_1_155' title='bbox 854 1136 939 1167; x_wconf 91' lang='lat' dir='ltr'>nulla</span> <span class='ocrx_word' id='word_1_156' title='bbox 956 1142 1003 1166; x_wconf 87' lang='lat' dir='ltr'>est</span> <span class='ocrx_word' id='word_1_157' title='bbox 1017 1137 1224 1177; x_wconf 87' lang='lat' dir='ltr'>repugnantia</span> <span class='ocrx_word' id='word_1_158' title='bbox 1246 1137 1326 1168; x_wconf 88' lang='lat' dir='ltr'>inter</span> <span class='ocrx_word' id='word_1_159' title='bbox 1344 1137 1440 1173; x_wconf 84' lang='lat' dir='ltr'>dicta;</span> 
     </span>
     <span class='ocr_line' id='line_1_21' title="bbox 382 1180 1442 1220; baseline 0.001 -10"><span class='ocrx_word' id='word_1_160' title='bbox 382 1181 437 1210; x_wconf 89' lang='lat' dir='ltr'>sed</span> <span class='ocrx_word' id='word_1_161' title='bbox 465 1180 642 1220; x_wconf 87' lang='lat' dir='ltr'>explanatio</span> <span class='ocrx_word' id='word_1_162' title='bbox 666 1181 794 1211; x_wconf 88' lang='lat' dir='ltr'>unitatis</span> <span class='ocrx_word' id='word_1_163' title='bbox 818 1187 848 1211; x_wconf 86' lang='lat' dir='ltr'>et</span> <span class='ocrx_word' id='word_1_164' title='bbox 875 1180 1059 1211; x_wconf 84' lang='lat' dir='ltr'>diversitatis</span> <span class='ocrx_word' id='word_1_165' title='bbox 1088 1181 1234 1211; x_wconf 79' lang='lat' dir='ltr'>inventae</span> <span class='ocrx_word' id='word_1_166' title='bbox 1260 1181 1293 1210; x_wconf 88' lang='lat' dir='ltr'>in</span> <span class='ocrx_word' id='word_1_167' title='bbox 1317 1181 1442 1211; x_wconf 84' lang='lat' dir='ltr'>obiecto</span> 
     </span>
     <span class='ocr_line' id='line_1_22' title="bbox 381 1224 1443 1266; baseline -0.001 -11"><span class='ocrx_word' id='word_1_168' title='bbox 381 1224 526 1255; x_wconf 77' lang='lat' dir='ltr'>caritatis.</span> <span class='ocrx_word' id='word_1_169' title='bbox 548 1225 606 1256; x_wconf 86' lang='lat' dir='ltr'>Est</span> <span class='ocrx_word' id='word_1_170' title='bbox 628 1225 785 1266; x_wconf 79' lang='lat' dir='ltr'>siquidem</span> <span class='ocrx_word' id='word_1_171' title='bbox 808 1225 841 1255; x_wconf 89' lang='lat' dir='ltr'>in</span> <span class='ocrx_word' id='word_1_172' title='bbox 858 1234 896 1255; x_wconf 90' lang='lat' dir='ltr'>eo</span> <span class='ocrx_word' id='word_1_173' title='bbox 913 1224 1016 1255; x_wconf 82' lang='lat' dir='ltr'>unitas</span> <span class='ocrx_word' id='word_1_174' title='bbox 1040 1224 1181 1255; x_wconf 79' lang='lat' dir='ltr'>formalis</span> <span class='ocrx_word' id='word_1_175' title='bbox 1203 1231 1312 1255; x_wconf 79' lang='lat' dir='ltr'>atoma</span> <span class='ocrx_word' id='word_1_176' title='bbox 1335 1224 1443 1265; x_wconf 86' lang='lat' dir='ltr'>quoad</span> 
     </span>
     <span class='ocr_line' id='line_1_23' title="bbox 382 1268 1443 1310; baseline 0 -11"><span class='ocrx_word' id='word_1_177' title='bbox 382 1278 449 1299; x_wconf 82' lang='lat' dir='ltr'>rem</span> <span class='ocrx_word' id='word_1_178' title='bbox 472 1279 553 1310; x_wconf 82' lang='lat' dir='ltr'>quae</span> <span class='ocrx_word' id='word_1_179' title='bbox 576 1276 622 1300; x_wconf 86' lang='lat' dir='ltr'>est</span> <span class='ocrx_word' id='word_1_180' title='bbox 645 1269 806 1300; x_wconf 84' lang='lat' dir='ltr'>obiectum</span> <span class='ocrx_word' id='word_1_181' title='bbox 829 1268 962 1300; x_wconf 82' lang='lat' dir='ltr'>formale</span> <span class='ocrx_word' id='word_1_182' title='bbox 985 1268 1134 1299; x_wconf 87' lang='lat' dir='ltr'>caritatis:</span> <span class='ocrx_word' id='word_1_183' title='bbox 1159 1275 1206 1299; x_wconf 87' lang='lat' dir='ltr'>est</span> <span class='ocrx_word' id='word_1_184' title='bbox 1225 1275 1255 1299; x_wconf 90' lang='lat' dir='ltr'>et</span> <span class='ocrx_word' id='word_1_185' title='bbox 1277 1268 1310 1298; x_wconf 89' lang='lat' dir='ltr'>in</span> <span class='ocrx_word' id='word_1_186' title='bbox 1332 1278 1372 1299; x_wconf 87' lang='lat' dir='ltr'>eo</span> <span class='ocrx_word' id='word_1_187' title='bbox 1396 1268 1443 1299; x_wconf 89' lang='lat' dir='ltr'>di-</span> 
     </span>
     <span class='ocr_line' id='line_1_24' title="bbox 381 1311 1443 1345; baseline 0.001 -3"><span class='ocrx_word' id='word_1_188' title='bbox 381 1323 544 1344; x_wconf 87' lang='lat' dir='ltr'>versarum</span> <span class='ocrx_word' id='word_1_189' title='bbox 566 1313 726 1345; x_wconf 89' lang='lat' dir='ltr'>rationum</span> <span class='ocrx_word' id='word_1_190' title='bbox 749 1313 900 1344; x_wconf 87' lang='lat' dir='ltr'>habitudo</span> <span class='ocrx_word' id='word_1_191' title='bbox 918 1313 957 1344; x_wconf 93' lang='lat' dir='ltr'>ad</span> <span class='ocrx_word' id='word_1_192' title='bbox 971 1311 1051 1343; x_wconf 90' lang='lat' dir='ltr'>illud</span> <span class='ocrx_word' id='word_1_193' title='bbox 1074 1322 1177 1344; x_wconf 88' lang='lat' dir='ltr'>unum</span> <span class='ocrx_word' id='word_1_194' title='bbox 1199 1312 1334 1343; x_wconf 88' lang='lat' dir='ltr'>formale</span> <span class='ocrx_word' id='word_1_195' title='bbox 1357 1312 1443 1343; x_wconf 88' lang='lat' dir='ltr'>obie-</span> 
     </span>
     <span class='ocr_line' id='line_1_25' title="bbox 382 1356 1444 1397; baseline 0 -10"><span class='ocrx_word' id='word_1_196' title='bbox 382 1364 478 1388; x_wconf 89' lang='lat' dir='ltr'>ctum.</span> <span class='ocrx_word' id='word_1_197' title='bbox 502 1357 568 1389; x_wconf 90' lang='lat' dir='ltr'>Nec</span> <span class='ocrx_word' id='word_1_198' title='bbox 590 1357 653 1388; x_wconf 87' lang='lat' dir='ltr'>hoc</span> <span class='ocrx_word' id='word_1_199' title='bbox 677 1364 723 1388; x_wconf 86' lang='lat' dir='ltr'>est</span> <span class='ocrx_word' id='word_1_200' title='bbox 751 1357 907 1397; x_wconf 88' lang='lat' dir='ltr'>singulare</span> <span class='ocrx_word' id='word_1_201' title='bbox 932 1356 965 1387; x_wconf 89' lang='lat' dir='ltr'>in</span> <span class='ocrx_word' id='word_1_202' title='bbox 991 1357 1049 1387; x_wconf 88' lang='lat' dir='ltr'>hac</span> <span class='ocrx_word' id='word_1_203' title='bbox 1071 1366 1122 1393; x_wconf 92' lang='lat' dir='ltr'>re,</span> <span class='ocrx_word' id='word_1_204' title='bbox 1147 1356 1201 1387; x_wconf 86' lang='lat' dir='ltr'>sed</span> <span class='ocrx_word' id='word_1_205' title='bbox 1231 1356 1444 1387; x_wconf 84' lang='lat' dir='ltr'>communiter</span> 
     </span>
     <span class='ocr_line' id='line_1_26' title="bbox 381 1400 1442 1442; baseline -0.001 -11"><span class='ocrx_word' id='word_1_206' title='bbox 381 1401 541 1432; x_wconf 88' lang='lat' dir='ltr'>invenitur</span> <span class='ocrx_word' id='word_1_207' title='bbox 562 1401 595 1431; x_wconf 90' lang='lat' dir='ltr'>in</span> <span class='ocrx_word' id='word_1_208' title='bbox 611 1401 659 1431; x_wconf 90' lang='lat' dir='ltr'>his</span> <span class='ocrx_word' id='word_1_209' title='bbox 682 1411 763 1442; x_wconf 87' lang='lat' dir='ltr'>quae</span> <span class='ocrx_word' id='word_1_210' title='bbox 783 1407 856 1432; x_wconf 91' lang='lat' dir='ltr'>sunt</span> <span class='ocrx_word' id='word_1_211' title='bbox 879 1401 919 1431; x_wconf 86' lang='lat' dir='ltr'>ad</span> <span class='ocrx_word' id='word_1_212' title='bbox 934 1410 1038 1433; x_wconf 90' lang='lat' dir='ltr'>unum</span> <span class='ocrx_word' id='word_1_213' title='bbox 1054 1401 1105 1431; x_wconf 87' lang='lat' dir='ltr'>vel</span> <span class='ocrx_word' id='word_1_214' title='bbox 1123 1401 1161 1431; x_wconf 87' lang='lat' dir='ltr'>ab</span> <span class='ocrx_word' id='word_1_215' title='bbox 1178 1410 1255 1431; x_wconf 89' lang='lat' dir='ltr'>uno.</span> <span class='ocrx_word' id='word_1_216' title='bbox 1280 1401 1325 1432; x_wconf 86' lang='lat' dir='ltr'>Ita</span> <span class='ocrx_word' id='word_1_217' title='bbox 1344 1400 1442 1442; x_wconf 90' lang='lat' dir='ltr'>quod,</span> 
     </span>
     <span class='ocr_line' id='line_1_27' title="bbox 382 1444 1443 1486; baseline -0.001 -10"><span class='ocrx_word' id='word_1_218' title='bbox 382 1445 516 1486; x_wconf 89' lang='lat' dir='ltr'>exempli</span> <span class='ocrx_word' id='word_1_219' title='bbox 530 1445 638 1485; x_wconf 86' lang='lat' dir='ltr'>gratia,</span> <span class='ocrx_word' id='word_1_220' title='bbox 650 1445 925 1486; x_wconf 85' lang='lat' dir='ltr'>quemadmodum</span> <span class='ocrx_word' id='word_1_221' title='bbox 941 1445 1056 1476; x_wconf 86' lang='lat' dir='ltr'>sanitas</span> <span class='ocrx_word' id='word_1_222' title='bbox 1071 1451 1118 1475; x_wconf 84' lang='lat' dir='ltr'>est</span> <span class='ocrx_word' id='word_1_223' title='bbox 1133 1445 1295 1476; x_wconf 87' lang='lat' dir='ltr'>obiectum</span> <span class='ocrx_word' id='word_1_224' title='bbox 1311 1444 1443 1475; x_wconf 85' lang='lat' dir='ltr'>formale</span> 
     </span>
     <span class='ocr_line' id='line_1_28' title="bbox 384 1489 1445 1526; baseline 0 -6"><span class='ocrx_word' id='word_1_225' title='bbox 384 1490 556 1521; x_wconf 75' lang='lat' dir='ltr'>medicinae</span> <span class='ocrx_word' id='word_1_226' title='bbox 578 1497 610 1520; x_wconf 84' lang='lat' dir='ltr'>et</span> <span class='ocrx_word' id='word_1_227' title='bbox 631 1490 727 1521; x_wconf 85' lang='lat' dir='ltr'>unius</span> <span class='ocrx_word' id='word_1_228' title='bbox 751 1496 797 1520; x_wconf 89' lang='lat' dir='ltr'>est</span> <span class='ocrx_word' id='word_1_229' title='bbox 819 1489 852 1520; x_wconf 89' lang='lat' dir='ltr'>in</span> <span class='ocrx_word' id='word_1_230' title='bbox 872 1499 906 1520; x_wconf 75' lang='lat' dir='ltr'>se</span> <span class='ocrx_word' id='word_1_231' title='bbox 929 1489 1058 1521; x_wconf 75' lang='lat' dir='ltr'>rationis</span> <span class='ocrx_word' id='word_1_232' title='bbox 1082 1489 1223 1520; x_wconf 78' lang='lat' dir='ltr'>formalis</span> <span class='ocrx_word' id='word_1_233' title='bbox 1245 1489 1376 1526; x_wconf 75' lang='lat' dir='ltr'>sanitas,</span> <span class='ocrx_word' id='word_1_234' title='bbox 1401 1489 1445 1520; x_wconf 76' lang='lat' dir='ltr'>di-</span> 
     </span>
    </p>
   </div>
   <div class='ocr_carea' id='block_1_12' title="bbox 1491 827 2558 1520">
    <p class='ocr_par' dir='ltr' id='par_1_13' title="bbox 1491 827 2557 1310">
     <span class='ocr_line' id='line_1_29' title="bbox 1491 827 2555 869; baseline 0.002 -11"><span class='ocrx_word' id='word_1_235' title='bbox 1491 837 1580 858; x_wconf 86' lang='lat' dir='ltr'>versa</span> <span class='ocrx_word' id='word_1_236' title='bbox 1596 834 1764 862; x_wconf 79' lang='lat' dir='ltr'>tamenest</span> <span class='ocrx_word' id='word_1_237' title='bbox 1777 827 1930 859; x_wconf 85' lang='lat' dir='ltr'>habitudo</span> <span class='ocrx_word' id='word_1_238' title='bbox 1946 837 2098 859; x_wconf 88' lang='lat' dir='ltr'>sanorum</span> <span class='ocrx_word' id='word_1_239' title='bbox 2115 828 2154 858; x_wconf 91' lang='lat' dir='ltr'>ad</span> <span class='ocrx_word' id='word_1_240' title='bbox 2170 827 2347 866; x_wconf 84' lang='lat' dir='ltr'>sanitatem,</span> <span class='ocrx_word' id='word_1_241' title='bbox 2364 828 2440 869; x_wconf 89' lang='lat' dir='ltr'>quia</span> <span class='ocrx_word' id='word_1_242' title='bbox 2453 827 2555 860; x_wconf 84' lang='lat' dir='ltr'>diaeta</span> 
     </span>
     <span class='ocr_line' id='line_1_30' title="bbox 1493 872 2555 914; baseline 0 -11"><span class='ocrx_word' id='word_1_243' title='bbox 1493 879 1540 904; x_wconf 85' lang='lat' dir='ltr'>est</span> <span class='ocrx_word' id='word_1_244' title='bbox 1563 872 1786 909; x_wconf 79' lang='lat' dir='ltr'>conservativa,</span> <span class='ocrx_word' id='word_1_245' title='bbox 1810 872 1966 905; x_wconf 86' lang='lat' dir='ltr'>medicina</span> <span class='ocrx_word' id='word_1_246' title='bbox 1989 879 2035 903; x_wconf 89' lang='lat' dir='ltr'>est</span> <span class='ocrx_word' id='word_1_247' title='bbox 2058 872 2187 909; x_wconf 86' lang='lat' dir='ltr'>factiva,</span> <span class='ocrx_word' id='word_1_248' title='bbox 2211 872 2311 902; x_wconf 84' lang='lat' dir='ltr'>homo</span> <span class='ocrx_word' id='word_1_249' title='bbox 2336 878 2383 904; x_wconf 89' lang='lat' dir='ltr'>est</span> <span class='ocrx_word' id='word_1_250' title='bbox 2405 873 2555 914; x_wconf 87' lang='lat' dir='ltr'>suscepti-</span> 
     </span>
     <span class='ocr_line' id='line_1_31' title="bbox 1492 916 2557 957; baseline 0.001 -11"><span class='ocrx_word' id='word_1_251' title='bbox 1492 927 1568 953; x_wconf 88' lang='lat' dir='ltr'>vus,</span> <span class='ocrx_word' id='word_1_252' title='bbox 1590 923 1666 953; x_wconf 85' lang='lat' dir='ltr'>etc.;</span> <span class='ocrx_word' id='word_1_253' title='bbox 1700 917 1742 947; x_wconf 90' lang='lat' dir='ltr'>ita</span> <span class='ocrx_word' id='word_1_254' title='bbox 1763 916 1797 946; x_wconf 87' lang='lat' dir='ltr'>in</span> <span class='ocrx_word' id='word_1_255' title='bbox 1823 917 1988 957; x_wconf 85' lang='lat' dir='ltr'>proposito</span> <span class='ocrx_word' id='word_1_256' title='bbox 2013 916 2174 948; x_wconf 88' lang='lat' dir='ltr'>obiectum</span> <span class='ocrx_word' id='word_1_257' title='bbox 2196 916 2330 947; x_wconf 85' lang='lat' dir='ltr'>formale</span> <span class='ocrx_word' id='word_1_258' title='bbox 2354 916 2487 948; x_wconf 84' lang='lat' dir='ltr'>caritatis</span> <span class='ocrx_word' id='word_1_259' title='bbox 2510 923 2557 947; x_wconf 88' lang='lat' dir='ltr'>est</span> 
     </span>
     <span class='ocr_line' id='line_1_32' title="bbox 1492 960 2557 1002; baseline 0.001 -11"><span class='ocrx_word' id='word_1_260' title='bbox 1492 961 1561 1001; x_wconf 86' lang='lat' dir='ltr'>ipsa</span> <span class='ocrx_word' id='word_1_261' title='bbox 1585 961 1698 997; x_wconf 80' lang='lat' dir='ltr'>deitas,</span> <span class='ocrx_word' id='word_1_262' title='bbox 1723 960 1763 991; x_wconf 87' lang='lat' dir='ltr'>ad</span> <span class='ocrx_word' id='word_1_263' title='bbox 1785 970 1884 1002; x_wconf 87' lang='lat' dir='ltr'>quam</span> <span class='ocrx_word' id='word_1_264' title='bbox 1906 961 1995 992; x_wconf 84' lang='lat' dir='ltr'>aliter</span> <span class='ocrx_word' id='word_1_265' title='bbox 2017 971 2050 991; x_wconf 87' lang='lat' dir='ltr'>se</span> <span class='ocrx_word' id='word_1_266' title='bbox 2073 961 2167 992; x_wconf 87' lang='lat' dir='ltr'>habet</span> <span class='ocrx_word' id='word_1_267' title='bbox 2189 961 2292 998; x_wconf 82' lang='lat' dir='ltr'>Deus,</span> <span class='ocrx_word' id='word_1_268' title='bbox 2317 961 2405 992; x_wconf 84' lang='lat' dir='ltr'>aliter</span> <span class='ocrx_word' id='word_1_269' title='bbox 2432 961 2557 1002; x_wconf 83' lang='lat' dir='ltr'>partici-</span> 
     </span>
     <span class='ocr_line' id='line_1_33' title="bbox 1492 1004 2556 1046; baseline 0 -10"><span class='ocrx_word' id='word_1_270' title='bbox 1492 1015 1572 1046; x_wconf 85' lang='lat' dir='ltr'>pans</span> <span class='ocrx_word' id='word_1_271' title='bbox 1593 1005 1626 1035; x_wconf 88' lang='lat' dir='ltr'>in</span> <span class='ocrx_word' id='word_1_272' title='bbox 1642 1004 1747 1045; x_wconf 77' lang='lat' dir='ltr'>seipso</span> <span class='ocrx_word' id='word_1_273' title='bbox 1770 1011 1807 1036; x_wconf 89' lang='lat' dir='ltr'>ut</span> <span class='ocrx_word' id='word_1_274' title='bbox 1828 1005 1882 1042; x_wconf 84' lang='lat' dir='ltr'>sic,</span> <span class='ocrx_word' id='word_1_275' title='bbox 1907 1012 1937 1037; x_wconf 85' lang='lat' dir='ltr'>et</span> <span class='ocrx_word' id='word_1_276' title='bbox 1958 1005 2047 1036; x_wconf 85' lang='lat' dir='ltr'>aliter</span> <span class='ocrx_word' id='word_1_277' title='bbox 2070 1005 2201 1045; x_wconf 81' lang='lat' dir='ltr'>diligens</span> <span class='ocrx_word' id='word_1_278' title='bbox 2225 1005 2500 1046; x_wconf 83' lang='lat' dir='ltr'>participationem</span> <span class='ocrx_word' id='word_1_279' title='bbox 2521 1005 2556 1037; x_wconf 89' lang='lat' dir='ltr'>in</span> 
     </span>
     <span class='ocr_line' id='line_1_34' title="bbox 1494 1049 2557 1091; baseline 0 -10"><span class='ocrx_word' id='word_1_280' title='bbox 1494 1049 1566 1086; x_wconf 89' lang='lat' dir='ltr'>alio,</span> <span class='ocrx_word' id='word_1_281' title='bbox 1590 1056 1622 1088; x_wconf 81' lang='lat' dir='ltr'>et</span> <span class='ocrx_word' id='word_1_282' title='bbox 1644 1049 1731 1081; x_wconf 85' lang='lat' dir='ltr'>aliter</span> <span class='ocrx_word' id='word_1_283' title='bbox 1754 1049 1880 1081; x_wconf 74' lang='lat' dir='ltr'>diffusio</span> <span class='ocrx_word' id='word_1_284' title='bbox 1899 1049 1966 1081; x_wconf 86' lang='lat' dir='ltr'>eius</span> <span class='ocrx_word' id='word_1_285' title='bbox 1990 1059 2092 1091; x_wconf 79' lang='lat' dir='ltr'>usque</span> <span class='ocrx_word' id='word_1_286' title='bbox 2114 1050 2155 1080; x_wconf 92' lang='lat' dir='ltr'>ad</span> <span class='ocrx_word' id='word_1_287' title='bbox 2174 1059 2300 1091; x_wconf 85' lang='lat' dir='ltr'>corpus.</span> <span class='ocrx_word' id='word_1_288' title='bbox 2323 1050 2365 1080; x_wconf 92' lang='lat' dir='ltr'>Et</span> <span class='ocrx_word' id='word_1_289' title='bbox 2386 1049 2491 1081; x_wconf 73' lang='lat' dir='ltr'>simile</span> <span class='ocrx_word' id='word_1_290' title='bbox 2509 1056 2557 1081; x_wconf 82' lang='lat' dir='ltr'>est</span> 
     </span>
     <span class='ocr_line' id='line_1_35' title="bbox 1494 1093 2556 1135; baseline 0.002 -12"><span class='ocrx_word' id='word_1_291' title='bbox 1494 1094 1533 1124; x_wconf 93' lang='lat' dir='ltr'>de</span> <span class='ocrx_word' id='word_1_292' title='bbox 1557 1093 1845 1124; x_wconf 87' lang='lat' dir='ltr'>communicatione</span> <span class='ocrx_word' id='word_1_293' title='bbox 1868 1093 2079 1131; x_wconf 87' lang='lat' dir='ltr'>beatitudinis,</span> <span class='ocrx_word' id='word_1_294' title='bbox 2105 1103 2186 1135; x_wconf 87' lang='lat' dir='ltr'>quae</span> <span class='ocrx_word' id='word_1_295' title='bbox 2209 1094 2249 1124; x_wconf 88' lang='lat' dir='ltr'>ad</span> <span class='ocrx_word' id='word_1_296' title='bbox 2272 1093 2396 1125; x_wconf 82' lang='lat' dir='ltr'>deitatis</span> <span class='ocrx_word' id='word_1_297' title='bbox 2413 1103 2556 1125; x_wconf 88' lang='lat' dir='ltr'>commu-</span> 
     </span>
     <span class='ocr_line' id='line_1_36' title="bbox 1494 1137 2556 1178; baseline 0.002 -11"><span class='ocrx_word' id='word_1_298' title='bbox 1494 1137 1687 1168; x_wconf 86' lang='lat' dir='ltr'>nicationem</span> <span class='ocrx_word' id='word_1_299' title='bbox 1716 1143 1848 1176; x_wconf 89' lang='lat' dir='ltr'>spectat:</span> <span class='ocrx_word' id='word_1_300' title='bbox 1874 1137 1948 1178; x_wconf 87' lang='lat' dir='ltr'>quia</span> <span class='ocrx_word' id='word_1_301' title='bbox 1971 1137 2059 1169; x_wconf 88' lang='lat' dir='ltr'>aliter</span> <span class='ocrx_word' id='word_1_302' title='bbox 2081 1147 2114 1168; x_wconf 86' lang='lat' dir='ltr'>se</span> <span class='ocrx_word' id='word_1_303' title='bbox 2137 1137 2230 1170; x_wconf 88' lang='lat' dir='ltr'>habet</span> <span class='ocrx_word' id='word_1_304' title='bbox 2253 1138 2356 1174; x_wconf 87' lang='lat' dir='ltr'>Deus,</span> <span class='ocrx_word' id='word_1_305' title='bbox 2381 1144 2439 1169; x_wconf 91' lang='lat' dir='ltr'>etc.</span> <span class='ocrx_word' id='word_1_306' title='bbox 2456 1138 2556 1169; x_wconf 90' lang='lat' dir='ltr'>-Nec</span> 
     </span>
     <span class='ocr_line' id='line_1_37' title="bbox 1493 1180 2557 1222; baseline 0.002 -11"><span class='ocrx_word' id='word_1_307' title='bbox 1493 1180 1588 1211; x_wconf 80' lang='lat' dir='ltr'>facias</span> <span class='ocrx_word' id='word_1_308' title='bbox 1611 1181 1677 1211; x_wconf 87' lang='lat' dir='ltr'>vim</span> <span class='ocrx_word' id='word_1_309' title='bbox 1701 1181 1790 1221; x_wconf 91' lang='lat' dir='ltr'>quod</span> <span class='ocrx_word' id='word_1_310' title='bbox 1805 1180 1838 1211; x_wconf 89' lang='lat' dir='ltr'>in</span> <span class='ocrx_word' id='word_1_311' title='bbox 1852 1180 1954 1211; x_wconf 84' lang='lat' dir='ltr'>littera</span> <span class='ocrx_word' id='word_1_312' title='bbox 1968 1180 1986 1200; x_wconf 68' lang='lat'>⁴³</span> <span class='ocrx_word' id='word_1_313' title='bbox 2001 1181 2114 1212; x_wconf 85' lang='lat' dir='ltr'>dicitur</span> <span class='ocrx_word' id='word_1_314' title='bbox 2137 1181 2225 1222; x_wconf 87' lang='lat' dir='ltr'>quod</span> <span class='ocrx_word' id='word_1_315' title='bbox 2248 1182 2336 1213; x_wconf 82' lang='lat' dir='ltr'>Deus</span> <span class='ocrx_word' id='word_1_316' title='bbox 2352 1191 2384 1212; x_wconf 81' lang='lat' dir='ltr'>se</span> <span class='ocrx_word' id='word_1_317' title='bbox 2403 1182 2497 1213; x_wconf 84' lang='lat' dir='ltr'>habet</span> <span class='ocrx_word' id='word_1_318' title='bbox 2519 1188 2557 1213; x_wconf 91' lang='lat' dir='ltr'>ut</span> 
     </span>
     <span class='ocr_line' id='line_1_38' title="bbox 1494 1224 2554 1263; baseline 0.004 -9"><span class='ocrx_word' id='word_1_319' title='bbox 1494 1233 1598 1255; x_wconf 78' lang='lat' dir='ltr'>causa.</span> <span class='ocrx_word' id='word_1_320' title='bbox 1629 1224 1685 1255; x_wconf 90' lang='lat' dir='ltr'>Est</span> <span class='ocrx_word' id='word_1_321' title='bbox 1713 1224 1798 1254; x_wconf 83' lang='lat' dir='ltr'>enim</span> <span class='ocrx_word' id='word_1_322' title='bbox 1826 1231 1861 1255; x_wconf 89' lang='lat' dir='ltr'>ut</span> <span class='ocrx_word' id='word_1_323' title='bbox 1891 1234 1984 1255; x_wconf 77' lang='lat' dir='ltr'>eausa</span> <span class='ocrx_word' id='word_1_324' title='bbox 2006 1225 2306 1256; x_wconf 77' lang='lat' dir='ltr'>communicationis</span> <span class='ocrx_word' id='word_1_325' title='bbox 2335 1226 2554 1263; x_wconf 70' lang='lat' dir='ltr'>essentialiter,</span> 
     </span>
     <span class='ocr_line' id='line_1_39' title="bbox 1494 1268 2554 1310; baseline 0.003 -10"><span class='ocrx_word' id='word_1_326' title='bbox 1494 1268 1742 1300; x_wconf 84' lang='lat' dir='ltr'>eminentissime</span> <span class='ocrx_word' id='word_1_327' title='bbox 1764 1268 1957 1308; x_wconf 73' lang='lat' dir='ltr'>praehabens</span> <span class='ocrx_word' id='word_1_328' title='bbox 1973 1269 2199 1301; x_wconf 74' lang='lat' dir='ltr'>beatitudinem</span> <span class='ocrx_word' id='word_1_329' title='bbox 2214 1279 2314 1310; x_wconf 82' lang='lat' dir='ltr'>quam</span> <span class='ocrx_word' id='word_1_330' title='bbox 2329 1270 2554 1303; x_wconf 77' lang='lat' dir='ltr'>communicat.</span> 
     </span>
    </p>

    <p class='ocr_par' dir='ltr' id='par_1_14' title="bbox 1494 1312 2558 1520">
     <span class='ocr_line' id='line_1_40' title="bbox 1546 1312 2557 1355; baseline 0.005 -13"><span class='ocrx_word' id='word_1_331' title='bbox 1546 1312 1602 1343; x_wconf 88' lang='lat' dir='ltr'>Est</span> <span class='ocrx_word' id='word_1_332' title='bbox 1618 1322 1692 1352; x_wconf 88' lang='lat' dir='ltr'>ergo</span> <span class='ocrx_word' id='word_1_333' title='bbox 1705 1312 1737 1342; x_wconf 93' lang='lat' dir='ltr'>in</span> <span class='ocrx_word' id='word_1_334' title='bbox 1750 1312 1882 1344; x_wconf 88' lang='lat' dir='ltr'>caritatis</span> <span class='ocrx_word' id='word_1_335' title='bbox 1898 1312 2023 1343; x_wconf 90' lang='lat' dir='ltr'>obiecto</span> <span class='ocrx_word' id='word_1_336' title='bbox 2041 1323 2105 1343; x_wconf 83' lang='lat' dir='ltr'>una</span> <span class='ocrx_word' id='word_1_337' title='bbox 2120 1313 2199 1346; x_wconf 79' lang='lat' dir='ltr'>ratio</span> <span class='ocrx_word' id='word_1_338' title='bbox 2214 1313 2431 1355; x_wconf 81' lang='lat' dir='ltr'>diligibilitatis</span> <span class='ocrx_word' id='word_1_339' title='bbox 2445 1323 2557 1347; x_wconf 79' lang='lat' dir='ltr'>secun-</span> 
     </span>
     <span class='ocr_line' id='line_1_41' title="bbox 1495 1356 2558 1400; baseline 0.002 -14"><span class='ocrx_word' id='word_1_340' title='bbox 1495 1357 1574 1394; x_wconf 85' lang='lat' dir='ltr'>dum</span> <span class='ocrx_word' id='word_1_341' title='bbox 1597 1356 1765 1387; x_wconf 86' lang='lat' dir='ltr'>formalem</span> <span class='ocrx_word' id='word_1_342' title='bbox 1783 1357 1940 1389; x_wconf 86' lang='lat' dir='ltr'>rationem</span> <span class='ocrx_word' id='word_1_343' title='bbox 1962 1367 2024 1398; x_wconf 84' lang='lat' dir='ltr'>qua</span> <span class='ocrx_word' id='word_1_344' title='bbox 2041 1367 2078 1389; x_wconf 88' lang='lat' dir='ltr'>ex</span> <span class='ocrx_word' id='word_1_345' title='bbox 2095 1356 2218 1392; x_wconf 76' lang='lat' dir='ltr'>caritate</span> <span class='ocrx_word' id='word_1_346' title='bbox 2242 1356 2382 1398; x_wconf 74' lang='lat' dir='ltr'>diligitur</span> <span class='ocrx_word' id='word_1_347' title='bbox 2400 1358 2558 1400; x_wconf 83' lang='lat' dir='ltr'>quidquid</span> 
     </span>
     <span class='ocr_line' id='line_1_42' title="bbox 1495 1401 2557 1442; baseline 0.002 -11"><span class='ocrx_word' id='word_1_348' title='bbox 1495 1401 1644 1441; x_wconf 85' lang='lat' dir='ltr'>diligitur.</span> <span class='ocrx_word' id='word_1_349' title='bbox 1669 1401 1725 1431; x_wconf 87' lang='lat' dir='ltr'>Est</span> <span class='ocrx_word' id='word_1_350' title='bbox 1747 1407 1779 1431; x_wconf 84' lang='lat' dir='ltr'>et</span> <span class='ocrx_word' id='word_1_351' title='bbox 1797 1401 1916 1432; x_wconf 87' lang='lat' dir='ltr'>diversa</span> <span class='ocrx_word' id='word_1_352' title='bbox 1931 1401 2012 1432; x_wconf 89' lang='lat' dir='ltr'>ratio</span> <span class='ocrx_word' id='word_1_353' title='bbox 2029 1401 2243 1442; x_wconf 84' lang='lat' dir='ltr'>diligibilitatis</span> <span class='ocrx_word' id='word_1_354' title='bbox 2259 1402 2436 1432; x_wconf 88' lang='lat' dir='ltr'>secundum</span> <span class='ocrx_word' id='word_1_355' title='bbox 2458 1401 2557 1433; x_wconf 85' lang='lat' dir='ltr'>diver-</span> 
     </span>
     <span class='ocr_line' id='line_1_43' title="bbox 1494 1445 2558 1486; baseline 0.003 -11"><span class='ocrx_word' id='word_1_356' title='bbox 1494 1455 1564 1475; x_wconf 77' lang='lat' dir='ltr'>sam</span> <span class='ocrx_word' id='word_1_357' title='bbox 1590 1445 1809 1476; x_wconf 74' lang='lat' dir='ltr'>habitudinem</span> <span class='ocrx_word' id='word_1_358' title='bbox 1841 1445 2042 1486; x_wconf 82' lang='lat' dir='ltr'>diligibilium</span> <span class='ocrx_word' id='word_1_359' title='bbox 2069 1455 2106 1477; x_wconf 86' lang='lat' dir='ltr'>ex</span> <span class='ocrx_word' id='word_1_360' title='bbox 2129 1446 2254 1478; x_wconf 83' lang='lat' dir='ltr'>caritate</span> <span class='ocrx_word' id='word_1_361' title='bbox 2283 1446 2323 1477; x_wconf 90' lang='lat' dir='ltr'>ad</span> <span class='ocrx_word' id='word_1_362' title='bbox 2348 1445 2437 1477; x_wconf 81' lang='lat' dir='ltr'>illam</span> <span class='ocrx_word' id='word_1_363' title='bbox 2459 1456 2558 1478; x_wconf 86' lang='lat' dir='ltr'>unam</span> 
     </span>
     <span class='ocr_line' id='line_1_44' title="bbox 1495 1489 1853 1520; baseline 0 0"><span class='ocrx_word' id='word_1_364' title='bbox 1495 1489 1651 1520; x_wconf 80' lang='lat' dir='ltr'>rationem</span> <span class='ocrx_word' id='word_1_365' title='bbox 1674 1489 1853 1520; x_wconf 71' lang='lat' dir='ltr'>formalem.</span> 
     </span>
    </p>
   </div>
   <div class='ocr_carea' id='block_1_13' title="bbox 1105 2269 1849 2560">
    <p class='ocr_par' dir='ltr' id='par_1_15' title="bbox 1105 2269 1849 2560">
     <span class='ocr_line' id='line_1_45' title="bbox 1105 2269 1849 2560; baseline 0 1496"><span class='ocrx_word' id='word_1_366' title='bbox 1105 2269 1849 2560; x_wconf 95' lang='lat' dir='ltr'> </span> 
     </span>
    </p>
   </div>
   <div class='ocr_carea' id='block_1_14' title="bbox 2582 1191 2754 1219">
    <p class='ocr_par' dir='ltr' id='par_1_16' title="bbox 2582 1191 2754 1219">
     <span class='ocr_line' id='line_1_46' title="bbox 2582 1191 2754 1219; baseline -0.006 -6"><span class='ocrx_word' id='word_1_367' title='bbox 2582 1192 2594 1205; x_wconf 70' lang='lat'>¹⁸</span> <span class='ocrx_word' id='word_1_368' title='bbox 2607 1191 2633 1213; x_wconf 83' lang='lat'>111</span> <span class='ocrx_word' id='word_1_369' title='bbox 2648 1196 2754 1219; x_wconf 79' lang='lat' dir='ltr'>corpore.</span> 
     </span>
    </p>
   </div>
  </div>
 </body>
</html>
