2892 4056
997 148 1263 195 QUAESTlo
1293 148 1396 195 xvi,

1426 148 1723 186 ARTICULUS
1752 149 1771 184 1·
1835 155 1845 163 '
2398 158 2461 183 121

862 337 1273 414 QUAESTIO
1308 335 1909 392 DECIMASEXTA

576 454 660 495 DE
691 455 1063 496 PRAECEPTIS
1096 455 1271 503 FIDEI,
1307 454 1628 496 sclENTIAE
1661 455 1739 495 ET
1772 453 2193 495 INTELLECTUS

1110 561 1144 586 ΙΝ

299 666 488 747 DEmDE
517 658 835 695 considerandum
865 665 920 694 est
949 658 996 694 de
1029 658 1240 706 praeceptis
1272 670 1356 705 per·
1382 680 1383 707 3

76 714 133 742 εἰς
182 714 230 737 Imr
247 714 260 735 ἀ
380 708 584 747 tinentibus
611 711 659 747 ad
685 709 878 758 praedicta
895 709 930 745 ⁸.
1382 710 1383 719 ¹

298 761 347 797 Et
375 761 472 798 circa
500 763 576 799 hoc
602 769 836 810 quaeruntur
863 761 952 798 duo.

1173 561 1268 586 Duos
1295 560 1497 586 ARTICULOS
1525 560 1644 586 DlVlSA

1462 657 1612 694 Primo:
1642 657 1688 694 de
1716 657 1928 705 praeceptis
1960 656 2231 705 pertinentibus
2260 656 2310 693 ad
2338 656 2467 693 fidem.

1463 710 1663 746 Secundo:
1694 710 1741 746 de
1760 709 1972 758 praeceptis
1999 709 2272 758 pertinentibus
2291 709 2340 746 ad
2369 709 2471 746 dona

1518 762 1692 799 scientiae
1722 770 1758 798 et
1785 762 2004 798 intellectus.

1108 861 1424 904 ARTICULUS
1455 861 1663 904 PRIMUS

651 963 807 994 UTRUM
830 963 873 993 IN
895 962 1055 994 VETERI
1079 962 1192 993 LEGE
1215 962 1463 993 DEBUERINT
1489 962 1592 992 DARI
1616 961 1873 993 PRAECEPTA
1898 962 2117 994 CREDENm

773 1040 1191 1074 1⁸·2’11‚.quc,an.,;4adx
1210 1040 1346 1073 irnfa,qu.
1365 1045 1495 1071 xxx1‚art.

323 1146 389 1185 ,25
506 1131 529 1157 n
553 1131 691 1157 ptumum
718 1132 772 1157 Sic
800 1131 1040 1157 PROCEDITUR.
1069 1119 1228 1157 Videtur
1252 1118 1357 1168 quod
1383 1117 1386 1163 ἲ

323 1147 482 1230 ἦν’ῗᾴ
507 1173 546 1210 in
573 1173 691 1210 veteri
718 1174 801 1221 lege
830 1172 910 1210 dari
931 1172 1130 1210 debuerint
1155 1179 1358 1221 praecepta
1384 1194 1385 1223 3

316 1226 361 1277 2„
366 1240 436 1268 ar,
448 1209 479 1263 ‘f
509 1225 700 1263 credendi.
739 1227 992 1275 Praeceptum
1020 1225 1121 1262 enim
1151 1233 1206 1262 est
1235 1225 1282 1262 de
1311 1237 1358 1262 eo

356 1270 425 1316 (ἧς
449 1269 615 1328 *quod
639 1286 695 1316 est
722 1279 891 1316 debitum
921 1286 958 1315 et
984 1278 1251 1316 necessarium.
1282 1278 1359 1315 Sed
1384 1303 1385 1325 i

298 1324 464 1371 maxime
501 1332 759 1369 necessarium
797 1339 853 1369 est
885 1331 1031 1368 homini
1067 1331 1173 1380 quod
1208 1332 1358 1368 credat.

298 1385 510 1423 secundum
529 1385 620 1422 illud
637 1385 737 1421 Heb.
753 1396 789 1421 xl
803 1384 838 1421 *z
868 1385 956 1421 Sme
962 1385 1047 1432 fide
1065 1383 1288 1432 impossibile
1306 1390 1362 1421 est
1384 1376 1386 1415 ἶ

291 1439 446 1488 placere
458 1439 554 1474 Deo.
575 1438 677 1485 Ergo
697 1437 863 1474 maxime
878 1437 1044 1485 oportuit
1056 1444 1260 1485 praecepta
1279 1436 1359 1473 dari
1385 1443 1386 1474 ἲ

299 1492 346 1529 de
374 1491 464 1528 fide.

353 1555 388 1580 2.
409 1544 641 1588 Pmmnm,
661 1553 809 1578 novum
829 1542 1121 1578 Testamentum
1147 1541 1360 1579 continetur

57 1601 155 1652 εἰῶ·
149 1608 205 1631 ,ωσι
213 1607 268 1628 Μ
295 1596 334 1633 in
362 1595 480 1633 veteri
509 1594 605 1631 sicut
640 1595 845 1642 figuratum
882 1594 920 1631 in
958 1594 1101 1642 figura,
1129 1601 1171 1631 ut
1206 1606 1321 1643 supra
1340 1594 1359 1615 ²¹²
1385 1592 1387 1604 ³

115 1635 128 1658 ³
297 1649 440 1686 dictum
470 1654 536 1684 est.
571 1647 648 1684 Sed
676 1647 715 1684 in
747 1659 852 1684 novo
881 1647 1130 1684 Testamento
1165 1655 1360 1696 ponuntur
1385 1656 1387 1692 ξ

297 1713 476 1750 expressa
503 1700 759 1737 mandatassde
788 1700 887 1738 fide:
916 1708 958 1737 ut
984 1707 1087 1748 patet
1116 1701 1221 1737 Ioan.
1242 1713 1303 1737 xw
1324 1701 1357 1737 *z

301 1755 458 1792 Creditis
485 1754 523 1790 in
551 1755 688 1799 Deum,
709 1759 746 1790 et
770 1753 807 1789 in
827 1766 888 1790 me
908 1754 1055 1790 credite.
1086 1754 1188 1801 Ergo
1207 1753 1360 1791 videtur
1385 1775 1387 1798 2

297 1807 402 1856 quod
430 1807 469 1844 in
487 1806 606 1843 veteri
633 1807 715 1854 lege
745 1806 859 1843 etiam
888 1806 1089 1852 debuerint
1106 1806 1232 1854 aliqua
1251 1819 1360 1855 prae-

298 1868 406 1910 cepta
435 1859 516 1897 dari
544 1859 592 1897 de
619 1859 710 1896 fide.

353 1915 387 1951 3.
417 1915 651 1960 Pmumsm,
680 1912 853 1949 eiusdem
882 1912 1037 1949 rationis
1066 1921 1122 1949 est
1139 1912 1358 1960 praecipere
1385 1932 1387 1947 ι

296 1974 424 2004 actum
443 1966 591 2003 virtutis
611 1973 648 2002 et
674 1965 876 2013 prohibere
896 1965 988 2002 vitia
1007 1965 1194 2014 opposita.
1225 1965 1302 2002 Sed
1321 1965 1360 2002 in

295 2020 414 2056 veteri
433 2020 515 2067 lege
534 2025 729 2067 ponuntur
747 2019 865 2055 multa
892 2026 1093 2067 praecepta
1120 2018 1361 2067 prohibentia

295 2072 575 2110 infidelitatem:
597 2071 691 2108 sicut
708 2072 831 2108 Exod.
853 2071 952 2108 xx*:
979 2072 1071 2108 Non
1097 2071 1249 2108 habebis
1273 2071 1361 2108 deos

57 2131 66 2139 '
81 2129 147 2152 Vm
162 2136 179 2157 ’ν
192 2135 214 2157 ²·
227 2136 248 2159 ³·
295 2126 438 2163 alienos
457 2137 588 2162 coram
616 2137 677 2162 me
685 2138 699 2169 ‚·
726 2132 763 2161 et
789 2125 926 2161 iterum
946 2125 1058 2161 Deut.
1082 2136 1143 2160 xm
1162 2124 1182 2145 ³¹⁵
1201 2124 1359 2161 manda-

295 2186 356 2216 tur
374 2179 480 2227 quod
495 2190 573 2215 non
589 2177 743 2215 audient
756 2178 876 2214 verba
890 2178 1100 2226 prophetae
1116 2184 1180 2213 aut
1195 2177 1360 2214 somnia-

295 2231 386 2268 toris
405 2231 470 2280 qui
487 2243 554 2268 eos
573 2230 620 2268 de
636 2230 713 2267 fide
728 2230 802 2268 Dei
815 2231 929 2268 vellet
949 2230 1136 2267 divertere
1152 2235 1181 2267 α.
1202 2230 1305 2278 Ergo
1320 2230 1358 2266 in

296 2284 414 2321 veteri
429 2284 511 2331 lege
527 2283 639 2320 etiam
661 2283 874 2320 debuerunt
893 2283 972 2320 dari
990 2290 1193 2332 praecepta
1207 2283 1254 2320 de
1269 2282 1358 2320 fide.

348 2348 386 2383 4.
402 2337 636 2382 PRAETEREA‚
649 2336 836 2373 confessio
852 2343 908 2372 est
922 2343 1028 2373 actus
1042 2335 1145 2382 fidei,
1157 2342 1198 2372 ut
1213 2335 1358 2384 supra*

298 2389 441 2426 dictum
465 2396 531 2426 est.
562 2389 640 2426 Sed
668 2388 715 2425 de
745 2389 982 2425 confessione
1004 2396 1039 2425 et
1057 2389 1359 2437 promulgatione

296 2442 388 2479 fidei
416 2442 552 2479 dantur
579 2449 782 2490 praecepta
810 2441 847 2477 in
873 2441 991 2477 veteri
1023 2442 1124 2488 lege:
1156 2441 1360 2477 mandatur

59 2502 148 2524 ‘vem
166 2501 249 2530 ²⁶‚27-
299 2495 401 2532 enim
435 2495 559 2531 Exod.
593 2506 641 2531 xu
672 2494 692 2515 '³‘
725 2494 830 2541 quod
864 2493 949 2529 filiis
987 2493 1063 2530 suis
1101 2493 1360 2540 interroganti-

297 2548 370 2584 bus
390 2547 575 2584 rationem
600 2547 789 2594 assignent
807 2545 992 2594 paschalis
1012 2545 1295 2589 observantiae3
1325 2553 1360 2581 et

278 2602 408 2638 *Deua
428 2613 489 2637 xm
510 2600 713 2637 mandatur
734 2601 838 2648 quod
865 2599 924 2635 ille
954 2599 1018 2647 qui
1043 2598 1263 2635 disseminat
1291 2598 1359 2634 do—

299 2653 455 2690 ctrinam
486 2660 617 2689 contra
645 2652 764 2689 fidem
793 2651 997 2688 occidatur.
1031 2652 1132 2698 Ergo
1163 2652 1221 2687 lex
1250 2659 1360 2687 vetus
1387 2692 1388 2702 2

297 2713 499 2755 praecepta
526 2705 618 2742 fidei
646 2705 776 2742 debuit
803 2705 956 2740 habere.

355 2760 387 2796 5.
414 2759 646 2804 ΡκΑΕτΕκΕΑ,
679 2770 814 2794 omnes
843 2757 926 2793 libri
958 2756 1097 2792 veteris
1122 2756 1359 2792 Testamenti

58 1392 70 1404 ·
84 1391 151 1415 Ven-
165 1391 200 1424 ⁶.-

59 1709 149 1734 ·ven.
164 1717 181 1734 1.

57 2078 66 2086 ·
80 2076 148 2099 Ven.
162 2083 184 2106 3.

58 2345 68 2355 ⁸
83 2343 132 2372 Qu.
147 2349 183 2371 nr,
197 2346 239 2365 nrt.
254 2349 269 2364 ι.

298 2812 368 2848 sub
387 2812 469 2859 lege
483 2811 603 2848 veteri
623 2811 880 2847 continentur:
910 2810 1014 2846 unde
1033 2809 1233 2854 Dominus,
1255 2810 1358 2845 Ioan.

297 2876 345 2901 xv
363 2864 394 2909 ²⁸⁸,
424 2864 511 2901 dicit
539 2864 577 2900 in
606 2864 687 2911 lege
709 2875 790 2900 esse
810 2862 1004 2920 scriptum,
1039 2862 1131 2899 odio
1150 2863 1363 2898 hahuerunt
1386 2879 1389 2916 1

59 2925 116 2947 ⁸¹²⁸·
124 2931 203 2952 xxxtv
211 2931 271 2947 v·er·
298 2929 360 2953 me
377 2917 509 2966 gratis,
530 2917 636 2964 quod
655 2924 784 2953 tamen
804 2915 1001 2952 scribitur
993 2927 1030 2951 1n
1052 2915 1205 2951 Psalmo
1221 2914 1252 2950 *.
1284 2915 1388 2951 Sed

59 2958 150 3000 ²⁹vers
165 2978 188 3000 8
298 2970 413 3006 Eccli.
426 2981 448 3006 u
462 2969 482 2990 ⁹⁸
497 2969 650 3006 dicitur:
676 2969 750 3010 Qui
762 2969 894 3005 timetis
908 2968 1128 3013 Dominum,
1145 2968 1282 3004 credite
1295 2967 1358 3004 illi.

300 3021 425 3069 Ergo
418 3034 456 3058 in
465 3022 584 3059 veteri
598 3014 679 3069 lege
695 3022 844 3058 fuerunt
858 3028 1059 3070 praecepta
1076 3020 1202 3057 danda
1213 3020 1260 3056 de
1270 3020 1359 3057 fide.

59 3079 71 3089 ⁸
85 3078 152 3101 Vm·
166 3084 202 3106 ²⁷·
354 3075 428 3111 SED
458 3086 603 3111 CONTRA
626 3086 692 3111 EST
711 3075 815 3122 quod
835 3074 1053 3122 Apostolus,
1074 3074 1126 3110 ad
1142 3075 1253 3110 Rom.
1275 3085 1309 3110 111
1328 3073 1359 3119 ²¹⁶,

160 3125 176 3159 β
298 3128 421 3175 legem
450 3135 621 3164 veterem
646 3127 818 3164 nominat
836 3127 958 3176 legem
975 3128 1174 3174 factorum
1195 3124 1221 3172 β,
1252 3133 1287 3162 et
1306 3126 1360 3163 di-
1386 3135 1388 3142 ·

299 3180 391 3217 vidit
420 3192 505 3216 eam
535 3188 665 3216 contra
692 3180 814 3229 legem
823 3179 930 3225 fidei.
961 3181 1062 3226 Ergo
1083 3179 1121 3215 in
1139 3179 1220 3226 lege
1239 3179 1359 3215 veteri
1386 3179 1388 3184 ⁸

300 3245 378 3270 non
407 3233 558 3270 fuerunt
584 3240 786 3281 praecepta
813 3231 940 3269 danda
969 3232 1015 3268 de
1044 3232 1133 3268 fide.

58 2871 177 2893 ’νεῖμε
165 2876 198 2899 ²·5

353 3365 380 3395 α)
400 3364 540 3388 divertere.
555 3377 573 3381 -
591 3366 712 3387 avertere
731 3363 807 3387 PDG.

354 3398 379 3431 β)
391 3400 539 3432 sactorum.
551 3412 570 3417 -
587 3402 739 3423 sanctorum
758 3398 983 3431 ABEFGHKLpC
1003 3404 1028 3423 et
1045 3406 1090 3423 KR.

352 3436 378 3467 γ)
398 3434 543 3459 cuiuslibet.
557 3448 574 3452 —-
593 3435 660 3458 Ante
679 3433 830 3465 recipientis
850 3438 948 3465 ponunt
966 3434 1013 3464 Pa,
1032 3439 1143 3466 utroque
1162 3434 1219 3458 loco
1238 3434 1271 3459 G.

442 3488 551 3511 Summas
570 3487 671 3511 Timon.
691 3487 722 3511 D.
735 3487 848 3511 Tnomn
866 3486 899 3511 T.
914 3487 944 3511 V.

1521 1047 1546 1069 1;
1568 1039 1599 1064 111
1620 1040 1696 1064 Cont.
1718 1041 1810 1071 Genu,
1830 1048 1886 1073 cap.
1906 1048 1994 1066 exvm.

1465 1120 1690 1155 RESPONDEO
1719 1130 1904 1156 ulcr-:unum
1933 1120 2036 1166 quod
2066 1120 2123 1155 lex
2153 1132 2230 1156 non
2265 1120 2473 1169 imponitur

1411 1172 1459 1208 ab
1479 1171 1607 1220 aliquo
1628 1171 1785 1209 domino
1810 1171 1881 1208 nisi
1900 1171 1977 1208 suis
1996 1172 2175 1209 subditis:
2206 1180 2242 1209 et
2261 1173 2347 1210 ideo
2366 1187 2474 1222 prae-

1412 1231 1520 1273 cepta
1548 1224 1639 1273 legis
1668 1224 1866 1262 cuiuslibet
1888 1229 1904 1252 Υ
1931 1233 2248 1274 praesupponunt
2276 1227 2476 1263 subiectio-

1413 1289 1502 1315 nem
1540 1276 1752 1326 recipientis
1787 1278 1912 1325 legem
1941 1277 1990 1314 ad
2019 1290 2108 1315 eum
2145 1278 2210 1328 qui
2243 1279 2308 1315 dat
2338 1281 2473 1327 legem.

1384 1348 1385 1351 =
1411 1330 1541 1367 Prima
1569 1337 1697 1367 autem
1725 1330 1909 1367 subiectio
1930 1331 2098 1368 hominis
2117 1331 2166 1368 ad
2184 1332 2312 1368 Deum
2333 1341 2388 1369 est
2406 1345 2475 1381 per

1412 1382 1549 1419 fidem:
1579 1384 1791 1420 secundum
1811 1383 1901 1420 illud
1920 1384 2020 1420 Heb.
2041 1396 2076 1420 X1
2095 1384 2130 1420 *z
2159 1385 2406 1422 Accedentem
2426 1386 2477 1422 ad

1411 1436 1537 1471 Deum
1557 1441 1701 1483 oportet
1718 1436 1870 1472 credere
1889 1437 1976 1484 quia
1995 1442 2057 1473 est.
2084 1437 2132 1473 Et
2150 1436 2236 1473 ideo
2252 1438 2348 1474 fides
2366 1450 2475 1487 prae-

1385 1518 1387 1536 !
1413 1487 1639 1536 supponitur
1676 1488 1725 1524 ad
1758 1488 1849 1536 legis
1884 1497 2098 1537 praecepta.
2138 1490 2186 1525 Et
2219 1498 2374 1538 propter
2402 1491 2476 1527 hoc

1410 1540 1534 1577 Exod.
1551 1552 1600 1577 xx
1613 1540 1634 1562 ’¹‘
1653 1540 1691 1577 id
1707 1541 1812 1589 quod
1832 1549 1887 1577 est
1901 1542 1992 1578 fidei
2010 1541 2260 1590 praemittitur
2279 1550 2365 1579 ante
2385 1543 2475 1590 legis
2504 1554 2511 1561 ·
2550 1558 2585 1573 ers
2609 1558 2620 1573 ²

1411 1600 1628 1642 praecepta,
1655 1605 1744 1630 cum
1774 1593 1928 1630 dicitur:
1957 1595 2044 1644 Ego
2062 1607 2146 1631 sum
2166 1596 2354 1632 Dominus
2374 1597 2476 1632 Deus

1412 1652 1508 1693 tuus,
1537 1647 1604 1694 qui
1629 1646 1746 1683 eduxi
1770 1652 1805 1683 te
1831 1647 1877 1683 de
1904 1652 2006 1684 terra
2034 1648 2212 1697 Aegypti.
2243 1649 2292 1684 Et
2311 1648 2477 1685 similiter

1412 1700 1601 1736 Deut.vl*
1614 1699 1880 1748 praemittitur:
1901 1701 2013 1746 Audi,
2033 1701 2165 1746 Israel,
2177 1702 2363 1737 Dominus
2373 1702 2476 1737 Deus
2504 1711 2514 1721 ⁴

1413 1758 1498 1789 tuus
1526 1764 1622 1789 unus
1649 1758 1722 1789 est:
1752 1760 1787 1789 et
1813 1759 1947 1800 postea
1975 1753 2099 1790 statim
2133 1753 2260 1801 incipit
2288 1766 2398 1801 agere
2429 1754 2474 1790 de

1385 1839 1387 1850 ι
1412 1805 1636 1854 praeceptis.
1673 1805 1750 1843 Sed
1785 1805 1875 1853 quia
1907 1805 1946 1842 in
1979 1806 2055 1843 fide
2090 1807 2209 1843 multa
2237 1807 2476 1844 continentur

1385 1888 1387 1895 ,
1414 1859 1586 1896 ordinata
1606 1859 1654 1895 ad
1673 1858 1792 1895 fidem
1814 1870 1890 1906 qua
1906 1858 2096 1896 credimus
2110 1861 2238 1896 Deum
2256 1872 2350 1905 esse,
2372 1860 2475 1908 quod

1414 1920 1470 1948 est
1496 1911 1666 1960 primum
1687 1919 1723 1948 et
1740 1911 1946 1960 principale
1971 1912 2068 1948 inter
2087 1913 2218 1949 omnia
2237 1912 2430 1949 credibilia
2443 1912 2475 1958 ²¹³,

1412 1972 1454 2001 ut
1474 1965 1617 2002 dictum
1637 1971 1693 2001 est
1706 1964 1742 2009 *ς
1763 1964 1850 2002 ideo
1866 1962 1890 2012 ⁶,
1911 1965 2199 2013 praesupposita
2217 1965 2295 2002 fide
2316 1965 2363 2002 de
2378 1966 2474 2011 Deo,

1412 2030 1482 2066 per
1509 2030 1625 2065 quarn
1655 2029 1764 2054 mens
1804 2018 1974 2054 humana
2001 2019 2086 2054 Deo
2121 2017 2359 2063 subiiciatur‚
2388 2031 2476 2066 pos-

1414 2078 1501 2108 sunt
1529 2071 1609 2108 dari
1637 2078 1840 2119 praecepta
1869 2070 1916 2107 de
1936 2070 2016 2107 aliis
2036 2070 2253 2107 credendis:
2283 2071 2379 2107 sicut
2397 2073 2476 2107 Au-

1413 2123 1583 2172 gustinus
1613 2123 1710 2170 dicit,
1739 2135 1851 2171 super
1878 2125 1986 2160 Ioan.
2005 2124 2036 2170 ²⁸,
2067 2123 2172 2172 quod
2199 2124 2363 2171 plurima
2391 2131 2477 2160 sunt

1414 2177 1524 2214 nobis
1553 2176 1601 2214 de
1629 2176 1707 2214 fide
1736 2176 1928 2222 mandata,
1959 2188 2153 2224 exponens
2182 2176 2284 2223 illud,
2312 2177 2402 2213 Hoc
2425 2182 2479 2213 est

1407 2235 1653 2278 praeceptum
1676 2241 1800 2266 meum
1821 2230 1850 2265 ²¹³.
1882 2229 1959 2265 Sed
1978 2229 2016 2266 in
2034 2229 2154 2266 veteri
2173 2230 2253 2277 lege
2273 2242 2351 2266 non
2371 2238 2477 2266 erant
2505 2238 2512 2246 ·
2540 2243 2554 2258 ο

1414 2290 1558 2320 secreta
1586 2282 1675 2319 fidei
1704 2283 1848 2330 populo
1870 2283 2106 2330 exponenda.
2137 2283 2186 2319 Et
2204 2282 2305 2328 ideo,
2335 2295 2476 2330 suppo—

1413 2336 1482 2372 sita
1510 2336 1587 2373 fide
1615 2335 1726 2371 unius
1756 2335 1840 2381 Dei,
1868 2336 1969 2371 nulla
1994 2335 2065 2371 alia
2093 2343 2295 2384 praecepta
2324 2343 2410 2371 sunt
2438 2336 2475 2372 in

1412 2388 1531 2426 veteri
1559 2389 1640 2435 lege
1670 2388 1756 2424 data
1786 2388 1832 2424 de
1863 2388 2060 2424 credendis
2079 2392 2103 2424 ⁸.

1467 2444 1526 2477 AD
1556 2452 1691 2477 ptumum
1726 2452 1824 2477 ERGO
1853 2452 2037 2477 DICENDUM
2066 2441 2169 2488 quod
2198 2440 2295 2477 fides
2329 2448 2383 2476 est
2412 2452 2476 2477 ne-

1415 2493 1578 2530 cessaria
1605 2501 1786 2540 tanquam
1811 2492 2038 2541 principium
2058 2493 2258 2542 spiritualis
2286 2493 2397 2529 vitae.
2428 2494 2477 2529 Et

1414 2545 1501 2582 ideo
1529 2545 1850 2593 praesupponitur
1877 2546 1927 2581 ad
1955 2545 2046 2593 legis
2075 2545 2367 2593 susceptionem.

1467 2599 1525 2634 AD
1545 2609 1734 2634 SECUNDUM
1761 2609 1944 2634 DICENDUM
1968 2598 2072 2645 quod
2101 2598 2152 2634 ibi
2180 2598 2293 2634 etiam
2310 2597 2321 2621 ζ
2341 2598 2474 2634 Domi-

1415 2662 1486 2686 nus
1514 2650 1785 2698 praesupponit
1813 2650 1954 2698 aliquid
1983 2651 2030 2687 de
2058 2651 2151 2696 fide,
2186 2650 2325 2687 scilicet
2356 2651 2474 2687 fidem

1414 2703 1527 2739 unius
1546 2703 1630 2749 Dei,
1653 2715 1740 2739 cum
1763 2703 1861 2749 dicit,
1883 2703 2038 2740 Creditis
2058 2703 2094 2739 in
2114 2704 2261 2740 Deum:
2281 2711 2317 2739 et
2335 2703 2474 2752 aliquid

1414 2755 1607 2804 praecipit,
1629 2756 1765 2792 scilicet
1793 2756 1909 2792 fidem
1939 2756 2218 2802 Incarnationis,
2257 2768 2326 2804 per
2357 2768 2475 2804 quam

1387 2805 1388 2854 ζ
1414 2821 1513 2845 unus
1534 2817 1588 2845 est
1611 2810 1716 2845 Deus
1737 2816 1772 2845 et
1791 2809 1927 2854 homo;
1954 2821 2053 2856 quae
2074 2809 2230 2857 quidem
2249 2809 2339 2845 fidei
2360 2809 2475 2858 expli-

1416 2861 1512 2898 catio
1542 2861 1701 2910 pertinet
1729 2862 1776 2898 ad
1796 2862 1913 2898 fidem
1932 2862 2023 2899 novi
2043 2861 2289 2898 Testamenti.
2320 2862 2368 2897 Et
2387 2861 2473 2898 ideo

1415 2915 1559 2951 subdit:
1590 2920 1626 2950 et
1651 2916 1687 2950 in
1717 2927 1777 2951 me
1800 2914 1947 2951 credite.

1467 2970 1526 3004 AD
1550 2979 1708 3004 TERTIUM
1743 2979 1925 3004 DlCENDuM
1954 2969 2059 3015 quod
2077 2974 2280 3016 praecepta
2307 2966 2474 3015 prohibi-

1386 3051 1388 3071 ἐ
1414 3021 1491 3057 tiva
1521 3020 1722 3068 respiciunt
1754 3028 1928 3068 peccata,
1959 3033 2057 3069 quae
2086 3027 2334 3068 corrumpunt
2360 3019 2476 3056 virtu-

1386 3115 1388 3119 ·
1414 3081 1502 3110 tem.
1533 3073 1660 3110 Virtus
1688 3081 1814 3109 autem
1846 3073 2099 3121 corrumpitur
2125 3086 2168 3110 ex
2187 3072 2474 3121 particularibus

1415 3126 1635 3173 defectibus,
1665 3134 1706 3162 ut
1734 3138 1847 3174 supra
1865 3126 1886 3148 ’⁸‘
1914 3126 2056 3163 dietum
2082 3135 2147 3164 est.
2178 3127 2226 3163 Et
2245 3125 2344 3170 ideo,
2365 3137 2473 3173 prae·
2503 3134 2511 3141 ·
2549 3139 2562 3153 u
2581 3138 2595 3153 x
2613 3138 2638 3153 ar

1415 3179 1611 3227 supposita
1639 3179 1715 3215 fide
1744 3179 1855 3216 unius
1887 3179 1974 3225 Dei,
2005 3179 2042 3216 in
2070 3180 2151 3227 lege
2179 3178 2297 3215 veteri
2325 3179 2474 3214 fuerunt

1414 3232 1539 3269 danda
1554 3231 1783 3280 prohibitiva
1802 3239 2014 3280 praecepta,
2036 3232 2173 3279 quibus
2192 3231 2367 3268 homines
2387 3242 2474 3279 pro-

1468 3363 1492 3395 ὃ)
1513 3363 1580 3388 ideo.
1593 3378 1610 3381 -
1629 3366 1654 3387 et
1673 3363 1731 3387 ideo
1751 3363 1858 3388 PDsEx.

1469 3400 1490 3429 ε)
1510 3399 1543 3423 de
1561 3398 1707 3423 credendis.
1720 3412 1738 3417 -
1757 3399 1789 3423 de
1807 3398 1916 3423 creditis
1936 3399 1965 3428 D,
1986 3399 2018 3423 de
2029 3399 2086 3431 fide
2106 3399 2177 3428 PHa,
2195 3405 2248 3422 om.
2268 3398 2284 3421 1.

1467 3433 1492 3465 ζ)
1513 3434 1601 3458 etiam.
1614 3447 1630 3452 —
1650 3434 1712 3458 Om.
1732 3434 1761 3458 K.

2302 3484 2331 3510 16

2503 1399 2512 1407 ·
2526 1398 2592 1420 vers.
2608 1399 2630 1420 6.

2505 1917 2512 1924 ·
2527 1915 2556 1936 D.
2570 1915 2623 1943 458.

2529 1710 2595 1732 Vers.
2609 1717 2632 1736 4.

2506 1978 2514 1986 ”
2525 1976 2572 2004 Qu.
2584 1980 2650 2013 tam.
2661 1983 2682 2004 7.

2601 2011 2615 2028 Ο

2506 2131 2716 2153 ·Τι·εσῑ.Ι,ΧΧΧΠΙ.

2504 2269 2607 2284 ........
