2892 4056
985 120 1249 166 QUAESTIO
1279 120 1384 166 XIX,
1413 119 1708 157 ARTICULUS
1738 120 1788 156 IV

303 196 430 233 Nolite
457 196 586 233 timere
613 208 675 232 eos
697 197 762 244 qui
779 209 913 245 corpus
941 198 1121 243 occidunt,
1150 198 1215 234 ubi
1243 197 1356 234 timor
1380 223 1382 241 =

304 248 520 287 mundanus
539 248 770 296 prohibetur.
802 249 905 286 Nihil
924 257 1050 286 autem
1073 250 1249 287 divinitus
1269 262 1356 298 pro-

302 300 453 337 hibetur
489 300 559 336 nisi
592 302 747 338 malum.
787 302 888 349 Ergo
917 302 1030 339 timor
1057 303 1272 339 mundanus
1301 310 1356 339 est

303 353 436 389 malus.

355 405 579 442 Responnzo
607 416 790 443 morannum
826 407 952 454 quod,
981 407 1076 443 sicut
1112 419 1157 443 ex
1185 405 1355 454 supradi—

65 465 273 504 ’1³¹11··3‹i==-1=v1¹¹vv
303 456 369 493 ctis
387 456 407 478 '¹‘
431 464 546 506 patet,
575 465 680 494 actus
700 459 865 494 morales
894 465 931 494 et
958 458 1105 495 habitus
1134 471 1179 494 ex
1199 458 1356 495 obiectis

65 495 107 539 :iil
123 498 152 539 ²²·'
174 497 212 519 ‘³⁰‘
228 497 273 515 ω’
302 515 339 545 et
358 513 375 530 α
394 521 537 546 nomen
567 517 602 546 et
629 510 796 558 speciem
824 510 976 547 habent.
1006 511 1207 558 Proprium
1227 518 1354 547 autem

301 560 494 598 obiectum
523 562 717 610 appetitivi
745 568 872 599 motus
897 569 952 598 est
979 562 1124 599 bonum
1153 563 1278 599 finale.
1308 563 1356 599 Et

301 612 387 650 ideo
417 625 438 650 a
465 614 620 662 proprio
648 615 726 651 fine
754 614 878 652 omnis
907 620 1034 650 motus
1064 614 1291 663 appetitivus
1320 622 1356 651 et

301 665 540 714 specificatur
567 674 603 703 et
629 666 857 703 nominatur.
897 665 937 702 Si
965 666 1049 713 quis
1079 666 1180 703 enim
1214 666 1356 715 cupidi-

300 724 417 755 tatem
445 719 659 756 nominaret
685 729 859 755 amorem
887 717 1046 764 laboris,

301 830 423 859 naret:
458 835 536 859 non
564 823 666 859 enim
695 822 821 870 cupidi
849 822 1020 858 laborem
1049 830 1235 870 quaerunt
1262 822 1356 858 sicut

300 875 430 921 finem,
446 875 514 912 sed
533 874 628 911 sicut
645 874 683 911 id
701 874 807 922 quod
826 881 882 910 est
905 873 954 910 ad
972 874 1103 920 finem,
1123 874 1218 911 sicut
1237 874 1355 910 finem

301 934 428 963 autem
448 934 634 974 quaerunt
652 926 819 963 divitias:
846 926 948 962 unde
969 926 1150 974 cupiditas
1170 933 1268 962 recte
1289 938 1357 962 no·
1381 947 1383 958 ι

300 979 464 1016 minatur
491 978 720 1015 desiderium
752 979 814 1015 vel
847 989 958 1015 amor
985 978 1220 1024 divitiarum,
1251 979 1356 1026 quod
1381 1004 1383 1026 λ

300 1037 356 1067 est
382 1031 538 1067 malum.
569 1031 617 1066 Et
644 1042 712 1079 per
739 1031 840 1067 hune
868 1030 1029 1067 modum
1058 1042 1168 1067 amor
1195 1030 1356 1067 munda-

300 1094 371 1119 nus
397 1082 550 1132 proprie
579 1082 712 1119 dicitur
739 1095 816 1131 quo
846 1082 979 1131 aliquis
1011 1084 1158 1120 mundo
1192 1082 1358 1120 innititur

299 1142 481 1183 tanquam
500 1135 581 1172 fini.
611 1135 659 1172 Et
679 1135 732 1172 sic
755 1146 866 1172 amor
889 1135 1106 1172 mundanus
1131 1147 1283 1184 semper
1303 1142 1358 1172 est

299 1187 434 1224 malus.
473 1187 608 1224 Timor
639 1194 765 1224 autern
804 1199 848 1224 ex
877 1199 1008 1224 amore
1046 1188 1228 1224 nascitur:
1266 1187 1355 1224 illud

159 1244 175 1278 β
301 1239 402 1276 enim
421 1241 540 1276 homo
561 1239 667 1276 timet
690 1239 860 1276 amittere
886 1240 991 1288 quod
1015 1248 1132 1285 amat;
1162 1248 1203 1277 ut
1221 1247 1324 1288 patet
1342 1238 1358 1270 β

265 1304 368 1343 per
381 1293 672 1340 Augustinum,
664 1305 701 1329 ln
720 1292 815 1329 libro
836 1292 1033 1342 Octoginta
1048 1293 1159 1329 trium
1179 1293 1326 1334 Quaest.
1337 1291 1358 1314 '¹‘

300 1344 350 1381 Et
382 1344 469 1381 ideo
507 1345 622 1382 timor
657 1344 878 1384 mundanus
909 1352 964 1381 est
1000 1345 1063 1393 qui
1100 1345 1272 1393 procedit
1309 1337 1385 1381 ab

300 1404 433 1434 amore
457 1397 654 1434 mundano
674 1403 855 1446 tanquam
877 1409 899 1433 a
918 1398 1018 1433 mala
1037 1397 1174 1433 radice.
1204 1397 1252 1433 Et
1271 1409 1357 1445 pro-

84 1451 226 1490 Ὶ
299 1452 383 1501 pter
409 1450 484 1486 hoc
513 1456 549 1486 et
575 1449 655 1498 ipse
678 1454 694 1477 Υ
722 1449 836 1486 timor
864 1449 1081 1486 mundanus
1119 1460 1270 1496 semper
1304 1455 1359 1485 est

300 1500 433 1538 malus.

61 1304 134 1338 'Qu
148 1310 231 1327 mxu.

1085 718 1173 766 quia
1202 726 1356 766 propter
1381 752 1383 756 ,

302 770 543 819 cupiditatem
572 770 746 807 homines
773 771 966 815 laborant,
1000 782 1077 806 non
1107 778 1206 807 recte
1236 771 1356 806 nomi-
1381 767 1383 798 ἶ

2389 131 2452 166 14¹

1461 199 1519 234 Αι)
1548 209 1684 235 ptumum
1711 209 1808 245 ERGO
1836 208 2019 238 DicENDUM
2046 196 2151 245 quod
2180 196 2310 244 aliquis
2338 203 2462 244 potest

1409 249 1571 286 revereri
1599 250 1774 286 homines
1802 249 2006 297 dupliciter.
2037 249 2123 286 Uno
2149 249 2280 294 modo,
2302 248 2460 296 inquan-

1409 309 1489 338 tum
1510 309 1565 337 est
1584 301 1621 338 in
1641 301 1693 338 eis
1714 302 1867 349 aliquod
1896 301 2080 347 divinum,
2100 308 2192 349 puta
2216 301 2360 337 bonum
2380 313 2460 348 gra—

1408 354 1481 390 tiae
1509 361 1572 390 aut
1598 354 1764 399 virtutis,
1798 355 1859 390 vel
1893 355 2024 390 saltem
2058 352 2236 390 naturalis
2263 353 2335 389 Dei
2368 353 2460 389 ima-

1409 405 1523 453 ginis:
1558 413 1594 442 et
1621 407 1694 442 hoc
1732 406 1850 443 modo
1887 406 2149 454 vituperantur
2185 404 2248 453 qui
2286 405 2461 442 homines

1409 470 1487 494 non
1511 465 1739 495 reverentur.
1773 458 1858 495 Alio
1887 459 2005 495 modo
2034 464 2158 507 potest
2181 457 2314 504 aliquis
2339 457 2461 494 homi-

1409 522 1476 547 nes
1496 511 1659 546 revereri
1677 510 1900 559 inquantum
1920 511 2004 547 Deo
2028 509 2312 547 contrariantur.
2342 510 2391 546 Et
2409 509 2461 546 sic

1409 562 1609 599 laudantur
1622 563 1687 611 qui
1702 563 1877 599 homines
1896 575 1974 599 non
1994 569 2228 599 reverentur:
2249 562 2460 598 secundum

1409 614 1499 651 illud
1517 615 1632 651 Eccli.
1652 626 1759 651 XLVIII
1774 614 1806 661 *,
1827 615 1874 652 de
1894 615 1975 652 Elia
1993 616 2054 651 vel
2074 615 2245 651 Elisaeo:
2269 615 2315 651 In
2335 615 2462 651 diebus

1407 667 1485 703 suis
1512 679 1585 703 non
1608 667 1802 714 pertimuit
1824 668 2043 715 principem.

1462 721 1520 755 An
1548 731 1736 756 SECUNDUM
1764 731 1946 756 DICENDUM
1974 719 2078 767 quod
2105 725 2310 767 potestates
2332 731 2462 756 saecu-

1409 771 1516 817 lares,
1538 772 1692 819 quando
1721 772 1883 808 inferunt
1909 783 2053 819 poenas
2073 772 2120 807 ad
2145 771 2411 808 retrahendum
2440 783 2462 807 a

1408 830 1578 870 peccat0,
1595 823 1632 859 in
1652 823 1731 859 hoc·
1745 831 1831 859 sunt
1850 823 1920 859 Dei
1941 823 2114 859 ministri:
2140 823 2350 859 secundum
2370 823 2461 860 illud

1409 876 1521 911 Rom.
1538 874 1648 910 xl11*:
1668 875 1845 912 Mnister
1862 876 1960 911 enim
1980 876 2055 912 Dei
2070 881 2134 920 est,
2149 876 2288 911 vindex
2307 876 2343 912 in
2364 876 2461 912 iram

1410 927 1447 962 ei
1463 927 1528 974 qui
1544 927 1644 962 male
1657 928 1746 976 agit.
1769 928 1818 963 Et
1836 927 2045 964 secundum
2065 928 2139 964 hoe
2153 927 2282 963 timere
2297 935 2462 975 potesta-

1410 985 1487 1014 tem
1508 979 1740 1015 saecularem
1761 991 1837 1015 non
1856 979 2016 1026 pertinet
2035 979 2082 1015 ad
2108 979 2282 1016 timorem
2303 980 2462 1016 munda-

1410 1042 1521 1077 num,
1552 1031 1618 1067 sed
1648 1031 1695 1067 ad
1725 1031 1901 1067 timorem
1925 1032 2100 1068 servilem
2128 1032 2190 1067 vel
2218 1031 2407 1069 initialem.

1463 1084 1521 1120 An
1541 1094 1698 1121 TERTmM
1723 1095 1904 1120 olcENDuM
1933 1084 2038 1131 quod
2066 1085 2232 1120 naturale
2253 1091 2308 1120 est
2326 1082 2339 1105 ⁶
2359 1085 2462 1132 quod

1410 1136 1529 1172 homo
1550 1136 1707 1183 refugiat
1731 1136 1874 1184 proprii
1903 1136 2071 1184 corporis
2101 1136 2379 1183 detrimentum,
2400 1138 2462 1173 vel

1412 1188 1523 1224 etiam
1540 1188 1679 1225 damna
1693 1187 1958 1237 temporalium
1978 1200 2121 1224 rerum:
2143 1188 2209 1224 sed
2225 1189 2328 1236 quod
2344 1189 2461 1225 homo

1410 1248 1566 1288 propter
1584 1241 1654 1277 ista
1674 1241 1825 1277 recedat
1844 1253 1866 1277 a
1885 1240 2032 1287 iustitia,
2055 1247 2109 1276 est
2129 1248 2258 1277 contra
2278 1240 2461 1278 rationem

1411 1293 1633 1329 naturalem.
1664 1293 1774 1330 Unde
1804 1293 1914 1329 etiam
1943 1293 2197 1340 Philosophus
2226 1293 2325 1340 dicit,
2346 1293 2383 1329 in
2412 1295 2461 1330 III

1410 1345 1528 1381 Ethic.
1549 1345 1569 1366 *
1573 1346 1706 1393 ,quod
1735 1345 1923 1393 quaedam
1944 1353 2040 1391 sunt,
2062 1344 2200 1382 scilicet
2218 1353 2499 1406 peccatorum·

1383 1430 1385 1438 ,
1413 1409 1541 1455 opera,
1563 1397 1610 1434 ad
1635 1409 1732 1445 quae
1762 1398 1864 1433 nullo
1893 1398 2028 1435 timore
2057 1397 2188 1446 aliquis
2218 1398 2331 1434 debet
2358 1398 2460 1446 cogi.

1413 1449 1503 1496 quia
1542 1449 1648 1498 peius
1691 1457 1746 1485 est
1781 1450 1998 1487 huiusmodi
2034 1458 2189 1498 peccata
2227 1450 2463 1488 committere

1414 1513 1529 1549 quam
1557 1513 1702 1549 poenas
1731 1513 1991 1551 quascumque
2018 1502 2106 1550 pati.

304 1670 306 1672 v
327 1612 378 1682 ὦ)
394 1614 560 1681 :ipatgm-
567 1614 639 1674 Ἐπὶ.
652 1649 823 1681 ΑΒΒΕΗΡΟς
843 1656 891 1680 pro
905 1655 963 1680 per,
983 1649 1126 1674 secundum
1146 1650 1176 1673 A.

306 1705 309 1724 7
327 1709 330 1719 ,
349 1685 375 1718 γ)
394 1687 421 1711 et
439 1685 502 1717 ipse.
518 1697 540 1704 -
555 1684 637 1711 etiam
656 1685 712 1716 ipse
730 1684 810 1714 ADG,
829 1684 884 1716 ipse
903 1684 932 1714 P,
951 1691 1004 1708 om.
1023 1684 1054 1708 K.

1461 1612 1484 1646 δ)
1505 1615 1628 1639 naturale
1646 1618 1695 1638 est.
1715 1628 1732 1632 -
1751 1615 1874 1638 naturale
1896 1614 1944 1639 hoc
1966 1617 2006 1639 est
2030 1615 2071 1638 ed.
2089 1622 2117 1643 a,
2137 1614 2185 1639 hoc
2203 1617 2243 1639 est
2261 1615 2383 1639 naturale
2401 1615 2430 1639 Ρ.
2447 1628 2465 1633 -—

1407 1650 1458 1674 Pro
1476 1650 1517 1674 vel
1534 1649 1622 1678 etiam,
1641 1652 1668 1673 et
1686 1649 1731 1673 Pa.

1072 1791 1387 1834 ARTICULUS
1416 1790 1688 1841 QUARTUS

989 1866 1144 1897 UTRUM
1167 1865 1308 1896 TIMOR
1331 1865 1518 1897 SERVILIS
1542 1866 1607 1896 sn*
1630 1866 1770 1897 BONUS

829 1935 859 1960 111
879 1935 961 1965 sent„
981 1936 1040 1961 dist.
1057 1943 1139 1967 xxx1v‚
1159 1943 1203 1968 qu.
1221 1943 1249 1965 ιι,
1269 1941 1316 1960 art.
1337 1943 1359 1967 2,
1380 1936 1429 1968 qu⁸
1452 1944 1478 1966 1;
1498 1936 1542 1960 Aa
1559 1935 1650 1964 Rom„
1672 1943 1727 1968 cap.
1746 1943 1799 1966 vm,
1819 1937 1877 1960 lect.
1894 1943 1932 1960 111.

412 2014 429 2029 υ
509 2008 532 2032 D
551 2008 724 2039 QUARTUM
741 2009 795 2034 stc
811 2008 1048 2034 PROCEDITUR.
1069 1997 1228 2034 Videtur
1247 1997 1353 2044 quod

306 2046 377 2099 '‘2³7''
392 2058 411 2088 t.
427 2028 480 2108 5123
492 2049 622 2091 „timor
641 2050 784 2087 servilis
804 2062 882 2086 non
901 2050 947 2086 sit
965 2050 1099 2086 bonus.
1127 2050 1228 2096 Quia
1248 2049 1353 2086 cuius

315 2104 322 2141 ζ
411 2147 420 2154 Ἣ
445 2088 498 2139 Rs
509 2114 600 2139 usus
628 2110 683 2139 est
709 2103 845 2148 malus,
870 2102 996 2150 ipsum
1025 2114 1180 2150 quoque
1208 2103 1353 2139 malum

396 2155 413 2194 ‘-
430 2170 436 2177 ⁷
477 2171 495 2188 *³-
510 2162 576 2192 est.
603 2155 680 2192 Sed
700 2167 789 2192 usus
808 2154 954 2192 timoris
973 2155 1118 2192 servilis
1138 2162 1194 2191 est
1213 2155 1352 2191 malus:

13 2202 218 2264 ]·t0·31»·5⁶
243 2221 272 2237 α
299 2205 390 2255 quia
417 2205 511 2243 sicut
530 2207 700 2245 Glossa*
719 2207 807 2245 dicit
825 2208 940 2245 Rom.
956 2219 1029 2253 vlu,
1049 2208 1115 2255 qui
1130 2208 1264 2244 timore
1286 2207 1355 2244 ali-

61 2243 153 2271 Μ’
167 2248 181 2264 ⁸
212 2247 272 2264 '‘¹'‘
299 2258 390 2306 quid
403 2258 516 2305 facit,
543 2260 612 2296 εἰεί
636 2261 774 2298 bonum
794 2260 840 2296 sit
865 2260 966 2308 quod
982 2261 1096 2307 facit,
1126 2272 1200 2297 non
1229 2265 1353 2296 tamen

300 2310 519 2358 benefacit.
549 2312 650 2359 Ergo
678 2312 791 2349 timor
818 2312 964 2349 servilis
991 2324 1070 2350 non
1098 2320 1154 2349 est
1181 2313 1316 2349 bonus.

355 2374 391 2400 2.
429 2363 669 2410 PRAETEREA,
708 2364 798 2401 illud
834 2364 940 2412 quod
975 2376 1019 2401 ex
1048 2365 1174 2402 radice
1209 2364 1355 2412 peccati

301 2415 419 2452 oritur
447 2428 525 2453 non
555 2424 608 2454 est
636 2418 795 2454 bonurn.
825 2417 903 2453 Sed
929 2416 1042 2453 timor
1069 2417 1213 2453 servilis
1237 2417 1355 2453 oritur

301 2479 346 2505 ex
364 2467 489 2507 radice
508 2469 668 2517 peccati:
690 2469 777 2517 quia
796 2481 910 2517 super
928 2468 1019 2506 illud
1039 2469 1109 2505 Iob
1123 2480 1158 2505 111
1172 2468 1203 2514 ²⁸,
1229 2469 1356 2510 Quare

64 2531 172 2553 uma
184 2530 224 2552 lib-
231 2530 273 2555 Ν
301 2532 376 2557 non
404 2521 441 2557 in
469 2521 582 2558 vulva
619 2527 788 2558 mortuus
819 2520 938 2558 sum?
974 2521 1063 2558 dicit
1090 2521 1294 2568 Gregorius
1312 2521 1352 2556 *z

62 2562 275 2611 ἓξριιῖἶῗίπιῗι
305 2573 400 2610 Cum
419 2585 469 2610 ex
481 2580 636 2622 peccato
650 2585 830 2622 praesens
843 2585 969 2621 poena
988 2574 1175 2618 metuitur,
1191 2579 1226 2610 et
1243 2573 1354 2610 amis-

159 2640 176 2656 α
299 2630 379 2663 56²
396 2626 473 2663 Dei
484 2627 612 2674 facies
635 2638 709 2663 non
738 2631 900 2670 amatur,
921 2626 1033 2662 timor
1051 2637 1100 2661 ex
1127 2631 1272 2662 tumore
1290 2633 1353 2670 est,

301 2690 375 2716 non
395 2690 445 2714 ex
461 2679 676 2716 humilitate.
707 2679 808 2726 Ergo
829 2678 943 2714 timor
962 2677 1106 2715 servilis
1127 2686 1181 2714 est
1199 2678 1332 2714 malus.

63 2476 151 2499 'Vem
165 2482 192 2499 ιι.

355 2731 390 2768 3.
419 2731 651 2776 ΡιυιΕτΕιιΕΑ,
677 2731 784 2768 sicuti
811 2730 934 2767 amori
962 2731 1122 2767 caritatis
1151 2730 1357 2778 opponitur
1380 2765 1382 2768 .

300 2794 408 2820 amor
433 2783 709 2830 mercenarius,
747 2783 797 2820 ita
824 2783 951 2820 timori
980 2790 1082 2819 casto
1110 2783 1260 2819 videtur
1288 2795 1355 2830 op-

299 2835 392 2883 poni
410 2835 524 2872 timor
551 2836 706 2873 servilis.
737 2836 812 2872 Sed
841 2847 949 2872 amor
977 2835 1233 2872 mercenarius
1256 2847 1355 2871 sem—

299 2899 368 2936 per
396 2895 451 2924 est
478 2889 611 2924 malus.
642 2889 742 2936 Ergo
772 2896 808 2924 et
833 2888 946 2924 timor
974 2887 1127 2924 servilis.

354 2941 428 2976 SED
457 2951 612 2987 CONTRA,
642 2941 787 2978 nullum
816 2941 960 2976 malum
987 2947 1042 2977 est
1060 2952 1082 2976 a
1102 2939 1242 2988 Spiritu
1262 2940 1355 2976 San-

301 2999 373 3029 cto.
398 2993 474 3029 Sed
493 2993 607 3029 timor
626 2993 770 3030 servilis
790 3000 845 3029 est
865 3005 908 3029 ex
930 2992 1068 3041 Spiritu
1090 2993 1246 3028 Sancto:
1268 2991 1355 3040 quia

64 3046 151 3069 'Vm
165 3052 193 3074 ι5·
300 3055 427 3093 super·
440 3044 533 3082 illud
560 3046 671 3083 Rom.
696 3057 756 3082 vm
775 3043 810 3091 *‚
839 3045 930 3082 Non
959 3045 1148 3092 accepistis
1176 3044 1352 3092 Spiritum

62 3103 211 3157 κᾶε-’πιθανά
245 3110 272 3124 ²¹
299 3097 484 3134 servitutis
503 3105 585 3144 etc„
607 3097 693 3134 dicit
713 3098 850 3134 Glossa
864 3096 899 3133 *ε
925 3098 1029 3134 Unus
1047 3097 1204 3144 Spiritus
1223 3102 1276 3133 est
1292 3097 1358 3144 qui

288 3149 391 3197 facit
407 3150 500 3186 duos
514 3150 675 3196 timores,
690 3150 828 3186 scilicet
843 3149 1014 3186 servilem
1030 3155 1065 3185 et
1082 3155 1234 3185 castum.
1253 3150 1354 3196 Ergo

300 3201 413 3238 timor
442 3202 585 3238 servilis
614 3214 692 3238 non
720 3209 775 3238 est
803 3203 936 3238 malus.

1463 1998 1688 2033 REsponm-:o
1722 2000 1904 2034 memnon
1937 1998 2042 2044 quod
2087 1998 2199 2034 timor
2235 1997 2380 2034 servilis
2418 2009 2463 2034 ex

1407 2057 1511 2097 parte
1541 2049 1750 2086 servilitatis
1774 2050 1888 2086 habet
1915 2050 2018 2098 quod
2046 2050 2092 2086 sit
2119 2051 2252 2087 malus.
2293 2050 2462 2086 Servitus

1410 2101 1512 2138 enim
1540 2102 1698 2138 libertati
1727 2102 1941 2150 opponitur.
1970 2102 2093 2149 Unde,
2114 2114 2201 2139 cum
2221 2102 2316 2139 liber
2335 2103 2380 2139 sit
2399 2103 2464 2150 qui

1409 2166 1523 2191 causa
1551 2155 1610 2190 sui
1635 2160 1697 2200 est,
1718 2162 1758 2191 ut
1778 2154 1911 2191 dicitur
1934 2155 1971 2191 in
1996 2155 2179 2203 principio
2198 2156 2412 2203 Metaphys.
2429 2155 2460 2201 ³¹⁸,

1409 2219 1542 2243 servus
1562 2215 1618 2243 est
1637 2207 1702 2255 qui
1729 2219 1807 2243 non
1827 2219 1940 2244 causa
1967 2207 2025 2244 sui
2053 2215 2242 2256 operatur,
2262 2208 2330 2244 sed
2353 2207 2460 2256 quasi

1409 2260 1457 2296 ab
1478 2259 1688 2296 extrinseco
1709 2267 1847 2296 motus.
1878 2259 2120 2308 Quicumque
2145 2267 2273 2296 autem
2294 2271 2339 2296 ex
2358 2271 2462 2296 amo—

1410 2324 1449 2348 re
1471 2312 1610 2360 aliquid
1638 2312 1744 2358 facit,
1778 2312 1885 2360 quasi
1913 2324 1956 2349 ex
1985 2313 2109 2361 seipso
2143 2320 2340 2361 operatur:
2375 2312 2463 2360 quia

1410 2377 1454 2400 ex
1481 2364 1635 2412 propria
1662 2364 1901 2401 inclinatione
1929 2373 2107 2402 movetur
2134 2365 2182 2402 ad
2210 2364 2460 2413 operandum.

1409 2418 1458 2452 Et
1477 2417 1564 2453 ideo
1594 2424 1724 2453 contra
1752 2417 1936 2454 rationem
1965 2418 2175 2457 servilitatis
2195 2425 2251 2454 est
2273 2418 2378 2465 quod
2399 2417 2463 2453 ali-

1409 2468 1494 2527 quis
1513 2480 1557 2504 ex
1577 2480 1708 2504 amore
1738 2477 1925 2517 operetur.
1955 2470 2018 2506 Sic
2046 2482 2134 2517 ergo
2163 2470 2276 2506 timor
2304 2469 2459 2516 servilis,

1409 2521 1632 2568 inquantum
1660 2521 1804 2557 servilis
1837 2529 1913 2568 est,
1952 2522 2092 2559 caritati
2125 2522 2381 2558 contrariatur.

1463 2572 1502 2609 Si
1531 2584 1620 2619 ergo
1658 2572 1839 2609 servilitas
1874 2580 1972 2610 esset
1999 2574 2046 2611 de
2073 2574 2217 2610 ratione
2252 2574 2396 2610 timoris
2425 2572 2460 2620 β,

1410 2632 1600 2673 oporteret
1618 2625 1722 2672 quod
1742 2625 1854 2661 timor
1873 2625 2014 2662 servilis
2035 2626 2249 2674 simpliciter
2268 2634 2365 2663 esset
2382 2638 2461 2662 ma-

1409 2678 1481 2713 lus:
1512 2677 1607 2713 sicut
1625 2677 1850 2714 adulterium
1879 2678 2096 2726 simpliciter
2119 2687 2175 2715 est
2196 2680 2352 2725 malum,
2373 2678 2462 2726 quia

1408 2730 1445 2766 id
1466 2741 1511 2766 ex
1533 2741 1610 2777 quo
1631 2730 1876 2766 contrariatur
1895 2731 2035 2767 caritati
2064 2731 2222 2778 pertinet
2244 2736 2260 2758 Υ
2285 2731 2334 2767 ad
2358 2731 2461 2767 adul—

1407 2781 1489 2818 terii
1508 2782 1685 2830 speciem.
1707 2783 1782 2818 Sed
1797 2783 1988 2830 praedicta
2007 2783 2187 2820 servilitas
2207 2795 2285 2819 non
2303 2784 2463 2831 pertinet

1410 2835 1458 2871 ad
1477 2834 1643 2882 speciem
1663 2834 1807 2871 timoris
1836 2835 1999 2872 servilis:
2029 2836 2124 2872 sicut
2151 2847 2222 2872 nec
2249 2835 2458 2872 informitas

1409 2887 1458 2924 ad
1486 2887 1651 2935 speciem
1676 2887 1765 2923 fidei
1784 2887 1966 2924 informis.
1997 2887 2150 2936 Species
2179 2888 2279 2924 enim
2308 2888 2461 2924 moralis

1409 2939 1559 2975 habitus
1578 2940 1639 2975 vel
1668 2947 1772 2975 actus
1792 2951 1837 2975 ex
1865 2939 2013 2976 obiecto
2034 2939 2223 2988 accipitur.
2254 2940 2457 2977 Obiectum

1410 2999 1537 3028 autem
1557 2991 1701 3028 timoris
1721 2991 1864 3028 servilis
1884 3000 1938 3028 est
1955 3004 2098 3040 poena3
2125 2992 2185 3028 cui
2203 2992 2339 3030 accidit
2357 2993 2459 3041 quod

1408 3044 1554 3080 bonum
1585 3044 1643 3080 cui
1672 3044 1917 3080 contrariatur
1943 3057 2070 3092 poena
2102 3052 2249 3081 ametur
2279 3053 2459 3092 tanquam

1408 3096 1494 3133 finis
1522 3096 1688 3142 ultimus,
1710 3104 1747 3132 et
1772 3109 1841 3144 per
1869 3109 2107 3144 consequens
2134 3109 2260 3145 poena
2287 3097 2461 3145 timeatur

1409 3157 1589 3196 tanquam
1618 3149 1823 3197 principale
1851 3150 2014 3195 malum,
2045 3151 2147 3198 quod
2177 3149 2353 3196 contingit
2381 3148 2394 3171 δ
2422 3149 2459 3185 in

1409 3213 1488 3238 non
1519 3202 1682 3237 habente
1717 3201 1927 3247 caritatem;
1965 3203 2026 3238 vel
2063 3203 2165 3250 quod
2203 3202 2395 3238 ordinetur
2422 3201 2458 3237 in

352 3315 380 3346 α)
399 3318 425 3339 et
442 3315 548 3339 amissa.
566 3329 583 3334 -
601 3322 638 3339 ex
656 3322 764 3339 annexo
782 3316 799 3344 l,
819 3318 844 3339 et
867 3314 952 3339 amica
975 3317 1001 3338 et
1024 3321 1133 3338 annexa
1152 3321 1181 3342 n,
1200 3318 1226 3338 et
1244 3321 1353 3338 annexa

299 3350 377 3374 ceteri
396 3355 420 3374 et
439 3350 489 3379 Pa‚·
507 3358 554 3381 pro
573 3353 683 3378 tumore,
703 3350 798 3374 timore
816 3349 1071 3381 PABCDFHIKLpG
1089 3354 1114 3373 et
1132 3356 1158 3373 a.

352 3383 377 3416 β)
396 3385 508 3410 timoris.
525 3399 544 3404 -
561 3385 664 3410 servilis
683 3385 780 3409 addunt
799 3385 844 3409 Pa.

1459 3316 1484 3347 γ)
1504 3322 1541 3339 ex·
1559 3322 1636 3346 quo...
1652 3314 1778 3345 pertinet.
1797 3328 1814 3332 -
1833 3321 1870 3338 ex
1887 3322 1938 3346 quo
1957 3318 2020 3339 est...
2040 3317 2065 3338 et
2078 3314 2197 3345 pertinet
2215 3313 2260 3337 Pa.

1459 3348 1483 3380 ὃ)
1502 3349 1642 3382 contingit.
1658 3362 1678 3368 —
1696 3356 1747 3373 non
1766 3349 1888 3374 convenit
1906 3350 1946 3374 ed.
1964 3356 1989 3378 a,
2010 3356 2060 3373 non
2079 3348 2210 3380 contingit
2229 3348 2255 3372 P.

2490 626 2498 632 ·
2514 622 2578 643 Vers.
2594 628 2623 650 ¹3·

2492 886 2500 893 ·
2515 882 2580 904 Vera.
2595 888 2618 908 4.

2587 1353 2700 1379 1‚..-n8

2490 1379 2514 1400 S.
2515 1353 2570 1399 ΤΕ.
2585 1368 2636 1400 lect.
2652 1385 2677 1400 ιι

2490 2163 2499 2171 “
2514 2161 2561 2183 Lib.
2578 2161 2597 2187 I,
2612 2167 2662 2188 cap.
2677 2167 2699 2187 ιι,

2488 2194 2558 2235 :1¹9n
2565 2187 2639 2209 S-Th.
2649 2188 2700 2208 lect.
