2892 4056
948 139 1214 185 QUAESTIO
1243 139 1401 188 xxvn,
1430 141 1726 178 ARTICULUS
1754 120 1839 178 vin

77 216 154 238 ἈΠ-
168 215 190 241 8.
204 214 233 236 ”d
252 221 272 244 3·
312 219 453 247 Auctore
482 216 516 246 in
538 216 745 256 responsione
768 217 807 246 ad
831 217 982 247 ultimum
1005 217 1099 248 huius
1123 217 1316 258 quaestionis
1338 217 1374 254 ³,

73 2954 84 2964 ⁴
98 2953 164 2975 Vera.
179 2957 210 2974 ἰ.

313 261 402 300 quod
425 270 500 290 cum
523 260 588 290 duo
613 268 802 291 concurrant
817 261 856 290 ad
870 261 1028 298 virtutem,
1045 262 1168 292 bonum
1185 269 1215 292 et
1238 261 1373 297 difficile,

306 304 387 344 plus
398 303 490 345 facit
511 304 555 334 ad
577 305 730 334 rationem
756 306 889 335 virtuosi
911 310 1003 336 actus
1023 306 1139 337 bonum
1168 315 1264 346 quam
1288 304 1374 346 diffi—

312 347 381 378 cite.
406 347 448 378 Et
469 354 636 388 propterea
659 358 726 378 non
749 355 870 389 quanto
894 348 1050 380 difficilior
1072 359 1109 379 ex
1132 355 1243 379 natura
1258 348 1374 388 operis,

311 391 372 422 nisi
392 391 486 422 etiam
506 392 545 422 sit
568 392 690 428 melior,
710 400 797 423 actus
813 393 969 423 iudicatur
992 392 1175 432 simpliciter
1191 392 1290 432 magis
1310 402 1375 422 me-

312 435 450 466 ritorius.
475 436 516 466 Et
538 443 723 476 propterea,
748 436 821 467 licet
844 436 969 466 dilectio
993 436 1113 466 inimici
1146 436 1186 466 sit
1208 435 1374 472 difficilior,

312 489 379 509 non
393 485 500 510 tamen
519 487 566 510 est
582 481 681 519 magis
698 480 866 512 meritoria.
886 480 974 511 Sicut
986 480 1081 510 etiam
1096 479 1222 510 dilectio
1238 479 1374 519 proximi

312 529 359 553 est
382 523 482 564 magis
512 523 645 554 difficilis
668 534 766 565 quarn
789 524 916 556 dilectio
945 523 1022 559 Dei,
1047 533 1122 554 cum
1149 524 1188 554 sit
1210 523 1374 554 naturalis-

311 566 406 597 sima:
432 577 496 597 non
520 574 627 598 tamen
652 575 698 599 est
721 568 821 608 magis
844 567 1015 598 meritoria.

365 611 416 641 Ad
432 612 609 642 secundum
625 612 739 643 dicitur
754 612 844 652 quod
861 610 1017 642 receditur
1032 611 1070 640 ab
1089 610 1269 651 hypothesi.
1291 611 1374 641 Nam

311 655 455 695 quaestio
479 662 535 692 est,
554 657 668 687 ceteris
683 656 830 697 paribus.
854 655 964 691 Modo,
986 661 1087 685 cetera
1109 664 1175 684 non
1192 661 1266 685 sunt
1288 655 1374 694 paria

311 698 373 729 n'mi
387 706 525 739 ponatur
548 710 585 730 ex
600 699 726 731 caritate
745 699 860 740 pariter
874 698 1014 729 amicum
1037 704 1068 728 et
1089 698 1256 728 inimicum
1275 698 1373 738 diligi,

2411 145 2481 181 231

1429 218 1516 248 tenti.
1534 218 1697 255 Quoniam
1709 220 1834 250 dilectio
1847 220 1966 250 inimici
1985 227 2020 250 ut
2036 227 2174 260 quatuor
2186 221 2340 260 supponit
2356 223 2488 252 eandem

1428 261 1587 292 caritatem
1605 263 1733 302 diligere
1750 263 1888 294 amicum
1906 264 1978 304 plus
1995 274 2092 304 quam
2106 272 2142 295 ut
2153 271 2309 305 quatuor:
2334 266 2488 305 quoniam

1427 305 1539 335 eadem
1563 306 1672 336 caritas
1687 308 1786 347 magis
1802 307 1902 338 tendit
1924 308 1956 338 in
1980 308 2141 339 obiectum
2161 308 2372 349 propinquius
2391 319 2488 349 quam

1428 355 1596 380 remotum.
1622 349 1705 380 Cum
1731 360 1805 390 ergo
1827 350 1950 388 dicitur,
1966 352 2102 383 Dilectio
2125 352 2274 383 inimici*
2294 353 2427 383 includit
2445 353 2488 383 di-

1427 393 1590 423 lectionem
1614 395 1721 431 amici,
1747 395 2006 435 distinguendum
2025 403 2071 427 est
2093 397 2132 426 de
2151 396 2318 426 dilectione
2337 396 2488 426 habituali

1426 436 1477 466 vel
1500 436 1612 467 actuali
1636 438 1738 468 amici.
1772 439 1855 469 Nam
1877 439 1902 469 si
1926 440 1965 470 de
1988 440 2139 470 habituali
2169 447 2216 470 est
2238 450 2352 476 sermo,
2378 450 2488 470 verum

1427 480 1614 516 assumitur,
1639 482 1694 511 sed
1717 483 1903 522 oppositum
1930 483 2146 520 concluditur,
2170 491 2207 515 ut
2229 484 2400 515 deductum
2425 491 2486 514 est:

1426 523 1501 564 quia
1525 524 1635 554 eadem
1659 526 1766 556 caritas
1790 527 1889 566 magis
1913 527 2011 558 tendit
2029 528 2062 557 in
2084 528 2303 568 propinquum
2322 538 2419 568 quarn
2442 538 2488 558 re-

1427 574 1562 598 motum.
1587 568 1627 598 Et
1640 576 1806 609 propterea
1822 572 1964 610 neganda
1977 579 2022 602 est
2034 572 2171 612 sequela.
2188 572 2350 609 Quoniam
2363 582 2429 602 non
2440 572 2488 602 in-

1427 611 1525 642 cludit
1540 611 1626 642 illam
1650 613 1838 652 gradualiter
1860 621 1891 645 et
1913 615 2031 656 aliquid
2055 616 2156 646 addit:
2180 617 2234 646 sed
2252 616 2386 647 includit
2399 616 2487 647 illam

1428 661 1463 685 ut
1486 665 1693 687 communem
1716 667 1843 688 causam
1866 659 1915 689 sui
1938 666 1968 689 et
1991 659 2167 690 dilectionis
2187 660 2288 691 amici.
2312 677 2334 684 —-
2356 660 2389 691 Si
2410 669 2486 699 vero

1427 698 1465 728 de
1482 698 1650 730 dilectione
1672 701 1787 732 actuali
1802 702 1896 733 amici
1920 710 1966 733 est
1988 713 2103 740 sermo,
2119 703 2237 734 falsum
2260 704 2424 735 manifeste
2440 714 2487 735 as-

311 741 355 773 sic
374 743 463 783 quod
477 752 699 784 quaecumque
722 743 783 774 alia
799 742 878 774 ratio
898 741 1048 782 diligendi
1068 751 1133 771 non
1149 741 1373 772 consideretur.
1424 741 1571 773 sumitur.
1595 743 1669 774 Non
1693 744 1779 774 enim
1794 745 1827 775 in
1843 753 1915 776 actu
1939 757 2005 787 quo
2025 747 2122 788 diligo
2146 748 2299 778 loannem
2320 748 2487 779 inimicum

365 787 416 817 Ad
440 788 567 818 tertium
591 787 704 818 dicitur
726 788 815 828 quod
837 787 916 817 ratio
932 786 985 816 illa
1006 785 1100 816 infert
1118 785 1305 826 oppositum
1329 785 1376 815 in-

1428 785 1586 816 clauditur
1607 794 1695 818 actus
1719 798 1785 829 quo
1810 789 1907 830 diligo
1930 791 2059 821 Petrum
2083 791 2231 823 amicum.

1083 901 1401 944 ARTICULUS
1431 902 1704 945 OCTAVUS

546 979 702 1010 UTRUM
725 979 791 1009 sn*
815 978 946 1008 MAG1s
970 976 1248 1008 MERITORIUM
1272 974 1474 1006 DILIGERE
1498 976 1728 1009 PROXIMUM
1752 980 1876 1016 QUAM
1901 981 2102 1012 DILIGERE
2127 984 2249 1014 DEUM

1193 1037 1224 1062 111
1244 1037 1327 1067 Seni„
1349 1035 1409 1060 dist.
1427 1043 1483 1067 xxx,
1502 1042 1549 1062 art.
1568 1045 1594 1070 4.

347 1112 401 1138 4„
428 1120 494 1141 Μ,
520 1105 543 1131 n
564 1104 736 1130 oc‘rAthM
755 1104 808 1129 516
828 1102 1069 1128 pnoeenrrun.
1089 1091 1250 1128 Videtur
1267 1091 1372 1140 quod

339 1126 493 1207 §jS
520 1147 642 1194 magis
661 1146 707 1183 sit
726 1145 963 1182 meritorium
983 1144 1138 1192 diligere
1154 1144 1372 1193 proximum

328 1196 446 1243 fv,
460 1206 470 1243 j
502 1199 508 1203 ’
521 1212 638 1248 quarn
659 1199 811 1247 diligere
831 1200 971 1235 Deum.
994 1198 1086 1234 lllud
1107 1199 1209 1235 enim
1224 1197 1374 1234 videtur

318 1228 461 1287 'Ass'ffl
477 1246 509 1288 K
522 1264 611 1302 ²859
625 1252 746 1300 magis
772 1252 1011 1289 meritorium
1040 1251 1146 1300 quod
1164 1252 1373 1300 Apostolus

310 1301 568 1354 magis‘ael'egit.
591 1305 668 1343 Sed
682 1305 889 1354 Apostolus
908 1304 1112 1354 praeelegit
1131 1304 1372 1341 dilectionem

309 1358 472 1410 proximi
487 1357 679 1396 dilectioni
689 1358 777 1395 Dei:
794 1358 1006 1394 secundum
1021 1358 1113 1394 illud
1123 1356 1372 1395 adRom.1x*:

315 1408 500 1460 Optabam
527 1412 734 1452 anathema,
757 1422 836 1448 esse
862 1422 886 1447 a
919 1410 1064 1446 Christo
1087 1421 1162 1458 pro
1179 1410 1374 1458 fratribus

308 1461 414 1509 metir,
442 1464 546 1512 Ergo
574 1463 695 1512 magis
723 1470 779 1500 est
806 1462 1044 1499 meritorium
1073 1462 1225 1510 diligere
1248 1461 1373 1511 p'roxi-

309 1519 419 1566 ὤμω
440 1529 564 1565 ‚quam
584 1511 746 1564 ¹diligere
773 1516 915 1552 Deum.

332 1572 334 1574 ’
363 1581 400 1606 2.
429 1570 664 1616 PRAETEREA,
693 1569 819 1606 minus
847 1568 999 1606 videtur
1027 1580 1109 1604 esse
1135 1567 1373 1604 meritorium

309 1612 437 1674 'aliquo
466 1621 586 1659 modo
620 1621 773 1670 diligere
805 1621 993 1668 amicum,
1025 1629 1067 1658 ut
1095 1621 1237 1658 dictum
1267 1628 1322 1657 est
1340 1620 1372 1657 ³¹⁶.

310 1670 394 1713 Sed
407 1676 515 1712 Deus
543 1675 709 1712 maxime
739 1682 794 1711 est
820 1673 979 1722 amicus,
1001 1674 1066 1722 qui
1086 1679 1103 1695 ‘²
1116 1674 1228 1723 prior
1245 1674 1375 1710 dilexit

250 1741 252 1743 ’
310 1740 398 1779 ῃοε,
427 1736 470 1767 ut
497 1728 633 1767 dicitur
661 1729 674 1764 1
705 1729 810 1764 loan.
841 1739 876 1764 1v
893 1726 925 1764 *.
969 1728 1070 1776 Ergo
1100 1727 1254 1775 diligere
1284 1739 1372 1764 eum

308 1780 462 1831 Y'idetur
490 1793 573 1820 esse
601 1781 728 1818 minus
755 1780 1007 1818 meritorium.

365 1836 400 1873 3.
431 1835 668 1880 PRAETEREA,
695 1833 786 1871 illud
806 1835 911 1882 quod
934 1841 991 1870 est
1016 1833 1204 1872 difficilius
1222 1833 1374 1870 videtur

311 1900 394 1926 esse
422 1887 629 1925 virtuosius
649 1894 686 1924 et
705 1887 825 1935 magis
853 1886 1114 1936 meritorium:
1144 1887 1235 1935 quia
1255 1887 1373 1923 virtus

271 1961 283 1978 -.
309 1946 362 1990 est
381 1941 484 1978 circa
512 1940 665 1989 difficile
683 1945 719 1976 et
744 1940 896 1985 bonum,
911 1947 954 1976 ut
969 1939 1105 1977 dieitur
1119 1939 1157 1976 in
1174 1941 1205 1976 II
1223 1939 1372 1976 Ethic.*

309 1993 389 2032 Sed
416 1993 561 2031 facilius
581 2000 638 2030 est
664 1992 816 2040 diligere
845 1993 974 2030 Deum
995 2005 1111 2041 quam
1130 1992 1370 2042 proximum:

307 2054 391 2084 tum
415 2046 504 2095 quia
531 2046 750 2083 naturaliter
778 2045 908 2082 omnia
931 2047 1058 2083 Deum
1089 2045 1260 2093 diligunt;
1290 2054 1370 2082 tum

307 2094 398 2149 quia
421 2099 460 2136 in
477 2100 564 2136 Deo
593 2099 685 2135 nihil
713 2098 878 2136 occurrit
905 2099 1010 2147 quod
1037 2111 1116 2136 non
1145 2099 1191 2135 sit
1219 2099 1372 2146 diligen—

309 2153 415 2202 dum,
437 2153 541 2202 quod
570 2152 668 2189 circa
695 2152 915 2200 proximum
944 2164 1023 2189 non
1048 2151 1238 2203 contingit.
1269 2153 1371 2199 Ergo

309 2205 432 2254 magis
451 2213 518 2255 ,est
543 2204 782 2243 meritorium
816 2204 968 2253 diligere
1000 2205 1221 2254 proximum
1255 2218 1372 2254 quam

311 2258 463 2307 diligere
491 2258 632 2295 Deum.

365 2311 441 2349 San
460 2322 617 2357 CONTRA,
629 2317 784 2359 propter
799 2310 904 2359 quod
919 2312 1236 2361 unumquodque,
1256 2311 1349 2349 illud
1359 2310 1374 2341 β

309 2363 444 2412 magis.
483 2363 561 2401 Sed
593 2362 742 2401 dilectio
775 2363 940 2412 proximi
976 2375 1056 2400 non
1093 2372 1148 2401 est
1181 2364 1374 2402 meritoria

309 2417 380 2455 nisi
397 2424 555 2466 propter
571 2416 646 2453 hoc
674 2415 780 2463 quod
808 2416 1004 2464 proximus
1033 2415 1196 2464 diligitur
1217 2425 1374 2467 propter

309 2471 450 2507 Deum.
493 2470 595 2517 Ergo
634 2468 782 2506 dilectio
819 2468 893 2505 Dei
929 2477 985 2506 est
1021 2469 1142 2517 magis
1179 2469 1373 2508 meritoria

310 2535 429 2572 quam
458 2522 609 2559 dilectio
638 2521 814 2571 proximi.

362 2577 589 2614 Responnsso
608 2586 794 2612 melerinum
821 2574 926 2622 quod
955 2575 1190 2623 comparatio
1214 2574 1284 2612 ista
1303 2588 1372 2625 po-

309 2636 381 2666 test
406 2628 560 2676 intelligi
588 2627 796 2676 dupliciter.
835 2627 923 2664 Uno
952 2628 1093 2674 modo,
1126 2636 1168 2664 ut
1196 2641 1370 2666 seorsum

310 2681 571 2719 consideretur
606 2689 768 2729 utraque
806 2680 966 2717 dilectio.
1005 2681 1056 2717 Et
1081 2688 1172 2718 tunc
1205 2693 1284 2718 non
1317 2690 1373 2718 est

309 2734 468 2775 dubium
498 2733 604 2782 quod
633 2733 782 2771 dilectio
810 2733 883 2769 Dei
918 2741 974 2769 est
1002 2733 1122 2781 magis
1156 2734 1370 2772 meritoria:

311 2787 471 2827 debetur
498 2786 602 2824 enim
631 2787 664 2823 ei
692 2798 838 2823 merces
869 2793 1027 2835 propter
1054 2786 1242 2836 seipsam,
1281 2788 1371 2836 quia

309 2839 440 2877 ultima
467 2852 614 2877 merces
643 2847 699 2876 est
725 2839 796 2876 frui
824 2840 928 2886 Deo,
958 2839 996 2876 in
1024 2851 1141 2887 quem
1169 2840 1288 2878 tendit
1316 2841 1371 2878 di-

308 2892 423 2941 vinae
452 2891 661 2930 dilectionis
688 2899 828 2929 motus,
857 2892 970 2929 Unde
999 2899 1036 2928 et
1056 2892 1221 2940 diligenti
1240 2894 1368 2931 Deum

309 2957 459 2986 merces
477 2945 720 2994 promittitur,
741 2945 846 2981 Ioan.
860 2956 922 2981 xiv
939 2944 977 2981 *ε
998 2945 1040 2981 Si
1057 2946 1139 2993 quis
1157 2945 1279 2995 diligit
1295 2959 1367 2995 me,

310 2997 487 3047 diligetur
504 3009 528 3034 a
547 2998 660 3034 Patre
676 3009 772 3043 meo,
793 3002 828 3034 et
854 2998 1100 3045 manifestabo
1120 2999 1156 3035 ei
1172 2999 1366 3047 meipsum.

363 3115 392 3148 α)
411 3116 465 3148 qui.
482 3128 502 3136 -
519 3115 645 3148 quoniam
664 3116 696 3147 G,
716 3116 779 3148 quia
797 3111 870 3142 CDR.
885 3130 907 3137 -
923 3118 974 3142 Pro
993 3125 1060 3147 eum,
1075 3119 1162 3144 Deum
1182 3120 1278 3146 PDGa.

365 3150 391 3184 β)
410 3151 486 3177 illud.
504 3165 523 3170 —
539 3154 566 3176 et
583 3151 650 3176 illud
668 3151 700 3182 G,
718 3155 758 3176 est
776 3155 802 3176 et
821 3152 888 3177 illud
905 3153 924 3183 1,
942 3154 996 3178 tale
1013 3157 1040 3179 et
1058 3154 1124 3179 illud
1142 3155 1175 3180 K.

364 3186 391 3221 γ)
411 3187 471 3212 ista.
488 3200 508 3206 -
526 3186 584 3219 ipsa
602 3187 640 3211 Pa
658 3191 684 3211 et
703 3187 813 3212 codices.

1476 1090 1563 1127 Alio
1593 1093 1712 1130 modo
1741 1102 1866 1142 potest
1895 1096 2036 1133 attendi
2064 1097 2134 1133 ista
2152 1103 2167 1125 Υ
2189 1099 2423 1147 comparatio
2444 1107 2486 1136 ut

1424 1143 1574 1180 dilectio
1603 1146 1676 1182 Dei
1703 1147 1906 1196 accipiatur
1933 1150 2157 1186 secundum>
2173 1152 2279 1198 quod
2299 1153 2402 1188 solus
2431 1152 2485 1188 di-

1424 1196 1567 1244 ligitur;
1598 1198 1747 1235 dilectio
1777 1208 1904 1238 autern
1933 1202 2096 1250 proximi
2120 1204 2326 1252 accipiatur
2352 1217 2486 1241 secun—

1425 1250 1518 1287 dum
1543 1252 1648 1299 quod
1671 1253 1868 1301 proximus
1897 1254 2057 1302 diligitur
2084 1265 2241 1306 propter
2268 1258 2408 1294 Deum.
2438 1258 2488 1294 Et

1425 1303 1478 1340 sic
1516 1304 1665 1341 dilectio
1703 1306 1865 1354 proximi
1903 1307 2069 1345 includet
2087 1307 2100 1330 ⁶
2121 1309 2362 1347 dilectionem
2391 1310 2485 1347 Dei:

1425 1357 1492 1393 sed
1509 1357 1656 1394 dilectio
1672 1358 1745 1394 Dei
1765 1371 1842 1395 non
1861 1359 2027 1397 includet
2047 1361 2288 1399 dilectionem
2307 1363 2485 1411 proximi.

1425 1409 1537 1446 Unde
1571 1409 1640 1446 erit
1674 1413 1908 1459 comparatio
1938 1413 2147 1451 dilectionis
2175 1415 2247 1452 Dei
2274 1416 2486 1464 perfectae,

1425 1474 1524 1510 quae
1554 1463 1720 1499 extendit
1747 1476 1787 1499 se
1817 1465 1930 1501 etiam
1964 1466 2013 1502 ad
2040 1467 2283 1515 proximum,
2319 1468 2367 1505 ad
2396 1468 2487 1505 dile—

1426 1514 1590 1551 ctionem
1620 1515 1693 1552 Dei
1720 1515 2012 1554 insufficientem
2033 1527 2069 1555 et
2087 1519 2368 1568 imperfectam:
2398 1521 2488 1568 quia

1425 1569 1496 1604 hoc
1532 1569 1754 1605 mandatum
1790 1570 1971 1608 habemus
1998 1583 2022 1608 a
2050 1572 2151 1618 Deo,
2191 1578 2231 1609 ut
2266 1573 2331 1621 qui
2367 1573 2489 1623 diligit

1425 1621 1566 1667 Deum,
1587 1621 1723 1671 diligat
1739 1628 1775 1658 et
1787 1624 1958 1671 fratrem
1975 1635 2086 1661 suum
2100 1626 2130 1662 *.
2153 1626 2201 1662 Et
2219 1625 2257 1662 in
2277 1626 2351 1662 1106
2371 1638 2486 1663 sensu
2512 1635 2552 1682 Qer

1425 1673 1572 1710 dilectio
1600 1674 1763 1723 proximi
1790 1676 2036 1724 praeeminet.

1476 1728 1535 1764 An
1551 1739 1688 1764 PR1MUM
1703 1739 1800 1765 ERGO
1816 1741 2000 1766 DICENDUM
2014 1724 2118 1778 quod
2135 1731 2346 1768 secundum
2366 1744 2485 1768 unam

1425 1779 1584 1816 Glossae
1613 1780 1891 1829 expositionem
1910 1781 1942 1828 *,
1977 1783 2052 1819 1106
2067 1783 2279 1831 'Apostolus
2297 1791 2387 1820 tunc
2407 1797 2486 1821 non

1425 1833 1583 1880 optabat
1610 1834 1764 1882 quando
1793 1842 1873 1871 erat
1899 1834 1937 1871 in
1966 1843 2064 1872 statu
2092 1836 2248 1883 gratiae,
2277 1844 2319 1873 ut
2346 1837 2486 1874 scilicet

1425 1893 1663 1934 separaretur
1682 1899 1704 1923 a
1724 1887 1872 1924 Christo
1904 1900 1975 1936 pro
1995 1888 2170 1925 fratribus
2199 1889 2296 1926 suis:
2325 1890 2393 1926 sed
2411 1891 2486 1926 hoc
2507 1895 2509 1898 ’

1425 1946 1623 1986 optaverat
1646 1939 1800 1987 quando
1827 1947 1906 1976 erat
1932 1940 1970 1977 in
1990 1948 2087 1978 statu
2106 1941 2344 1979 infidelitatis.
2374 1942 2485 1979 Unde

1425 1991 1462 2028 in
1490 1992 1566 2028 hoc
1593 2004 1672 2029 non
1701 2000 1756 2029 est
1783 1992 2001 2030 imitandus.

1477 2045 1547 2082 Vel
1565 2053 1691 2094 potest
1710 2045 1802 2093 dici,
1832 2046 1927 2082 sicut
1947 2046 2035 2083 dicit
2054 2047 2363 2095 Chrysostomus‚
2384 2047 2422 2084 in
2444 2047 2484 2084 li-

1425 2098 1495 2134 bro
1515 2098 1560 2134 de
1584 2099 1802 2147 Compunct.
1821 2098 1854 2146 ²¹⁵,
1874 2099 1979 2147 quod
1998 2111 2067 2147 per
2084 2101 2160 2136 hoc
2178 2112 2257 2137 non
2276 2100 2486 2137 ostenditur

1425 2152 1530 2198 quod
1559 2152 1766 2199 Apostolus
1794 2152 1878 2200 plus
1914 2151 2081 2199 diligeret
2111 2153 2330 2200 proximum
2369 2165 2484 2201 quam

1426 2205 1574 2240 Deum:
1601 2205 1667 2242 sed
1689 2204 1793 2252 quod
1811 2205 1896 2252 plus
1917 2205 2094 2252 diligebat
2111 2210 2124 2226 ⁸
2143 2206 2271 2242 Deum
2291 2218 2408 2254 quarn
2427 2218 2484 2242 se-

1425 2256 1563 2305 ipsum.
1591 2257 1756 2294 Volebat
1775 2257 1876 2294 enim
1898 2258 1945 2294 ad
1965 2266 2117 2306 tempus
2144 2258 2285 2307 privari
2309 2258 2484 2295 fruitione

1426 2309 1568 2357 divina,
1588 2310 1695 2358 quod
1723 2310 1884 2358 pertinet
1910 2310 1960 2347 ad
1988 2310 2230 2348 dilectionem
2253 2311 2327 2360 sui,
2344 2313 2392 2349 ad
2411 2312 2486 2348 hoc

1425 2363 1532 2411 quod
1551 2363 1677 2400 honor
1705 2363 1778 2399 Dei
1806 2371 2073 2411 procuraretur
2099 2364 2138 2400 in
2165 2364 2358 2413 proximis,
2380 2365 2485 2413 quod

1425 2416 1587 2464 pertinet
1614 2415 1662 2452 ad
1692 2415 1934 2453 dilectionem
1962 2416 2046 2453 Dei.
2097 2449 2109 2462 ,

1477 2470 1536 2504 AD
1556 2480 1746 2505 SECUNDUM
1765 2480 1949 2506 DICENDUM
1978 2469 2083 2518 quod
2108 2469 2258 2506 dilectio
2283 2469 2394 2506 amici
2413 2482 2483 2518 pro

1423 2528 1527 2557 tanto
1544 2527 1599 2557 est
1614 2521 1846 2569 quandoque
1864 2521 1989 2558 minus
2009 2522 2200 2558 meritoria
2225 2522 2311 2570 quia
2339 2522 2484 2559 amicus

1425 2573 1588 2621 diligitur
1624 2581 1780 2622 propter
1817 2573 2008 2622 seipsum,
2046 2582 2082 2611 et
2109 2574 2160 2611 ita
2189 2575 2316 2611 deficit
2344 2587 2365 2611 a
2392 2587 2482 2611 vera

1425 2626 1569 2663 ratione
1590 2626 1776 2663 amicitiae
1798 2627 1969 2672 caritatis,
1991 2639 2087 2675 quae
2108 2627 2213 2663 Deus
2234 2635 2299 2664 est.
2329 2628 2378 2663 Et
2396 2627 2484 2665 ideo

1425 2680 1531 2727 quod
1558 2681 1664 2716 Deus
1692 2679 1865 2727 diligatur
1892 2687 2047 2728 propter
2075 2680 2243 2728 seipsum
2271 2692 2350 2716 non
2377 2680 2483 2716 dimi-

1425 2732 1506 2770 nuit
1533 2733 1729 2779 merstum,
1763 2733 1828 2768 sed
1866 2733 1940 2769 hoc
1978 2732 2168 2769 constituit
2204 2740 2322 2768 totam
2361 2732 2483 2770 meriti

1425 2786 1623 2823 rationem.

1476 2842 1534 2876 AD
1544 2851 1703 2876 TER‘riuM
1719 2850 1902 2876 nicENDuM
1917 2839 2020 2886 quod
2036 2838 2120 2886 plus
2133 2837 2219 2874 facit
2233 2839 2280 2875 ad
2296 2837 2482 2874 rationem

1423 2893 1546 2931 meriti
1566 2902 1601 2930 et
1620 2892 1764 2929 virtutis
1783 2893 1928 2928 bonum
1948 2903 2064 2939 quam
2085 2890 2249 2927 difficile.
2278 2891 2388 2928 Unde
2404 2903 2483 2927 non

1424 2954 1574 2996 oportet
1602 2946 1706 2994 quod
1736 2957 1851 2981 omne
1880 2943 2069 2981 difficilius
2104 2943 2149 2980 sit
2181 2943 2301 2991 magis
2329 2943 2482 2980 merito-

1422 3000 1536 3037 rium:
1558 2999 1625 3036 sed
1639 2999 1743 3046 quod
1759 2998 1811 3034 sic
1826 3004 1881 3034 est
1897 2996 2083 3034 difficilius
2093 3004 2135 3032 ut
2149 2996 2262 3033 etiam
2275 2997 2320 3033 sit
2334 2996 2480 3035 melius.

1477 3121 1501 3154 ὃ)
1522 3121 1645 3146 includet.
1663 3134 1682 3140 -
1701 3120 1811 3145 includit
1839 3119 1945 3150 PDHIn,
1971 3119 2116 3144 includitur
2135 3119 2169 3149 B;
2190 3119 2270 3144 altero
2294 3119 2350 3143 loco
2370 3118 2482 3143 includit

1360 3165 1362 3167 ·
1424 3157 1558 3189 PDGHpC
1576 3162 1600 3181 et
1618 3163 1649 3185 m
1664 3155 1814 3187 proximi...
1833 3155 1939 3179 dilectio
1958 3160 1983 3178 et
2001 3162 2052 3179 non
2072 3162 2126 3179 om.
2144 3161 2170 3178 a.

1478 3193 1499 3224 ε)
1519 3192 1655 3225 diligebat.
1672 3206 1691 3210 -
1710 3191 1835 3223 diligeret
1852 3190 1881 3215 Ρ.

988 3258 1319 3294 Commenta-ia
1341 3262 1590 3295 Cardinalis
1613 3261 1812 3294 Caietam

314 3339 362 3402 In
385 3329 517 3359 articulo
544 3336 657 3359 octavo
677 3329 841 3370 responsio
872 3330 912 3360 ad
935 3330 1064 3361 tertium
1097 3333 1351 3364 commendanda
1376 3341 1422 3364 est
1448 3334 1637 3364 memoriae:
1670 3333 1746 3374 quia
1774 3332 1892 3372 pluries
1925 3339 2051 3373 oportet
2073 3343 2108 3363 ea
2132 3332 2188 3364 uti.
2216 3332 2366 3373 Nihilque
2394 3332 2479 3362 aliud

342 3373 542 3404 scribendum
566 3373 711 3404 occurrit.

2515 358 2525 367 ⁸
2546 358 2647 380 Dilectio
2664 365 2723 386 pro-

2514 384 2573 405 ximi
2586 385 2638 406 ΡΑΒ.

2534 1634 2543 1655 1
2554 1635 2616 1656 loan.
2632 1641 2682 1662 cap.
2692 1641 2722 1661 tv,

2553 1667 2572 1682 s.
2587 1667 2616 1682 21.

2512 1797 2522 1806 ⁸
2538 1796 2619 1818 Ordin.

2513 2112 2522 2121 ⁸
2536 2110 2623 2132 Homil.
2634 2110 2688 2132 XVI
2698 2112 2721 2132 in

2511 2137 2587 2165 Epist.
2606 2137 2640 2159 ad
2657 2138 2720 2159 Rom.
