<?xml version="1.0" encoding="UTF-8"?>
<!DOCTYPE html PUBLIC "-//W3C//DTD XHTML 1.0 Transitional//EN"
    "http://www.w3.org/TR/xhtml1/DTD/xhtml1-transitional.dtd">
<html xmlns="http://www.w3.org/1999/xhtml" xml:lang="en" lang="en">
 <head>
  <title>
</title>
<meta http-equiv="Content-Type" content="text/html;charset=utf-8" />
  <meta name='ocr-system' content='tesseract 3.04.00' />
  <meta name='ocr-capabilities' content='ocr_page ocr_carea ocr_par ocr_line ocrx_word'/>
</head>
<body>
  <div class='ocr_page' id='page_1' title='image "./operaomniaiussui08thom/operaomniaiussui08thom_0012.png"; bbox 0 0 2892 4056; ppageno 0'>
   <div class='ocr_carea' id='block_1_1' title="bbox 425 196 2647 1289">
    <p class='ocr_par' dir='ltr' id='par_1_1' title="bbox 425 196 2647 1165">
     <span class='ocr_line' id='line_1_1' title="bbox 425 196 2583 274; baseline 0.002 -27"><span class='ocrx_word' id='word_1_1' title='bbox 425 197 568 247; x_wconf 90' lang='lat' dir='ltr'>huius</span> <span class='ocrx_word' id='word_1_2' title='bbox 613 197 790 262; x_wconf 83' lang='lat' dir='ltr'>incepti</span> <span class='ocrx_word' id='word_1_3' title='bbox 835 196 1163 262; x_wconf 86' lang='lat' dir='ltr'>persequendi</span> <span class='ocrx_word' id='word_1_4' title='bbox 1209 196 1591 262; x_wconf 87' lang='lat' dir='ltr'>perficiendique</span> <span class='ocrx_word' id='word_1_5' title='bbox 1637 215 1815 246; x_wconf 89' lang='lat' dir='ltr'>munus</span> <span class='ocrx_word' id='word_1_6' title='bbox 1858 196 2210 274; x_wconf 83' lang='lat' dir='ltr'>Dominiciano</span> <span class='ocrx_word' id='word_1_7' title='bbox 2255 200 2460 268; x_wconf 90' lang='lat' dir='ltr'>Ordini,</span> <span class='ocrx_word' id='word_1_8' title='bbox 2507 202 2583 252; x_wconf 91' lang='lat' dir='ltr'>cui</span> 
     </span>
     <span class='ocr_line' id='line_1_2' title="bbox 426 265 2582 343; baseline 0.002 -26"><span class='ocrx_word' id='word_1_9' title='bbox 426 286 623 343; x_wconf 82' lang='lat' dir='ltr'>praees,</span> <span class='ocrx_word' id='word_1_10' title='bbox 668 266 902 316; x_wconf 88' lang='lat' dir='ltr'>mandare</span> <span class='ocrx_word' id='word_1_11' title='bbox 939 265 1266 315; x_wconf 84' lang='lat' dir='ltr'><strong>decrevimus.</strong></span> <span class='ocrx_word' id='word_1_12' title='bbox 1326 265 1493 316; x_wconf 89' lang='lat' dir='ltr'>Tanta</span> <span class='ocrx_word' id='word_1_13' title='bbox 1530 276 1602 315; x_wconf 90' lang='lat' dir='ltr'>est</span> <span class='ocrx_word' id='word_1_14' title='bbox 1640 265 1770 315; x_wconf 92' lang='lat' dir='ltr'>enim</span> <span class='ocrx_word' id='word_1_15' title='bbox 1809 265 1858 314; x_wconf 93' lang='lat' dir='ltr'>in</span> <span class='ocrx_word' id='word_1_16' title='bbox 1896 265 1998 316; x_wconf 92' lang='lat' dir='ltr'>eius</span> <span class='ocrx_word' id='word_1_17' title='bbox 2034 267 2243 318; x_wconf 90' lang='lat' dir='ltr'>alumnis</span> <span class='ocrx_word' id='word_1_18' title='bbox 2287 269 2459 333; x_wconf 85' lang='lat' dir='ltr'>peritia</span> <span class='ocrx_word' id='word_1_19' title='bbox 2494 271 2582 321; x_wconf 94' lang='lat' dir='ltr'>do-</span> 
     </span>
     <span class='ocr_line' id='line_1_3' title="bbox 426 333 2586 412; baseline 0.002 -27"><span class='ocrx_word' id='word_1_20' title='bbox 426 336 689 385; x_wconf 88' lang='lat' dir='ltr'>ctrinarum</span> <span class='ocrx_word' id='word_1_21' title='bbox 728 354 849 412; x_wconf 82' lang='lat' dir='ltr'>quas</span> <span class='ocrx_word' id='word_1_22' title='bbox 895 353 1118 384; x_wconf 91' lang='lat' dir='ltr'>summus</span> <span class='ocrx_word' id='word_1_23' title='bbox 1163 333 1243 384; x_wconf 91' lang='lat' dir='ltr'>ille</span> <span class='ocrx_word' id='word_1_24' title='bbox 1279 334 1521 401; x_wconf 80' lang='lat' dir='ltr'>Magister</span> <span class='ocrx_word' id='word_1_25' title='bbox 1557 333 1846 385; x_wconf 83' lang='lat' dir='ltr'>christianae</span> <span class='ocrx_word' id='word_1_26' title='bbox 1890 334 2156 399; x_wconf 83' lang='lat' dir='ltr'>sapientiae</span> <span class='ocrx_word' id='word_1_27' title='bbox 2192 337 2410 404; x_wconf 83' lang='lat' dir='ltr'>tradidit,</span> <span class='ocrx_word' id='word_1_28' title='bbox 2453 348 2586 389; x_wconf 86' lang='lat' dir='ltr'>tanta</span> 
     </span>
     <span class='ocr_line' id='line_1_4' title="bbox 427 403 2587 474; baseline 0.002 -20"><span class='ocrx_word' id='word_1_29' title='bbox 427 424 598 454; x_wconf 89' lang='lat' dir='ltr'>eorum</span> <span class='ocrx_word' id='word_1_30' title='bbox 636 405 796 454; x_wconf 89' lang='lat' dir='ltr'>studia</span> <span class='ocrx_word' id='word_1_31' title='bbox 833 404 881 454; x_wconf 93' lang='lat' dir='ltr'>in</span> <span class='ocrx_word' id='word_1_32' title='bbox 912 403 1071 469; x_wconf 93' lang='lat' dir='ltr'>Illum,</span> <span class='ocrx_word' id='word_1_33' title='bbox 1102 403 1239 454; x_wconf 92' lang='lat' dir='ltr'>cuius</span> <span class='ocrx_word' id='word_1_34' title='bbox 1278 423 1478 454; x_wconf 88' lang='lat' dir='ltr'>nomme</span> <span class='ocrx_word' id='word_1_35' title='bbox 1503 405 1626 454; x_wconf 90' lang='lat' dir='ltr'>ordo</span> <span class='ocrx_word' id='word_1_36' title='bbox 1663 403 1919 454; x_wconf 87' lang='lat' dir='ltr'>universus</span> <span class='ocrx_word' id='word_1_37' title='bbox 1957 403 2240 455; x_wconf 84' lang='lat' dir='ltr'>honestatur</span> <span class='ocrx_word' id='word_1_38' title='bbox 2278 406 2495 474; x_wconf 83' lang='lat' dir='ltr'>mirifice,</span> <span class='ocrx_word' id='word_1_39' title='bbox 2534 418 2587 458; x_wconf 85' lang='lat' dir='ltr'>ut</span> 
     </span>
     <span class='ocr_line' id='line_1_5' title="bbox 426 472 2586 542; baseline 0.002 -19"><span class='ocrx_word' id='word_1_40' title='bbox 426 473 536 523; x_wconf 90' lang='lat' dir='ltr'>Nos</span> <span class='ocrx_word' id='word_1_41' title='bbox 573 473 796 524; x_wconf 88' lang='lat' dir='ltr'>dubitare</span> <span class='ocrx_word' id='word_1_42' title='bbox 833 493 933 523; x_wconf 93' lang='lat' dir='ltr'>non</span> <span class='ocrx_word' id='word_1_43' title='bbox 971 472 1132 522; x_wconf 86' lang='lat' dir='ltr'>sinant</span> <span class='ocrx_word' id='word_1_44' title='bbox 1168 473 1285 537; x_wconf 90' lang='lat' dir='ltr'>quin</span> <span class='ocrx_word' id='word_1_45' title='bbox 1319 472 1576 523; x_wconf 85' lang='lat' dir='ltr'>scitissime</span> <span class='ocrx_word' id='word_1_46' title='bbox 1613 483 1662 523; x_wconf 91' lang='lat' dir='ltr'>et</span> <span class='ocrx_word' id='word_1_47' title='bbox 1697 473 2060 523; x_wconf 88' lang='lat' dir='ltr'>accuratissime</span> <span class='ocrx_word' id='word_1_48' title='bbox 2091 475 2423 525; x_wconf 93' lang='lat' dir='ltr'>concreditum</span> <span class='ocrx_word' id='word_1_49' title='bbox 2461 495 2586 542; x_wconf 92' lang='lat' dir='ltr'>opus</span> 
     </span>
     <span class='ocr_line' id='line_1_6' title="bbox 427 541 2587 621; baseline 0.001 -28"><span class='ocrx_word' id='word_1_50' title='bbox 427 542 678 594; x_wconf 85' lang='lat' dir='ltr'>efficiatur.</span> <span class='ocrx_word' id='word_1_51' title='bbox 722 542 856 592; x_wconf 91' lang='lat' dir='ltr'>Viris</span> <span class='ocrx_word' id='word_1_52' title='bbox 882 542 1043 606; x_wconf 84' lang='lat' dir='ltr'>itaque</span> <span class='ocrx_word' id='word_1_53' title='bbox 1076 562 1105 591; x_wconf 92' lang='lat' dir='ltr'>a</span> <span class='ocrx_word' id='word_1_54' title='bbox 1131 541 1227 608; x_wconf 90' lang='lat' dir='ltr'>Te,</span> <span class='ocrx_word' id='word_1_55' title='bbox 1270 541 1465 592; x_wconf 91' lang='lat' dir='ltr'>Dilecte</span> <span class='ocrx_word' id='word_1_56' title='bbox 1496 541 1608 608; x_wconf 88' lang='lat' dir='ltr'>Fili,</span> <span class='ocrx_word' id='word_1_57' title='bbox 1640 562 1701 592; x_wconf 84' lang='lat' dir='ltr'>ex</span> <span class='ocrx_word' id='word_1_58' title='bbox 1735 542 1962 609; x_wconf 87' lang='lat' dir='ltr'>religiosa</span> <span class='ocrx_word' id='word_1_59' title='bbox 1997 541 2209 592; x_wconf 87' lang='lat' dir='ltr'>Familia</span> <span class='ocrx_word' id='word_1_60' title='bbox 2239 553 2322 594; x_wconf 88' lang='lat' dir='ltr'>tua</span> <span class='ocrx_word' id='word_1_61' title='bbox 2352 544 2587 621; x_wconf 76' lang='lat' dir='ltr'>eligendis</span> 
     </span>
     <span class='ocr_line' id='line_1_7' title="bbox 427 611 2586 680; baseline 0.001 -18"><span class='ocrx_word' id='word_1_62' title='bbox 427 631 537 663; x_wconf 88' lang='lat' dir='ltr'>eam</span> <span class='ocrx_word' id='word_1_63' title='bbox 576 631 743 662; x_wconf 87' lang='lat' dir='ltr'>curam</span> <span class='ocrx_word' id='word_1_64' title='bbox 781 612 1170 677; x_wconf 75' lang='lat' dir='ltr'>demandamus,</span> <span class='ocrx_word' id='word_1_65' title='bbox 1213 630 1399 676; x_wconf 84' lang='lat' dir='ltr'>eosque</span> <span class='ocrx_word' id='word_1_66' title='bbox 1434 611 1664 662; x_wconf 86' lang='lat' dir='ltr'>volumus</span> <span class='ocrx_word' id='word_1_67' title='bbox 1709 612 1765 661; x_wconf 79' lang='lat' dir='ltr'>iis</span> <span class='ocrx_word' id='word_1_68' title='bbox 1802 611 1870 662; x_wconf 91' lang='lat' dir='ltr'>uti</span> <span class='ocrx_word' id='word_1_69' title='bbox 1907 612 2161 678; x_wconf 88' lang='lat' dir='ltr'>praesidiis</span> <span class='ocrx_word' id='word_1_70' title='bbox 2199 631 2325 676; x_wconf 83' lang='lat' dir='ltr'>quae</span> <span class='ocrx_word' id='word_1_71' title='bbox 2361 632 2410 663; x_wconf 81' lang='lat' dir='ltr'>in</span> <span class='ocrx_word' id='word_1_72' title='bbox 2446 633 2586 680; x_wconf 90' lang='lat' dir='ltr'>prae-</span> 
     </span>
     <span class='ocr_line' id='line_1_8' title="bbox 426 680 2647 739; baseline 0 -7"><span class='ocrx_word' id='word_1_73' title='bbox 426 682 565 732; x_wconf 86' lang='lat' dir='ltr'>dictis</span> <span class='ocrx_word' id='word_1_74' title='bbox 604 681 803 732; x_wconf 90' lang='lat' dir='ltr'>Litteris</span> <span class='ocrx_word' id='word_1_75' title='bbox 841 681 1038 731; x_wconf 87' lang='lat' dir='ltr'>Nostris</span> <span class='ocrx_word' id='word_1_76' title='bbox 1076 700 1121 730; x_wconf 92' lang='lat' dir='ltr'>a.</span> <span class='ocrx_word' id='word_1_77' title='bbox 1154 681 1204 731; x_wconf 89' lang='lat' dir='ltr'>d.</span> <span class='ocrx_word' id='word_1_78' title='bbox 1237 695 1309 729; x_wconf 88' lang='lat' dir='ltr'>XV</span> <span class='ocrx_word' id='word_1_79' title='bbox 1335 680 1590 731; x_wconf 89' lang='lat' dir='ltr'>Kalendas</span> <span class='ocrx_word' id='word_1_80' title='bbox 1627 680 1921 731; x_wconf 84' lang='lat' dir='ltr'>Februarias</span> <span class='ocrx_word' id='word_1_81' title='bbox 1946 682 2071 732; x_wconf 91' lang='lat' dir='ltr'>datis</span> <span class='ocrx_word' id='word_1_82' title='bbox 2097 701 2227 731; x_wconf 96' lang='lat' dir='ltr'>anno</span> <span class='ocrx_word' id='word_1_83' title='bbox 2254 695 2589 733; x_wconf 84' lang='lat' dir='ltr'>MDCCCLXXX</span> <span class='ocrx_word' id='word_1_84' title='bbox 2645 736 2647 739; x_wconf 83' lang='lat'><em>.</em></span> 
     </span>
     <span class='ocr_line' id='line_1_9' title="bbox 426 749 2590 818; baseline 0 -16"><span class='ocrx_word' id='word_1_85' title='bbox 426 751 827 818; x_wconf 87' lang='lat' dir='ltr'>significavimus,</span> <span class='ocrx_word' id='word_1_86' title='bbox 871 750 1134 816; x_wconf 88' lang='lat' dir='ltr'>operisque</span> <span class='ocrx_word' id='word_1_87' title='bbox 1170 750 1244 800; x_wconf 89' lang='lat' dir='ltr'>sui</span> <span class='ocrx_word' id='word_1_88' title='bbox 1283 749 1674 815; x_wconf 88' lang='lat' dir='ltr'>perfunctionem</span> <span class='ocrx_word' id='word_1_89' title='bbox 1711 751 1776 801; x_wconf 93' lang='lat' dir='ltr'>ad</span> <span class='ocrx_word' id='word_1_90' title='bbox 1813 769 1896 802; x_wconf 87' lang='lat' dir='ltr'>eas</span> <span class='ocrx_word' id='word_1_91' title='bbox 1934 770 2133 802; x_wconf 89' lang='lat' dir='ltr'>normas</span> <span class='ocrx_word' id='word_1_92' title='bbox 2171 751 2366 818; x_wconf 86' lang='lat' dir='ltr'>exigere</span> <span class='ocrx_word' id='word_1_93' title='bbox 2402 770 2523 816; x_wconf 88' lang='lat' dir='ltr'>quas</span> <span class='ocrx_word' id='word_1_94' title='bbox 2560 772 2590 803; x_wconf 89' lang='lat' dir='ltr'>a</span> 
     </span>
     <span class='ocr_line' id='line_1_10' title="bbox 425 818 2591 886; baseline 0 -15"><span class='ocrx_word' id='word_1_95' title='bbox 425 821 577 872; x_wconf 81' lang='lat' dir='ltr'>tribus</span> <span class='ocrx_word' id='word_1_96' title='bbox 622 840 746 885; x_wconf 86' lang='lat' dir='ltr'>quos</span> <span class='ocrx_word' id='word_1_97' title='bbox 791 820 1002 871; x_wconf 86' lang='lat' dir='ltr'>diximus</span> <span class='ocrx_word' id='word_1_98' title='bbox 1040 819 1094 870; x_wconf 80' lang='lat' dir='ltr'>S.</span> <span class='ocrx_word' id='word_1_99' title='bbox 1139 818 1207 869; x_wconf 92' lang='lat' dir='ltr'>R.</span> <span class='ocrx_word' id='word_1_100' title='bbox 1251 819 1315 869; x_wconf 88' lang='lat' dir='ltr'>E.</span> <span class='ocrx_word' id='word_1_101' title='bbox 1361 818 1706 871; x_wconf 88' lang='lat' dir='ltr'>Cardinalibus</span> <span class='ocrx_word' id='word_1_102' title='bbox 1748 820 2018 886; x_wconf 91' lang='lat' dir='ltr'>repererint</span> <span class='ocrx_word' id='word_1_103' title='bbox 2062 821 2364 871; x_wconf 87' lang='lat' dir='ltr'>constitutas.</span> <span class='ocrx_word' id='word_1_104' title='bbox 2431 820 2591 872; x_wconf 87' lang='lat' dir='ltr'>Laeta</span> 
     </span>
     <span class='ocr_line' id='line_1_11' title="bbox 426 888 2590 956; baseline -0 -15"><span class='ocrx_word' id='word_1_105' title='bbox 426 890 619 941; x_wconf 89' lang='lat' dir='ltr'>interim</span> <span class='ocrx_word' id='word_1_106' title='bbox 658 910 747 956; x_wconf 92' lang='lat' dir='ltr'>spe</span> <span class='ocrx_word' id='word_1_107' title='bbox 785 889 930 940; x_wconf 90' lang='lat' dir='ltr'>erecti</span> <span class='ocrx_word' id='word_1_108' title='bbox 974 889 1111 955; x_wconf 92' lang='lat' dir='ltr'>operi</span> <span class='ocrx_word' id='word_1_109' title='bbox 1150 909 1416 956; x_wconf 92' lang='lat' dir='ltr'>progresso</span> <span class='ocrx_word' id='word_1_110' title='bbox 1454 888 1676 939; x_wconf 87' lang='lat' dir='ltr'>favorem</span> <span class='ocrx_word' id='word_1_111' title='bbox 1720 909 1819 939; x_wconf 95' lang='lat' dir='ltr'>non</span> <span class='ocrx_word' id='word_1_112' title='bbox 1857 889 2026 941; x_wconf 87' lang='lat' dir='ltr'>defore</span> <span class='ocrx_word' id='word_1_113' title='bbox 2063 909 2311 956; x_wconf 88' lang='lat' dir='ltr'>opemque</span> <span class='ocrx_word' id='word_1_114' title='bbox 2352 889 2590 940; x_wconf 87' lang='lat' dir='ltr'>Divinam</span> 
     </span>
     <span class='ocr_line' id='line_1_12' title="bbox 426 958 2591 1027; baseline 0 -17"><span class='ocrx_word' id='word_1_115' title='bbox 426 980 553 1025; x_wconf 89' lang='lat' dir='ltr'>quae</span> <span class='ocrx_word' id='word_1_116' title='bbox 589 960 803 1027; x_wconf 91' lang='lat' dir='ltr'>benigne</span> <span class='ocrx_word' id='word_1_117' title='bbox 847 959 1248 1026; x_wconf 89' lang='lat' dir='ltr'>aggredientibus</span> <span class='ocrx_word' id='word_1_118' title='bbox 1292 958 1472 1026; x_wconf 86' lang='lat' dir='ltr'>adfuit,</span> <span class='ocrx_word' id='word_1_119' title='bbox 1514 959 1866 1024; x_wconf 85' lang='lat' dir='ltr'>Apostolicam</span> <span class='ocrx_word' id='word_1_120' title='bbox 1911 959 2314 1010; x_wconf 90' lang='lat' dir='ltr'>Benedictionem</span> <span class='ocrx_word' id='word_1_121' title='bbox 2357 970 2591 1025; x_wconf 87' lang='lat' dir='ltr'>paternae</span> 
     </span>
     <span class='ocr_line' id='line_1_13' title="bbox 426 1027 2589 1096; baseline 0 -16"><span class='ocrx_word' id='word_1_122' title='bbox 426 1030 635 1081; x_wconf 88' lang='lat' dir='ltr'>caritatis</span> <span class='ocrx_word' id='word_1_123' title='bbox 680 1040 856 1080; x_wconf 89' lang='lat' dir='ltr'>testem</span> <span class='ocrx_word' id='word_1_124' title='bbox 894 1029 1035 1095; x_wconf 82' lang='lat' dir='ltr'>Tibi,</span> <span class='ocrx_word' id='word_1_125' title='bbox 1078 1028 1273 1080; x_wconf 87' lang='lat' dir='ltr'>Dilecte</span> <span class='ocrx_word' id='word_1_126' title='bbox 1310 1027 1429 1095; x_wconf 73' lang='lat' dir='ltr'>Filiv</span> <span class='ocrx_word' id='word_1_127' title='bbox 1473 1038 1520 1079; x_wconf 89' lang='lat' dir='ltr'>et</span> <span class='ocrx_word' id='word_1_128' title='bbox 1556 1028 1739 1080; x_wconf 67' lang='lat' dir='ltr'>Ordini</span> <span class='ocrx_word' id='word_1_129' title='bbox 1776 1028 2006 1080; x_wconf 86' lang='lat' dir='ltr'>universo</span> <span class='ocrx_word' id='word_1_130' title='bbox 2043 1029 2119 1079; x_wconf 92' lang='lat' dir='ltr'>cui</span> <span class='ocrx_word' id='word_1_131' title='bbox 2157 1029 2406 1095; x_wconf 90' lang='lat' dir='ltr'>praesides</span> <span class='ocrx_word' id='word_1_132' title='bbox 2449 1049 2589 1096; x_wconf 88' lang='lat' dir='ltr'>pera-</span> 
     </span>
     <span class='ocr_line' id='line_1_14' title="bbox 428 1099 979 1165; baseline -0.004 -15"><span class='ocrx_word' id='word_1_133' title='bbox 428 1110 618 1150; x_wconf 90' lang='lat' dir='ltr'>manter</span> <span class='ocrx_word' id='word_1_134' title='bbox 654 1099 979 1165; x_wconf 88' lang='lat' dir='ltr'>impertimus.</span> 
     </span>
    </p>

    <p class='ocr_par' dir='ltr' id='par_1_2' title="bbox 427 1167 2586 1289">
     <span class='ocr_line' id='line_1_15' title="bbox 568 1167 2586 1251; baseline 0 -32"><span class='ocrx_word' id='word_1_135' title='bbox 568 1168 760 1219; x_wconf 89' lang='lat' dir='ltr'>Datum</span> <span class='ocrx_word' id='word_1_136' title='bbox 810 1169 1008 1219; x_wconf 88' lang='lat' dir='ltr'>Romae</span> <span class='ocrx_word' id='word_1_137' title='bbox 1059 1169 1195 1233; x_wconf 90' lang='lat' dir='ltr'>apud</span> <span class='ocrx_word' id='word_1_138' title='bbox 1239 1167 1294 1218; x_wconf 81' lang='lat' dir='ltr'>S.</span> <span class='ocrx_word' id='word_1_139' title='bbox 1332 1167 1535 1218; x_wconf 91' lang='lat' dir='ltr'>Petrum</span> <span class='ocrx_word' id='word_1_140' title='bbox 1584 1167 1664 1217; x_wconf 90' lang='lat' dir='ltr'>die</span> <span class='ocrx_word' id='word_1_141' title='bbox 1708 1182 1760 1216; x_wconf 89' lang='lat' dir='ltr'>IV</span> <span class='ocrx_word' id='word_1_142' title='bbox 1798 1167 2035 1218; x_wconf 88' lang='lat' dir='ltr'>Octobris</span> <span class='ocrx_word' id='word_1_143' title='bbox 2077 1188 2207 1251; x_wconf 81' lang='lat' dir='ltr'>anno</span> <span class='ocrx_word' id='word_1_144' title='bbox 2252 1183 2586 1236; x_wconf 88' lang='lat' dir='ltr'>MDCCCXCIII,</span> 
     </span>
     <span class='ocr_line' id='line_1_16' title="bbox 427 1237 1385 1289; baseline -0.003 0"><span class='ocrx_word' id='word_1_145' title='bbox 427 1238 746 1289; x_wconf 88' lang='lat' dir='ltr'>Pontificatus</span> <span class='ocrx_word' id='word_1_146' title='bbox 786 1238 958 1288; x_wconf 90' lang='lat' dir='ltr'>Nostri</span> <span class='ocrx_word' id='word_1_147' title='bbox 995 1237 1192 1288; x_wconf 92' lang='lat' dir='ltr'>decimo</span> <span class='ocrx_word' id='word_1_148' title='bbox 1229 1247 1385 1287; x_wconf 89' lang='lat' dir='ltr'>sexto.</span> 
     </span>
    </p>
   </div>
   <div class='ocr_carea' id='block_1_2' title="bbox 1284 1585 1734 1638">
    <p class='ocr_par' dir='ltr' id='par_1_3' title="bbox 1284 1585 1734 1638">
     <span class='ocr_line' id='line_1_17' title="bbox 1284 1585 1734 1638; baseline -0.002 -2"><span class='ocrx_word' id='word_1_149' title='bbox 1284 1586 1439 1638; x_wconf 88' lang='lat' dir='ltr'>LEO</span> <span class='ocrx_word' id='word_1_150' title='bbox 1465 1585 1566 1636; x_wconf 90' lang='grc' dir='ltr'>ΡΡ.</span> <span class='ocrx_word' id='word_1_151' title='bbox 1599 1585 1734 1635; x_wconf 91' lang='lat' dir='ltr'>XIII.</span> 
     </span>
    </p>
   </div>
  </div>
 </body>
</html>
