<?xml version="1.0" encoding="UTF-8"?>
<!DOCTYPE html PUBLIC "-//W3C//DTD XHTML 1.0 Transitional//EN"
    "http://www.w3.org/TR/xhtml1/DTD/xhtml1-transitional.dtd">
<html xmlns="http://www.w3.org/1999/xhtml" xml:lang="en" lang="en">
 <head>
  <title>
</title>
<meta http-equiv="Content-Type" content="text/html;charset=utf-8" />
  <meta name='ocr-system' content='tesseract 3.04.00' />
  <meta name='ocr-capabilities' content='ocr_page ocr_carea ocr_par ocr_line ocrx_word'/>
</head>
<body>
  <div class='ocr_page' id='page_1' title='image "./operaomniaiussui08thom/operaomniaiussui08thom_0311.png"; bbox 0 0 2892 4056; ppageno 0'>
   <div class='ocr_carea' id='block_1_1' title="bbox 0 525 59 3626">
    <p class='ocr_par' dir='ltr' id='par_1_1' title="bbox 0 525 59 3626">
     <span class='ocr_line' id='line_1_1' title="bbox 0 525 59 3626; baseline 0 0"><span class='ocrx_word' id='word_1_1' title='bbox 0 525 59 3626; x_wconf 95' lang='lat' dir='ltr'> </span> 
     </span>
    </p>
   </div>
   <div class='ocr_carea' id='block_1_2' title="bbox 967 176 1826 227">
    <p class='ocr_par' dir='ltr' id='par_1_2' title="bbox 967 176 1826 227">
     <span class='ocr_line' id='line_1_2' title="bbox 967 176 1826 227; baseline -0.006 -10"><span class='ocrx_word' id='word_1_2' title='bbox 967 179 1232 227; x_wconf 92' lang='lat' dir='ltr'>QUAESTlO</span> <span class='ocrx_word' id='word_1_3' title='bbox 1262 179 1442 225; x_wconf 86' lang='lat' dir='ltr'>XXXIII,</span> <span class='ocrx_word' id='word_1_4' title='bbox 1470 176 1765 214; x_wconf 90' lang='lat' dir='ltr'>ARTICULUS</span> <span class='ocrx_word' id='word_1_5' title='bbox 1795 177 1826 212; x_wconf 91' lang='grc' dir='ltr'>ΙΙ</span> 
     </span>
    </p>
   </div>
   <div class='ocr_carea' id='block_1_3' title="bbox 304 258 1371 518">
    <p class='ocr_par' dir='ltr' id='par_1_3' title="bbox 304 258 1371 518">
     <span class='ocr_line' id='line_1_3' title="bbox 308 258 1368 305; baseline -0.003 -9"><span class='ocrx_word' id='word_1_6' title='bbox 308 260 432 298; x_wconf 85' lang='lat' dir='ltr'>ctione</span> <span class='ocrx_word' id='word_1_7' title='bbox 459 260 624 296; x_wconf 87' lang='lat' dir='ltr'>fraterna</span> <span class='ocrx_word' id='word_1_8' title='bbox 648 259 844 296; x_wconf 89' lang='lat' dir='ltr'>ordinatur</span> <span class='ocrx_word' id='word_1_9' title='bbox 871 259 919 295; x_wconf 90' lang='lat' dir='ltr'>ad</span> <span class='ocrx_word' id='word_1_10' title='bbox 944 258 1206 295; x_wconf 88' lang='lat' dir='ltr'>amovendum</span> <span class='ocrx_word' id='word_1_11' title='bbox 1234 268 1368 305; x_wconf 89' lang='lat' dir='ltr'>pecca-</span> 
     </span>
     <span class='ocr_line' id='line_1_4' title="bbox 305 309 1369 359; baseline -0.003 -10"><span class='ocrx_word' id='word_1_12' title='bbox 305 320 388 350; x_wconf 92' lang='lat' dir='ltr'>tum</span> <span class='ocrx_word' id='word_1_13' title='bbox 417 311 550 359; x_wconf 88' lang='lat' dir='ltr'>fratris,</span> <span class='ocrx_word' id='word_1_14' title='bbox 581 311 685 359; x_wconf 92' lang='lat' dir='ltr'>quod</span> <span class='ocrx_word' id='word_1_15' title='bbox 714 311 876 359; x_wconf 83' lang='lat' dir='ltr'>pertinet</span> <span class='ocrx_word' id='word_1_16' title='bbox 901 311 950 348; x_wconf 90' lang='lat' dir='ltr'>ad</span> <span class='ocrx_word' id='word_1_17' title='bbox 972 311 1183 356; x_wconf 80' lang='lat' dir='ltr'>caritatem3</span> <span class='ocrx_word' id='word_1_18' title='bbox 1213 309 1369 346; x_wconf 84' lang='lat' dir='ltr'>manife-</span> 
     </span>
     <span class='ocr_line' id='line_1_5' title="bbox 306 362 1371 412; baseline -0.003 -11"><span class='ocrx_word' id='word_1_19' title='bbox 306 372 406 401; x_wconf 89' lang='lat' dir='ltr'>stum</span> <span class='ocrx_word' id='word_1_20' title='bbox 436 371 492 401; x_wconf 87' lang='lat' dir='ltr'>est</span> <span class='ocrx_word' id='word_1_21' title='bbox 528 364 632 412; x_wconf 87' lang='lat' dir='ltr'>quod</span> <span class='ocrx_word' id='word_1_22' title='bbox 667 364 748 401; x_wconf 90' lang='lat' dir='ltr'>talis</span> <span class='ocrx_word' id='word_1_23' title='bbox 786 363 996 401; x_wconf 84' lang='lat' dir='ltr'>admonitio</span> <span class='ocrx_word' id='word_1_24' title='bbox 1028 362 1284 412; x_wconf 85' lang='lat' dir='ltr'>principaliter</span> <span class='ocrx_word' id='word_1_25' title='bbox 1315 369 1371 398; x_wconf 92' lang='lat' dir='ltr'>est</span> 
     </span>
     <span class='ocr_line' id='line_1_6' title="bbox 304 415 1369 464; baseline -0.003 -10"><span class='ocrx_word' id='word_1_26' title='bbox 304 425 410 454; x_wconf 90' lang='lat' dir='ltr'>actus</span> <span class='ocrx_word' id='word_1_27' title='bbox 439 416 612 463; x_wconf 89' lang='lat' dir='ltr'>caritatis,</span> <span class='ocrx_word' id='word_1_28' title='bbox 642 417 751 464; x_wconf 89' lang='lat' dir='ltr'>quasi</span> <span class='ocrx_word' id='word_1_29' title='bbox 771 416 1004 464; x_wconf 81' lang='lat' dir='ltr'>imperantis,</span> <span class='ocrx_word' id='word_1_30' title='bbox 1034 415 1256 463; x_wconf 89' lang='lat' dir='ltr'>prudentiae</span> <span class='ocrx_word' id='word_1_31' title='bbox 1275 426 1369 452; x_wconf 88' lang='lat' dir='ltr'>vero</span> 
     </span>
     <span class='ocr_line' id='line_1_7' title="bbox 304 468 1368 518; baseline -0.003 -12"><span class='ocrx_word' id='word_1_32' title='bbox 304 470 543 516; x_wconf 91' lang='lat' dir='ltr'>secundario,</span> <span class='ocrx_word' id='word_1_33' title='bbox 573 470 681 518; x_wconf 85' lang='lat' dir='ltr'>quasi</span> <span class='ocrx_word' id='word_1_34' title='bbox 710 468 928 518; x_wconf 86' lang='lat' dir='ltr'>exequentis</span> <span class='ocrx_word' id='word_1_35' title='bbox 957 476 993 504; x_wconf 84' lang='lat' dir='ltr'>et</span> <span class='ocrx_word' id='word_1_36' title='bbox 1021 468 1210 515; x_wconf 69' lang='lat' dir='ltr'>dirigentis</span> <span class='ocrx_word' id='word_1_37' title='bbox 1230 474 1368 504; x_wconf 92' lang='lat' dir='ltr'>actum.</span> 
     </span>
    </p>
   </div>
   <div class='ocr_carea' id='block_1_4' title="bbox 1392 262 1397 515">
    <p class='ocr_par' dir='ltr' id='par_1_4' title="bbox 1392 262 1397 515">
     <span class='ocr_line' id='line_1_8' title="bbox 1392 262 1397 515; baseline 0 3541"><span class='ocrx_word' id='word_1_38' title='bbox 1392 262 1397 515; x_wconf 95' lang='lat' dir='ltr'> </span> 
     </span>
    </p>
   </div>
   <div class='ocr_carea' id='block_1_5' title="bbox 2399 170 2472 206">
    <p class='ocr_par' dir='ltr' id='par_1_5' title="bbox 2399 170 2472 206">
     <span class='ocr_line' id='line_1_9' title="bbox 2399 170 2472 206; baseline 0 0"><span class='ocrx_word' id='word_1_39' title='bbox 2399 170 2472 206; x_wconf 86' lang='lat'>263</span> 
     </span>
    </p>
   </div>
   <div class='ocr_carea' id='block_1_6' title="bbox 1419 248 2617 511">
    <p class='ocr_par' dir='ltr' id='par_1_6' title="bbox 1419 248 2617 511">
     <span class='ocr_line' id='line_1_10' title="bbox 1419 248 2476 303; baseline -0.009 -10"><span class='ocrx_word' id='word_1_40' title='bbox 1419 267 1498 292; x_wconf 90' lang='lat' dir='ltr'>non</span> <span class='ocrx_word' id='word_1_41' title='bbox 1517 254 1723 303; x_wconf 90' lang='lat' dir='ltr'>opponitur</span> <span class='ocrx_word' id='word_1_42' title='bbox 1741 251 2016 302; x_wconf 91' lang='lat' dir='ltr'>supportationi</span> <span class='ocrx_word' id='word_1_43' title='bbox 2034 250 2285 295; x_wconf 91' lang='lat' dir='ltr'>infirmorum,</span> <span class='ocrx_word' id='word_1_44' title='bbox 2308 248 2376 284; x_wconf 91' lang='lat' dir='ltr'>sed</span> <span class='ocrx_word' id='word_1_45' title='bbox 2396 260 2476 284; x_wconf 88' lang='lat' dir='ltr'>ma-</span> 
     </span>
     <span class='ocr_line' id='line_1_11' title="bbox 1420 300 2477 355; baseline -0.009 -10"><span class='ocrx_word' id='word_1_46' title='bbox 1420 307 1475 355; x_wconf 87' lang='lat' dir='ltr'>gis</span> <span class='ocrx_word' id='word_1_47' title='bbox 1510 320 1555 344; x_wconf 90' lang='lat' dir='ltr'>ex</span> <span class='ocrx_word' id='word_1_48' title='bbox 1591 320 1636 344; x_wconf 91' lang='lat' dir='ltr'>ea</span> <span class='ocrx_word' id='word_1_49' title='bbox 1672 306 1926 354; x_wconf 85' lang='lat' dir='ltr'>consequitur.</span> <span class='ocrx_word' id='word_1_50' title='bbox 1971 306 2161 341; x_wconf 88' lang='lat' dir='ltr'>lntantum</span> <span class='ocrx_word' id='word_1_51' title='bbox 2204 301 2306 339; x_wconf 88' lang='lat' dir='ltr'>enim</span> <span class='ocrx_word' id='word_1_52' title='bbox 2344 300 2477 348; x_wconf 91' lang='lat' dir='ltr'>aliquis</span> 
     </span>
     <span class='ocr_line' id='line_1_12' title="bbox 1422 354 2617 409; baseline -0.008 -12"><span class='ocrx_word' id='word_1_53' title='bbox 1422 368 1619 409; x_wconf 86' lang='lat' dir='ltr'>supportat</span> <span class='ocrx_word' id='word_1_54' title='bbox 1655 367 1878 408; x_wconf 87' lang='lat' dir='ltr'>peccantem</span> <span class='ocrx_word' id='word_1_55' title='bbox 1914 358 2139 406; x_wconf 89' lang='lat' dir='ltr'>inquantum</span> <span class='ocrx_word' id='word_1_56' title='bbox 2166 361 2185 382; x_wconf 69' lang='grc' dir='ltr'><strong>η</strong></span> <span class='ocrx_word' id='word_1_57' title='bbox 2219 361 2351 391; x_wconf 91' lang='lat' dir='ltr'>contra</span> <span class='ocrx_word' id='word_1_58' title='bbox 2387 365 2476 389; x_wconf 91' lang='lat' dir='ltr'>eum</span> <span class='ocrx_word' id='word_1_59' title='bbox 2602 354 2617 376; x_wconf 81' lang='lat'>’¹</span> 
     </span>
     <span class='ocr_line' id='line_1_13' title="bbox 1422 408 2478 460; baseline -0.009 -10"><span class='ocrx_word' id='word_1_60' title='bbox 1422 425 1501 450; x_wconf 92' lang='lat' dir='ltr'>non</span> <span class='ocrx_word' id='word_1_61' title='bbox 1528 413 1716 460; x_wconf 88' lang='lat' dir='ltr'>turbatur,</span> <span class='ocrx_word' id='word_1_62' title='bbox 1746 411 1813 448; x_wconf 91' lang='lat' dir='ltr'>sed</span> <span class='ocrx_word' id='word_1_63' title='bbox 1850 409 2158 448; x_wconf 86' lang='lat' dir='ltr'>benevolentiam</span> <span class='ocrx_word' id='word_1_64' title='bbox 2194 408 2243 444; x_wconf 91' lang='lat' dir='ltr'>ad</span> <span class='ocrx_word' id='word_1_65' title='bbox 2278 418 2367 443; x_wconf 89' lang='lat' dir='ltr'>eum</span> <span class='ocrx_word' id='word_1_66' title='bbox 2402 418 2478 441; x_wconf 88' lang='lat' dir='ltr'>ser·</span> 
     </span>
     <span class='ocr_line' id='line_1_14' title="bbox 1421 458 2480 511; baseline -0.008 -9"><span class='ocrx_word' id='word_1_67' title='bbox 1421 473 1498 502; x_wconf 91' lang='lat' dir='ltr'>vat.</span> <span class='ocrx_word' id='word_1_68' title='bbox 1550 466 1599 502; x_wconf 90' lang='lat' dir='ltr'>Et</span> <span class='ocrx_word' id='word_1_69' title='bbox 1641 477 1686 501; x_wconf 84' lang='lat' dir='ltr'>ex</span> <span class='ocrx_word' id='word_1_70' title='bbox 1730 466 1804 501; x_wconf 93' lang='lat' dir='ltr'>hoc</span> <span class='ocrx_word' id='word_1_71' title='bbox 1846 463 2026 511; x_wconf 92' lang='lat' dir='ltr'>contingit</span> <span class='ocrx_word' id='word_1_72' title='bbox 2071 461 2175 510; x_wconf 91' lang='lat' dir='ltr'>quod</span> <span class='ocrx_word' id='word_1_73' title='bbox 2213 471 2302 496; x_wconf 92' lang='lat' dir='ltr'>eum</span> <span class='ocrx_word' id='word_1_74' title='bbox 2348 458 2480 506; x_wconf 84' lang='lat' dir='ltr'>satagit</span> 
     </span>
    </p>
   </div>
   <div class='ocr_carea' id='block_1_7' title="bbox 356 517 1643 570">
    <p class='ocr_par' dir='ltr' id='par_1_7' title="bbox 356 517 1643 570">
     <span class='ocr_line' id='line_1_15' title="bbox 356 517 1643 570; baseline -0.004 -11"><span class='ocrx_word' id='word_1_75' title='bbox 356 524 416 559; x_wconf 81' lang='lat' dir='ltr'>An</span> <span class='ocrx_word' id='word_1_76' title='bbox 448 533 608 559; x_wconf 81' lang='lat' dir='ltr'>TERTluM</span> <span class='ocrx_word' id='word_1_77' title='bbox 637 533 822 559; x_wconf 65' lang='lat' dir='ltr'>memnon</span> <span class='ocrx_word' id='word_1_78' title='bbox 854 521 959 570; x_wconf 92' lang='lat' dir='ltr'>quod</span> <span class='ocrx_word' id='word_1_79' title='bbox 993 521 1176 557; x_wconf 90' lang='lat' dir='ltr'>correctio</span> <span class='ocrx_word' id='word_1_80' title='bbox 1207 521 1370 556; x_wconf 86' lang='lat' dir='ltr'>fraterna</span> <span class='ocrx_word' id='word_1_81' title='bbox 1395 517 1398 569; x_wconf 89' lang='grc' dir='ltr'>Ι</span> <span class='ocrx_word' id='word_1_82' title='bbox 1424 519 1643 555; x_wconf 89' lang='lat' dir='ltr'>emendare.</span> 
     </span>
    </p>
   </div>
   <div class='ocr_carea' id='block_1_8' title="bbox 355 635 1874 672">
    <p class='ocr_par' dir='ltr' id='par_1_8' title="bbox 355 635 1874 672">
     <span class='ocr_line' id='line_1_16' title="bbox 355 635 1874 672; baseline -0.003 -8"><span class='ocrx_word' id='word_1_83' title='bbox 355 640 382 672; x_wconf 86' lang='grc' dir='ltr'>η)</span> <span class='ocrx_word' id='word_1_84' title='bbox 402 639 567 666; x_wconf 83' lang='lat' dir='ltr'>Intantum...</span> <span class='ocrx_word' id='word_1_85' title='bbox 594 641 760 672; x_wconf 78' lang='lat' dir='ltr'>inquantum.</span> <span class='ocrx_word' id='word_1_86' title='bbox 778 653 797 658; x_wconf 99' lang='lat'>-</span> <span class='ocrx_word' id='word_1_87' title='bbox 819 638 978 664; x_wconf 79' lang='lat' dir='ltr'>rantum...</span> <span class='ocrx_word' id='word_1_88' title='bbox 1000 638 1157 670; x_wconf 81' lang='lat' dir='ltr'>inquantum</span> <span class='ocrx_word' id='word_1_89' title='bbox 1180 637 1341 662; x_wconf 78' lang='lat' dir='ltr'>ACEFlLsK</span> <span class='ocrx_word' id='word_1_90' title='bbox 1361 642 1386 662; x_wconf 90' lang='lat' dir='ltr'>et</span> <span class='ocrx_word' id='word_1_91' title='bbox 1403 643 1448 666; x_wconf 74' lang='lat' dir='ltr'>ixa,</span> <span class='ocrx_word' id='word_1_92' title='bbox 1466 636 1610 662; x_wconf 84' lang='lat' dir='ltr'>Tantum...</span> <span class='ocrx_word' id='word_1_93' title='bbox 1629 639 1757 668; x_wconf 84' lang='lat' dir='ltr'>quantum</span> <span class='ocrx_word' id='word_1_94' title='bbox 1776 635 1874 667; x_wconf 85' lang='lat' dir='ltr'>BHpK.</span> 
     </span>
    </p>
   </div>
   <div class='ocr_carea' id='block_1_9' title="bbox 977 714 1808 750">
    <p class='ocr_par' dir='ltr' id='par_1_9' title="bbox 977 714 1808 750">
     <span class='ocr_line' id='line_1_17' title="bbox 977 714 1808 750; baseline -0.004 -1"><span class='ocrx_word' id='word_1_95' title='bbox 977 716 1311 750; x_wconf 79' lang='lat' dir='ltr'>Commentaria</span> <span class='ocrx_word' id='word_1_96' title='bbox 1332 716 1584 748; x_wconf 70' lang='lat' dir='ltr'>Oardjnalis</span> <span class='ocrx_word' id='word_1_97' title='bbox 1605 714 1808 747; x_wconf 78' lang='lat' dir='ltr'>Caietam</span> 
     </span>
    </p>
   </div>
   <div class='ocr_carea' id='block_1_10' title="bbox 301 795 1368 970">
    <p class='ocr_par' dir='ltr' id='par_1_10' title="bbox 301 795 1368 970">
     <span class='ocr_line' id='line_1_18' title="bbox 333 795 1364 838; baseline -0.005 -9"><span class='ocrx_word' id='word_1_98' title='bbox 333 809 353 828; x_wconf 81' lang='lat' dir='ltr'>N</span> <span class='ocrx_word' id='word_1_99' title='bbox 368 798 501 829; x_wconf 89' lang='lat' dir='ltr'>articulo</span> <span class='ocrx_word' id='word_1_100' title='bbox 513 798 618 838; x_wconf 88' lang='lat' dir='ltr'>primo</span> <span class='ocrx_word' id='word_1_101' title='bbox 634 795 828 838; x_wconf 81' lang='lat' dir='ltr'>quaestionis</span> <span class='ocrx_word' id='word_1_102' title='bbox 842 795 1128 835; x_wconf 84' lang='lat' dir='ltr'>trigesimaetertiae</span> <span class='ocrx_word' id='word_1_103' title='bbox 1140 796 1264 825; x_wconf 86' lang='lat' dir='ltr'>adverte</span> <span class='ocrx_word' id='word_1_104' title='bbox 1276 796 1364 835; x_wconf 90' lang='lat' dir='ltr'>quod</span> 
     </span>
     <span class='ocr_line' id='line_1_19' title="bbox 306 810 1364 881; baseline -0.003 -9"><span class='ocrx_word' id='word_1_105' title='bbox 306 810 486 873; x_wconf 80' lang='lat' dir='ltr'>Icorreetio</span> <span class='ocrx_word' id='word_1_106' title='bbox 509 842 644 872; x_wconf 83' lang='lat' dir='ltr'>fraterna</span> <span class='ocrx_word' id='word_1_107' title='bbox 666 840 797 881; x_wconf 90' lang='lat' dir='ltr'>ponitur</span> <span class='ocrx_word' id='word_1_108' title='bbox 819 846 907 870; x_wconf 86' lang='lat' dir='ltr'>actus</span> <span class='ocrx_word' id='word_1_109' title='bbox 931 839 1064 869; x_wconf 82' lang='lat' dir='ltr'>caritatis</span> <span class='ocrx_word' id='word_1_110' title='bbox 1089 839 1248 870; x_wconf 88' lang='lat' dir='ltr'>mediante</span> <span class='ocrx_word' id='word_1_111' title='bbox 1271 839 1364 869; x_wconf 87' lang='lat' dir='ltr'>mise—</span> 
     </span>
     <span class='ocr_line' id='line_1_20' title="bbox 301 882 1366 926; baseline -0.004 -10"><span class='ocrx_word' id='word_1_112' title='bbox 301 886 453 917; x_wconf 88' lang='lat' dir='ltr'>ricordia:</span> <span class='ocrx_word' id='word_1_113' title='bbox 477 886 552 926; x_wconf 85' lang='lat' dir='ltr'>quia</span> <span class='ocrx_word' id='word_1_114' title='bbox 567 892 614 916; x_wconf 90' lang='lat' dir='ltr'>est</span> <span class='ocrx_word' id='word_1_115' title='bbox 631 884 751 924; x_wconf 87' lang='lat' dir='ltr'>species</span> <span class='ocrx_word' id='word_1_116' title='bbox 767 883 1002 923; x_wconf 50' lang='lat' dir='ltr'>eleemosynam</span> <span class='ocrx_word' id='word_1_117' title='bbox 1022 889 1062 919; x_wconf 86' lang='lat' dir='ltr'>et,</span> <span class='ocrx_word' id='word_1_118' title='bbox 1080 890 1115 913; x_wconf 90' lang='lat' dir='ltr'>ut</span> <span class='ocrx_word' id='word_1_119' title='bbox 1130 882 1163 912; x_wconf 91' lang='lat' dir='ltr'>in</span> <span class='ocrx_word' id='word_1_120' title='bbox 1179 882 1366 922; x_wconf 87' lang='lat' dir='ltr'>quaestione</span> 
     </span>
     <span class='ocr_line' id='line_1_21' title="bbox 301 926 1368 970; baseline -0.006 -9"><span class='ocrx_word' id='word_1_121' title='bbox 301 929 500 970; x_wconf 86' lang='lat' dir='ltr'>praecedenti</span> <span class='ocrx_word' id='word_1_122' title='bbox 515 929 533 948; x_wconf 90' lang='lat'><strong>*</strong></span> <span class='ocrx_word' id='word_1_123' title='bbox 556 929 677 960; x_wconf 87' lang='lat' dir='ltr'>dictum</span> <span class='ocrx_word' id='word_1_124' title='bbox 693 934 749 964; x_wconf 88' lang='lat' dir='ltr'>est,</span> <span class='ocrx_word' id='word_1_125' title='bbox 766 927 839 958; x_wconf 85' lang='lat' dir='ltr'>dare</span> <span class='ocrx_word' id='word_1_126' title='bbox 863 926 1099 967; x_wconf 87' lang='lat' dir='ltr'>eleemosynam</span> <span class='ocrx_word' id='word_1_127' title='bbox 1119 926 1181 956; x_wconf 91' lang='lat' dir='ltr'>hoc</span> <span class='ocrx_word' id='word_1_128' title='bbox 1204 926 1304 956; x_wconf 89' lang='lat' dir='ltr'>modo</span> <span class='ocrx_word' id='word_1_129' title='bbox 1322 932 1368 956; x_wconf 84' lang='lat' dir='ltr'>est</span> 
     </span>
    </p>
   </div>
   <div class='ocr_carea' id='block_1_11' title="bbox 1390 804 1394 959">
    <p class='ocr_par' dir='ltr' id='par_1_11' title="bbox 1390 804 1394 959">
     <span class='ocr_line' id='line_1_22' title="bbox 1390 804 1394 959; baseline 0 3097"><span class='ocrx_word' id='word_1_130' title='bbox 1390 804 1394 959; x_wconf 95' lang='lat' dir='ltr'> </span> 
     </span>
    </p>
   </div>
   <div class='ocr_carea' id='block_1_12' title="bbox 1418 791 2484 966">
    <p class='ocr_par' dir='ltr' id='par_1_12' title="bbox 1418 791 2484 966">
     <span class='ocr_line' id='line_1_23' title="bbox 1418 791 2482 835; baseline -0.004 -10"><span class='ocrx_word' id='word_1_131' title='bbox 1418 802 1506 826; x_wconf 88' lang='lat' dir='ltr'>actus</span> <span class='ocrx_word' id='word_1_132' title='bbox 1531 795 1675 826; x_wconf 83' lang='lat' dir='ltr'>caritatis.</span> <span class='ocrx_word' id='word_1_133' title='bbox 1700 795 1746 825; x_wconf 86' lang='lat' dir='ltr'>lta</span> <span class='ocrx_word' id='word_1_134' title='bbox 1769 795 1857 835; x_wconf 91' lang='lat' dir='ltr'>quod</span> <span class='ocrx_word' id='word_1_135' title='bbox 1879 801 1945 826; x_wconf 88' lang='lat' dir='ltr'>tam</span> <span class='ocrx_word' id='word_1_136' title='bbox 1969 794 2079 824; x_wconf 76' lang='lat' dir='ltr'>caritas</span> <span class='ocrx_word' id='word_1_137' title='bbox 2098 803 2196 834; x_wconf 81' lang='lat' dir='ltr'>quam</span> <span class='ocrx_word' id='word_1_138' title='bbox 2219 791 2433 823; x_wconf 87' lang='lat' dir='ltr'>misericordia</span> <span class='ocrx_word' id='word_1_139' title='bbox 2449 800 2482 821; x_wconf 89' lang='lat' dir='ltr'>se</span> 
     </span>
     <span class='ocr_line' id='line_1_24' title="bbox 1419 835 2482 878; baseline -0.002 -10"><span class='ocrx_word' id='word_1_140' title='bbox 1419 838 1512 869; x_wconf 88' lang='lat' dir='ltr'>habet</span> <span class='ocrx_word' id='word_1_141' title='bbox 1526 846 1562 869; x_wconf 94' lang='lat' dir='ltr'>ut</span> <span class='ocrx_word' id='word_1_142' title='bbox 1577 839 1751 878; x_wconf 87' lang='lat' dir='ltr'>imperans:</span> <span class='ocrx_word' id='word_1_143' title='bbox 1775 839 1830 868; x_wconf 88' lang='lat' dir='ltr'>illa</span> <span class='ocrx_word' id='word_1_144' title='bbox 1845 845 1880 869; x_wconf 93' lang='lat' dir='ltr'>ut</span> <span class='ocrx_word' id='word_1_145' title='bbox 1895 838 2078 873; x_wconf 83' lang='lat' dir='ltr'>benefaciat,</span> <span class='ocrx_word' id='word_1_146' title='bbox 2094 837 2153 868; x_wconf 87' lang='lat' dir='ltr'>ista</span> <span class='ocrx_word' id='word_1_147' title='bbox 2169 843 2204 868; x_wconf 89' lang='lat' dir='ltr'>ut</span> <span class='ocrx_word' id='word_1_148' title='bbox 2219 836 2379 867; x_wconf 87' lang='lat' dir='ltr'>miseriam</span> <span class='ocrx_word' id='word_1_149' title='bbox 2394 835 2482 866; x_wconf 84' lang='lat' dir='ltr'>aufe-</span> 
     </span>
     <span class='ocr_line' id='line_1_25' title="bbox 1419 879 2484 922; baseline -0.002 -10"><span class='ocrx_word' id='word_1_150' title='bbox 1419 889 1477 918; x_wconf 88' lang='lat' dir='ltr'>rat;</span> <span class='ocrx_word' id='word_1_151' title='bbox 1502 882 1556 912; x_wconf 93' lang='lat' dir='ltr'>illa</span> <span class='ocrx_word' id='word_1_152' title='bbox 1578 883 1794 922; x_wconf 84' lang='lat' dir='ltr'>principalius,</span> <span class='ocrx_word' id='word_1_153' title='bbox 1818 882 1877 912; x_wconf 87' lang='lat' dir='ltr'>ista</span> <span class='ocrx_word' id='word_1_154' title='bbox 1900 883 1959 912; x_wconf 92' lang='lat' dir='ltr'>sub</span> <span class='ocrx_word' id='word_1_155' title='bbox 1982 882 2045 912; x_wconf 86' lang='lat' dir='ltr'>illa.</span> <span class='ocrx_word' id='word_1_156' title='bbox 2068 881 2240 912; x_wconf 87' lang='lat' dir='ltr'>Prudentia</span> <span class='ocrx_word' id='word_1_157' title='bbox 2261 890 2337 911; x_wconf 86' lang='lat' dir='ltr'>vero</span> <span class='ocrx_word' id='word_1_158' title='bbox 2357 887 2388 911; x_wconf 89' lang='lat' dir='ltr'>et</span> <span class='ocrx_word' id='word_1_159' title='bbox 2411 879 2484 910; x_wconf 89' lang='lat' dir='ltr'>diri-</span> 
     </span>
     <span class='ocr_line' id='line_1_26' title="bbox 1418 923 2483 966; baseline -0.002 -10"><span class='ocrx_word' id='word_1_160' title='bbox 1418 925 1462 965; x_wconf 91' lang='lat' dir='ltr'>git</span> <span class='ocrx_word' id='word_1_161' title='bbox 1478 932 1509 956; x_wconf 92' lang='lat' dir='ltr'>et</span> <span class='ocrx_word' id='word_1_162' title='bbox 1523 926 1689 966; x_wconf 82' lang='lat' dir='ltr'>exequitur</span> <span class='ocrx_word' id='word_1_163' title='bbox 1704 925 1933 956; x_wconf 80' lang='lat' dir='ltr'>admonitionis</span> <span class='ocrx_word' id='word_1_164' title='bbox 1945 933 2052 956; x_wconf 86' lang='lat' dir='ltr'>actum</span> <span class='ocrx_word' id='word_1_165' title='bbox 2067 926 2106 955; x_wconf 90' lang='lat' dir='ltr'>ad</span> <span class='ocrx_word' id='word_1_166' title='bbox 2119 924 2350 956; x_wconf 84' lang='lat' dir='ltr'>emendationis</span> <span class='ocrx_word' id='word_1_167' title='bbox 2376 923 2483 954; x_wconf 88' lang='lat' dir='ltr'>finem.</span> 
     </span>
    </p>
   </div>
   <div class='ocr_carea' id='block_1_13' title="bbox 834 1059 1963 1184">
    <p class='ocr_par' dir='ltr' id='par_1_13' title="bbox 834 1059 1963 1184">
     <span class='ocr_line' id='line_1_27' title="bbox 1072 1059 1720 1102; baseline -0.003 0"><span class='ocrx_word' id='word_1_168' title='bbox 1072 1060 1390 1102; x_wconf 90' lang='lat' dir='ltr'>ARTICULUS</span> <span class='ocrx_word' id='word_1_169' title='bbox 1420 1059 1720 1102; x_wconf 88' lang='lat' dir='ltr'>SECUNDUS</span> 
     </span>
     <span class='ocr_line' id='line_1_28' title="bbox 834 1151 1963 1184; baseline -0.002 0"><span class='ocrx_word' id='word_1_170' title='bbox 834 1154 989 1184; x_wconf 87' lang='lat' dir='ltr'>UTRUM</span> <span class='ocrx_word' id='word_1_171' title='bbox 1014 1152 1267 1184; x_wconf 83' lang='lat' dir='ltr'>CORRECTIO</span> <span class='ocrx_word' id='word_1_172' title='bbox 1291 1152 1526 1183; x_wconf 77' lang='lat' dir='ltr'>FRATERNA</span> <span class='ocrx_word' id='word_1_173' title='bbox 1548 1152 1615 1182; x_wconf 83' lang='lat' dir='ltr'>SIT</span> <span class='ocrx_word' id='word_1_174' title='bbox 1640 1152 1682 1182; x_wconf 87' lang='lat' dir='ltr'>lN</span> <span class='ocrx_word' id='word_1_175' title='bbox 1705 1151 1963 1183; x_wconf 82' lang='lat' dir='ltr'><strong>PRAECEPTO</strong></span> 
     </span>
    </p>
   </div>
   <div class='ocr_carea' id='block_1_14' title="bbox 868 1230 1923 1263">
    <p class='ocr_par' dir='ltr' id='par_1_14' title="bbox 868 1230 1923 1263">
     <span class='ocr_line' id='line_1_29' title="bbox 868 1230 1923 1263; baseline -0.001 -7"><span class='ocrx_word' id='word_1_176' title='bbox 868 1231 903 1256; x_wconf 94' lang='lat' dir='ltr'>1v</span> <span class='ocrx_word' id='word_1_177' title='bbox 922 1231 1005 1261; x_wconf 74' lang='lat' dir='ltr'>Sent„</span> <span class='ocrx_word' id='word_1_178' title='bbox 1027 1231 1085 1256; x_wconf 84' lang='lat' dir='ltr'>dist.</span> <span class='ocrx_word' id='word_1_179' title='bbox 1103 1238 1152 1261; x_wconf 68' lang='grc' dir='ltr'>ιιι,</span> <span class='ocrx_word' id='word_1_180' title='bbox 1172 1239 1218 1263; x_wconf 89' lang='lat' dir='ltr'>qu.</span> <span class='ocrx_word' id='word_1_181' title='bbox 1236 1238 1264 1260; x_wconf 80' lang='grc' dir='ltr'>ιι,</span> <span class='ocrx_word' id='word_1_182' title='bbox 1284 1235 1330 1256; x_wconf 81' lang='lat' dir='ltr'>art.</span> <span class='ocrx_word' id='word_1_183' title='bbox 1352 1238 1375 1262; x_wconf 86' lang='lat'>2,</span> <span class='ocrx_word' id='word_1_184' title='bbox 1395 1230 1444 1263; x_wconf 68' lang='lat' dir='ltr'>qu*</span> <span class='ocrx_word' id='word_1_185' title='bbox 1467 1238 1494 1261; x_wconf 92' lang='lat'>1;</span> <span class='ocrx_word' id='word_1_186' title='bbox 1515 1231 1557 1255; x_wconf 90' lang='lat' dir='ltr'>De</span> <span class='ocrx_word' id='word_1_187' title='bbox 1581 1230 1688 1259; x_wconf 75' lang='lat' dir='ltr'>Virtut„</span> <span class='ocrx_word' id='word_1_188' title='bbox 1708 1239 1752 1263; x_wconf 92' lang='lat' dir='ltr'>qu.</span> <span class='ocrx_word' id='word_1_189' title='bbox 1771 1238 1808 1260; x_wconf 79' lang='lat'>111,</span> <span class='ocrx_word' id='word_1_190' title='bbox 1829 1235 1876 1255; x_wconf 83' lang='lat' dir='ltr'>art.</span> <span class='ocrx_word' id='word_1_191' title='bbox 1900 1238 1923 1255; x_wconf 84' lang='lat'>1.</span> 
     </span>
    </p>
   </div>
   <div class='ocr_carea' id='block_1_15' title="bbox 29 1298 1380 3304">
    <p class='ocr_par' dir='ltr' id='par_1_15' title="bbox 29 1298 1371 1775">
     <span class='ocr_line' id='line_1_30' title="bbox 420 1298 1368 1349; baseline -0.003 -10"><span class='ocrx_word' id='word_1_192' title='bbox 420 1327 451 1346; x_wconf 40' lang='grc'>,1</span> <span class='ocrx_word' id='word_1_193' title='bbox 487 1332 489 1337; x_wconf 32' lang='lat' dir='ltr'><strong>f</strong></span> <span class='ocrx_word' id='word_1_194' title='bbox 516 1313 539 1339; x_wconf 84' lang='lat' dir='ltr'>n</span> <span class='ocrx_word' id='word_1_195' title='bbox 554 1298 746 1339; x_wconf 62' lang='lat' dir='ltr'>sacunnum</span> <span class='ocrx_word' id='word_1_196' title='bbox 761 1313 815 1338; x_wconf 80' lang='lat' dir='ltr'>sxc</span> <span class='ocrx_word' id='word_1_197' title='bbox 830 1312 1071 1338; x_wconf 81' lang='lat' dir='ltr'>PROCEmTUR.</span> <span class='ocrx_word' id='word_1_198' title='bbox 1087 1300 1247 1337; x_wconf 86' lang='lat' dir='ltr'>Videtur</span> <span class='ocrx_word' id='word_1_199' title='bbox 1261 1300 1368 1349; x_wconf 90' lang='lat' dir='ltr'>quod</span> 
     </span>
     <span class='ocr_line' id='line_1_31' title="bbox 516 1353 1367 1402; baseline -0.003 -10.234"><span class='ocrx_word' id='word_1_200' title='bbox 516 1354 699 1392; x_wconf 88' lang='lat' dir='ltr'>correctio</span> <span class='ocrx_word' id='word_1_201' title='bbox 722 1354 885 1390; x_wconf 82' lang='lat' dir='ltr'>fraterna</span> <span class='ocrx_word' id='word_1_202' title='bbox 909 1366 988 1390; x_wconf 90' lang='lat' dir='ltr'>non</span> <span class='ocrx_word' id='word_1_203' title='bbox 1012 1354 1058 1390; x_wconf 89' lang='lat' dir='ltr'>sit</span> <span class='ocrx_word' id='word_1_204' title='bbox 1085 1353 1123 1390; x_wconf 92' lang='lat' dir='ltr'>in</span> <span class='ocrx_word' id='word_1_205' title='bbox 1146 1361 1367 1402; x_wconf 88' lang='lat' dir='ltr'>praecepto.</span> 
     </span>
     <span class='ocr_line' id='line_1_32' title="bbox 499 1405 1371 1455; baseline -0.003 -10.061"><span class='ocrx_word' id='word_1_206' title='bbox 499 1407 620 1445; x_wconf 89' lang='lat' dir='ltr'>Nihil</span> <span class='ocrx_word' id='word_1_207' title='bbox 652 1406 753 1444; x_wconf 88' lang='lat' dir='ltr'>enim</span> <span class='ocrx_word' id='word_1_208' title='bbox 781 1407 888 1454; x_wconf 91' lang='lat' dir='ltr'>quod</span> <span class='ocrx_word' id='word_1_209' title='bbox 921 1414 975 1443; x_wconf 91' lang='lat' dir='ltr'>est</span> <span class='ocrx_word' id='word_1_210' title='bbox 1003 1406 1240 1455; x_wconf 90' lang='lat' dir='ltr'>impossibile</span> <span class='ocrx_word' id='word_1_211' title='bbox 1270 1405 1371 1443; x_wconf 86' lang='lat' dir='ltr'>cadit</span> 
     </span>
     <span class='ocr_line' id='line_1_33' title="bbox 33 1455 1369 1509; baseline -0.003 -11"><span class='ocrx_word' id='word_1_212' title='bbox 33 1506 35 1508; x_wconf 15' lang='lat' dir='ltr'>q</span> <span class='ocrx_word' id='word_1_213' title='bbox 414 1458 445 1490; x_wconf 58' lang='lat'>5⁷</span> <span class='ocrx_word' id='word_1_214' title='bbox 475 1455 586 1498; x_wconf 88' lang='lat' dir='ltr'>sub</span> <span class='ocrx_word' id='word_1_215' title='bbox 613 1467 836 1509; x_wconf 87' lang='lat' dir='ltr'>praecepto:</span> <span class='ocrx_word' id='word_1_216' title='bbox 870 1459 1084 1496; x_wconf 91' lang='lat' dir='ltr'>secundum</span> <span class='ocrx_word' id='word_1_217' title='bbox 1112 1459 1204 1495; x_wconf 93' lang='lat' dir='ltr'>illud</span> <span class='ocrx_word' id='word_1_218' title='bbox 1233 1458 1369 1495; x_wconf 89' lang='lat' dir='ltr'>Hiero·</span> 
     </span>
     <span class='ocr_line' id='line_1_34' title="bbox 35 1507 1369 1575; baseline -0.004 -22"><span class='ocrx_word' id='word_1_219' title='bbox 35 1519 37 1523; x_wconf 83' lang='lat'>&#39;</span> <span class='ocrx_word' id='word_1_220' title='bbox 62 1518 277 1575; x_wconf 46' lang='lat' dir='ltr'>&amp;mg</span> <span class='ocrx_word' id='word_1_221' title='bbox 301 1507 460 1564; x_wconf 50' lang='grc' dir='ltr'><strong>11γωίἷῆ</strong></span> <span class='ocrx_word' id='word_1_222' title='bbox 487 1512 716 1550; x_wconf 85' lang='lat' dir='ltr'>Maledictus</span> <span class='ocrx_word' id='word_1_223' title='bbox 743 1512 809 1560; x_wconf 84' lang='lat' dir='ltr'>qui</span> <span class='ocrx_word' id='word_1_224' title='bbox 824 1512 913 1548; x_wconf 82' lang='lat' dir='ltr'>dicit</span> <span class='ocrx_word' id='word_1_225' title='bbox 929 1513 1054 1548; x_wconf 86' lang='lat' dir='ltr'>Deum</span> <span class='ocrx_word' id='word_1_226' title='bbox 1073 1511 1217 1559; x_wconf 83' lang='lat' dir='ltr'>aliquid</span> <span class='ocrx_word' id='word_1_227' title='bbox 1233 1511 1369 1559; x_wconf 84' lang='lat' dir='ltr'>impos-</span> 
     </span>
     <span class='ocr_line' id='line_1_35' title="bbox 63 1560 1369 1624; baseline -0.004 -19"><span class='ocrx_word' id='word_1_228' title='bbox 63 1560 276 1624; x_wconf 45' lang='grc' dir='ltr'>ΜΨΩΡΡ·</span> <span class='ocrx_word' id='word_1_229' title='bbox 299 1567 406 1605; x_wconf 83' lang='lat' dir='ltr'>sibile</span> <span class='ocrx_word' id='word_1_230' title='bbox 429 1565 676 1614; x_wconf 84' lang='lat' dir='ltr'>praecepisse.</span> <span class='ocrx_word' id='word_1_231' title='bbox 712 1565 791 1602; x_wconf 90' lang='lat' dir='ltr'>Sed</span> <span class='ocrx_word' id='word_1_232' title='bbox 817 1564 942 1601; x_wconf 87' lang='lat' dir='ltr'>Eccle.</span> <span class='ocrx_word' id='word_1_233' title='bbox 963 1576 1012 1601; x_wconf 83' lang='lat' dir='ltr'>vu</span> <span class='ocrx_word' id='word_1_234' title='bbox 1031 1564 1051 1586; x_wconf 78' lang='lat'>’¹‘</span> <span class='ocrx_word' id='word_1_235' title='bbox 1080 1564 1236 1601; x_wconf 90' lang='lat' dir='ltr'>dicitur:</span> <span class='ocrx_word' id='word_1_236' title='bbox 1272 1565 1369 1600; x_wconf 90' lang='lat' dir='ltr'>Con-</span> 
     </span>
     <span class='ocr_line' id='line_1_36' title="bbox 29 1617 1367 1667; baseline -0.003 -10"><span class='ocrx_word' id='word_1_237' title='bbox 29 1654 31 1656; x_wconf 86' lang='lat'>.</span> <span class='ocrx_word' id='word_1_238' title='bbox 66 1624 207 1667; x_wconf 52' lang='lat' dir='ltr'>’my-²¹3¹</span> <span class='ocrx_word' id='word_1_239' title='bbox 298 1620 424 1662; x_wconf 85' lang='lat' dir='ltr'>sidera</span> <span class='ocrx_word' id='word_1_240' title='bbox 439 1630 556 1667; x_wconf 86' lang='lat' dir='ltr'>opera</span> <span class='ocrx_word' id='word_1_241' title='bbox 570 1618 656 1664; x_wconf 88' lang='lat' dir='ltr'>Dei,</span> <span class='ocrx_word' id='word_1_242' title='bbox 672 1618 774 1666; x_wconf 86' lang='lat' dir='ltr'>quod</span> <span class='ocrx_word' id='word_1_243' title='bbox 791 1629 901 1654; x_wconf 91' lang='lat' dir='ltr'>nemo</span> <span class='ocrx_word' id='word_1_244' title='bbox 915 1618 1035 1666; x_wconf 82' lang='lat' dir='ltr'>possit</span> <span class='ocrx_word' id='word_1_245' title='bbox 1047 1617 1243 1666; x_wconf 83' lang='lat' dir='ltr'>corrigere</span> <span class='ocrx_word' id='word_1_246' title='bbox 1256 1628 1367 1665; x_wconf 86' lang='lat' dir='ltr'>quem</span> 
     </span>
     <span class='ocr_line' id='line_1_37' title="bbox 299 1670 1370 1723; baseline -0.003 -14"><span class='ocrx_word' id='word_1_247' title='bbox 299 1673 362 1723; x_wconf 78' lang='lat' dir='ltr'>ille</span> <span class='ocrx_word' id='word_1_248' title='bbox 386 1671 609 1720; x_wconf 80' lang='lat' dir='ltr'>despexerit.</span> <span class='ocrx_word' id='word_1_249' title='bbox 638 1671 740 1718; x_wconf 89' lang='lat' dir='ltr'>Ergo</span> <span class='ocrx_word' id='word_1_250' title='bbox 761 1670 946 1707; x_wconf 88' lang='lat' dir='ltr'>correctio</span> <span class='ocrx_word' id='word_1_251' title='bbox 973 1671 1138 1707; x_wconf 88' lang='lat' dir='ltr'>fraterna</span> <span class='ocrx_word' id='word_1_252' title='bbox 1157 1682 1235 1706; x_wconf 92' lang='lat' dir='ltr'>non</span> <span class='ocrx_word' id='word_1_253' title='bbox 1255 1678 1313 1707; x_wconf 91' lang='lat' dir='ltr'>est</span> <span class='ocrx_word' id='word_1_254' title='bbox 1331 1670 1370 1706; x_wconf 85' lang='lat' dir='ltr'>in</span> 
     </span>
     <span class='ocr_line' id='line_1_38' title="bbox 301 1731 524 1775; baseline -0.013 -12"><span class='ocrx_word' id='word_1_255' title='bbox 301 1731 524 1775; x_wconf 80' lang='lat' dir='ltr'>praecepto,</span> 
     </span>
    </p>

    <p class='ocr_par' dir='ltr' id='par_1_16' title="bbox 299 1775 1370 1984">
     <span class='ocr_line' id='line_1_39' title="bbox 356 1775 1369 1824; baseline -0.003 -9"><span class='ocrx_word' id='word_1_256' title='bbox 356 1789 392 1816; x_wconf 83' lang='lat'>2.</span> <span class='ocrx_word' id='word_1_257' title='bbox 420 1778 660 1824; x_wconf 73' lang='lat' dir='ltr'>PRAETEREA,</span> <span class='ocrx_word' id='word_1_258' title='bbox 690 1775 821 1812; x_wconf 88' lang='lat' dir='ltr'>omnia</span> <span class='ocrx_word' id='word_1_259' title='bbox 857 1782 1062 1824; x_wconf 85' lang='lat' dir='ltr'>praecepta</span> <span class='ocrx_word' id='word_1_260' title='bbox 1093 1775 1185 1823; x_wconf 91' lang='lat' dir='ltr'>legis</span> <span class='ocrx_word' id='word_1_261' title='bbox 1217 1775 1369 1812; x_wconf 90' lang='lat' dir='ltr'>divinae</span> 
     </span>
     <span class='ocr_line' id='line_1_40' title="bbox 301 1828 1370 1880; baseline -0.005 -11"><span class='ocrx_word' id='word_1_262' title='bbox 301 1831 351 1869; x_wconf 83' lang='lat' dir='ltr'>ad</span> <span class='ocrx_word' id='word_1_263' title='bbox 377 1837 584 1880; x_wconf 87' lang='lat' dir='ltr'>praecepta</span> <span class='ocrx_word' id='word_1_264' title='bbox 611 1828 784 1876; x_wconf 89' lang='lat' dir='ltr'>decalogi</span> <span class='ocrx_word' id='word_1_265' title='bbox 802 1829 1046 1865; x_wconf 90' lang='lat' dir='ltr'>reducuntur.</span> <span class='ocrx_word' id='word_1_266' title='bbox 1077 1828 1156 1866; x_wconf 90' lang='lat' dir='ltr'>Sed</span> <span class='ocrx_word' id='word_1_267' title='bbox 1184 1828 1370 1865; x_wconf 90' lang='lat' dir='ltr'>correctio</span> 
     </span>
     <span class='ocr_line' id='line_1_41' title="bbox 299 1881 1369 1930; baseline -0.004 -9"><span class='ocrx_word' id='word_1_268' title='bbox 299 1883 466 1921; x_wconf 88' lang='lat' dir='ltr'>fraterna</span> <span class='ocrx_word' id='word_1_269' title='bbox 493 1894 573 1919; x_wconf 90' lang='lat' dir='ltr'>non</span> <span class='ocrx_word' id='word_1_270' title='bbox 601 1881 701 1918; x_wconf 88' lang='lat' dir='ltr'>cadit</span> <span class='ocrx_word' id='word_1_271' title='bbox 727 1882 799 1918; x_wconf 92' lang='lat' dir='ltr'>sub</span> <span class='ocrx_word' id='word_1_272' title='bbox 823 1882 952 1930; x_wconf 88' lang='lat' dir='ltr'>aliquo</span> <span class='ocrx_word' id='word_1_273' title='bbox 980 1890 1274 1930; x_wconf 89' lang='lat' dir='ltr'>praeceptorum</span> <span class='ocrx_word' id='word_1_274' title='bbox 1304 1881 1369 1918; x_wconf 94' lang='lat' dir='ltr'>de-</span> 
     </span>
     <span class='ocr_line' id='line_1_42' title="bbox 301 1934 1148 1984; baseline -0.005 -10"><span class='ocrx_word' id='word_1_275' title='bbox 301 1935 434 1984; x_wconf 87' lang='lat' dir='ltr'>calogi.</span> <span class='ocrx_word' id='word_1_276' title='bbox 464 1936 567 1983; x_wconf 82' lang='lat' dir='ltr'>Ergo</span> <span class='ocrx_word' id='word_1_277' title='bbox 595 1947 676 1972; x_wconf 89' lang='lat' dir='ltr'>non</span> <span class='ocrx_word' id='word_1_278' title='bbox 704 1934 804 1971; x_wconf 88' lang='lat' dir='ltr'>cadit</span> <span class='ocrx_word' id='word_1_279' title='bbox 830 1935 901 1971; x_wconf 91' lang='lat' dir='ltr'>sub</span> <span class='ocrx_word' id='word_1_280' title='bbox 928 1942 1148 1983; x_wconf 89' lang='lat' dir='ltr'>praecepto.</span> 
     </span>
    </p>

    <p class='ocr_par' dir='ltr' id='par_1_17' title="bbox 297 1987 1376 2512">
     <span class='ocr_line' id='line_1_43' title="bbox 356 1987 1371 2036; baseline -0.003 -10"><span class='ocrx_word' id='word_1_281' title='bbox 356 1989 391 2026; x_wconf 88' lang='lat'>3.</span> <span class='ocrx_word' id='word_1_282' title='bbox 413 1989 649 2035; x_wconf 78' lang='lat' dir='ltr'>PRAETEREA,</span> <span class='ocrx_word' id='word_1_283' title='bbox 669 1987 827 2024; x_wconf 90' lang='lat' dir='ltr'>omissio</span> <span class='ocrx_word' id='word_1_284' title='bbox 847 1987 1040 2036; x_wconf 91' lang='lat' dir='ltr'>praecepti</span> <span class='ocrx_word' id='word_1_285' title='bbox 1061 1987 1180 2024; x_wconf 91' lang='lat' dir='ltr'>divini</span> <span class='ocrx_word' id='word_1_286' title='bbox 1200 1995 1256 2024; x_wconf 90' lang='lat' dir='ltr'>est</span> <span class='ocrx_word' id='word_1_287' title='bbox 1282 1999 1371 2035; x_wconf 91' lang='lat' dir='ltr'>pec-</span> 
     </span>
     <span class='ocr_line' id='line_1_44' title="bbox 301 2039 1373 2088; baseline -0.002 -10"><span class='ocrx_word' id='word_1_288' title='bbox 301 2049 430 2078; x_wconf 86' lang='lat' dir='ltr'>catum</span> <span class='ocrx_word' id='word_1_289' title='bbox 459 2042 640 2087; x_wconf 86' lang='lat' dir='ltr'>mortale,</span> <span class='ocrx_word' id='word_1_290' title='bbox 673 2041 780 2088; x_wconf 89' lang='lat' dir='ltr'>quod</span> <span class='ocrx_word' id='word_1_291' title='bbox 807 2040 846 2076; x_wconf 90' lang='lat' dir='ltr'>in</span> <span class='ocrx_word' id='word_1_292' title='bbox 874 2039 1012 2076; x_wconf 89' lang='lat' dir='ltr'>sanctis</span> <span class='ocrx_word' id='word_1_293' title='bbox 1040 2040 1131 2076; x_wconf 90' lang='lat' dir='ltr'>viris</span> <span class='ocrx_word' id='word_1_294' title='bbox 1159 2052 1239 2076; x_wconf 91' lang='lat' dir='ltr'>non</span> <span class='ocrx_word' id='word_1_295' title='bbox 1265 2039 1373 2077; x_wconf 92' lang='lat' dir='ltr'>inve-</span> 
     </span>
     <span class='ocr_line' id='line_1_45' title="bbox 299 2092 1373 2131; baseline -0.002 0"><span class='ocrx_word' id='word_1_296' title='bbox 299 2094 412 2131; x_wconf 89' lang='lat' dir='ltr'>nitur.</span> <span class='ocrx_word' id='word_1_297' title='bbox 434 2094 512 2130; x_wconf 89' lang='lat' dir='ltr'>Sed</span> <span class='ocrx_word' id='word_1_298' title='bbox 532 2093 688 2130; x_wconf 83' lang='lat' dir='ltr'>omissio</span> <span class='ocrx_word' id='word_1_299' title='bbox 707 2093 895 2129; x_wconf 86' lang='lat' dir='ltr'>fraternae</span> <span class='ocrx_word' id='word_1_300' title='bbox 915 2092 1160 2129; x_wconf 87' lang='lat' dir='ltr'>correctionis</span> <span class='ocrx_word' id='word_1_301' title='bbox 1179 2093 1373 2130; x_wconf 88' lang='lat' dir='ltr'>invenitur</span> 
     </span>
     <span class='ocr_line' id='line_1_46' title="bbox 301 2145 1372 2194; baseline -0.002 -10"><span class='ocrx_word' id='word_1_302' title='bbox 301 2147 346 2185; x_wconf 27' lang='lat' dir='ltr'>ia*</span> <span class='ocrx_word' id='word_1_303' title='bbox 359 2146 498 2184; x_wconf 87' lang='lat' dir='ltr'>sanctis</span> <span class='ocrx_word' id='word_1_304' title='bbox 527 2154 563 2182; x_wconf 90' lang='lat' dir='ltr'>et</span> <span class='ocrx_word' id='word_1_305' title='bbox 589 2146 629 2183; x_wconf 92' lang='lat' dir='ltr'>in</span> <span class='ocrx_word' id='word_1_306' title='bbox 647 2145 905 2194; x_wconf 88' lang='lat' dir='ltr'>spiritualibus</span> <span class='ocrx_word' id='word_1_307' title='bbox 923 2145 1034 2182; x_wconf 81' lang='lat' dir='ltr'>viris:</span> <span class='ocrx_word' id='word_1_308' title='bbox 1064 2145 1152 2182; x_wconf 86' lang='lat' dir='ltr'>dicit</span> <span class='ocrx_word' id='word_1_309' title='bbox 1171 2146 1272 2182; x_wconf 91' lang='lat' dir='ltr'>enirn</span> <span class='ocrx_word' id='word_1_310' title='bbox 1293 2148 1372 2182; x_wconf 90' lang='lat' dir='ltr'>Au-</span> 
     </span>
     <span class='ocr_line' id='line_1_47' title="bbox 302 2197 1372 2248; baseline -0.002 -11"><span class='ocrx_word' id='word_1_311' title='bbox 302 2198 497 2248; x_wconf 80' lang='lat' dir='ltr'>gustinus,</span> <span class='ocrx_word' id='word_1_312' title='bbox 527 2199 607 2235; x_wconf 88' lang='lat' dir='ltr'>Ide</span> <span class='ocrx_word' id='word_1_313' title='bbox 630 2199 710 2236; x_wconf 78' lang='lat' dir='ltr'>civ.</span> <span class='ocrx_word' id='word_1_314' title='bbox 730 2198 807 2235; x_wconf 90' lang='lat' dir='ltr'>Dei</span> <span class='ocrx_word' id='word_1_315' title='bbox 822 2197 860 2245; x_wconf 72' lang='lat'>²¹⁸,</span> <span class='ocrx_word' id='word_1_316' title='bbox 890 2198 997 2246; x_wconf 91' lang='lat' dir='ltr'>quod</span> <span class='ocrx_word' id='word_1_317' title='bbox 1025 2210 1101 2235; x_wconf 89' lang='lat' dir='ltr'>non</span> <span class='ocrx_word' id='word_1_318' title='bbox 1127 2199 1250 2235; x_wconf 89' lang='lat' dir='ltr'>solum</span> <span class='ocrx_word' id='word_1_319' title='bbox 1278 2199 1372 2247; x_wconf 88' lang='lat' dir='ltr'>infe-</span> 
     </span>
     <span class='ocr_line' id='line_1_48' title="bbox 302 2251 1374 2302; baseline -0.001 -12"><span class='ocrx_word' id='word_1_320' title='bbox 302 2253 436 2298; x_wconf 88' lang='lat' dir='ltr'>riores,</span> <span class='ocrx_word' id='word_1_321' title='bbox 464 2263 598 2288; x_wconf 76' lang='lat' dir='ltr'>verum</span> <span class='ocrx_word' id='word_1_322' title='bbox 616 2252 728 2288; x_wconf 88' lang='lat' dir='ltr'>etiam</span> <span class='ocrx_word' id='word_1_323' title='bbox 756 2251 797 2287; x_wconf 86' lang='lat' dir='ltr'>hi</span> <span class='ocrx_word' id='word_1_324' title='bbox 822 2251 888 2299; x_wconf 86' lang='lat' dir='ltr'>qui</span> <span class='ocrx_word' id='word_1_325' title='bbox 903 2251 1137 2299; x_wconf 82' lang='lat' dir='ltr'>superiorem</span> <span class='ocrx_word' id='word_1_326' title='bbox 1156 2252 1256 2288; x_wconf 83' lang='lat' dir='ltr'>vitae</span> <span class='ocrx_word' id='word_1_327' title='bbox 1281 2263 1374 2302; x_wconf 79' lang='lat' dir='ltr'>gra-</span> 
     </span>
     <span class='ocr_line' id='line_1_49' title="bbox 303 2304 1372 2351; baseline -0.001 -9"><span class='ocrx_word' id='word_1_328' title='bbox 303 2305 393 2342; x_wconf 86' lang='lat' dir='ltr'>dum</span> <span class='ocrx_word' id='word_1_329' title='bbox 421 2310 546 2341; x_wconf 85' lang='lat' dir='ltr'>tenent</span> <span class='ocrx_word' id='word_1_330' title='bbox 562 2305 611 2341; x_wconf 88' lang='lat' dir='ltr'>ab</span> <span class='ocrx_word' id='word_1_331' title='bbox 628 2304 792 2341; x_wconf 88' lang='lat' dir='ltr'>aliorum</span> <span class='ocrx_word' id='word_1_332' title='bbox 812 2304 1101 2351; x_wconf 82' lang='lat' dir='ltr'>reprehensione</span> <span class='ocrx_word' id='word_1_333' title='bbox 1117 2316 1158 2341; x_wconf 92' lang='lat' dir='ltr'>se</span> <span class='ocrx_word' id='word_1_334' title='bbox 1176 2305 1372 2350; x_wconf 84' lang='lat' dir='ltr'>abstinent,</span> 
     </span>
     <span class='ocr_line' id='line_1_50' title="bbox 297 2357 1375 2407; baseline 0 -13"><span class='ocrx_word' id='word_1_335' title='bbox 297 2363 456 2407; x_wconf 77' lang='lat' dir='ltr'>propter</span> <span class='ocrx_word' id='word_1_336' title='bbox 473 2358 661 2406; x_wconf 82' lang='lat' dir='ltr'>quaedam</span> <span class='ocrx_word' id='word_1_337' title='bbox 680 2357 890 2404; x_wconf 84' lang='lat' dir='ltr'>cupiditatis</span> <span class='ocrx_word' id='word_1_338' title='bbox 907 2357 1060 2393; x_wconf 79' lang='lat' dir='ltr'>vincula</span> <span class='ocrx_word' id='word_1_339' title='bbox 1076 2362 1105 2402; x_wconf 61' lang='grc' dir='ltr'>α,</span> <span class='ocrx_word' id='word_1_340' title='bbox 1126 2369 1201 2394; x_wconf 83' lang='grc' dir='ltr'>ηοη</span> <span class='ocrx_word' id='word_1_341' title='bbox 1216 2364 1375 2406; x_wconf 83' lang='lat' dir='ltr'>propter</span> 
     </span>
     <span class='ocr_line' id='line_1_51' title="bbox 303 2409 1376 2459; baseline -0.001 -11"><span class='ocrx_word' id='word_1_342' title='bbox 303 2411 432 2459; x_wconf 84' lang='lat' dir='ltr'>officia</span> <span class='ocrx_word' id='word_1_343' title='bbox 459 2410 638 2447; x_wconf 87' lang='lat' dir='ltr'>caritatis.</span> <span class='ocrx_word' id='word_1_344' title='bbox 672 2410 775 2457; x_wconf 90' lang='lat' dir='ltr'>Ergo</span> <span class='ocrx_word' id='word_1_345' title='bbox 805 2409 989 2446; x_wconf 88' lang='lat' dir='ltr'>correctio</span> <span class='ocrx_word' id='word_1_346' title='bbox 1018 2410 1182 2446; x_wconf 87' lang='lat' dir='ltr'>fraterna</span> <span class='ocrx_word' id='word_1_347' title='bbox 1210 2423 1290 2447; x_wconf 91' lang='lat' dir='ltr'>non</span> <span class='ocrx_word' id='word_1_348' title='bbox 1320 2418 1376 2447; x_wconf 90' lang='lat' dir='ltr'>est</span> 
     </span>
     <span class='ocr_line' id='line_1_52' title="bbox 303 2463 591 2512; baseline -0.007 -11"><span class='ocrx_word' id='word_1_349' title='bbox 303 2463 344 2501; x_wconf 91' lang='lat' dir='ltr'>in</span> <span class='ocrx_word' id='word_1_350' title='bbox 369 2470 591 2512; x_wconf 90' lang='lat' dir='ltr'>praecepto.</span> 
     </span>
    </p>

    <p class='ocr_par' dir='ltr' id='par_1_18' title="bbox 167 2514 1380 3304">
     <span class='ocr_line' id='line_1_53' title="bbox 357 2514 1377 2563; baseline -0.003 -9"><span class='ocrx_word' id='word_1_351' title='bbox 357 2528 395 2563; x_wconf 89' lang='lat'>4.</span> <span class='ocrx_word' id='word_1_352' title='bbox 417 2518 652 2562; x_wconf 73' lang='lat' dir='ltr'>PRAETEREA,</span> <span class='ocrx_word' id='word_1_353' title='bbox 667 2514 761 2552; x_wconf 91' lang='lat' dir='ltr'>illud</span> <span class='ocrx_word' id='word_1_354' title='bbox 780 2514 887 2563; x_wconf 89' lang='lat' dir='ltr'>quod</span> <span class='ocrx_word' id='word_1_355' title='bbox 902 2521 958 2551; x_wconf 91' lang='lat' dir='ltr'>est</span> <span class='ocrx_word' id='word_1_356' title='bbox 978 2514 1017 2551; x_wconf 92' lang='lat' dir='ltr'>in</span> <span class='ocrx_word' id='word_1_357' title='bbox 1034 2522 1241 2563; x_wconf 88' lang='lat' dir='ltr'>praecepto</span> <span class='ocrx_word' id='word_1_358' title='bbox 1260 2515 1377 2552; x_wconf 86' lang='lat' dir='ltr'>habet</span> 
     </span>
     <span class='ocr_line' id='line_1_54' title="bbox 303 2567 1377 2615; baseline -0.002 -9"><span class='ocrx_word' id='word_1_359' title='bbox 303 2569 493 2606; x_wconf 89' lang='lat' dir='ltr'>rationem</span> <span class='ocrx_word' id='word_1_360' title='bbox 514 2568 642 2605; x_wconf 92' lang='lat' dir='ltr'>debiti.</span> <span class='ocrx_word' id='word_1_361' title='bbox 665 2567 705 2604; x_wconf 94' lang='lat' dir='ltr'>Si</span> <span class='ocrx_word' id='word_1_362' title='bbox 725 2579 814 2615; x_wconf 90' lang='lat' dir='ltr'>ergo</span> <span class='ocrx_word' id='word_1_363' title='bbox 835 2567 1019 2604; x_wconf 87' lang='lat' dir='ltr'>correctio</span> <span class='ocrx_word' id='word_1_364' title='bbox 1039 2567 1204 2604; x_wconf 85' lang='lat' dir='ltr'>fraterna</span> <span class='ocrx_word' id='word_1_365' title='bbox 1224 2568 1377 2604; x_wconf 90' lang='lat' dir='ltr'>caderet</span> 
     </span>
     <span class='ocr_line' id='line_1_55' title="bbox 304 2619 1375 2670; baseline -0.003 -11"><span class='ocrx_word' id='word_1_366' title='bbox 304 2622 376 2659; x_wconf 87' lang='lat' dir='ltr'>sub</span> <span class='ocrx_word' id='word_1_367' title='bbox 404 2629 632 2670; x_wconf 90' lang='lat' dir='ltr'>praecepto,</span> <span class='ocrx_word' id='word_1_368' title='bbox 665 2621 741 2657; x_wconf 90' lang='lat' dir='ltr'>hoc</span> <span class='ocrx_word' id='word_1_369' title='bbox 768 2619 943 2657; x_wconf 89' lang='lat' dir='ltr'>fratribus</span> <span class='ocrx_word' id='word_1_370' title='bbox 979 2620 1210 2656; x_wconf 89' lang='lat' dir='ltr'>deberemus</span> <span class='ocrx_word' id='word_1_371' title='bbox 1237 2628 1280 2657; x_wconf 92' lang='lat' dir='ltr'>ut</span> <span class='ocrx_word' id='word_1_372' title='bbox 1308 2633 1375 2657; x_wconf 92' lang='lat' dir='ltr'>eos</span> 
     </span>
     <span class='ocr_line' id='line_1_56' title="bbox 303 2673 1377 2724; baseline -0.001 -13"><span class='ocrx_word' id='word_1_373' title='bbox 303 2682 507 2724; x_wconf 84' lang='lat' dir='ltr'>peccantes</span> <span class='ocrx_word' id='word_1_374' title='bbox 536 2674 824 2721; x_wconf 89' lang='lat' dir='ltr'>corrigeremus.</span> <span class='ocrx_word' id='word_1_375' title='bbox 855 2673 931 2710; x_wconf 92' lang='lat' dir='ltr'>Sed</span> <span class='ocrx_word' id='word_1_376' title='bbox 951 2673 1011 2709; x_wconf 93' lang='lat' dir='ltr'>ille</span> <span class='ocrx_word' id='word_1_377' title='bbox 1040 2673 1105 2722; x_wconf 93' lang='lat' dir='ltr'>qui</span> <span class='ocrx_word' id='word_1_378' title='bbox 1126 2673 1239 2710; x_wconf 88' lang='lat' dir='ltr'>debet</span> <span class='ocrx_word' id='word_1_379' title='bbox 1267 2673 1377 2710; x_wconf 89' lang='lat' dir='ltr'>alicui</span> 
     </span>
     <span class='ocr_line' id='line_1_57' title="bbox 306 2725 1375 2776; baseline -0.002 -11"><span class='ocrx_word' id='word_1_380' title='bbox 306 2727 475 2765; x_wconf 87' lang='lat' dir='ltr'>debitum</span> <span class='ocrx_word' id='word_1_381' title='bbox 496 2727 706 2776; x_wconf 86' lang='lat' dir='ltr'>corporale,</span> <span class='ocrx_word' id='word_1_382' title='bbox 722 2734 814 2774; x_wconf 87' lang='lat' dir='ltr'>puta</span> <span class='ocrx_word' id='word_1_383' title='bbox 832 2725 1048 2774; x_wconf 91' lang='lat' dir='ltr'>pecuniam,</span> <span class='ocrx_word' id='word_1_384' title='bbox 1064 2738 1143 2762; x_wconf 91' lang='lat' dir='ltr'>non</span> <span class='ocrx_word' id='word_1_385' title='bbox 1159 2726 1274 2762; x_wconf 91' lang='lat' dir='ltr'>debet</span> <span class='ocrx_word' id='word_1_386' title='bbox 1293 2738 1375 2763; x_wconf 90' lang='lat' dir='ltr'>esse</span> 
     </span>
     <span class='ocr_line' id='line_1_58' title="bbox 167 2777 1376 2826; baseline -0.003 -7"><span class='ocrx_word' id='word_1_387' title='bbox 167 2782 183 2818; x_wconf 78' lang='grc' dir='ltr'>β</span> <span class='ocrx_word' id='word_1_388' title='bbox 306 2787 508 2819; x_wconf 89' lang='lat' dir='ltr'>contentus</span> <span class='ocrx_word' id='word_1_389' title='bbox 525 2787 568 2816; x_wconf 89' lang='lat' dir='ltr'>ut</span> <span class='ocrx_word' id='word_1_390' title='bbox 587 2779 622 2816; x_wconf 90' lang='lat' dir='ltr'>ei</span> <span class='ocrx_word' id='word_1_391' title='bbox 642 2786 816 2816; x_wconf 91' lang='lat' dir='ltr'>occurrat</span> <span class='ocrx_word' id='word_1_392' title='bbox 834 2778 999 2816; x_wconf 87' lang='lat' dir='ltr'>creditor</span> <span class='ocrx_word' id='word_1_393' title='bbox 1013 2777 1039 2826; x_wconf 76' lang='grc' dir='ltr'>β,</span> <span class='ocrx_word' id='word_1_394' title='bbox 1064 2778 1133 2815; x_wconf 89' lang='lat' dir='ltr'>sed</span> <span class='ocrx_word' id='word_1_395' title='bbox 1152 2778 1267 2816; x_wconf 93' lang='lat' dir='ltr'>debet</span> <span class='ocrx_word' id='word_1_396' title='bbox 1286 2791 1376 2816; x_wconf 90' lang='lat' dir='ltr'>eum</span> 
     </span>
     <span class='ocr_line' id='line_1_59' title="bbox 307 2831 1378 2883; baseline -0.002 -12"><span class='ocrx_word' id='word_1_397' title='bbox 307 2845 492 2883; x_wconf 86' lang='lat' dir='ltr'>quaerere</span> <span class='ocrx_word' id='word_1_398' title='bbox 505 2840 548 2869; x_wconf 94' lang='lat' dir='ltr'>ut</span> <span class='ocrx_word' id='word_1_399' title='bbox 565 2832 738 2870; x_wconf 88' lang='lat' dir='ltr'>debitum</span> <span class='ocrx_word' id='word_1_400' title='bbox 752 2831 898 2869; x_wconf 90' lang='lat' dir='ltr'>reddat.</span> <span class='ocrx_word' id='word_1_401' title='bbox 920 2832 1150 2880; x_wconf 67' lang='lat' dir='ltr'>OporteretY</span> <span class='ocrx_word' id='word_1_402' title='bbox 1166 2844 1256 2879; x_wconf 90' lang='lat' dir='ltr'>ergo</span> <span class='ocrx_word' id='word_1_403' title='bbox 1271 2833 1378 2881; x_wconf 93' lang='lat' dir='ltr'>quod</span> 
     </span>
     <span class='ocr_line' id='line_1_60' title="bbox 307 2884 1380 2934; baseline -0.001 -11"><span class='ocrx_word' id='word_1_404' title='bbox 307 2887 429 2923; x_wconf 84' lang='lat' dir='ltr'>homo</span> <span class='ocrx_word' id='word_1_405' title='bbox 466 2893 666 2934; x_wconf 89' lang='lat' dir='ltr'>quaereret</span> <span class='ocrx_word' id='word_1_406' title='bbox 698 2884 936 2922; x_wconf 89' lang='lat' dir='ltr'>correctione</span> <span class='ocrx_word' id='word_1_407' title='bbox 967 2885 1179 2932; x_wconf 87' lang='lat' dir='ltr'>indigentes</span> <span class='ocrx_word' id='word_1_408' title='bbox 1217 2885 1267 2921; x_wconf 90' lang='lat' dir='ltr'>ad</span> <span class='ocrx_word' id='word_1_409' title='bbox 1303 2885 1380 2922; x_wconf 93' lang='lat' dir='ltr'>hoc</span> 
     </span>
     <span class='ocr_line' id='line_1_61' title="bbox 309 2937 1378 2987; baseline -0.001 -11"><span class='ocrx_word' id='word_1_410' title='bbox 309 2938 416 2987; x_wconf 91' lang='lat' dir='ltr'>quod</span> <span class='ocrx_word' id='word_1_411' title='bbox 445 2950 512 2975; x_wconf 89' lang='lat' dir='ltr'>eos</span> <span class='ocrx_word' id='word_1_412' title='bbox 531 2938 745 2986; x_wconf 88' lang='lat' dir='ltr'>corrigeret.</span> <span class='ocrx_word' id='word_1_413' title='bbox 776 2938 893 2984; x_wconf 91' lang='lat' dir='ltr'>Quod</span> <span class='ocrx_word' id='word_1_414' title='bbox 910 2937 1063 2975; x_wconf 86' lang='lat' dir='ltr'>videtur</span> <span class='ocrx_word' id='word_1_415' title='bbox 1081 2937 1378 2975; x_wconf 85' lang='lat' dir='ltr'>inconveniens:</span> 
     </span>
     <span class='ocr_line' id='line_1_62' title="bbox 307 2990 1376 3040; baseline 0 -12"><span class='ocrx_word' id='word_1_416' title='bbox 307 2999 391 3028; x_wconf 91' lang='lat' dir='ltr'>tum</span> <span class='ocrx_word' id='word_1_417' title='bbox 405 2998 563 3040; x_wconf 90' lang='lat' dir='ltr'>propter</span> <span class='ocrx_word' id='word_1_418' title='bbox 576 2990 857 3028; x_wconf 88' lang='lat' dir='ltr'>multitudinem</span> <span class='ocrx_word' id='word_1_419' title='bbox 872 2990 1125 3039; x_wconf 89' lang='lat' dir='ltr'>peccantium,</span> <span class='ocrx_word' id='word_1_420' title='bbox 1142 2990 1191 3027; x_wconf 88' lang='lat' dir='ltr'>ad</span> <span class='ocrx_word' id='word_1_421' title='bbox 1210 3002 1376 3039; x_wconf 89' lang='lat' dir='ltr'>quorum</span> 
     </span>
     <span class='ocr_line' id='line_1_63' title="bbox 311 3043 1376 3092; baseline 0 -11"><span class='ocrx_word' id='word_1_422' title='bbox 311 3043 589 3082; x_wconf 86' lang='lat' dir='ltr'>correctionem</span> <span class='ocrx_word' id='word_1_423' title='bbox 602 3055 702 3080; x_wconf 91' lang='lat' dir='ltr'>unus</span> <span class='ocrx_word' id='word_1_424' title='bbox 716 3043 837 3080; x_wconf 87' lang='lat' dir='ltr'>homo</span> <span class='ocrx_word' id='word_1_425' title='bbox 852 3055 931 3080; x_wconf 90' lang='lat' dir='ltr'>non</span> <span class='ocrx_word' id='word_1_426' title='bbox 945 3050 1077 3092; x_wconf 89' lang='lat' dir='ltr'>posset</span> <span class='ocrx_word' id='word_1_427' title='bbox 1085 3043 1278 3090; x_wconf 88' lang='lat' dir='ltr'>sufficere;</span> <span class='ocrx_word' id='word_1_428' title='bbox 1293 3051 1376 3081; x_wconf 91' lang='lat' dir='ltr'>tum</span> 
     </span>
     <span class='ocr_line' id='line_1_64' title="bbox 311 3095 1379 3145; baseline 0 -11"><span class='ocrx_word' id='word_1_429' title='bbox 311 3097 427 3134; x_wconf 89' lang='lat' dir='ltr'>etiam</span> <span class='ocrx_word' id='word_1_430' title='bbox 459 3095 549 3144; x_wconf 86' lang='lat' dir='ltr'>quia</span> <span class='ocrx_word' id='word_1_431' title='bbox 576 3103 770 3145; x_wconf 89' lang='lat' dir='ltr'>oporteret</span> <span class='ocrx_word' id='word_1_432' title='bbox 801 3096 907 3143; x_wconf 93' lang='lat' dir='ltr'>quod</span> <span class='ocrx_word' id='word_1_433' title='bbox 935 3095 1098 3143; x_wconf 88' lang='lat' dir='ltr'>religiosi</span> <span class='ocrx_word' id='word_1_434' title='bbox 1132 3096 1180 3133; x_wconf 93' lang='lat' dir='ltr'>de</span> <span class='ocrx_word' id='word_1_435' title='bbox 1209 3096 1379 3134; x_wconf 87' lang='lat' dir='ltr'>claustris</span> 
     </span>
     <span class='ocr_line' id='line_1_65' title="bbox 311 3147 1379 3197; baseline 0 -10"><span class='ocrx_word' id='word_1_436' title='bbox 311 3149 388 3187; x_wconf 91' lang='lat' dir='ltr'>suis</span> <span class='ocrx_word' id='word_1_437' title='bbox 421 3148 566 3186; x_wconf 83' lang='lat' dir='ltr'>exirent</span> <span class='ocrx_word' id='word_1_438' title='bbox 597 3148 646 3186; x_wconf 87' lang='lat' dir='ltr'>ad</span> <span class='ocrx_word' id='word_1_439' title='bbox 677 3147 855 3186; x_wconf 89' lang='lat' dir='ltr'>homines</span> <span class='ocrx_word' id='word_1_440' title='bbox 883 3148 1148 3196; x_wconf 86' lang='lat' dir='ltr'>corrigendos,</span> <span class='ocrx_word' id='word_1_441' title='bbox 1186 3149 1293 3197; x_wconf 92' lang='lat' dir='ltr'>quod</span> <span class='ocrx_word' id='word_1_442' title='bbox 1321 3157 1379 3187; x_wconf 89' lang='lat' dir='ltr'>est</span> 
     </span>
     <span class='ocr_line' id='line_1_66' title="bbox 311 3201 1378 3249; baseline 0.001 -10"><span class='ocrx_word' id='word_1_443' title='bbox 311 3201 597 3239; x_wconf 86' lang='lat' dir='ltr'>inconveniens.</span> <span class='ocrx_word' id='word_1_444' title='bbox 627 3201 718 3238; x_wconf 90' lang='lat' dir='ltr'>Non</span> <span class='ocrx_word' id='word_1_445' title='bbox 748 3212 837 3249; x_wconf 89' lang='lat' dir='ltr'>ergo</span> <span class='ocrx_word' id='word_1_446' title='bbox 865 3201 1029 3238; x_wconf 87' lang='lat' dir='ltr'>fraterna</span> <span class='ocrx_word' id='word_1_447' title='bbox 1052 3201 1236 3238; x_wconf 92' lang='lat' dir='ltr'>correctio</span> <span class='ocrx_word' id='word_1_448' title='bbox 1257 3209 1313 3239; x_wconf 91' lang='lat' dir='ltr'>est</span> <span class='ocrx_word' id='word_1_449' title='bbox 1339 3202 1378 3240; x_wconf 91' lang='lat' dir='ltr'>in</span> 
     </span>
     <span class='ocr_line' id='line_1_67' title="bbox 311 3262 532 3304; baseline -0.005 -12"><span class='ocrx_word' id='word_1_450' title='bbox 311 3262 532 3304; x_wconf 89' lang='lat' dir='ltr'>praecepto.</span> 
     </span>
    </p>
   </div>
   <div class='ocr_carea' id='block_1_16' title="bbox 305 1312 512 1473">
    <p class='ocr_par' dir='ltr' id='par_1_19' title="bbox 305 1312 512 1473">
     <span class='ocr_line' id='line_1_68' title="bbox 305 1312 512 1473; baseline 0 -45"><span class='ocrx_word' id='word_1_451' title='bbox 305 1312 512 1473; x_wconf 95' lang='lat' dir='ltr'>  </span> 
     </span>
    </p>
   </div>
   <div class='ocr_carea' id='block_1_17' title="bbox 366 3384 1375 3490">
    <p class='ocr_par' dir='ltr' id='par_1_20' title="bbox 366 3384 1375 3490">
     <span class='ocr_line' id='line_1_69' title="bbox 366 3384 1375 3418; baseline 0.001 -8"><span class='ocrx_word' id='word_1_452' title='bbox 366 3385 394 3418; x_wconf 84' lang='grc' dir='ltr'>α)</span> <span class='ocrx_word' id='word_1_453' title='bbox 409 3385 539 3418; x_wconf 80' lang='lat' dir='ltr'>quaedam</span> <span class='ocrx_word' id='word_1_454' title='bbox 551 3384 708 3417; x_wconf 71' lang='lat' dir='ltr'>cupiditatis</span> <span class='ocrx_word' id='word_1_455' title='bbox 721 3384 836 3410; x_wconf 75' lang='lat' dir='ltr'>vincula.</span> <span class='ocrx_word' id='word_1_456' title='bbox 849 3396 868 3403; x_wconf 88' lang='lat'>·-</span> <span class='ocrx_word' id='word_1_457' title='bbox 880 3384 1015 3417; x_wconf 83' lang='lat' dir='ltr'>quandam</span> <span class='ocrx_word' id='word_1_458' title='bbox 1028 3384 1184 3417; x_wconf 78' lang='lat' dir='ltr'>cupiditatis</span> <span class='ocrx_word' id='word_1_459' title='bbox 1199 3385 1330 3411; x_wconf 84' lang='lat' dir='ltr'>maculam</span> <span class='ocrx_word' id='word_1_460' title='bbox 1344 3384 1375 3412; x_wconf 86' lang='lat' dir='ltr'>P.</span> 
     </span>
     <span class='ocr_line' id='line_1_70' title="bbox 367 3420 907 3454; baseline -0.004 -8"><span class='ocrx_word' id='word_1_461' title='bbox 367 3420 393 3454; x_wconf 86' lang='grc' dir='ltr'>β)</span> <span class='ocrx_word' id='word_1_462' title='bbox 412 3421 540 3446; x_wconf 81' lang='lat' dir='ltr'>creditor.</span> <span class='ocrx_word' id='word_1_463' title='bbox 556 3434 576 3440; x_wconf 91' lang='lat'>-</span> <span class='ocrx_word' id='word_1_464' title='bbox 593 3420 698 3446; x_wconf 79' lang='lat' dir='ltr'>debitor</span> <span class='ocrx_word' id='word_1_465' title='bbox 716 3420 818 3445; x_wconf 82' lang='lat' dir='ltr'>codices</span> <span class='ocrx_word' id='word_1_466' title='bbox 838 3424 864 3444; x_wconf 86' lang='lat' dir='ltr'>et</span> <span class='ocrx_word' id='word_1_467' title='bbox 881 3426 907 3444; x_wconf 86' lang='lat' dir='ltr'>a.</span> 
     </span>
     <span class='ocr_line' id='line_1_71' title="bbox 367 3455 802 3490; baseline -0.005 -8"><span class='ocrx_word' id='word_1_468' title='bbox 367 3456 395 3490; x_wconf 85' lang='grc' dir='ltr'>γ)</span> <span class='ocrx_word' id='word_1_469' title='bbox 418 3455 568 3488; x_wconf 81' lang='lat' dir='ltr'>Oporteret.</span> <span class='ocrx_word' id='word_1_470' title='bbox 585 3469 604 3475; x_wconf 94' lang='lat'>—-</span> <span class='ocrx_word' id='word_1_471' title='bbox 626 3455 737 3488; x_wconf 77' lang='lat' dir='ltr'>Oportet</span> <span class='ocrx_word' id='word_1_472' title='bbox 755 3455 802 3480; x_wconf 70' lang='lat' dir='ltr'>Pa.</span> 
     </span>
    </p>
   </div>
   <div class='ocr_carea' id='block_1_18' title="bbox 1418 1300 2730 3199">
    <p class='ocr_par' dir='ltr' id='par_1_21' title="bbox 1418 1300 2725 1612">
     <span class='ocr_line' id='line_1_72' title="bbox 1473 1300 2488 1348; baseline 0.002 -12"><span class='ocrx_word' id='word_1_473' title='bbox 1473 1301 1548 1337; x_wconf 83' lang='lat' dir='ltr'>SED</span> <span class='ocrx_word' id='word_1_474' title='bbox 1577 1312 1726 1337; x_wconf 79' lang='lat' dir='ltr'>CONTRA</span> <span class='ocrx_word' id='word_1_475' title='bbox 1747 1311 1813 1337; x_wconf 74' lang='lat' dir='ltr'>Es‘r</span> <span class='ocrx_word' id='word_1_476' title='bbox 1833 1301 1938 1348; x_wconf 89' lang='lat' dir='ltr'>quod</span> <span class='ocrx_word' id='word_1_477' title='bbox 1954 1300 2189 1348; x_wconf 89' lang='lat' dir='ltr'>Augustinus</span> <span class='ocrx_word' id='word_1_478' title='bbox 2210 1300 2311 1347; x_wconf 88' lang='lat' dir='ltr'>dicit,</span> <span class='ocrx_word' id='word_1_479' title='bbox 2331 1301 2369 1338; x_wconf 89' lang='lat' dir='ltr'>in</span> <span class='ocrx_word' id='word_1_480' title='bbox 2390 1301 2488 1338; x_wconf 91' lang='lat' dir='ltr'>libro</span> 
     </span>
     <span class='ocr_line' id='line_1_73' title="bbox 1418 1353 2725 1407; baseline 0.002 -18"><span class='ocrx_word' id='word_1_481' title='bbox 1418 1354 1464 1389; x_wconf 88' lang='lat' dir='ltr'>de</span> <span class='ocrx_word' id='word_1_482' title='bbox 1490 1354 1599 1390; x_wconf 87' lang='lat' dir='ltr'>Verb.</span> <span class='ocrx_word' id='word_1_483' title='bbox 1628 1355 1743 1390; x_wconf 92' lang='lat' dir='ltr'>Dom.</span> <span class='ocrx_word' id='word_1_484' title='bbox 1760 1353 1795 1390; x_wconf 79' lang='lat' dir='ltr'>*z</span> <span class='ocrx_word' id='word_1_485' title='bbox 1826 1354 1868 1390; x_wconf 87' lang='lat' dir='ltr'>Si</span> <span class='ocrx_word' id='word_1_486' title='bbox 1890 1354 2105 1402; x_wconf 83' lang='lat' dir='ltr'>neglexeris</span> <span class='ocrx_word' id='word_1_487' title='bbox 2132 1354 2349 1403; x_wconf 78' lang='lat' dir='ltr'>corrigere,</span> <span class='ocrx_word' id='word_1_488' title='bbox 2378 1355 2490 1402; x_wconf 81' lang='lat' dir='ltr'>peior</span> <span class='ocrx_word' id='word_1_489' title='bbox 2514 1357 2725 1407; x_wconf 51' lang='grc' dir='ltr'>’.ῗῗζΰμεξξξξξξν</span> 
     </span>
     <span class='ocr_line' id='line_1_74' title="bbox 1418 1399 2724 1454; baseline 0.003 -13"><span class='ocrx_word' id='word_1_490' title='bbox 1418 1417 1462 1442; x_wconf 91' lang='lat' dir='ltr'>eo</span> <span class='ocrx_word' id='word_1_491' title='bbox 1478 1407 1614 1454; x_wconf 83' lang='lat' dir='ltr'>factus</span> <span class='ocrx_word' id='word_1_492' title='bbox 1632 1418 1671 1442; x_wconf 90' lang='lat' dir='ltr'>es</span> <span class='ocrx_word' id='word_1_493' title='bbox 1699 1406 1765 1454; x_wconf 86' lang='lat' dir='ltr'>qui</span> <span class='ocrx_word' id='word_1_494' title='bbox 1786 1407 1968 1454; x_wconf 77' lang='lat' dir='ltr'>peccavit.</span> <span class='ocrx_word' id='word_1_495' title='bbox 1999 1407 2076 1443; x_wconf 90' lang='lat' dir='ltr'>Sed</span> <span class='ocrx_word' id='word_1_496' title='bbox 2104 1407 2181 1443; x_wconf 93' lang='lat' dir='ltr'>hoc</span> <span class='ocrx_word' id='word_1_497' title='bbox 2199 1419 2279 1443; x_wconf 91' lang='lat' dir='ltr'>non</span> <span class='ocrx_word' id='word_1_498' title='bbox 2299 1415 2399 1444; x_wconf 89' lang='lat' dir='ltr'>esset</span> <span class='ocrx_word' id='word_1_499' title='bbox 2418 1407 2491 1444; x_wconf 88' lang='lat' dir='ltr'>nisi</span> <span class='ocrx_word' id='word_1_500' title='bbox 2515 1401 2678 1438; x_wconf 53' lang='lat' dir='ltr'>XVIvfflpsff·</span> <span class='ocrx_word' id='word_1_501' title='bbox 2719 1399 2724 1405; x_wconf 54' lang='lat'>⁵</span> 
     </span>
     <span class='ocr_line' id='line_1_75' title="bbox 1418 1458 2490 1508; baseline 0.003 -14"><span class='ocrx_word' id='word_1_502' title='bbox 1418 1470 1487 1506; x_wconf 91' lang='lat' dir='ltr'>per</span> <span class='ocrx_word' id='word_1_503' title='bbox 1519 1458 1741 1495; x_wconf 90' lang='lat' dir='ltr'>huiusmodi</span> <span class='ocrx_word' id='word_1_504' title='bbox 1774 1459 2042 1506; x_wconf 89' lang='lat' dir='ltr'>negligentiam</span> <span class='ocrx_word' id='word_1_505' title='bbox 2075 1459 2208 1507; x_wconf 91' lang='lat' dir='ltr'>aliquis</span> <span class='ocrx_word' id='word_1_506' title='bbox 2239 1468 2490 1508; x_wconf 87' lang='lat' dir='ltr'>praeceptum</span> 
     </span>
     <span class='ocr_line' id='line_1_76' title="bbox 1419 1511 2492 1561; baseline 0.003 -14"><span class='ocrx_word' id='word_1_507' title='bbox 1419 1511 1624 1547; x_wconf 91' lang='lat' dir='ltr'>omitteret.</span> <span class='ocrx_word' id='word_1_508' title='bbox 1664 1512 1766 1558; x_wconf 92' lang='lat' dir='ltr'>Ergo</span> <span class='ocrx_word' id='word_1_509' title='bbox 1801 1511 1985 1548; x_wconf 92' lang='lat' dir='ltr'>correctio</span> <span class='ocrx_word' id='word_1_510' title='bbox 2021 1512 2184 1549; x_wconf 86' lang='lat' dir='ltr'>fraterna</span> <span class='ocrx_word' id='word_1_511' title='bbox 2218 1520 2274 1549; x_wconf 91' lang='lat' dir='ltr'>est</span> <span class='ocrx_word' id='word_1_512' title='bbox 2307 1513 2346 1549; x_wconf 88' lang='lat' dir='ltr'>in</span> <span class='ocrx_word' id='word_1_513' title='bbox 2382 1525 2492 1561; x_wconf 88' lang='lat' dir='ltr'>prae-</span> 
     </span>
     <span class='ocr_line' id='line_1_77' title="bbox 1421 1570 1550 1612; baseline 0 -12"><span class='ocrx_word' id='word_1_514' title='bbox 1421 1570 1550 1612; x_wconf 88' lang='lat' dir='ltr'>cept0.</span> 
     </span>
    </p>

    <p class='ocr_par' dir='ltr' id='par_1_22' title="bbox 1419 1617 2730 3091">
     <span class='ocr_line' id='line_1_78' title="bbox 1472 1617 2493 1666; baseline 0 -12"><span class='ocrx_word' id='word_1_515' title='bbox 1472 1617 1702 1654; x_wconf 57' lang='lat' dir='ltr'>Resposmzo</span> <span class='ocrx_word' id='word_1_516' title='bbox 1738 1628 1924 1653; x_wconf 78' lang='lat' dir='ltr'>mCENDUM</span> <span class='ocrx_word' id='word_1_517' title='bbox 1961 1619 2067 1666; x_wconf 92' lang='lat' dir='ltr'>quod</span> <span class='ocrx_word' id='word_1_518' title='bbox 2105 1618 2290 1654; x_wconf 90' lang='lat' dir='ltr'>correctio</span> <span class='ocrx_word' id='word_1_519' title='bbox 2328 1619 2493 1655; x_wconf 86' lang='lat' dir='ltr'>fraterna</span> 
     </span>
     <span class='ocr_line' id='line_1_79' title="bbox 1419 1669 2492 1719; baseline 0.003 -14"><span class='ocrx_word' id='word_1_520' title='bbox 1419 1669 1521 1706; x_wconf 91' lang='lat' dir='ltr'>cadit</span> <span class='ocrx_word' id='word_1_521' title='bbox 1534 1670 1606 1706; x_wconf 91' lang='lat' dir='ltr'>sub</span> <span class='ocrx_word' id='word_1_522' title='bbox 1625 1677 1845 1718; x_wconf 89' lang='lat' dir='ltr'>praecepto.</span> <span class='ocrx_word' id='word_1_523' title='bbox 1871 1670 1949 1707; x_wconf 90' lang='lat' dir='ltr'>Sed</span> <span class='ocrx_word' id='word_1_524' title='bbox 1969 1670 2290 1707; x_wconf 82' lang='lat' dir='ltr'>considerandum</span> <span class='ocrx_word' id='word_1_525' title='bbox 2312 1678 2367 1707; x_wconf 92' lang='lat' dir='ltr'>est</span> <span class='ocrx_word' id='word_1_526' title='bbox 2386 1672 2492 1719; x_wconf 91' lang='lat' dir='ltr'>quod</span> 
     </span>
     <span class='ocr_line' id='line_1_80' title="bbox 1419 1722 2494 1772; baseline 0.001 -13"><span class='ocrx_word' id='word_1_527' title='bbox 1419 1722 1516 1759; x_wconf 91' lang='lat' dir='ltr'>sicut</span> <span class='ocrx_word' id='word_1_528' title='bbox 1533 1730 1740 1771; x_wconf 90' lang='lat' dir='ltr'>praecepta</span> <span class='ocrx_word' id='word_1_529' title='bbox 1754 1723 1931 1770; x_wconf 89' lang='lat' dir='ltr'>negativa</span> <span class='ocrx_word' id='word_1_530' title='bbox 1950 1723 2040 1770; x_wconf 87' lang='lat' dir='ltr'>legis</span> <span class='ocrx_word' id='word_1_531' title='bbox 2058 1723 2264 1771; x_wconf 89' lang='lat' dir='ltr'>prohibent</span> <span class='ocrx_word' id='word_1_532' title='bbox 2278 1731 2385 1760; x_wconf 85' lang='lat' dir='ltr'>actus</span> <span class='ocrx_word' id='word_1_533' title='bbox 2404 1736 2494 1772; x_wconf 91' lang='lat' dir='ltr'>pec-</span> 
     </span>
     <span class='ocr_line' id='line_1_81' title="bbox 1420 1775 2493 1824; baseline 0.003 -13"><span class='ocrx_word' id='word_1_534' title='bbox 1420 1783 1612 1822; x_wconf 91' lang='lat' dir='ltr'>catorum,</span> <span class='ocrx_word' id='word_1_535' title='bbox 1646 1775 1698 1812; x_wconf 91' lang='lat' dir='ltr'>ita</span> <span class='ocrx_word' id='word_1_536' title='bbox 1729 1783 1935 1824; x_wconf 89' lang='lat' dir='ltr'>praecepta</span> <span class='ocrx_word' id='word_1_537' title='bbox 1967 1776 2196 1813; x_wconf 85' lang='lat' dir='ltr'>affirmativa</span> <span class='ocrx_word' id='word_1_538' title='bbox 2223 1777 2410 1815; x_wconf 90' lang='lat' dir='ltr'>inducunt</span> <span class='ocrx_word' id='word_1_539' title='bbox 2444 1777 2493 1814; x_wconf 89' lang='lat' dir='ltr'>ad</span> 
     </span>
     <span class='ocr_line' id='line_1_82' title="bbox 1419 1828 2494 1877; baseline 0.003 -13"><span class='ocrx_word' id='word_1_540' title='bbox 1419 1835 1527 1865; x_wconf 89' lang='lat' dir='ltr'>actus</span> <span class='ocrx_word' id='word_1_541' title='bbox 1547 1828 1742 1865; x_wconf 83' lang='lat' dir='ltr'>virtutum.</span> <span class='ocrx_word' id='word_1_542' title='bbox 1771 1831 1890 1865; x_wconf 91' lang='lat' dir='ltr'>Actus</span> <span class='ocrx_word' id='word_1_543' title='bbox 1909 1836 2038 1866; x_wconf 89' lang='lat' dir='ltr'>autem</span> <span class='ocrx_word' id='word_1_544' title='bbox 2062 1836 2310 1877; x_wconf 86' lang='lat' dir='ltr'>peccatorum</span> <span class='ocrx_word' id='word_1_545' title='bbox 2330 1837 2418 1866; x_wconf 88' lang='lat' dir='ltr'>sunt</span> <span class='ocrx_word' id='word_1_546' title='bbox 2436 1843 2494 1867; x_wconf 91' lang='lat' dir='ltr'>se-</span> 
     </span>
     <span class='ocr_line' id='line_1_83' title="bbox 1420 1882 2494 1932; baseline 0.002 -14"><span class='ocrx_word' id='word_1_547' title='bbox 1420 1882 1591 1918; x_wconf 87' lang='lat' dir='ltr'>cundum</span> <span class='ocrx_word' id='word_1_548' title='bbox 1620 1893 1661 1918; x_wconf 91' lang='lat' dir='ltr'>se</span> <span class='ocrx_word' id='word_1_549' title='bbox 1689 1882 1792 1928; x_wconf 89' lang='lat' dir='ltr'>mali,</span> <span class='ocrx_word' id='word_1_550' title='bbox 1823 1889 1859 1918; x_wconf 90' lang='lat' dir='ltr'>et</span> <span class='ocrx_word' id='word_1_551' title='bbox 1886 1882 1990 1918; x_wconf 92' lang='lat' dir='ltr'>nullo</span> <span class='ocrx_word' id='word_1_552' title='bbox 2015 1882 2136 1918; x_wconf 92' lang='lat' dir='ltr'>modo</span> <span class='ocrx_word' id='word_1_553' title='bbox 2165 1883 2263 1918; x_wconf 91' lang='lat' dir='ltr'>bene</span> <span class='ocrx_word' id='word_1_554' title='bbox 2292 1883 2376 1920; x_wconf 90' lang='lat' dir='ltr'>fieri</span> <span class='ocrx_word' id='word_1_555' title='bbox 2404 1895 2494 1932; x_wconf 88' lang='lat' dir='ltr'>pos-</span> 
     </span>
     <span class='ocr_line' id='line_1_84' title="bbox 1420 1934 2494 1984; baseline 0.002 -13"><span class='ocrx_word' id='word_1_556' title='bbox 1420 1942 1520 1981; x_wconf 87' lang='lat' dir='ltr'>sunt,</span> <span class='ocrx_word' id='word_1_557' title='bbox 1550 1947 1622 1972; x_wconf 91' lang='lat' dir='ltr'>nec</span> <span class='ocrx_word' id='word_1_558' title='bbox 1650 1934 1778 1983; x_wconf 90' lang='lat' dir='ltr'>aliquo</span> <span class='ocrx_word' id='word_1_559' title='bbox 1806 1942 1980 1983; x_wconf 89' lang='lat' dir='ltr'>tempore</span> <span class='ocrx_word' id='word_1_560' title='bbox 2010 1943 2075 1971; x_wconf 90' lang='lat' dir='ltr'>aut</span> <span class='ocrx_word' id='word_1_561' title='bbox 2101 1936 2212 1972; x_wconf 91' lang='lat' dir='ltr'>loco:</span> <span class='ocrx_word' id='word_1_562' title='bbox 2241 1935 2330 1984; x_wconf 87' lang='lat' dir='ltr'>quia</span> <span class='ocrx_word' id='word_1_563' title='bbox 2358 1948 2494 1973; x_wconf 89' lang='lat' dir='ltr'>secun—</span> 
     </span>
     <span class='ocr_line' id='line_1_85' title="bbox 1422 1987 2495 2036; baseline 0.003 -12"><span class='ocrx_word' id='word_1_564' title='bbox 1422 1989 1516 2025; x_wconf 90' lang='lat' dir='ltr'>dum</span> <span class='ocrx_word' id='word_1_565' title='bbox 1545 1999 1585 2024; x_wconf 92' lang='lat' dir='ltr'>se</span> <span class='ocrx_word' id='word_1_566' title='bbox 1624 1995 1712 2024; x_wconf 89' lang='lat' dir='ltr'>sunt</span> <span class='ocrx_word' id='word_1_567' title='bbox 1747 1987 1939 2024; x_wconf 88' lang='lat' dir='ltr'>coniuncti</span> <span class='ocrx_word' id='word_1_568' title='bbox 1965 1988 2069 2025; x_wconf 91' lang='lat' dir='ltr'>malo</span> <span class='ocrx_word' id='word_1_569' title='bbox 2102 1988 2189 2036; x_wconf 91' lang='lat' dir='ltr'>fini,</span> <span class='ocrx_word' id='word_1_570' title='bbox 2224 1996 2267 2025; x_wconf 90' lang='lat' dir='ltr'>ut</span> <span class='ocrx_word' id='word_1_571' title='bbox 2294 1989 2429 2026; x_wconf 92' lang='lat' dir='ltr'>dicitur</span> <span class='ocrx_word' id='word_1_572' title='bbox 2456 1990 2495 2027; x_wconf 92' lang='lat' dir='ltr'>in</span> 
     </span>
     <span class='ocr_line' id='line_1_86' title="bbox 1422 2040 2496 2091; baseline 0.002 -14"><span class='ocrx_word' id='word_1_573' title='bbox 1422 2042 1453 2077; x_wconf 95' lang='lat' dir='ltr'>II</span> <span class='ocrx_word' id='word_1_574' title='bbox 1472 2041 1595 2077; x_wconf 85' lang='lat' dir='ltr'>Ethic.</span> <span class='ocrx_word' id='word_1_575' title='bbox 1617 2040 1637 2062; x_wconf 75' lang='lat'>’¹‘</span> <span class='ocrx_word' id='word_1_576' title='bbox 1674 2041 1723 2077; x_wconf 91' lang='lat' dir='ltr'>Et</span> <span class='ocrx_word' id='word_1_577' title='bbox 1749 2040 1838 2077; x_wconf 92' lang='lat' dir='ltr'>ideo</span> <span class='ocrx_word' id='word_1_578' title='bbox 1872 2049 2079 2089; x_wconf 87' lang='lat' dir='ltr'>praecepta</span> <span class='ocrx_word' id='word_1_579' title='bbox 2111 2041 2289 2088; x_wconf 89' lang='lat' dir='ltr'>negativa</span> <span class='ocrx_word' id='word_1_580' title='bbox 2326 2042 2496 2091; x_wconf 88' lang='lat' dir='ltr'>obligant</span> 
     </span>
     <span class='ocr_line' id='line_1_87' title="bbox 1422 2093 2495 2142; baseline 0.002 -12"><span class='ocrx_word' id='word_1_581' title='bbox 1422 2106 1578 2142; x_wconf 90' lang='lat' dir='ltr'>semper</span> <span class='ocrx_word' id='word_1_582' title='bbox 1611 2101 1648 2130; x_wconf 95' lang='lat' dir='ltr'>et</span> <span class='ocrx_word' id='word_1_583' title='bbox 1676 2093 1726 2130; x_wconf 92' lang='lat' dir='ltr'>ad</span> <span class='ocrx_word' id='word_1_584' title='bbox 1753 2105 1919 2141; x_wconf 87' lang='lat' dir='ltr'>semper.</span> <span class='ocrx_word' id='word_1_585' title='bbox 1959 2094 2037 2131; x_wconf 91' lang='lat' dir='ltr'>Sed</span> <span class='ocrx_word' id='word_1_586' title='bbox 2069 2101 2174 2130; x_wconf 90' lang='lat' dir='ltr'>actus</span> <span class='ocrx_word' id='word_1_587' title='bbox 2201 2095 2387 2131; x_wconf 89' lang='lat' dir='ltr'>virtutum</span> <span class='ocrx_word' id='word_1_588' title='bbox 2415 2108 2495 2132; x_wconf 90' lang='lat' dir='ltr'>non</span> 
     </span>
     <span class='ocr_line' id='line_1_88' title="bbox 1423 2146 2496 2196; baseline 0.002 -13"><span class='ocrx_word' id='word_1_589' title='bbox 1423 2147 1595 2196; x_wconf 88' lang='lat' dir='ltr'>quolibet</span> <span class='ocrx_word' id='word_1_590' title='bbox 1613 2147 1732 2183; x_wconf 87' lang='lat' dir='ltr'>modo</span> <span class='ocrx_word' id='word_1_591' title='bbox 1762 2146 1845 2183; x_wconf 86' lang='lat' dir='ltr'>fieri</span> <span class='ocrx_word' id='word_1_592' title='bbox 1865 2146 2017 2193; x_wconf 92' lang='lat' dir='ltr'>debent,</span> <span class='ocrx_word' id='word_1_593' title='bbox 2038 2146 2106 2183; x_wconf 89' lang='lat' dir='ltr'>sed</span> <span class='ocrx_word' id='word_1_594' title='bbox 2126 2147 2339 2185; x_wconf 87' lang='lat' dir='ltr'>observatis</span> <span class='ocrx_word' id='word_1_595' title='bbox 2360 2148 2496 2186; x_wconf 90' lang='lat' dir='ltr'>debitis</span> 
     </span>
     <span class='ocr_line' id='line_1_89' title="bbox 1423 2199 2498 2250; baseline 0.002 -14"><span class='ocrx_word' id='word_1_596' title='bbox 1423 2199 1714 2236; x_wconf 89' lang='lat' dir='ltr'>circumstantiis</span> <span class='ocrx_word' id='word_1_597' title='bbox 1743 2211 1840 2247; x_wconf 89' lang='lat' dir='ltr'>quae</span> <span class='ocrx_word' id='word_1_598' title='bbox 1865 2199 2109 2248; x_wconf 91' lang='lat' dir='ltr'>requiruntur</span> <span class='ocrx_word' id='word_1_599' title='bbox 2136 2201 2184 2237; x_wconf 93' lang='lat' dir='ltr'>ad</span> <span class='ocrx_word' id='word_1_600' title='bbox 2212 2201 2288 2237; x_wconf 93' lang='lat' dir='ltr'>hoc</span> <span class='ocrx_word' id='word_1_601' title='bbox 2317 2201 2423 2250; x_wconf 91' lang='lat' dir='ltr'>quod</span> <span class='ocrx_word' id='word_1_602' title='bbox 2451 2202 2498 2238; x_wconf 92' lang='lat' dir='ltr'>sit</span> 
     </span>
     <span class='ocr_line' id='line_1_90' title="bbox 1423 2252 2495 2302; baseline 0.002 -13"><span class='ocrx_word' id='word_1_603' title='bbox 1423 2260 1528 2290; x_wconf 90' lang='lat' dir='ltr'>actus</span> <span class='ocrx_word' id='word_1_604' title='bbox 1543 2252 1753 2288; x_wconf 88' lang='lat' dir='ltr'>virtuosus:</span> <span class='ocrx_word' id='word_1_605' title='bbox 1769 2259 1811 2288; x_wconf 90' lang='lat' dir='ltr'>ut</span> <span class='ocrx_word' id='word_1_606' title='bbox 1826 2252 1966 2288; x_wconf 89' lang='lat' dir='ltr'>scilicet</span> <span class='ocrx_word' id='word_1_607' title='bbox 1984 2253 2050 2289; x_wconf 88' lang='lat' dir='ltr'>fiat</span> <span class='ocrx_word' id='word_1_608' title='bbox 2064 2253 2131 2289; x_wconf 90' lang='lat' dir='ltr'>ubi</span> <span class='ocrx_word' id='word_1_609' title='bbox 2147 2253 2272 2301; x_wconf 91' lang='lat' dir='ltr'>debet,</span> <span class='ocrx_word' id='word_1_610' title='bbox 2286 2261 2322 2290; x_wconf 90' lang='lat' dir='ltr'>et</span> <span class='ocrx_word' id='word_1_611' title='bbox 2341 2255 2495 2302; x_wconf 88' lang='lat' dir='ltr'>quando</span> 
     </span>
     <span class='ocr_line' id='line_1_91' title="bbox 1424 2304 2497 2356; baseline 0.001 -13"><span class='ocrx_word' id='word_1_612' title='bbox 1424 2306 1550 2352; x_wconf 90' lang='lat' dir='ltr'>debet,</span> <span class='ocrx_word' id='word_1_613' title='bbox 1573 2312 1609 2341; x_wconf 92' lang='lat' dir='ltr'>et</span> <span class='ocrx_word' id='word_1_614' title='bbox 1637 2304 1853 2341; x_wconf 88' lang='lat' dir='ltr'>secundum</span> <span class='ocrx_word' id='word_1_615' title='bbox 1882 2305 1988 2353; x_wconf 89' lang='lat' dir='ltr'>quod</span> <span class='ocrx_word' id='word_1_616' title='bbox 2018 2305 2143 2342; x_wconf 92' lang='lat' dir='ltr'>debet.</span> <span class='ocrx_word' id='word_1_617' title='bbox 2174 2307 2223 2342; x_wconf 92' lang='lat' dir='ltr'>Et</span> <span class='ocrx_word' id='word_1_618' title='bbox 2250 2306 2340 2354; x_wconf 91' lang='lat' dir='ltr'>quia</span> <span class='ocrx_word' id='word_1_619' title='bbox 2369 2307 2497 2356; x_wconf 90' lang='lat' dir='ltr'>dispo-</span> 
     </span>
     <span class='ocr_line' id='line_1_92' title="bbox 1424 2358 2497 2405; baseline 0.001 -9"><span class='ocrx_word' id='word_1_620' title='bbox 1424 2358 1509 2396; x_wconf 90' lang='lat' dir='ltr'>sitio</span> <span class='ocrx_word' id='word_1_621' title='bbox 1530 2369 1666 2394; x_wconf 90' lang='lat' dir='ltr'>eorum</span> <span class='ocrx_word' id='word_1_622' title='bbox 1686 2369 1786 2405; x_wconf 90' lang='lat' dir='ltr'>quae</span> <span class='ocrx_word' id='word_1_623' title='bbox 1806 2365 1893 2394; x_wconf 86' lang='lat' dir='ltr'>sunt</span> <span class='ocrx_word' id='word_1_624' title='bbox 1914 2358 1963 2395; x_wconf 93' lang='lat' dir='ltr'>ad</span> <span class='ocrx_word' id='word_1_625' title='bbox 1987 2359 2106 2395; x_wconf 91' lang='lat' dir='ltr'>finem</span> <span class='ocrx_word' id='word_1_626' title='bbox 2134 2359 2341 2396; x_wconf 87' lang='lat' dir='ltr'>attenditur</span> <span class='ocrx_word' id='word_1_627' title='bbox 2364 2372 2497 2397; x_wconf 92' lang='lat' dir='ltr'>secun-</span> 
     </span>
     <span class='ocr_line' id='line_1_93' title="bbox 1424 2410 2497 2457; baseline 0.001 -8"><span class='ocrx_word' id='word_1_628' title='bbox 1424 2412 1518 2449; x_wconf 91' lang='lat' dir='ltr'>dum</span> <span class='ocrx_word' id='word_1_629' title='bbox 1540 2411 1728 2447; x_wconf 88' lang='lat' dir='ltr'>rationem</span> <span class='ocrx_word' id='word_1_630' title='bbox 1748 2410 1847 2457; x_wconf 89' lang='lat' dir='ltr'>finis,</span> <span class='ocrx_word' id='word_1_631' title='bbox 1867 2410 1906 2447; x_wconf 92' lang='lat' dir='ltr'>in</span> <span class='ocrx_word' id='word_1_632' title='bbox 1926 2411 2004 2447; x_wconf 90' lang='lat' dir='ltr'>istis</span> <span class='ocrx_word' id='word_1_633' title='bbox 2025 2411 2317 2455; x_wconf 73' lang='lat' dir='ltr'>circumstantiis</span> <span class='ocrx_word' id='word_1_634' title='bbox 2334 2413 2497 2450; x_wconf 90' lang='lat' dir='ltr'>virtuosi</span> 
     </span>
     <span class='ocr_line' id='line_1_94' title="bbox 1426 2463 2496 2514; baseline 0.002 -14"><span class='ocrx_word' id='word_1_635' title='bbox 1426 2471 1532 2501; x_wconf 89' lang='lat' dir='ltr'>actus</span> <span class='ocrx_word' id='word_1_636' title='bbox 1559 2463 1765 2512; x_wconf 91' lang='lat' dir='ltr'>praecipue</span> <span class='ocrx_word' id='word_1_637' title='bbox 1794 2463 2025 2501; x_wconf 89' lang='lat' dir='ltr'>attendenda</span> <span class='ocrx_word' id='word_1_638' title='bbox 2055 2471 2111 2501; x_wconf 91' lang='lat' dir='ltr'>est</span> <span class='ocrx_word' id='word_1_639' title='bbox 2137 2464 2232 2501; x_wconf 90' lang='lat' dir='ltr'>ratio</span> <span class='ocrx_word' id='word_1_640' title='bbox 2267 2465 2376 2512; x_wconf 87' lang='lat' dir='ltr'>finis,</span> <span class='ocrx_word' id='word_1_641' title='bbox 2405 2465 2496 2514; x_wconf 79' lang='lat' dir='ltr'>qui⁶</span> 
     </span>
     <span class='ocr_line' id='line_1_95' title="bbox 1426 2515 2496 2566; baseline 0.002 -13"><span class='ocrx_word' id='word_1_642' title='bbox 1426 2524 1482 2553; x_wconf 90' lang='lat' dir='ltr'>est</span> <span class='ocrx_word' id='word_1_643' title='bbox 1500 2517 1648 2553; x_wconf 89' lang='lat' dir='ltr'>bonum</span> <span class='ocrx_word' id='word_1_644' title='bbox 1667 2515 1828 2552; x_wconf 85' lang='lat' dir='ltr'>virtutis.</span> <span class='ocrx_word' id='word_1_645' title='bbox 1858 2516 1899 2552; x_wconf 94' lang='lat' dir='ltr'>Si</span> <span class='ocrx_word' id='word_1_646' title='bbox 1918 2528 2008 2564; x_wconf 90' lang='lat' dir='ltr'>ergo</span> <span class='ocrx_word' id='word_1_647' title='bbox 2027 2516 2075 2553; x_wconf 90' lang='lat' dir='ltr'>sit</span> <span class='ocrx_word' id='word_1_648' title='bbox 2092 2517 2218 2566; x_wconf 86' lang='lat' dir='ltr'>aliqua</span> <span class='ocrx_word' id='word_1_649' title='bbox 2236 2518 2318 2554; x_wconf 90' lang='lat' dir='ltr'>talis</span> <span class='ocrx_word' id='word_1_650' title='bbox 2338 2518 2496 2556; x_wconf 89' lang='lat' dir='ltr'>omissio</span> 
     </span>
     <span class='ocr_line' id='line_1_96' title="bbox 1426 2567 2496 2619; baseline 0.003 -14"><span class='ocrx_word' id='word_1_651' title='bbox 1426 2568 1584 2605; x_wconf 89' lang='lat' dir='ltr'>alicuius</span> <span class='ocrx_word' id='word_1_652' title='bbox 1599 2567 1904 2604; x_wconf 89' lang='lat' dir='ltr'>circumstantiae</span> <span class='ocrx_word' id='word_1_653' title='bbox 1918 2568 2018 2605; x_wconf 89' lang='lat' dir='ltr'>circa</span> <span class='ocrx_word' id='word_1_654' title='bbox 2025 2569 2242 2606; x_wconf 87' lang='lat' dir='ltr'>virtuosum</span> <span class='ocrx_word' id='word_1_655' title='bbox 2255 2578 2381 2607; x_wconf 88' lang='lat' dir='ltr'>actum</span> <span class='ocrx_word' id='word_1_656' title='bbox 2397 2583 2496 2619; x_wconf 89' lang='lat' dir='ltr'>quae</span> 
     </span>
     <span class='ocr_line' id='line_1_97' title="bbox 1426 2621 2631 2669; baseline 0.003 -11"><span class='ocrx_word' id='word_1_657' title='bbox 1426 2621 1590 2658; x_wconf 90' lang='lat' dir='ltr'>totaliter</span> <span class='ocrx_word' id='word_1_658' title='bbox 1616 2621 1723 2657; x_wconf 88' lang='lat' dir='ltr'>tollat</span> <span class='ocrx_word' id='word_1_659' title='bbox 1750 2621 1898 2657; x_wconf 90' lang='lat' dir='ltr'>bonurn</span> <span class='ocrx_word' id='word_1_660' title='bbox 1924 2621 2089 2669; x_wconf 90' lang='lat' dir='ltr'>virtutis,</span> <span class='ocrx_word' id='word_1_661' title='bbox 2118 2622 2220 2658; x_wconf 71' lang='lat' dir='ltr'>hoc‘</span> <span class='ocrx_word' id='word_1_662' title='bbox 2248 2624 2497 2661; x_wconf 88' lang='lat' dir='ltr'>contrariatur</span> <span class='ocrx_word' id='word_1_663' title='bbox 2621 2631 2631 2647; x_wconf 61' lang='grc' dir='ltr'><strong><em>Ε</em></strong></span> 
     </span>
     <span class='ocr_line' id='line_1_98' title="bbox 1427 2673 2496 2723; baseline 0.003 -12"><span class='ocrx_word' id='word_1_664' title='bbox 1427 2680 1645 2723; x_wconf 91' lang='lat' dir='ltr'>praecepto.</span> <span class='ocrx_word' id='word_1_665' title='bbox 1676 2673 1716 2710; x_wconf 92' lang='lat' dir='ltr'>Si</span> <span class='ocrx_word' id='word_1_666' title='bbox 1736 2681 1864 2710; x_wconf 90' lang='lat' dir='ltr'>autem</span> <span class='ocrx_word' id='word_1_667' title='bbox 1894 2673 1940 2710; x_wconf 91' lang='lat' dir='ltr'>sit</span> <span class='ocrx_word' id='word_1_668' title='bbox 1968 2674 2135 2711; x_wconf 90' lang='lat' dir='ltr'>defectus</span> <span class='ocrx_word' id='word_1_669' title='bbox 2159 2675 2316 2712; x_wconf 85' lang='lat' dir='ltr'>alicuius</span> <span class='ocrx_word' id='word_1_670' title='bbox 2337 2676 2496 2714; x_wconf 90' lang='lat' dir='ltr'>circum-</span> 
     </span>
     <span class='ocr_line' id='line_1_99' title="bbox 1427 2726 2497 2776; baseline 0.003 -12"><span class='ocrx_word' id='word_1_671' title='bbox 1427 2727 1586 2764; x_wconf 89' lang='lat' dir='ltr'>stantiae</span> <span class='ocrx_word' id='word_1_672' title='bbox 1619 2738 1717 2775; x_wconf 89' lang='lat' dir='ltr'>quae</span> <span class='ocrx_word' id='word_1_673' title='bbox 1745 2738 1824 2763; x_wconf 91' lang='lat' dir='ltr'>non</span> <span class='ocrx_word' id='word_1_674' title='bbox 1856 2726 2020 2763; x_wconf 90' lang='lat' dir='ltr'>totaliter</span> <span class='ocrx_word' id='word_1_675' title='bbox 2046 2728 2151 2764; x_wconf 92' lang='lat' dir='ltr'>tollat</span> <span class='ocrx_word' id='word_1_676' title='bbox 2177 2727 2377 2776; x_wconf 88' lang='lat' dir='ltr'>virtutem,</span> <span class='ocrx_word' id='word_1_677' title='bbox 2411 2730 2497 2767; x_wconf 92' lang='lat' dir='ltr'>licet</span> 
     </span>
     <span class='ocr_line' id='line_1_100' title="bbox 1428 2778 2498 2828; baseline 0.002 -11"><span class='ocrx_word' id='word_1_678' title='bbox 1428 2792 1508 2817; x_wconf 91' lang='lat' dir='ltr'>non</span> <span class='ocrx_word' id='word_1_679' title='bbox 1534 2779 1702 2828; x_wconf 87' lang='lat' dir='ltr'>perfecte</span> <span class='ocrx_word' id='word_1_680' title='bbox 1729 2778 1887 2826; x_wconf 85' lang='lat' dir='ltr'>attingat</span> <span class='ocrx_word' id='word_1_681' title='bbox 1913 2779 1962 2816; x_wconf 88' lang='lat' dir='ltr'>ad</span> <span class='ocrx_word' id='word_1_682' title='bbox 1990 2780 2136 2817; x_wconf 91' lang='lat' dir='ltr'>bonum</span> <span class='ocrx_word' id='word_1_683' title='bbox 2158 2780 2316 2828; x_wconf 89' lang='lat' dir='ltr'>virtutis,</span> <span class='ocrx_word' id='word_1_684' title='bbox 2342 2794 2419 2819; x_wconf 93' lang='lat' dir='ltr'>non</span> <span class='ocrx_word' id='word_1_685' title='bbox 2441 2790 2498 2819; x_wconf 89' lang='lat' dir='ltr'>est</span> 
     </span>
     <span class='ocr_line' id='line_1_101' title="bbox 1429 2832 2494 2883; baseline 0.003 -14"><span class='ocrx_word' id='word_1_686' title='bbox 1429 2840 1561 2869; x_wconf 89' lang='lat' dir='ltr'>contra</span> <span class='ocrx_word' id='word_1_687' title='bbox 1588 2839 1848 2880; x_wconf 86' lang='lat' dir='ltr'>praeceptum.</span> <span class='ocrx_word' id='word_1_688' title='bbox 1887 2832 1999 2869; x_wconf 92' lang='lat' dir='ltr'>Unde</span> <span class='ocrx_word' id='word_1_689' title='bbox 2028 2840 2065 2869; x_wconf 92' lang='lat' dir='ltr'>et</span> <span class='ocrx_word' id='word_1_690' title='bbox 2097 2833 2356 2882; x_wconf 89' lang='lat' dir='ltr'>Philosophus</span> <span class='ocrx_word' id='word_1_691' title='bbox 2384 2835 2494 2883; x_wconf 91' lang='lat' dir='ltr'>dicit,</span> 
     </span>
     <span class='ocr_line' id='line_1_102' title="bbox 1429 2884 2730 2946; baseline 0.002 -23"><span class='ocrx_word' id='word_1_692' title='bbox 1429 2886 1467 2923; x_wconf 87' lang='lat' dir='ltr'>in</span> <span class='ocrx_word' id='word_1_693' title='bbox 1488 2887 1519 2922; x_wconf 91' lang='lat' dir='ltr'>ll</span> <span class='ocrx_word' id='word_1_694' title='bbox 1538 2885 1659 2921; x_wconf 86' lang='lat' dir='ltr'>Ethic.</span> <span class='ocrx_word' id='word_1_695' title='bbox 1675 2885 1706 2931; x_wconf 76' lang='grc'>*,</span> <span class='ocrx_word' id='word_1_696' title='bbox 1736 2884 1843 2932; x_wconf 92' lang='lat' dir='ltr'>quod</span> <span class='ocrx_word' id='word_1_697' title='bbox 1866 2884 1896 2920; x_wconf 89' lang='lat' dir='ltr'>si</span> <span class='ocrx_word' id='word_1_698' title='bbox 1915 2897 2052 2933; x_wconf 84' lang='lat' dir='ltr'>pamm</span> <span class='ocrx_word' id='word_1_699' title='bbox 2074 2885 2291 2923; x_wconf 88' lang='lat' dir='ltr'>discedatur</span> <span class='ocrx_word' id='word_1_700' title='bbox 2309 2899 2331 2924; x_wconf 92' lang='lat' dir='ltr'>a</span> <span class='ocrx_word' id='word_1_701' title='bbox 2350 2888 2494 2936; x_wconf 90' lang='lat' dir='ltr'>medio,</span> <span class='ocrx_word' id='word_1_702' title='bbox 2521 2899 2597 2946; x_wconf 68' lang='lat' dir='ltr'>’cag-</span> <span class='ocrx_word' id='word_1_703' title='bbox 2614 2905 2678 2923; x_wconf 60' lang='lat' dir='ltr'>mn-</span> <span class='ocrx_word' id='word_1_704' title='bbox 2691 2900 2730 2920; x_wconf 74' lang='lat'>8·-</span> 
     </span>
     <span class='ocr_line' id='line_1_103' title="bbox 1430 2924 2705 2978; baseline 0.002 -2"><span class='ocrx_word' id='word_1_705' title='bbox 1430 2951 1508 2976; x_wconf 91' lang='lat' dir='ltr'>non</span> <span class='ocrx_word' id='word_1_706' title='bbox 1537 2945 1593 2974; x_wconf 90' lang='lat' dir='ltr'>est</span> <span class='ocrx_word' id='word_1_707' title='bbox 1620 2944 1750 2974; x_wconf 89' lang='lat' dir='ltr'>contra</span> <span class='ocrx_word' id='word_1_708' title='bbox 1777 2937 1977 2974; x_wconf 86' lang='lat' dir='ltr'>virtutem:</span> <span class='ocrx_word' id='word_1_709' title='bbox 2016 2938 2084 2975; x_wconf 92' lang='lat' dir='ltr'>sed</span> <span class='ocrx_word' id='word_1_710' title='bbox 2112 2939 2143 2975; x_wconf 88' lang='lat' dir='ltr'>si</span> <span class='ocrx_word' id='word_1_711' title='bbox 2171 2941 2334 2977; x_wconf 88' lang='lat' dir='ltr'>multum</span> <span class='ocrx_word' id='word_1_712' title='bbox 2374 2941 2494 2978; x_wconf 90' lang='lat' dir='ltr'>disce·</span> <span class='ocrx_word' id='word_1_713' title='bbox 2521 2924 2573 2946; x_wconf 64' lang='lat' dir='ltr'>S&#39;T</span> <span class='ocrx_word' id='word_1_714' title='bbox 2592 2926 2705 2946; x_wconf 45' lang='lat'>³²⁰²*</span> 
     </span>
     <span class='ocr_line' id='line_1_104' title="bbox 1429 2989 2493 3039; baseline 0.002 -10"><span class='ocrx_word' id='word_1_715' title='bbox 1429 2992 1550 3038; x_wconf 86' lang='lat' dir='ltr'>datur,</span> <span class='ocrx_word' id='word_1_716' title='bbox 1581 2990 1836 3039; x_wconf 91' lang='lat' dir='ltr'>corrumpitur</span> <span class='ocrx_word' id='word_1_717' title='bbox 1862 2989 1982 3028; x_wconf 90' lang='lat' dir='ltr'>virtus</span> <span class='ocrx_word' id='word_1_718' title='bbox 2009 2990 2049 3028; x_wconf 89' lang='lat' dir='ltr'>in</span> <span class='ocrx_word' id='word_1_719' title='bbox 2077 3004 2147 3028; x_wconf 90' lang='lat' dir='ltr'>suo</span> <span class='ocrx_word' id='word_1_720' title='bbox 2167 2999 2265 3029; x_wconf 92' lang='lat' dir='ltr'>actu.</span> <span class='ocrx_word' id='word_1_721' title='bbox 2297 2993 2493 3031; x_wconf 92' lang='lat' dir='ltr'>Correctio</span> 
     </span>
     <span class='ocr_line' id='line_1_105' title="bbox 1430 3043 2492 3091; baseline 0.003 -10"><span class='ocrx_word' id='word_1_722' title='bbox 1430 3052 1558 3081; x_wconf 86' lang='lat' dir='ltr'>autern</span> <span class='ocrx_word' id='word_1_723' title='bbox 1578 3044 1740 3080; x_wconf 88' lang='lat' dir='ltr'>fraterna</span> <span class='ocrx_word' id='word_1_724' title='bbox 1756 3043 1952 3091; x_wconf 83' lang='lat' dir='ltr'>ordinatur</span> <span class='ocrx_word' id='word_1_725' title='bbox 1965 3043 2013 3080; x_wconf 87' lang='lat' dir='ltr'>ad</span> <span class='ocrx_word' id='word_1_726' title='bbox 2032 3044 2154 3082; x_wconf 79' lang='lat' dir='ltr'>fratris</span> <span class='ocrx_word' id='word_1_727' title='bbox 2169 3045 2492 3084; x_wconf 88' lang='lat' dir='ltr'>emendationem.</span> 
     </span>
    </p>

    <p class='ocr_par' dir='ltr' id='par_1_23' title="bbox 1430 3095 2492 3199">
     <span class='ocr_line' id='line_1_106' title="bbox 1430 3095 2492 3147; baseline 0.003 -13"><span class='ocrx_word' id='word_1_728' title='bbox 1430 3098 1478 3134; x_wconf 94' lang='lat' dir='ltr'>Et</span> <span class='ocrx_word' id='word_1_729' title='bbox 1497 3097 1585 3134; x_wconf 92' lang='lat' dir='ltr'>ideo</span> <span class='ocrx_word' id='word_1_730' title='bbox 1605 3097 1680 3133; x_wconf 90' lang='lat' dir='ltr'>hoc</span> <span class='ocrx_word' id='word_1_731' title='bbox 1694 3096 1814 3133; x_wconf 89' lang='lat' dir='ltr'>modo</span> <span class='ocrx_word' id='word_1_732' title='bbox 1829 3095 1929 3133; x_wconf 90' lang='lat' dir='ltr'>cadit</span> <span class='ocrx_word' id='word_1_733' title='bbox 1947 3097 2018 3133; x_wconf 92' lang='lat' dir='ltr'>sub</span> <span class='ocrx_word' id='word_1_734' title='bbox 2037 3106 2257 3147; x_wconf 90' lang='lat' dir='ltr'>praecepto,</span> <span class='ocrx_word' id='word_1_735' title='bbox 2279 3100 2492 3137; x_wconf 91' lang='lat' dir='ltr'>secundum</span> 
     </span>
     <span class='ocr_line' id='line_1_107' title="bbox 1431 3149 2492 3199; baseline 0.002 -12"><span class='ocrx_word' id='word_1_736' title='bbox 1431 3150 1534 3199; x_wconf 90' lang='lat' dir='ltr'>quod</span> <span class='ocrx_word' id='word_1_737' title='bbox 1563 3156 1619 3186; x_wconf 94' lang='lat' dir='ltr'>est</span> <span class='ocrx_word' id='word_1_738' title='bbox 1637 3149 1849 3186; x_wconf 90' lang='lat' dir='ltr'>necessaria</span> <span class='ocrx_word' id='word_1_739' title='bbox 1877 3149 1926 3186; x_wconf 86' lang='lat' dir='ltr'>ad</span> <span class='ocrx_word' id='word_1_740' title='bbox 1953 3149 2066 3188; x_wconf 87' lang='lat' dir='ltr'>istum</span> <span class='ocrx_word' id='word_1_741' title='bbox 2096 3151 2236 3188; x_wconf 90' lang='lat' dir='ltr'>finem:</span> <span class='ocrx_word' id='word_1_742' title='bbox 2266 3164 2344 3188; x_wconf 91' lang='lat' dir='ltr'>non</span> <span class='ocrx_word' id='word_1_743' title='bbox 2365 3160 2492 3190; x_wconf 90' lang='lat' dir='ltr'>autem</span> 
     </span>
    </p>
   </div>
   <div class='ocr_carea' id='block_1_19' title="bbox 1429 3202 2492 3304">
    <p class='ocr_par' dir='ltr' id='par_1_24' title="bbox 1429 3202 2492 3304">
     <span class='ocr_line' id='line_1_108' title="bbox 1429 3202 2492 3262; baseline 0.003 -23"><span class='ocrx_word' id='word_1_744' title='bbox 1429 3203 1479 3240; x_wconf 90' lang='lat' dir='ltr'>ita</span> <span class='ocrx_word' id='word_1_745' title='bbox 1508 3202 1613 3251; x_wconf 90' lang='lat' dir='ltr'>quod</span> <span class='ocrx_word' id='word_1_746' title='bbox 1641 3202 1810 3262; x_wconf 77' lang='lat' dir='ltr'>quolibet</span> <span class='ocrx_word' id='word_1_747' title='bbox 1837 3202 1923 3238; x_wconf 93' lang='lat' dir='ltr'>loco</span> <span class='ocrx_word' id='word_1_748' title='bbox 1951 3204 2014 3240; x_wconf 92' lang='lat' dir='ltr'>vel</span> <span class='ocrx_word' id='word_1_749' title='bbox 2041 3210 2216 3252; x_wconf 90' lang='lat' dir='ltr'>tempore</span> <span class='ocrx_word' id='word_1_750' title='bbox 2243 3205 2356 3241; x_wconf 87' lang='lat' dir='ltr'>frater</span> <span class='ocrx_word' id='word_1_751' title='bbox 2376 3205 2492 3242; x_wconf 91' lang='lat' dir='ltr'>delin-</span> 
     </span>
     <span class='ocr_line' id='line_1_109' title="bbox 1431 3262 1799 3304; baseline -0.003 -12"><span class='ocrx_word' id='word_1_752' title='bbox 1431 3267 1553 3304; x_wconf 92' lang='lat' dir='ltr'>quens</span> <span class='ocrx_word' id='word_1_753' title='bbox 1582 3262 1799 3302; x_wconf 78' lang='lat' dir='ltr'>corrigatur.</span> 
     </span>
    </p>
   </div>
   <div class='ocr_carea' id='block_1_20' title="bbox 2522 2047 2736 2095">
    <p class='ocr_par' dir='ltr' id='par_1_25' title="bbox 2522 2047 2736 2095">
     <span class='ocr_line' id='line_1_110' title="bbox 2522 2047 2735 2073; baseline 0.005 -5"><span class='ocrx_word' id='word_1_754' title='bbox 2522 2048 2532 2058; x_wconf 81' lang='grc'><em>”</em></span> <span class='ocrx_word' id='word_1_755' title='bbox 2543 2047 2575 2069; x_wconf 79' lang='lat' dir='ltr'>Ca</span> <span class='ocrx_word' id='word_1_756' title='bbox 2595 2063 2600 2068; x_wconf 92' lang='lat'>.</span> <span class='ocrx_word' id='word_1_757' title='bbox 2610 2053 2642 2073; x_wconf 80' lang='lat' dir='ltr'>vi,</span> <span class='ocrx_word' id='word_1_758' title='bbox 2652 2047 2735 2069; x_wconf 84' lang='lat' dir='ltr'>n.18.-</span> 
     </span>
     <span class='ocr_line' id='line_1_111' title="bbox 2522 2054 2736 2095; baseline 0 0"><span class='ocrx_word' id='word_1_759' title='bbox 2522 2074 2546 2095; x_wconf 88' lang='lat' dir='ltr'>S.</span> <span class='ocrx_word' id='word_1_760' title='bbox 2555 2054 2600 2095; x_wconf 74' lang='lat' dir='ltr'>Tli.</span> <span class='ocrx_word' id='word_1_761' title='bbox 2621 2075 2674 2095; x_wconf 87' lang='lat' dir='ltr'>lect.</span> <span class='ocrx_word' id='word_1_762' title='bbox 2695 2079 2736 2095; x_wconf 85' lang='lat' dir='ltr'>vn.</span> 
     </span>
    </p>
   </div>
   <div class='ocr_carea' id='block_1_21' title="bbox 1482 3384 1838 3453">
    <p class='ocr_par' dir='ltr' id='par_1_26' title="bbox 1482 3384 1838 3453">
     <span class='ocr_line' id='line_1_112' title="bbox 1483 3384 1788 3418; baseline 0.007 -9"><span class='ocrx_word' id='word_1_763' title='bbox 1483 3384 1508 3418; x_wconf 82' lang='grc' dir='ltr'>δ)</span> <span class='ocrx_word' id='word_1_764' title='bbox 1527 3385 1580 3418; x_wconf 80' lang='lat' dir='ltr'>qui.</span> <span class='ocrx_word' id='word_1_765' title='bbox 1599 3398 1617 3403; x_wconf 90' lang='lat'><em>-</em></span> <span class='ocrx_word' id='word_1_766' title='bbox 1636 3392 1704 3416; x_wconf 85' lang='lat' dir='ltr'>quae</span> <span class='ocrx_word' id='word_1_767' title='bbox 1723 3385 1788 3411; x_wconf 76' lang='lat' dir='ltr'>an.</span> 
     </span>
     <span class='ocr_line' id='line_1_113' title="bbox 1482 3420 1838 3453; baseline 0.003 -8"><span class='ocrx_word' id='word_1_768' title='bbox 1482 3422 1505 3453; x_wconf 80' lang='grc' dir='ltr'>ε)</span> <span class='ocrx_word' id='word_1_769' title='bbox 1524 3421 1581 3446; x_wconf 86' lang='lat' dir='ltr'>hoc.</span> <span class='ocrx_word' id='word_1_770' title='bbox 1599 3434 1617 3439; x_wconf 94' lang='lat'>-</span> <span class='ocrx_word' id='word_1_771' title='bbox 1635 3420 1678 3445; x_wconf 83' lang='lat' dir='ltr'>hic</span> <span class='ocrx_word' id='word_1_772' title='bbox 1695 3423 1771 3446; x_wconf 81' lang='lat' dir='ltr'>actus</span> <span class='ocrx_word' id='word_1_773' title='bbox 1790 3421 1838 3446; x_wconf 80' lang='lat' dir='ltr'>Pa.</span> 
     </span>
    </p>
   </div>
  </div>
 </body>
</html>
