2892 4056
93 264 104 275 ⁴
118 263 185 285 Vers.
201 263 233 285 16.

91 367 102 378 ⁸
118 366 184 388 Vei-s.
201 372 231 394 ¹9·

91 633 100 642 ⁸
115 631 182 654 Vers.
196 638 233 661 34.

79 2071 91 2082 ⁸
105 2068 173 2092 Ven-
187 2069 219 2091 18.

80 2175 91 2185 ⁸
99 2173 178 2197 Tract.
195 2173 292 2197 xxxn.

81 2216 89 2225 ·
104 2213 171 2236 Vera.
184 2220 221 2243 39.

140 3024 164 3048 p.
185 3024 230 3040 ιι*
238 3034 244 3044 ,
261 3018 290 3040 al.

78 3050 132 3071 xvn,
141 3050 164 3066 tn
173 3047 218 3067 vet.
228 3050 292 3066 xxxi.

979 182 1245 229 QUAEsT1o
1274 182 1470 228 xxxvn,
1499 182 1796 219 ARTmULth
1826 183 1857 218 11

330 260 443 296 Prov.
471 257 561 295 v1*:
595 259 673 294 Sex
699 264 787 295 sunt
811 270 909 307 quae
940 259 1018 295 odit
1042 260 1247 305 Dominus,
1276 264 1312 295 et
1335 270 1391 295 se-

324 311 486 360 ptimum
513 310 714 354 detestatur
740 311 869 348 anima
896 312 995 357 eius,
1025 319 1061 348 et
1086 313 1162 348 hoc
1185 311 1390 360 septimum

329 364 437 412 ponit
455 363 474 385 ’¹‘
497 375 582 400 eum
611 364 677 412 qui
699 365 861 401 seminat
885 364 981 401 inter
999 365 1148 412 fratres
1174 364 1389 401 discordias.

331 417 408 454 Sed
437 428 594 452 causare
623 417 852 454 discordiam
880 428 949 465 per
976 428 1094 463 quam
1123 417 1263 454 tollitur
1289 417 1392 454 mala

329 469 545 515 concordia,
567 469 733 505 scilicet
725 482 762 506 in
779 470 879 506 mala
892 469 1100 516 voluntate,
1118 477 1172 505 est
1191 469 1390 506 laudabile

329 523 378 559 Et
396 523 471 558 hoc
495 522 614 558 modo
642 522 832 558 laudabile
861 522 928 558 fuit
939 522 1055 579 ‚quod
1085 523 1224 558 Paulus
1250 522 1392 558 dissen-

2427 183 2496 219 301

1496 260 1555 295 An
1575 270 1734 296 τΕιιτιυΜ
1762 270 1947 296 memnon
1966 258 2072 307 quod
2100 257 2290 295 discordia
2314 269 2412 306 quae
2438 259 2506 294 fuit

1443 310 1539 347 inter
1567 312 1731 348 Paulum
1759 318 1795 348 et
1821 312 2038 348 Barnabam
2069 311 2138 348 fuit
2164 323 2233 358 per
2265 310 2441 346 accidens
2469 318 2506 347 et

1445 375 1524 400 non
1542 376 1611 412 per
1630 376 1686 400 se:
1706 371 1865 412 uterque
1886 364 1989 400 enirn
2009 363 2229 400 intendebat
2254 363 2412 409 bonum,
2438 363 2506 399 sed

1444 416 1510 452 uni
1532 416 1736 453 videbatur
1759 417 1834 453 hoc
1862 428 1945 453 esse
1974 417 2133 463 bonurn,
2154 415 2216 452 alii
2244 415 2359 452 aliud.
2390 415 2507 461 Quod

1445 468 1495 505 ad
1528 468 1719 506 defectum
1756 470 1970 506 humanum
2007 469 2240 518 pertinebat:
2287 480 2367 504 non
2405 468 2507 504 enim

1446 528 1524 558 erat
1551 521 1633 558 talis
1666 521 1926 558 controversia
1959 521 1997 558 in
2030 522 2087 558 his
2116 533 2215 580 quae
2248 528 2335 557 sunt
2368 519 2414 556 de
2443 532 2508 556 ne-

328 575 477 611 sionem
509 574 637 622 posuit
663 575 760 611 inter
788 586 855 611 eos
883 573 949 621 qui
977 581 1083 610 erant
1114 574 1326 612 concordes
1353 574 1392 610 in
1445 573 1616 611 cessitate
1645 573 1786 610 salutis.
1806 595 1830 602 -
1860 574 2049 620 Quamvis
2077 575 2151 611 hoc
2173 573 2300 622 ipsum
2328 572 2440 610 fuerit
2463 585 2508 608 ex

328 628 451 664 malo:
482 639 572 664 nam
602 634 638 663 et
666 627 856 664 Dominus
880 626 927 662 de
956 637 997 661 se
1026 626 1126 673 dicit,
1152 627 1286 664 Matth.
1311 639 1336 663 x
1355 626 1389 663 *ε

326 680 418 718 Νοη
446 681 534 716 veni
554 691 690 728 pacem
718 680 874 724 mittere,
901 678 968 714 sed
991 678 1176 727 gladium.

1445 626 1574 663 divina
1599 626 1838 675 providentia
1867 627 2100 674 ordinatum,
2129 634 2284 675 propter
2310 625 2507 662 utilitatem

1415 686 1418 723 Ι
1444 679 1532 716 inde
1562 687 1877 727 consequentem.

1003 764 1334 798 Commentario.
1356 765 1606 798 Cardinalis
1628 766 1828 798 Caietam

331 830 378 908 IN
401 835 533 867 articulo
556 835 662 875 primo
685 834 879 876 quaestionis
902 834 1245 875 trigesimaeseptimae‚
1265 835 1321 865 ubi
1345 835 1390 865 di-

1440 836 1616 866 solveretur
1643 835 1815 866 concordia
1845 836 2021 866 eorundem
2051 842 2160 866 contra
2194 835 2344 865 Paulum.
2373 834 2510 865 Constat

359 879 439 911 citur
453 880 543 920 quod
564 878 726 910 discordia
735 888 799 918 per
813 877 960 910 accidens
983 887 1046 908 non
1068 883 1114 909 est
1128 884 1308 918 peccatum,
1327 880 1390 909 nisi
1441 879 1528 910 enim
1551 880 1641 920 quod
1664 890 1727 910 non
1749 884 1826 910 sunt
1839 879 1999 920 facienda
2015 880 2101 910 mala
2126 884 2162 909 ut
2185 880 2314 910 ueniant
2337 878 2419 909 bona
2434 878 2462 909 *.

326 924 369 955 sit
391 924 442 955 vel
455 933 527 955 cum
551 932 663 953 errore
681 923 767 953 circa
790 931 828 953 ea
851 932 933 963 quae
948 927 1024 953 sunt
1038 922 1078 953 de
1097 923 1283 953 necessitate
1300 923 1388 953 salu-

326 968 378 1006 tis,
401 968 452 1000 vel
467 967 648 1008 pertinacia
671 965 807 997 indebite
827 965 1031 1004 adhibeatur;
1052 966 1176 997 adverte
1199 967 1289 1006 quod
1305 976 1391 996 error

327 1012 407 1043 circa
430 1021 466 1043 ea
488 1020 570 1052 quae
593 1017 668 1041 sunt
690 1014 728 1040 de
755 1009 939 1041 necessitate
970 1009 1079 1040 salutis
1112 1009 1267 1049 contingit
1296 1009 1390 1040 alicui

326 1055 509 1097 dupliciter:
524 1053 642 1086 scilicet
657 1063 732 1085 cum
747 1054 852 1094 culpa,
868 1061 904 1086 ut
921 1064 1007 1085 error
1021 1054 1215 1085 Iudaeorum
1230 1061 1262 1085 et
1277 1063 1391 1084 eorum

325 1101 381 1141 qui
404 1099 568 1140 negligunt
589 1108 739 1139 quaerere
769 1108 883 1129 eorum
912 1098 1059 1130 notitiam
1089 1108 1171 1139 quae
1200 1098 1241 1128 ad
1264 1108 1297 1129 se
1320 1108 1390 1139 spe-

325 1149 424 1180 ctant;
448 1150 479 1174 et
501 1142 568 1173 sine
591 1142 695 1182 culpa,
719 1149 755 1174 ut
778 1152 864 1173 error
882 1142 1056 1174 mulierum
1080 1149 1110 1173 et
1133 1142 1328 1183 simplicium
1346 1142 1390 1173 fa-

297 1190 304 1201 '
324 1187 477 1220 cientium
498 1186 587 1228 quod
609 1187 642 1217 in
658 1196 690 1217 se
714 1193 761 1217 est
776 1187 816 1217 ad
838 1186 900 1217 hoc
923 1193 960 1218 ut
981 1186 1082 1218 sciant
1104 1196 1140 1217 ea
1155 1197 1238 1228 quae
1261 1193 1336 1218 sunt
1351 1187 1390 1217 de

324 1231 507 1272 necessitate
530 1230 650 1262 salutis.
673 1231 714 1262 Et
736 1231 817 1262 sicut
839 1240 926 1261 error
949 1230 1113 1272 culpabilis
1136 1231 1187 1262 vel
1205 1231 1391 1262 excusabilis

324 1284 384 1324 est,
404 1277 449 1308 ita
471 1275 628 1310 discordia
650 1285 707 1316 per
722 1275 866 1306 accidens
890 1285 1090 1316 consequens
1104 1285 1142 1306 ex
1161 1285 1265 1306 errore
1281 1285 1391 1316 pecca-

279 1331 283 1332 ’
323 1328 396 1354 tum
418 1327 465 1352 est
487 1319 538 1352 vel
561 1329 579 1350 a
601 1326 731 1360 peccato
755 1326 932 1351 excusatur.

360 1365 477 1397 11.1n
492 1363 700 1405 responsione
723 1364 764 1394 ad
782 1364 960 1394 secundum
982 1363 1016 1394 in
1040 1363 1155 1394 eodem
1175 1363 1309 1394 articulo
1332 1363 1390 1394 du-

323 1409 414 1442 bium
438 1407 477 1440 de
500 1415 571 1440 actu
594 1408 685 1439 Pauli
707 1407 845 1438 occurrit
861 1417 898 1438 ex
920 1407 983 1438 alio
1000 1407 1117 1448 capite:
1143 1417 1180 1438 ex
1194 1407 1257 1438 hoc
1271 1406 1392 1438 scilicet

323 1454 414 1495 quod
435 1454 554 1485 Paulus
577 1451 719 1484 excitavit
741 1458 856 1493 partes,
874 1451 991 1482 scilicet
1012 1451 1198 1482 Pharisaeos
1223 1459 1253 1482 et
1269 1451 1391 1482 Saddu-

323 1508 427 1540 caeos,
449 1497 491 1528 ad
512 1507 586 1528 suas
601 1496 747 1538 proprias
771 1495 941 1536 opiniones
965 1505 1001 1526 ac
1023 1495 1215 1532 voluntates,
1236 1502 1271 1526 ut
1294 1505 1332 1526 ex
1347 1495 1392 1526 eis

1493 923 1546 953 Ad
1568 924 1631 954 hoc
1654 923 1769 954 dicitur
1791 923 1880 963 quod
1911 923 1996 953 aliud
2019 923 2079 953 fuit
2102 923 2135 953 in
2158 923 2222 953 hoc
2244 929 2316 953 actu
2345 923 2435 953 Pauli
2459 922 2508 952 in-

1440 973 1566 997 tentum
1572 975 1581 1003 ;
1597 974 1628 997 et
1643 967 1730 997 aliud
1745 966 1987 1006 praecognitum
2002 973 2128 997 tantum
2144 974 2175 997 et
2189 966 2391 1006 permissum.
2407 966 2509 997 Aesti-

1441 1010 1540 1040 mavit
1562 1010 1722 1051 siquidem
1745 1011 1863 1040 Paulus
1879 1017 2032 1051 utrosque
2056 1010 2203 1051 proprias
2218 1010 2387 1050 opiniones
2411 1018 2509 1041 secta-

1440 1061 1542 1093 turos,
1565 1065 1602 1085 ac
1624 1064 1680 1094 per
1703 1054 1765 1085 hoc
1789 1055 1992 1085 concordiam
2016 1061 2126 1085 contra
2149 1065 2224 1085 eum
2247 1054 2434 1085 tollendam.
2459 1055 2509 1085 ln-

1440 1098 1542 1129 tendit
1555 1105 1665 1130 autem
1688 1098 1795 1129 solum
1812 1098 1945 1129 excitare
1968 1098 2155 1129 Pharisaeos
2171 1099 2204 1128 in
2228 1098 2449 1129 defensionem
2463 1109 2511 1130 re-

1440 1142 1653 1179 surrectionis,
1671 1152 1707 1173 ac
1722 1152 1779 1183 per
1793 1142 1856 1173 hoc
1870 1142 1971 1184 ipsius
1986 1142 2092 1179 Pauli;
2114 1143 2375 1174 Sadducaeorum
2400 1149 2510 1174 autem

1441 1187 1647 1227 pertinaciam
1678 1187 1884 1218 exercendam
1913 1187 2104 1227 permittere.
2134 1188 2210 1218 Non
2240 1187 2326 1217 enim
2348 1197 2385 1217 ex
2407 1187 2509 1218 inten-

1440 1231 1527 1262 tione
1549 1231 1641 1261 Pauli
1664 1231 1838 1262 Sadducaei
1861 1231 1894 1261 in
1918 1238 2026 1262 actum
2048 1241 2124 1262 suae
2146 1231 2283 1262 haeresis
2311 1231 2510 1271 prodierunt,

1440 1276 1496 1306 sed
1520 1285 1557 1306 ex
1580 1285 1693 1306 eorum
1716 1275 1844 1316 propria
1868 1276 2039 1312 voluntate,
2064 1286 2129 1316 qua
2150 1275 2252 1316 parati
2275 1283 2372 1312 erant,
2388 1285 2509 1316 propo-

1440 1320 1499 1351 sita
1521 1319 1709 1360 quaestione
1732 1320 1771 1350 de
1794 1320 2031 1356 resurrectione,
2047 1320 2135 1351 illam
2150 1320 2348 1360 impugnare.
2373 1319 2510 1351 Constat

1439 1371 1548 1395 autem
1581 1364 1670 1404 quod
1698 1363 1822 1394 licitum
1852 1371 1899 1395 est
1921 1364 2102 1404 permittere
2125 1371 2156 1395 et
2179 1364 2227 1395 uti
2255 1364 2347 1395 malis
2378 1371 2414 1394 ut
2436 1374 2506 1395 eve-

1440 1408 1529 1439 niant
1544 1408 1641 1438 bona:
1666 1408 1813 1448 quamvis
1829 1418 1895 1438 non
1911 1408 2003 1439 liceat
2018 1408 2119 1440 facere
2134 1415 2190 1439 aut
2204 1408 2354 1439 inducere
2369 1409 2408 1438 ad
2425 1408 2508 1439 male

1442 1459 1478 1483 ut
1499 1451 1630 1482 veniant
1652 1451 1750 1482 bona.

1083 1629 1400 1671 ARTICULUS
1431 1628 1732 1671 SECUNDUS

904 1712 1060 1743 UTRUM
1084 1712 1318 1743 niscoamA
1341 1712 1407 1743 SlT
1430 1712 1544 1742 F1L1A
1568 1712 1709 1743 INAN1s
1733 1712 1925 1743 GLomAE

879 1776 954 1808 Infra,
973 1784 1018 1809 qu.
1037 1784 1138 1806 xxxvm.
1158 1782 1205 1801 art.
1227 1785 1256 1808 23
1275 1785 1320 1810 qu.
1339 1785 1432 1808 cxxxn,
1452 1783 1499 1802 art.
1521 1776 1550 1808 5;
1571 1777 1613 1802 De
1631 1777 1714 1806 Malo,
1735 1785 1781 1810 qu.
1799 1785 1834 1808 ιχ,
1854 1782 1900 1802 art.
1922 1777 1947 1802 3.

1926 1818 1937 1830 Ι

319 2039 489 2094 cundum
516 2057 607 2094 illud
631 2057 744 2092 Prov.
765 2055 861 2092 xv*:
890 2057 956 2094 Vir
978 2056 1183 2093 iracundus
1199 2063 1413 2112 provocat

318 2110 437 2147 rixas.
466 2110 569 2157 Ergo
598 2121 678 2146 non
706 2117 761 2145 est
787 2109 865 2146 filia
893 2109 1015 2154 inanis
1043 2109 1195 2157 gloriae.

372 2174 408 2200 2.
428 2163 668 2210 Famam,
696 2162 931 2210 Augustinus
960 2162 1064 2203 dicit,
1092 2173 1207 2210 super
1233 2163 1343 2198 Ioan.
1354 2161 1386 2208 ³⁸,

319 2227 514 2264 exponens
540 2216 634 2252 illud
661 2215 766 2264 quod
790 2216 952 2252 habetur
972 2217 1076 2251 Ioan.
1099 2227 1147 2251 vn
1171 2215 1202 2262 ²¹⁸,
1236 2230 1255 2248 «κ
1278 2216 1387 2251 Non-

319 2268 412 2305 dum
432 2276 511 2305 erat
540 2268 700 2317 Spiritus
724 2268 833 2305 datus
856 2282 900 2305 ».·
927 2269 1047 2306 Livor
1064 2274 1228 2317 separat,
1249 2269 1388 2305 caritas

317 2321 451 2371 iungit.
483 2321 560 2358 Sed
587 2321 778 2358 discordia
806 2321 898 2358 nihil
927 2330 982 2358 est
1007 2321 1110 2358 aliud
1130 2334 1248 2370 quam
1271 2334 1388 2371 quae-

318 2374 408 2411 dam
436 2373 626 2422 separatio
655 2375 911 2411 voluntatum.
951 2375 1053 2423 Ergo
1083 2375 1273 2412 discordia
1298 2387 1388 2424 pro-

318 2427 418 2465 cedit
453 2438 499 2463 ex
526 2427 677 2474 livore,-
700 2427 798 2464 idest
833 2427 998 2474 invidia,
1037 2428 1158 2475 magis
1186 2439 1304 2475 quam
1342 2440 1387 2464 ex

316 2480 420 2519 inani
449 2480 580 2527 gloria.

373 2534 408 2570 3.
429 2533 662 2580 Pmmmm,
692 2532 786 2569 illud
810 2545 854 2569 ex
875 2544 953 2581 quo
983 2533 1102 2569 multa
1130 2532 1232 2569 mala
1259 2532 1388 2570 oriun-

315 2594 377 2624 tur
403 2586 556 2623 videtur
576 2598 659 2622 esse
673 2585 809 2622 vitium
831 2586 999 2634 capitale.
1031 2585 1108 2622 Sed
1127 2586 1316 2623 discordia
1332 2593 1388 2622 est

315 2639 559 2676 huiusmodi:
598 2638 688 2687 quia
715 2650 832 2687 super
857 2638 949 2675 illud
977 2639 1112 2676 Matth.
1139 2638 1233 2686 xu*‚
1268 2640 1387 2676 Omne

316 2704 479 2742 regnum
508 2697 640 2728 contra
667 2703 707 2728 se
725 2691 885 2728 divisum
913 2692 1153 2738 desolabitur,
1184 2668 1272 2729 di⁷cit
1297 2692 1386 2728 Hie-

257 2761 290 2803 ⁹:
318 2757 503 2794 ronymus
521 2745 557 2782 *ε
591 2745 672 2787 Quo
701 2745 812 2781 modo
837 2746 1039 2782 concordia
1061 2757 1210 2793 parvae
1229 2757 1288 2782 res
1307 2757 1386 2782 cre-

279 2805 435 2845 -‚scunt
462 2798 517 2835 sic
537 2803 553 2819 '²
580 2798 768 2835 discordia
797 2799 992 2835 maximae
1019 2799 1247 2835 dilabuntur.
1282 2799 1384 2846 Ergo

316 2852 400 2901 ipsa
428 2851 618 2889 discordia
645 2851 760 2888 debet
786 2851 880 2900 poni
907 2852 1043 2888 vitium
1072 2852 1240 2901 capitale,
1265 2852 1385 2900 magis

318 2917 436 2953 quam
464 2903 542 2941 filia
569 2903 693 2940 inanis
720 2904 875 2952 gloriae.

373 2957 447 2994 San
490 2968 638 2993 CONTRA
678 2968 746 2993 EST
781 2957 986 2994 auctoritas
1029 2957 1214 3005 Gregorii,
1257 2958 1383 2994 XXXI

317 3009 465 3047 Moral.
485 3009 506 3030 '¹‘

372 3063 598 3100 Rssponmzo
630 3074 817 3100 monimum
845 3038 951 3111 quod
985 3062 1173 3099 discordia
1205 3062 1385 3111 importat

319 3115 514 3164 quandam
534 3115 853 3174 disgregationem
871 3116 1130 3152 voluntatum:
1158 3115 1383 3164 inquantum

319 3167 458 3205 scilicet
485 3168 663 3204 voluntas
691 3168 804 3204 unius
842 3175 913 3205 stat
939 3168 977 3205 in
1005 3181 1104 3215 uno,
1139 3175 1177 3205 et
1204 3169 1383 3206 voluntas

376 3282 403 3314 α)
422 3282 471 3307 sic.
488 3295 506 3300 —
525 3281 564 3306 ita
582 3281 661 3311 AEG,
679 3281 727 3306 sed
745 3282 778 3306 H.

375 3315 400 3349 β)
420 3317 540 3342 alterius.
555 3331 572 3335 —
590 3317 704 3342 alicuius
721 3316 833 3341 alterius
852 3317 917 3341 an.

373 3353 400 3385 γ)
420 3352 633 3377 consideratur..
652 3359 780 3377 accessus.
791 3352 1008 3377 -const'deratur
1025 3351 1090 3384 quid
1107 3355 1137 3376 ut
1151 3352 1279 3377 terminus
1293 3360 1311 3377 a
1324 3360 1384 3385 quo,

319 3387 370 3412 hoc
388 3390 428 3412 est
447 3394 564 3412 recessus
582 3394 599 3412 a
618 3387 781 3412 voluntate...
795 3394 832 3411 ex
851 3387 968 3411 inuidia.-
986 3387 1172 3412 consideratur
1183 3388 1264 3413 etfam
1277 3388 1343 3420 quid
1355 3391 1385 3413 ut

319 3422 452 3447 terminus
474 3422 512 3446 ad
530 3429 614 3454 quem,
643 3422 692 3447 hoc
709 3425 749 3447 est
766 3429 886 3447 accessus
905 3422 946 3447 ed.
967 3429 984 3446 a
1004 3427 1029 3447 et
1053 3422 1153 3455 aliquae
1171 3423 1310 3453 editiones;
1336 3431 1383 3455 pro

321 3464 445 3486 recessus,
465 3461 504 3482 est
523 3465 639 3483 recessus
663 3457 871 3488 DGsn,sc1'licet
893 3464 1010 3482 recessus
1035 3455 1099 3490 (orn.
1117 3465 1135 3482 a
1153 3458 1318 3483 voluntate...
1340 3466 1384 3483 ac-

1957 1873 1964 1881 .
2013 1845 2130 1891 Quod
2166 1852 2295 1882 autern
2327 1847 2508 1884 voluntas

1409 1898 1595 1934 alicuius
1624 1898 1662 1934 in
1690 1897 1847 1946 proprio
1876 1899 1992 1944 sistat,
2021 1898 2199 1946 provenit
2228 1910 2271 1934 ex
2300 1899 2376 1935 hoc
2401 1901 2508 1948 quod

1437 1951 1570 1999 aliquis
1599 1963 1643 1987 ea
1672 1963 1771 1999 quae
1801 1958 1887 1987 sunt
1915 1963 1983 1987 sua
2009 1952 2175 1999 praefert
2201 1951 2260 1987 his
2288 1964 2388 2000 quae
2420 1961 2508 1990 sunt

1437 2004 1612 2041 aliorum.
1661 2004 1778 2063 Quod
1807 2016 1895 2040 cum
1928 2004 2141 2041 inordinate
2169 2005 2228 2052 fit,
2267 2005 2430 2052 pertinet
2458 2006 2506 2043 ad

1437 2057 1657 2106 superbiam
1684 2065 1719 2093 et
1742 2057 1896 2094 inanem
1921 2058 2092 2106 gloriam.
2124 2059 2172 2094 Et
2194 2058 2282 2094 ideo
2304 2058 2505 2106 discordia,

1437 2123 1507 2159 per
1535 2122 1651 2159 quarn
1686 2111 1950 2159 unusquisque
1979 2111 2146 2159 sequitur
2173 2112 2278 2159 quod
2307 2124 2420 2148 suum
2450 2120 2507 2148 est

1438 2171 1475 2200 et
1503 2163 1644 2200 recedit
1672 2164 1719 2199 ab
1750 2175 1796 2199 eo
1827 2164 1932 2212 quod
1960 2172 2016 2201 est
2044 2164 2213 2210 alterius,
2245 2165 2402 2212 ponitur
2428 2165 2508 2201 filia

1438 2216 1561 2253 inanis
1589 2216 1744 2264 gloriae.

1492 2271 1551 2306 An
1581 2281 1718 2306 PRIMUM
1746 2280 1844 2305 ERGO
1875 2281 2059 2306 monimum
2088 2269 2195 2317 quod
2232 2269 2309 2306 rixa
2343 2282 2422 2306 non
2451 2278 2507 2307 est

1437 2322 1542 2359 idem
1562 2322 1670 2372 quod
1690 2322 1889 2359 discordia.
1920 2323 2023 2359 Nam
2051 2323 2131 2359 rixa
2152 2323 2320 2360 consistit
2342 2323 2381 2360 in
2406 2331 2507 2360 exte-

1438 2375 1528 2413 riori
1558 2388 1696 2424 opere:
1730 2376 1832 2412 unde
1862 2376 2133 2413 convenienter
2161 2384 2336 2413 causatur
2363 2377 2411 2413 ab
2439 2377 2506 2424 ira,

1438 2441 1537 2478 quae
1557 2436 1691 2465 movet
1708 2428 1883 2466 animum
1903 2430 1952 2466 ad
1968 2430 2188 2468 nocendum
2208 2430 2399 2478 proximo.
2430 2431 2508 2467 Sed

1439 2481 1631 2519 discordia
1668 2482 1836 2518 consistit
1873 2482 1910 2518 in
1941 2482 2189 2519 disiunctione
2228 2491 2406 2519 motuum
2438 2495 2508 2519 vo-

1437 2534 1610 2572 luntatis:
1649 2546 1766 2583 quam
1800 2534 1887 2571 facit
1915 2535 2096 2583 superbia
2123 2537 2185 2572 vel
2214 2536 2336 2572 inanis
2373 2536 2506 2583 gloria

1438 2587 1586 2624 ratione
1615 2586 1728 2624 iam*
1758 2587 1868 2623 dicta.

1490 2642 1549 2677 An
1578 2652 1770 2677 SECUNDUM
1799 2651 1984 2677 manDUM
2012 2640 2119 2687 quod
2147 2641 2186 2677 in
2207 2640 2397 2678 discordia
2417 2653 2507 2678 con-

1439 2693 1626 2730 sideratur
1654 2693 1810 2741 quidem
1837 2700 1879 2729 ut
1906 2693 2090 2729 terminus
2119 2706 2141 2730 a
2172 2706 2250 2741 quo
2290 2706 2461 2731 recessus
2484 2707 2506 2731 a

1437 2747 1636 2783 voluntate
1665 2746 1837 2782 alterius:
1868 2753 1904 2782 et
1932 2753 2118 2794 quantum
2147 2748 2194 2783 ad
2227 2747 2303 2783 hoc
2331 2755 2508 2784 causatur

1439 2811 1484 2836 ex
1512 2799 1667 2836 invidia.
1697 2799 1747 2836 Ut
1774 2799 1959 2835 terminus
1987 2806 2114 2836 autem
2144 2799 2191 2836 ad
2221 2811 2349 2847 quem,
2380 2812 2506 2837 acces-

1438 2865 1503 2889 sus
1522 2857 1537 2880 Υ
1566 2852 1615 2889 ad
1641 2852 1678 2889 id
1698 2852 1803 2899 quod
1825 2859 1879 2888 est
1907 2851 1977 2888 sibi
2004 2852 2225 2901 proprium:
2256 2860 2293 2889 et
2317 2861 2505 2901 quantum

1438 2906 1487 2942 acl
1510 2905 1585 2941 hoc
1614 2913 1790 2941 causatur
1814 2917 1859 2941 ex
1882 2905 1984 2942 inani
2011 2905 2141 2952 gloria.
2171 2907 2221 2942 Et
2244 2905 2333 2965 quia
2352 2906 2390 2942 in
2410 2918 2505 2965 quo-

1428 2959 1528 2998 libet
1546 2966 1656 2995 motu
1676 2952 1860 2994 terminus
1885 2958 1934 2995 ad
1960 2970 2076 3006 quern
2107 2966 2163 2995 est
2189 2959 2316 3007 potior
2341 2959 2504 2996 termino

1437 3023 1459 3047 a
1487 3023 1565 3070 quo
1594 3011 1696 3057 (finis
1726 3010 1828 3047 enim
1848 3008 1862 3032 δ
1891 3018 1947 3048 est
1974 3011 2100 3060 potior
2127 3011 2349 3061 principio),
2379 3012 2505 3061 potius

1436 3063 1592 3112 ponitur
1620 3063 1810 3100 discordia
1847 3063 1924 3100 filia
1960 3063 2082 3101 inanis
2118 3065 2260 3124 gloriae
2295 3077 2412 3114 quam
2450 3066 2504 3102 in-

1435 3116 1585 3153 vidiae:
1624 3116 1710 3153 licet
1748 3128 1792 3152 ex
1820 3124 1981 3166 utraque
2019 3117 2107 3154 oriri
2134 3118 2254 3166 possit
2290 3118 2504 3155 secundum

1436 3169 1608 3206 diversas
1638 3169 1816 3215 rationes,
1847 3177 1888 3206 ut
1917 3169 2062 3207 dictum
2093 3179 2160 3207 est.

1437 3290 1526 3308 cessus
1545 3283 1595 3316 pE)
1616 3284 1651 3312 E;
1671 3291 1718 3315 pro
1736 3283 1770 3308 Ut
1788 3283 1917 3308 terminus
1931 3287 2028 3313 autem,
2041 3285 2097 3309 Aut
2115 3287 2145 3309 ut
2163 3284 2292 3309 terminus
2311 3284 2342 3314 D,
2361 3285 2394 3309 Ut
2413 3284 2503 3309 termi-

1439 3326 1488 3343 nus
1507 3319 1557 3348 GR,
1573 3319 1608 3343 Et
1627 3322 1656 3343 ut
1675 3319 1804 3343 terminus
1823 3319 1874 3350 sD;
1894 3327 1941 3351 pro
1960 3326 2094 3349 accessus,
2114 3322 2140 3344 et
2157 3319 2195 3344 s1'c
2217 3322 2257 3344 est
2274 3326 2393 3344 accessus
2412 3320 2443 3350 D,
2463 3323 2503 3344 est

1438 3361 1558 3379 accessus
1578 3353 1647 3382 GsE,
1666 3361 1786 3379 accessus
1804 3357 1844 3379 est
1863 3361 1902 3378 sn.

1491 3387 1515 3421 δ)
1530 3389 1595 3423 finis
1620 3389 1700 3413 enim.
1718 3389 1813 3423 -finis
1833 3389 2031 3422 ABEHKLpr
2050 3395 2075 3414 et
2093 3398 2118 3421 a,
2138 3390 2206 3414 sicut
2221 3389 2287 3423 finis
2305 3389 2432 3420 DGIsCm
2447 3393 2501 3414 ter-

1438 3424 1528 3449 mino..
1531 3424 1646 3456 .potior
1663 3432 1716 3448 om.
1736 3424 1764 3449 F.

2535 879 2650 901 'AdRom.
2654 886 2704 907 cap.
2712 886 2746 907 111,

2534 912 2594 927 vers.
2610 906 2631 927 8.

2532 2590 2583 2612 ’In
2598 2596 2707 2618 corpore.
