<?xml version="1.0" encoding="UTF-8"?>
<!DOCTYPE html PUBLIC "-//W3C//DTD XHTML 1.0 Transitional//EN"
    "http://www.w3.org/TR/xhtml1/DTD/xhtml1-transitional.dtd">
<html xmlns="http://www.w3.org/1999/xhtml" xml:lang="en" lang="en">
 <head>
  <title>
</title>
<meta http-equiv="Content-Type" content="text/html;charset=utf-8" />
  <meta name='ocr-system' content='tesseract 3.04.00' />
  <meta name='ocr-capabilities' content='ocr_page ocr_carea ocr_par ocr_line ocrx_word'/>
</head>
<body>
  <div class='ocr_page' id='page_1' title='image "./operaomniaiussui08thom/operaomniaiussui08thom_0136.png"; bbox 0 0 2892 4056; ppageno 0'>
   <div class='ocr_carea' id='block_1_1' title="bbox 444 189 492 224">
    <p class='ocr_par' dir='ltr' id='par_1_1' title="bbox 444 189 492 224">
     <span class='ocr_line' id='line_1_1' title="bbox 444 189 492 224; baseline 0 0"><span class='ocrx_word' id='word_1_1' title='bbox 444 189 492 224; x_wconf 89' lang='lat'>88</span> 
     </span>
    </p>
   </div>
   <div class='ocr_carea' id='block_1_2' title="bbox 439 266 1496 575">
    <p class='ocr_par' dir='ltr' id='par_1_2' title="bbox 439 266 1496 409">
     <span class='ocr_line' id='line_1_2' title="bbox 441 266 1493 316; baseline -0.001 -12"><span class='ocrx_word' id='word_1_2' title='bbox 441 267 617 316; x_wconf 87' lang='lat' dir='ltr'>prohibet</span> <span class='ocrx_word' id='word_1_3' title='bbox 635 266 795 304; x_wconf 88' lang='lat' dir='ltr'>totaliter</span> <span class='ocrx_word' id='word_1_4' title='bbox 814 267 1116 315; x_wconf 80' lang='lat' dir='ltr'>disputationem,</span> <span class='ocrx_word' id='word_1_5' title='bbox 1138 266 1205 303; x_wconf 88' lang='lat' dir='ltr'>sed</span> <span class='ocrx_word' id='word_1_6' title='bbox 1225 266 1493 314; x_wconf 57' lang='lat' dir='ltr'>inordinatam7</span> 
     </span>
     <span class='ocr_line' id='line_1_3' title="bbox 439 319 1496 369; baseline -0.001 -13"><span class='ocrx_word' id='word_1_7' title='bbox 439 332 538 369; x_wconf 89' lang='lat' dir='ltr'>quae</span> <span class='ocrx_word' id='word_1_8' title='bbox 564 320 682 367; x_wconf 88' lang='lat' dir='ltr'>magis</span> <span class='ocrx_word' id='word_1_9' title='bbox 710 320 752 356; x_wconf 91' lang='lat' dir='ltr'>fit</span> <span class='ocrx_word' id='word_1_10' title='bbox 780 319 1019 356; x_wconf 87' lang='lat' dir='ltr'>contentione</span> <span class='ocrx_word' id='word_1_11' title='bbox 1048 319 1255 355; x_wconf 89' lang='lat' dir='ltr'>verborum</span> <span class='ocrx_word' id='word_1_12' title='bbox 1290 331 1406 367; x_wconf 89' lang='lat' dir='ltr'>quam</span> <span class='ocrx_word' id='word_1_13' title='bbox 1434 320 1496 356; x_wconf 90' lang='lat' dir='ltr'>fir-</span> 
     </span>
     <span class='ocr_line' id='line_1_4' title="bbox 441 372 878 409; baseline -0.002 0"><span class='ocrx_word' id='word_1_14' title='bbox 441 373 570 409; x_wconf 89' lang='lat' dir='ltr'>mitate</span> <span class='ocrx_word' id='word_1_15' title='bbox 599 372 878 408; x_wconf 90' lang='lat' dir='ltr'>sententiarum.</span> 
     </span>
    </p>

    <p class='ocr_par' dir='ltr' id='par_1_3' title="bbox 440 423 1495 575">
     <span class='ocr_line' id='line_1_5' title="bbox 494 423 1495 471; baseline -0.003 -9"><span class='ocrx_word' id='word_1_16' title='bbox 494 428 552 462; x_wconf 85' lang='lat' dir='ltr'>An</span> <span class='ocrx_word' id='word_1_17' title='bbox 581 436 769 461; x_wconf 80' lang='lat' dir='ltr'>SECUNDUM</span> <span class='ocrx_word' id='word_1_18' title='bbox 797 435 979 460; x_wconf 82' lang='lat' dir='ltr'>DICENDUM</span> <span class='ocrx_word' id='word_1_19' title='bbox 1008 423 1112 471; x_wconf 88' lang='lat' dir='ltr'>quod</span> <span class='ocrx_word' id='word_1_20' title='bbox 1141 423 1200 459; x_wconf 88' lang='lat' dir='ltr'>lex</span> <span class='ocrx_word' id='word_1_21' title='bbox 1232 423 1293 459; x_wconf 89' lang='lat' dir='ltr'>illa</span> <span class='ocrx_word' id='word_1_22' title='bbox 1320 423 1495 471; x_wconf 89' lang='lat' dir='ltr'>prohibet</span> 
     </span>
     <span class='ocr_line' id='line_1_6' title="bbox 440 475 1495 526; baseline -0.003 -12"><span class='ocrx_word' id='word_1_23' title='bbox 440 477 632 526; x_wconf 89' lang='lat' dir='ltr'>publicam</span> <span class='ocrx_word' id='word_1_24' title='bbox 662 476 951 524; x_wconf 87' lang='lat' dir='ltr'>disputationem</span> <span class='ocrx_word' id='word_1_25' title='bbox 973 475 1019 511; x_wconf 93' lang='lat' dir='ltr'>de</span> <span class='ocrx_word' id='word_1_26' title='bbox 1039 475 1114 511; x_wconf 87' lang='lat' dir='ltr'>fide</span> <span class='ocrx_word' id='word_1_27' title='bbox 1144 487 1241 523; x_wconf 87' lang='lat' dir='ltr'>quae</span> <span class='ocrx_word' id='word_1_28' title='bbox 1261 476 1432 523; x_wconf 88' lang='lat' dir='ltr'>procedit</span> <span class='ocrx_word' id='word_1_29' title='bbox 1452 487 1495 512; x_wconf 88' lang='lat' dir='ltr'>ex</span> 
     </span>
     <span class='ocr_line' id='line_1_7' title="bbox 442 527 1495 575; baseline -0.002 -9"><span class='ocrx_word' id='word_1_30' title='bbox 442 529 673 567; x_wconf 84' lang='lat' dir='ltr'>dubitatione</span> <span class='ocrx_word' id='word_1_31' title='bbox 702 528 810 565; x_wconf 88' lang='lat' dir='ltr'>fidei:</span> <span class='ocrx_word' id='word_1_32' title='bbox 845 540 923 564; x_wconf 90' lang='lat' dir='ltr'>non</span> <span class='ocrx_word' id='word_1_33' title='bbox 951 536 1078 564; x_wconf 90' lang='lat' dir='ltr'>autem</span> <span class='ocrx_word' id='word_1_34' title='bbox 1107 527 1208 564; x_wconf 87' lang='lat' dir='ltr'>illam</span> <span class='ocrx_word' id='word_1_35' title='bbox 1238 539 1336 575; x_wconf 90' lang='lat' dir='ltr'>quae</span> <span class='ocrx_word' id='word_1_36' title='bbox 1365 536 1420 564; x_wconf 90' lang='lat' dir='ltr'>est</span> <span class='ocrx_word' id='word_1_37' title='bbox 1448 528 1495 564; x_wconf 90' lang='lat' dir='ltr'>ad</span> 
     </span>
    </p>
   </div>
   <div class='ocr_carea' id='block_1_3' title="bbox 434 1219 1522 2667">
    <p class='ocr_par' dir='ltr' id='par_1_4' title="bbox 436 1219 1495 1479">
     <span class='ocr_line' id='line_1_8' title="bbox 436 1219 1495 1260; baseline -0.003 -9"><span class='ocrx_word' id='word_1_38' title='bbox 436 1222 487 1252; x_wconf 89' lang='lat' dir='ltr'>De</span> <span class='ocrx_word' id='word_1_39' title='bbox 510 1221 640 1251; x_wconf 86' lang='lat' dir='ltr'>Summa</span> <span class='ocrx_word' id='word_1_40' title='bbox 669 1221 769 1256; x_wconf 88' lang='lat' dir='ltr'>Trin.‚</span> <span class='ocrx_word' id='word_1_41' title='bbox 795 1227 868 1260; x_wconf 89' lang='lat' dir='ltr'>post</span> <span class='ocrx_word' id='word_1_42' title='bbox 890 1221 1018 1250; x_wconf 89' lang='lat' dir='ltr'>beatum</span> <span class='ocrx_word' id='word_1_43' title='bbox 1033 1220 1195 1250; x_wconf 86' lang='lat' dir='ltr'>Thomam</span> <span class='ocrx_word' id='word_1_44' title='bbox 1218 1219 1286 1249; x_wconf 87' lang='lat' dir='ltr'>iura</span> <span class='ocrx_word' id='word_1_45' title='bbox 1308 1229 1392 1249; x_wconf 89' lang='lat' dir='ltr'>nova</span> <span class='ocrx_word' id='word_1_46' title='bbox 1413 1229 1495 1249; x_wconf 88' lang='lat' dir='ltr'>ema-</span> 
     </span>
     <span class='ocr_line' id='line_1_9' title="bbox 437 1262 1494 1305; baseline -0.003 -10"><span class='ocrx_word' id='word_1_47' title='bbox 437 1272 552 1295; x_wconf 90' lang='lat' dir='ltr'>narunt</span> <span class='ocrx_word' id='word_1_48' title='bbox 582 1263 780 1305; x_wconf 88' lang='lat' dir='ltr'>prohibentia</span> <span class='ocrx_word' id='word_1_49' title='bbox 807 1263 907 1299; x_wconf 89' lang='lat' dir='ltr'>laicis,</span> <span class='ocrx_word' id='word_1_50' title='bbox 933 1264 990 1294; x_wconf 88' lang='lat' dir='ltr'>sub</span> <span class='ocrx_word' id='word_1_51' title='bbox 1015 1273 1118 1303; x_wconf 87' lang='lat' dir='ltr'>poena</span> <span class='ocrx_word' id='word_1_52' title='bbox 1149 1262 1494 1298; x_wconf 81' lang='lat' dir='ltr'>excommunicationis,</span> 
     </span>
     <span class='ocr_line' id='line_1_10' title="bbox 437 1306 1494 1348; baseline -0.003 -9"><span class='ocrx_word' id='word_1_53' title='bbox 437 1309 595 1348; x_wconf 87' lang='lat' dir='ltr'>disputare</span> <span class='ocrx_word' id='word_1_54' title='bbox 608 1308 646 1338; x_wconf 92' lang='lat' dir='ltr'>de</span> <span class='ocrx_word' id='word_1_55' title='bbox 658 1307 719 1337; x_wconf 93' lang='lat' dir='ltr'>fide</span> <span class='ocrx_word' id='word_1_56' title='bbox 730 1314 796 1338; x_wconf 87' lang='lat' dir='ltr'>tam</span> <span class='ocrx_word' id='word_1_57' title='bbox 809 1307 933 1347; x_wconf 91' lang='lat' dir='ltr'>publice</span> <span class='ocrx_word' id='word_1_58' title='bbox 945 1317 1043 1347; x_wconf 88' lang='lat' dir='ltr'>quam</span> <span class='ocrx_word' id='word_1_59' title='bbox 1057 1307 1217 1347; x_wconf 87' lang='lat' dir='ltr'>privatim:</span> <span class='ocrx_word' id='word_1_60' title='bbox 1236 1313 1269 1336; x_wconf 90' lang='lat' dir='ltr'>ut</span> <span class='ocrx_word' id='word_1_61' title='bbox 1280 1313 1365 1346; x_wconf 88' lang='lat' dir='ltr'>patet</span> <span class='ocrx_word' id='word_1_62' title='bbox 1376 1306 1494 1344; x_wconf 81' lang='lat' dir='ltr'><em>Extra,</em></span> 
     </span>
     <span class='ocr_line' id='line_1_11' title="bbox 436 1350 1494 1391; baseline -0.003 -8"><span class='ocrx_word' id='word_1_63' title='bbox 436 1353 476 1383; x_wconf 84' lang='lat' dir='ltr'>de</span> <span class='ocrx_word' id='word_1_64' title='bbox 489 1352 636 1388; x_wconf 73' lang='lat' dir='ltr'>Haeret„</span> <span class='ocrx_word' id='word_1_65' title='bbox 653 1352 686 1381; x_wconf 91' lang='lat' dir='ltr'>in</span> <span class='ocrx_word' id='word_1_66' title='bbox 708 1351 812 1387; x_wconf 86' lang='lat' dir='ltr'>Sexto,</span> <span class='ocrx_word' id='word_1_67' title='bbox 830 1361 898 1391; x_wconf 85' lang='lat' dir='ltr'>cap.</span> <span class='ocrx_word' id='word_1_68' title='bbox 921 1351 1127 1391; x_wconf 85' lang='lat' dir='ltr'>Quicumque.</span> <span class='ocrx_word' id='word_1_69' title='bbox 1156 1351 1197 1381; x_wconf 90' lang='lat' dir='ltr'>Et</span> <span class='ocrx_word' id='word_1_70' title='bbox 1211 1358 1318 1381; x_wconf 88' lang='lat' dir='ltr'>tamen</span> <span class='ocrx_word' id='word_1_71' title='bbox 1341 1359 1433 1390; x_wconf 80' lang='lat' dir='ltr'>saepe</span> <span class='ocrx_word' id='word_1_72' title='bbox 1449 1350 1494 1380; x_wconf 89' lang='lat' dir='ltr'>vi-</span> 
     </span>
     <span class='ocr_line' id='line_1_12' title="bbox 437 1394 1493 1435; baseline -0.002 -9"><span class='ocrx_word' id='word_1_73' title='bbox 437 1397 548 1426; x_wconf 88' lang='lat' dir='ltr'>demus</span> <span class='ocrx_word' id='word_1_74' title='bbox 566 1396 677 1425; x_wconf 89' lang='lat' dir='ltr'>doctos</span> <span class='ocrx_word' id='word_1_75' title='bbox 700 1394 796 1425; x_wconf 89' lang='lat' dir='ltr'>laicos</span> <span class='ocrx_word' id='word_1_76' title='bbox 812 1395 844 1424; x_wconf 90' lang='lat' dir='ltr'>in</span> <span class='ocrx_word' id='word_1_77' title='bbox 861 1394 996 1434; x_wconf 90' lang='lat' dir='ltr'>publicis</span> <span class='ocrx_word' id='word_1_78' title='bbox 1015 1395 1281 1435; x_wconf 83' lang='lat' dir='ltr'>disputationibus</span> <span class='ocrx_word' id='word_1_79' title='bbox 1304 1395 1493 1434; x_wconf 90' lang='lat' dir='ltr'>respondere</span> 
     </span>
     <span class='ocr_line' id='line_1_13' title="bbox 436 1437 1073 1479; baseline -0.005 -8"><span class='ocrx_word' id='word_1_80' title='bbox 436 1447 467 1470; x_wconf 92' lang='lat' dir='ltr'>et</span> <span class='ocrx_word' id='word_1_81' title='bbox 490 1449 620 1479; x_wconf 84' lang='lat' dir='ltr'>arguere</span> <span class='ocrx_word' id='word_1_82' title='bbox 643 1439 674 1468; x_wconf 90' lang='lat' dir='ltr'>in</span> <span class='ocrx_word' id='word_1_83' title='bbox 699 1438 807 1469; x_wconf 91' lang='lat' dir='ltr'>multis</span> <span class='ocrx_word' id='word_1_84' title='bbox 830 1438 968 1469; x_wconf 86' lang='lat' dir='ltr'>materiis</span> <span class='ocrx_word' id='word_1_85' title='bbox 991 1437 1073 1469; x_wconf 89' lang='lat' dir='ltr'>fidei.</span> 
     </span>
    </p>

    <p class='ocr_par' dir='ltr' id='par_1_5' title="bbox 435 1482 1494 1699">
     <span class='ocr_line' id='line_1_14' title="bbox 492 1482 1493 1523; baseline -0.001 -10"><span class='ocrx_word' id='word_1_86' title='bbox 492 1484 538 1513; x_wconf 86' lang='lat' dir='ltr'>Ex</span> <span class='ocrx_word' id='word_1_87' title='bbox 561 1490 648 1523; x_wconf 88' lang='lat' dir='ltr'>parte</span> <span class='ocrx_word' id='word_1_88' title='bbox 671 1492 746 1512; x_wconf 89' lang='lat' dir='ltr'>vero</span> <span class='ocrx_word' id='word_1_89' title='bbox 770 1482 981 1518; x_wconf 88' lang='lat' dir='ltr'>audientium,</span> <span class='ocrx_word' id='word_1_90' title='bbox 1011 1483 1086 1523; x_wconf 88' lang='lat' dir='ltr'>quia</span> <span class='ocrx_word' id='word_1_91' title='bbox 1109 1482 1258 1513; x_wconf 91' lang='lat' dir='ltr'>continue</span> <span class='ocrx_word' id='word_1_92' title='bbox 1282 1482 1426 1513; x_wconf 90' lang='lat' dir='ltr'>videmus</span> <span class='ocrx_word' id='word_1_93' title='bbox 1450 1492 1493 1512; x_wconf 94' lang='lat' dir='ltr'>re-</span> 
     </span>
     <span class='ocr_line' id='line_1_15' title="bbox 435 1526 1494 1568; baseline 0 -11"><span class='ocrx_word' id='word_1_94' title='bbox 435 1527 566 1568; x_wconf 87' lang='lat' dir='ltr'>ligiosos</span> <span class='ocrx_word' id='word_1_95' title='bbox 589 1527 748 1566; x_wconf 87' lang='lat' dir='ltr'>disputare</span> <span class='ocrx_word' id='word_1_96' title='bbox 771 1526 804 1556; x_wconf 92' lang='lat' dir='ltr'>in</span> <span class='ocrx_word' id='word_1_97' title='bbox 819 1526 963 1566; x_wconf 87' lang='lat' dir='ltr'>capitulis</span> <span class='ocrx_word' id='word_1_98' title='bbox 978 1526 1175 1566; x_wconf 86' lang='lat' dir='ltr'>generalibus</span> <span class='ocrx_word' id='word_1_99' title='bbox 1191 1536 1298 1557; x_wconf 87' lang='lat' dir='ltr'>coram</span> <span class='ocrx_word' id='word_1_100' title='bbox 1313 1526 1494 1566; x_wconf 87' lang='lat' dir='ltr'>vulgaribus</span> 
     </span>
     <span class='ocr_line' id='line_1_16' title="bbox 436 1569 1493 1610; baseline -0.002 -8"><span class='ocrx_word' id='word_1_101' title='bbox 436 1572 475 1602; x_wconf 92' lang='lat' dir='ltr'>de</span> <span class='ocrx_word' id='word_1_102' title='bbox 498 1571 606 1601; x_wconf 91' lang='lat' dir='ltr'>multis</span> <span class='ocrx_word' id='word_1_103' title='bbox 629 1570 766 1601; x_wconf 90' lang='lat' dir='ltr'>materiis</span> <span class='ocrx_word' id='word_1_104' title='bbox 789 1569 871 1601; x_wconf 89' lang='lat' dir='ltr'>fidei.</span> <span class='ocrx_word' id='word_1_105' title='bbox 895 1570 937 1601; x_wconf 90' lang='lat' dir='ltr'>Et</span> <span class='ocrx_word' id='word_1_106' title='bbox 951 1570 1012 1600; x_wconf 94' lang='lat' dir='ltr'>hoc</span> <span class='ocrx_word' id='word_1_107' title='bbox 1034 1570 1067 1600; x_wconf 91' lang='lat' dir='ltr'>in</span> <span class='ocrx_word' id='word_1_108' title='bbox 1082 1570 1160 1601; x_wconf 90' lang='lat' dir='ltr'>locis</span> <span class='ocrx_word' id='word_1_109' title='bbox 1179 1571 1233 1601; x_wconf 92' lang='lat' dir='ltr'>ubi</span> <span class='ocrx_word' id='word_1_110' title='bbox 1256 1571 1412 1610; x_wconf 89' lang='lat' dir='ltr'>simplices</span> <span class='ocrx_word' id='word_1_111' title='bbox 1428 1580 1493 1600; x_wconf 91' lang='lat' dir='ltr'>non</span> 
     </span>
     <span class='ocr_line' id='line_1_17' title="bbox 436 1613 1494 1646; baseline 0 -1"><span class='ocrx_word' id='word_1_112' title='bbox 436 1622 509 1646; x_wconf 90' lang='lat' dir='ltr'>sunt</span> <span class='ocrx_word' id='word_1_113' title='bbox 525 1614 681 1645; x_wconf 78' lang='lat' dir='ltr'>sollicitati</span> <span class='ocrx_word' id='word_1_114' title='bbox 702 1615 740 1644; x_wconf 90' lang='lat' dir='ltr'>ab</span> <span class='ocrx_word' id='word_1_115' title='bbox 756 1613 945 1645; x_wconf 88' lang='lat' dir='ltr'>infidelibus.</span> <span class='ocrx_word' id='word_1_116' title='bbox 965 1614 1006 1644; x_wconf 90' lang='lat' dir='ltr'>Et</span> <span class='ocrx_word' id='word_1_117' title='bbox 1021 1621 1127 1644; x_wconf 91' lang='lat' dir='ltr'>tamen</span> <span class='ocrx_word' id='word_1_118' title='bbox 1142 1614 1175 1644; x_wconf 91' lang='lat' dir='ltr'>in</span> <span class='ocrx_word' id='word_1_119' title='bbox 1191 1615 1291 1646; x_wconf 88' lang='lat' dir='ltr'>littera</span> <span class='ocrx_word' id='word_1_120' title='bbox 1308 1614 1420 1645; x_wconf 92' lang='lat' dir='ltr'>dicitur</span> <span class='ocrx_word' id='word_1_121' title='bbox 1433 1614 1494 1645; x_wconf 92' lang='lat' dir='ltr'>hoc</span> 
     </span>
     <span class='ocr_line' id='line_1_18' title="bbox 436 1658 752 1699; baseline -0.006 -9"><span class='ocrx_word' id='word_1_122' title='bbox 436 1669 502 1690; x_wconf 88' lang='lat' dir='ltr'>esse</span> <span class='ocrx_word' id='word_1_123' title='bbox 526 1658 752 1699; x_wconf 89' lang='lat' dir='ltr'>periculosum.</span> 
     </span>
    </p>

    <p class='ocr_par' dir='ltr' id='par_1_6' title="bbox 434 1701 1495 2525">
     <span class='ocr_line' id='line_1_19' title="bbox 492 1701 1494 1742; baseline -0.001 -9"><span class='ocrx_word' id='word_1_124' title='bbox 492 1703 528 1733; x_wconf 85' lang='grc' dir='ltr'>ΙΙ.</span> <span class='ocrx_word' id='word_1_125' title='bbox 552 1703 603 1732; x_wconf 89' lang='lat' dir='ltr'>Ad</span> <span class='ocrx_word' id='word_1_126' title='bbox 627 1701 816 1732; x_wconf 89' lang='lat' dir='ltr'>evidentiam</span> <span class='ocrx_word' id='word_1_127' title='bbox 846 1701 940 1732; x_wconf 88' lang='lat' dir='ltr'>huius</span> <span class='ocrx_word' id='word_1_128' title='bbox 974 1701 1120 1732; x_wconf 90' lang='lat' dir='ltr'>materiae</span> <span class='ocrx_word' id='word_1_129' title='bbox 1150 1702 1314 1732; x_wconf 91' lang='lat' dir='ltr'>sciendum</span> <span class='ocrx_word' id='word_1_130' title='bbox 1338 1709 1384 1732; x_wconf 91' lang='lat' dir='ltr'>est</span> <span class='ocrx_word' id='word_1_131' title='bbox 1406 1701 1494 1742; x_wconf 89' lang='lat' dir='ltr'>quod</span> 
     </span>
     <span class='ocr_line' id='line_1_20' title="bbox 436 1745 1494 1785; baseline 0 -9"><span class='ocrx_word' id='word_1_132' title='bbox 436 1746 595 1777; x_wconf 86' lang='lat' dir='ltr'>diversitas</span> <span class='ocrx_word' id='word_1_133' title='bbox 619 1745 844 1776; x_wconf 86' lang='lat' dir='ltr'>sententiarum</span> <span class='ocrx_word' id='word_1_134' title='bbox 867 1745 900 1775; x_wconf 90' lang='lat' dir='ltr'>in</span> <span class='ocrx_word' id='word_1_135' title='bbox 923 1745 1044 1776; x_wconf 89' lang='lat' dir='ltr'>ratione</span> <span class='ocrx_word' id='word_1_136' title='bbox 1068 1745 1289 1785; x_wconf 77' lang='lat' dir='ltr'>disputationis</span> <span class='ocrx_word' id='word_1_137' title='bbox 1313 1746 1418 1776; x_wconf 83' lang='lat' dir='ltr'>clausa</span> <span class='ocrx_word' id='word_1_138' title='bbox 1437 1755 1494 1785; x_wconf 92' lang='lat' dir='ltr'>po-</span> 
     </span>
     <span class='ocr_line' id='line_1_21' title="bbox 434 1789 1494 1830; baseline -0.001 -9"><span class='ocrx_word' id='word_1_139' title='bbox 434 1797 494 1821; x_wconf 90' lang='lat' dir='ltr'>test</span> <span class='ocrx_word' id='word_1_140' title='bbox 517 1789 621 1820; x_wconf 89' lang='lat' dir='ltr'>referri</span> <span class='ocrx_word' id='word_1_141' title='bbox 645 1790 684 1819; x_wconf 88' lang='lat' dir='ltr'>ad</span> <span class='ocrx_word' id='word_1_142' title='bbox 703 1789 805 1830; x_wconf 87' lang='lat' dir='ltr'>ipsam</span> <span class='ocrx_word' id='word_1_143' title='bbox 821 1789 1082 1828; x_wconf 86' lang='lat' dir='ltr'>disputationem;</span> <span class='ocrx_word' id='word_1_144' title='bbox 1107 1796 1138 1819; x_wconf 93' lang='lat' dir='ltr'>et</span> <span class='ocrx_word' id='word_1_145' title='bbox 1159 1790 1199 1819; x_wconf 91' lang='lat' dir='ltr'>ad</span> <span class='ocrx_word' id='word_1_146' title='bbox 1213 1799 1364 1830; x_wconf 87' lang='lat' dir='ltr'>personas</span> <span class='ocrx_word' id='word_1_147' title='bbox 1387 1789 1494 1829; x_wconf 87' lang='lat' dir='ltr'>dispu-</span> 
     </span>
     <span class='ocr_line' id='line_1_22' title="bbox 435 1833 1495 1874; baseline -0.002 -9"><span class='ocrx_word' id='word_1_148' title='bbox 435 1841 545 1865; x_wconf 86' lang='lat' dir='ltr'>tantes.</span> <span class='ocrx_word' id='word_1_149' title='bbox 570 1834 610 1864; x_wconf 88' lang='lat' dir='ltr'>Et</span> <span class='ocrx_word' id='word_1_150' title='bbox 633 1833 721 1874; x_wconf 93' lang='lat' dir='ltr'>quod</span> <span class='ocrx_word' id='word_1_151' title='bbox 745 1833 895 1864; x_wconf 87' lang='lat' dir='ltr'>referatur</span> <span class='ocrx_word' id='word_1_152' title='bbox 918 1833 957 1863; x_wconf 91' lang='lat' dir='ltr'>ad</span> <span class='ocrx_word' id='word_1_153' title='bbox 981 1833 1087 1872; x_wconf 87' lang='lat' dir='ltr'>ipsum</span> <span class='ocrx_word' id='word_1_154' title='bbox 1115 1840 1222 1864; x_wconf 89' lang='lat' dir='ltr'>actum</span> <span class='ocrx_word' id='word_1_155' title='bbox 1247 1833 1428 1874; x_wconf 89' lang='lat' dir='ltr'>disputandi</span> <span class='ocrx_word' id='word_1_156' title='bbox 1449 1840 1495 1864; x_wconf 87' lang='lat' dir='ltr'>est</span> 
     </span>
     <span class='ocr_line' id='line_1_23' title="bbox 436 1877 1494 1918; baseline -0.001 -10"><span class='ocrx_word' id='word_1_157' title='bbox 436 1879 473 1908; x_wconf 95' lang='lat' dir='ltr'>de</span> <span class='ocrx_word' id='word_1_158' title='bbox 497 1878 617 1909; x_wconf 87' lang='lat' dir='ltr'>ratione</span> <span class='ocrx_word' id='word_1_159' title='bbox 641 1877 872 1917; x_wconf 78' lang='lat' dir='ltr'>disputationis,</span> <span class='ocrx_word' id='word_1_160' title='bbox 897 1877 940 1907; x_wconf 91' lang='lat' dir='ltr'>sic</span> <span class='ocrx_word' id='word_1_161' title='bbox 964 1877 1053 1917; x_wconf 90' lang='lat' dir='ltr'>quod</span> <span class='ocrx_word' id='word_1_162' title='bbox 1076 1877 1164 1907; x_wconf 88' lang='lat' dir='ltr'>aliter</span> <span class='ocrx_word' id='word_1_163' title='bbox 1187 1887 1252 1907; x_wconf 91' lang='lat' dir='ltr'>non</span> <span class='ocrx_word' id='word_1_164' title='bbox 1285 1885 1364 1908; x_wconf 90' lang='lat' dir='ltr'>esset</span> <span class='ocrx_word' id='word_1_165' title='bbox 1387 1877 1494 1918; x_wconf 88' lang='lat' dir='ltr'>dispu-</span> 
     </span>
     <span class='ocr_line' id='line_1_24' title="bbox 435 1921 1493 1961; baseline -0.001 -8"><span class='ocrx_word' id='word_1_166' title='bbox 435 1923 525 1953; x_wconf 83' lang='lat' dir='ltr'>tatio:</span> <span class='ocrx_word' id='word_1_167' title='bbox 551 1922 609 1952; x_wconf 88' lang='lat' dir='ltr'>nisi</span> <span class='ocrx_word' id='word_1_168' title='bbox 634 1922 717 1952; x_wconf 90' lang='lat' dir='ltr'>enim</span> <span class='ocrx_word' id='word_1_169' title='bbox 742 1921 977 1961; x_wconf 86' lang='lat' dir='ltr'>propositiones</span> <span class='ocrx_word' id='word_1_170' title='bbox 1002 1928 1104 1952; x_wconf 87' lang='lat' dir='ltr'>essent</span> <span class='ocrx_word' id='word_1_171' title='bbox 1122 1928 1230 1952; x_wconf 86' lang='lat' dir='ltr'>contra</span> <span class='ocrx_word' id='word_1_172' title='bbox 1246 1921 1493 1958; x_wconf 86' lang='lat' dir='ltr'>conclusionem,</span> 
     </span>
     <span class='ocr_line' id='line_1_25' title="bbox 435 1965 1494 2006; baseline -0.001 -9"><span class='ocrx_word' id='word_1_173' title='bbox 435 1977 501 1997; x_wconf 91' lang='lat' dir='ltr'>non</span> <span class='ocrx_word' id='word_1_174' title='bbox 531 1972 610 1996; x_wconf 88' lang='lat' dir='ltr'>esset</span> <span class='ocrx_word' id='word_1_175' title='bbox 637 1966 820 2006; x_wconf 88' lang='lat' dir='ltr'>disputatio.</span> <span class='ocrx_word' id='word_1_176' title='bbox 849 1965 910 1996; x_wconf 90' lang='lat' dir='ltr'>Sed</span> <span class='ocrx_word' id='word_1_177' title='bbox 937 1966 1027 2005; x_wconf 92' lang='lat' dir='ltr'>quod</span> <span class='ocrx_word' id='word_1_178' title='bbox 1054 1965 1206 1996; x_wconf 85' lang='lat' dir='ltr'>referatur</span> <span class='ocrx_word' id='word_1_179' title='bbox 1233 1966 1271 1996; x_wconf 88' lang='lat' dir='ltr'>ad</span> <span class='ocrx_word' id='word_1_180' title='bbox 1299 1966 1494 2006; x_wconf 89' lang='lat' dir='ltr'>disputantes</span> 
     </span>
     <span class='ocr_line' id='line_1_26' title="bbox 435 2009 1495 2051; baseline -0.001 -10"><span class='ocrx_word' id='word_1_181' title='bbox 435 2021 596 2051; x_wconf 88' lang='lat' dir='ltr'>personas,</span> <span class='ocrx_word' id='word_1_182' title='bbox 620 2010 682 2040; x_wconf 91' lang='lat' dir='ltr'>hoc</span> <span class='ocrx_word' id='word_1_183' title='bbox 705 2020 771 2040; x_wconf 91' lang='lat' dir='ltr'>non</span> <span class='ocrx_word' id='word_1_184' title='bbox 794 2016 840 2040; x_wconf 87' lang='lat' dir='ltr'>est</span> <span class='ocrx_word' id='word_1_185' title='bbox 863 2010 902 2039; x_wconf 91' lang='lat' dir='ltr'>de</span> <span class='ocrx_word' id='word_1_186' title='bbox 925 2009 1045 2040; x_wconf 85' lang='lat' dir='ltr'>ratione</span> <span class='ocrx_word' id='word_1_187' title='bbox 1070 2010 1175 2040; x_wconf 90' lang='lat' dir='ltr'>omnis</span> <span class='ocrx_word' id='word_1_188' title='bbox 1199 2009 1436 2050; x_wconf 85' lang='lat' dir='ltr'>disputationis:</span> <span class='ocrx_word' id='word_1_189' title='bbox 1460 2017 1495 2040; x_wconf 92' lang='lat' dir='ltr'>ut</span> 
     </span>
     <span class='ocr_line' id='line_1_27' title="bbox 434 2053 1494 2095; baseline -0.001 -10"><span class='ocrx_word' id='word_1_190' title='bbox 434 2062 520 2095; x_wconf 82' lang='lat' dir='ltr'>patet</span> <span class='ocrx_word' id='word_1_191' title='bbox 542 2055 575 2084; x_wconf 91' lang='lat' dir='ltr'>in</span> <span class='ocrx_word' id='word_1_192' title='bbox 599 2053 811 2094; x_wconf 86' lang='lat' dir='ltr'>disputatione</span> <span class='ocrx_word' id='word_1_193' title='bbox 834 2053 932 2094; x_wconf 89' lang='lat' dir='ltr'>gratia</span> <span class='ocrx_word' id='word_1_194' title='bbox 956 2053 1106 2092; x_wconf 85' lang='lat' dir='ltr'>exercitii,</span> <span class='ocrx_word' id='word_1_195' title='bbox 1131 2053 1185 2084; x_wconf 93' lang='lat' dir='ltr'>ubi</span> <span class='ocrx_word' id='word_1_196' title='bbox 1209 2063 1275 2085; x_wconf 89' lang='lat' dir='ltr'>non</span> <span class='ocrx_word' id='word_1_197' title='bbox 1305 2061 1351 2085; x_wconf 87' lang='lat' dir='ltr'>est</span> <span class='ocrx_word' id='word_1_198' title='bbox 1373 2054 1494 2085; x_wconf 84' lang='lat' dir='ltr'>diversa</span> 
     </span>
     <span class='ocr_line' id='line_1_28' title="bbox 435 2097 1493 2139; baseline -0.001 -10"><span class='ocrx_word' id='word_1_199' title='bbox 435 2099 545 2139; x_wconf 89' lang='lat' dir='ltr'>opinio</span> <span class='ocrx_word' id='word_1_200' title='bbox 569 2097 811 2138; x_wconf 88' lang='lat' dir='ltr'>disputantium.</span> <span class='ocrx_word' id='word_1_201' title='bbox 827 2115 847 2121; x_wconf 92' lang='lat'>-</span> <span class='ocrx_word' id='word_1_202' title='bbox 864 2098 1003 2134; x_wconf 87' lang='lat' dir='ltr'>Rursus,</span> <span class='ocrx_word' id='word_1_203' title='bbox 1028 2097 1103 2139; x_wconf 90' lang='lat' dir='ltr'>quia</span> <span class='ocrx_word' id='word_1_204' title='bbox 1134 2098 1294 2138; x_wconf 88' lang='lat' dir='ltr'>disputare</span> <span class='ocrx_word' id='word_1_205' title='bbox 1318 2098 1356 2128; x_wconf 90' lang='lat' dir='ltr'>de</span> <span class='ocrx_word' id='word_1_206' title='bbox 1386 2098 1493 2138; x_wconf 89' lang='lat' dir='ltr'>aliqua</span> 
     </span>
     <span class='ocr_line' id='line_1_29' title="bbox 434 2141 1495 2182; baseline -0.002 -8"><span class='ocrx_word' id='word_1_207' title='bbox 434 2153 466 2173; x_wconf 88' lang='lat' dir='ltr'>re</span> <span class='ocrx_word' id='word_1_208' title='bbox 491 2150 536 2174; x_wconf 92' lang='lat' dir='ltr'>est</span> <span class='ocrx_word' id='word_1_209' title='bbox 560 2142 679 2172; x_wconf 88' lang='lat' dir='ltr'>diversa</span> <span class='ocrx_word' id='word_1_210' title='bbox 703 2142 842 2182; x_wconf 90' lang='lat' dir='ltr'>proferre</span> <span class='ocrx_word' id='word_1_211' title='bbox 867 2149 1052 2182; x_wconf 87' lang='lat' dir='ltr'>argumenta</span> <span class='ocrx_word' id='word_1_212' title='bbox 1076 2142 1113 2172; x_wconf 88' lang='lat' dir='ltr'>de</span> <span class='ocrx_word' id='word_1_213' title='bbox 1137 2141 1189 2172; x_wconf 89' lang='lat' dir='ltr'>illa</span> <span class='ocrx_word' id='word_1_214' title='bbox 1213 2152 1254 2179; x_wconf 92' lang='lat' dir='ltr'>re,</span> <span class='ocrx_word' id='word_1_215' title='bbox 1285 2142 1364 2172; x_wconf 89' lang='lat' dir='ltr'>illud</span> <span class='ocrx_word' id='word_1_216' title='bbox 1389 2142 1495 2172; x_wconf 91' lang='lat' dir='ltr'>solum</span> 
     </span>
     <span class='ocr_line' id='line_1_30' title="bbox 434 2185 1494 2227; baseline -0.002 -9"><span class='ocrx_word' id='word_1_217' title='bbox 434 2193 481 2218; x_wconf 86' lang='lat' dir='ltr'>est</span> <span class='ocrx_word' id='word_1_218' title='bbox 503 2186 676 2217; x_wconf 85' lang='lat' dir='ltr'>formaliter</span> <span class='ocrx_word' id='word_1_219' title='bbox 699 2185 858 2227; x_wconf 89' lang='lat' dir='ltr'>disputare</span> <span class='ocrx_word' id='word_1_220' title='bbox 881 2186 919 2216; x_wconf 92' lang='lat' dir='ltr'>de</span> <span class='ocrx_word' id='word_1_221' title='bbox 943 2185 1048 2226; x_wconf 90' lang='lat' dir='ltr'>aliqua</span> <span class='ocrx_word' id='word_1_222' title='bbox 1072 2196 1104 2216; x_wconf 91' lang='lat' dir='ltr'>re</span> <span class='ocrx_word' id='word_1_223' title='bbox 1128 2186 1216 2227; x_wconf 89' lang='lat' dir='ltr'>quod</span> <span class='ocrx_word' id='word_1_224' title='bbox 1238 2186 1373 2217; x_wconf 90' lang='lat' dir='ltr'>intendit</span> <span class='ocrx_word' id='word_1_225' title='bbox 1395 2186 1494 2217; x_wconf 87' lang='lat' dir='ltr'>diver-</span> 
     </span>
     <span class='ocr_line' id='line_1_31' title="bbox 434 2230 1495 2270; baseline -0.001 -9"><span class='ocrx_word' id='word_1_226' title='bbox 434 2231 558 2262; x_wconf 87' lang='lat' dir='ltr'>sitatem</span> <span class='ocrx_word' id='word_1_227' title='bbox 581 2231 741 2261; x_wconf 90' lang='lat' dir='ltr'>rationum</span> <span class='ocrx_word' id='word_1_228' title='bbox 764 2230 802 2260; x_wconf 92' lang='lat' dir='ltr'>de</span> <span class='ocrx_word' id='word_1_229' title='bbox 825 2230 878 2260; x_wconf 88' lang='lat' dir='ltr'>illa</span> <span class='ocrx_word' id='word_1_230' title='bbox 901 2240 944 2260; x_wconf 89' lang='lat' dir='ltr'>re.</span> <span class='ocrx_word' id='word_1_231' title='bbox 969 2232 1016 2260; x_wconf 84' lang='lat' dir='ltr'>Ac</span> <span class='ocrx_word' id='word_1_232' title='bbox 1039 2240 1095 2270; x_wconf 90' lang='lat' dir='ltr'>per</span> <span class='ocrx_word' id='word_1_233' title='bbox 1113 2230 1175 2260; x_wconf 92' lang='lat' dir='ltr'>hoc</span> <span class='ocrx_word' id='word_1_234' title='bbox 1197 2230 1249 2260; x_wconf 91' lang='lat' dir='ltr'>ille</span> <span class='ocrx_word' id='word_1_235' title='bbox 1272 2231 1360 2260; x_wconf 91' lang='lat' dir='ltr'>solus</span> <span class='ocrx_word' id='word_1_236' title='bbox 1383 2230 1495 2261; x_wconf 91' lang='lat' dir='ltr'>dicitur</span> 
     </span>
     <span class='ocr_line' id='line_1_32' title="bbox 434 2273 1495 2315; baseline -0.002 -9"><span class='ocrx_word' id='word_1_237' title='bbox 434 2275 561 2315; x_wconf 90' lang='lat' dir='ltr'>proprie</span> <span class='ocrx_word' id='word_1_238' title='bbox 585 2281 615 2305; x_wconf 93' lang='lat' dir='ltr'>et</span> <span class='ocrx_word' id='word_1_239' title='bbox 638 2274 811 2304; x_wconf 84' lang='lat' dir='ltr'>formaliter</span> <span class='ocrx_word' id='word_1_240' title='bbox 829 2273 988 2314; x_wconf 87' lang='lat' dir='ltr'>disputare</span> <span class='ocrx_word' id='word_1_241' title='bbox 1012 2274 1050 2304; x_wconf 92' lang='lat' dir='ltr'>de</span> <span class='ocrx_word' id='word_1_242' title='bbox 1074 2273 1135 2304; x_wconf 90' lang='lat' dir='ltr'>fide</span> <span class='ocrx_word' id='word_1_243' title='bbox 1158 2274 1214 2314; x_wconf 90' lang='lat' dir='ltr'>qui</span> <span class='ocrx_word' id='word_1_244' title='bbox 1237 2274 1371 2304; x_wconf 89' lang='lat' dir='ltr'>intendit</span> <span class='ocrx_word' id='word_1_245' title='bbox 1389 2273 1495 2304; x_wconf 84' lang='lat' dir='ltr'>afferre</span> 
     </span>
     <span class='ocr_line' id='line_1_33' title="bbox 435 2317 1494 2358; baseline -0.002 -8"><span class='ocrx_word' id='word_1_246' title='bbox 435 2319 623 2350; x_wconf 85' lang='lat' dir='ltr'>contrariam</span> <span class='ocrx_word' id='word_1_247' title='bbox 647 2318 802 2349; x_wconf 91' lang='lat' dir='ltr'>rationem</span> <span class='ocrx_word' id='word_1_248' title='bbox 825 2318 864 2348; x_wconf 93' lang='lat' dir='ltr'>de</span> <span class='ocrx_word' id='word_1_249' title='bbox 886 2317 948 2348; x_wconf 91' lang='lat' dir='ltr'>fide</span> <span class='ocrx_word' id='word_1_250' title='bbox 971 2327 1029 2358; x_wconf 91' lang='lat' dir='ltr'>pro</span> <span class='ocrx_word' id='word_1_251' title='bbox 1053 2318 1102 2348; x_wconf 92' lang='lat' dir='ltr'>vel</span> <span class='ocrx_word' id='word_1_252' title='bbox 1124 2324 1242 2349; x_wconf 87' lang='lat' dir='ltr'>contra.</span> <span class='ocrx_word' id='word_1_253' title='bbox 1267 2318 1405 2355; x_wconf 84' lang='lat' dir='ltr'>Quando</span> <span class='ocrx_word' id='word_1_254' title='bbox 1420 2328 1494 2348; x_wconf 90' lang='lat' dir='ltr'>vero</span> 
     </span>
     <span class='ocr_line' id='line_1_34' title="bbox 436 2361 1494 2404; baseline -0.003 -10"><span class='ocrx_word' id='word_1_255' title='bbox 436 2363 548 2404; x_wconf 90' lang='lat' dir='ltr'>aliquis</span> <span class='ocrx_word' id='word_1_256' title='bbox 566 2362 652 2393; x_wconf 85' lang='lat' dir='ltr'>affert</span> <span class='ocrx_word' id='word_1_257' title='bbox 667 2362 822 2392; x_wconf 88' lang='lat' dir='ltr'>rationem</span> <span class='ocrx_word' id='word_1_258' title='bbox 838 2361 975 2402; x_wconf 83' lang='lat' dir='ltr'>aliquam</span> <span class='ocrx_word' id='word_1_259' title='bbox 994 2368 1102 2392; x_wconf 90' lang='lat' dir='ltr'>contra</span> <span class='ocrx_word' id='word_1_260' title='bbox 1120 2361 1216 2391; x_wconf 90' lang='lat' dir='ltr'>fidem</span> <span class='ocrx_word' id='word_1_261' title='bbox 1239 2371 1305 2392; x_wconf 91' lang='lat' dir='ltr'>non</span> <span class='ocrx_word' id='word_1_262' title='bbox 1319 2368 1494 2402; x_wconf 86' lang='lat' dir='ltr'>propterea,</span> 
     </span>
     <span class='ocr_line' id='line_1_35' title="bbox 435 2404 1493 2447; baseline -0.002 -10"><span class='ocrx_word' id='word_1_263' title='bbox 435 2407 490 2437; x_wconf 94' lang='lat' dir='ltr'>sed</span> <span class='ocrx_word' id='word_1_264' title='bbox 513 2407 609 2447; x_wconf 83' lang='lat' dir='ltr'>gratia</span> <span class='ocrx_word' id='word_1_265' title='bbox 634 2406 778 2442; x_wconf 85' lang='lat' dir='ltr'>exercitii,</span> <span class='ocrx_word' id='word_1_266' title='bbox 803 2415 868 2435; x_wconf 92' lang='lat' dir='ltr'>non</span> <span class='ocrx_word' id='word_1_267' title='bbox 888 2405 1027 2445; x_wconf 88' lang='lat' dir='ltr'>disputat</span> <span class='ocrx_word' id='word_1_268' title='bbox 1050 2406 1088 2435; x_wconf 94' lang='lat' dir='ltr'>de</span> <span class='ocrx_word' id='word_1_269' title='bbox 1112 2404 1173 2435; x_wconf 89' lang='lat' dir='ltr'>fide</span> <span class='ocrx_word' id='word_1_270' title='bbox 1196 2405 1255 2435; x_wconf 93' lang='lat' dir='ltr'>nisi</span> <span class='ocrx_word' id='word_1_271' title='bbox 1279 2405 1493 2436; x_wconf 88' lang='lat' dir='ltr'>materialiter:</span> 
     </span>
     <span class='ocr_line' id='line_1_36' title="bbox 435 2449 1494 2491; baseline -0.001 -10"><span class='ocrx_word' id='word_1_272' title='bbox 435 2451 516 2481; x_wconf 91' lang='lat' dir='ltr'>sicut</span> <span class='ocrx_word' id='word_1_273' title='bbox 545 2450 599 2491; x_wconf 92' lang='lat' dir='ltr'>qui</span> <span class='ocrx_word' id='word_1_274' title='bbox 623 2449 743 2490; x_wconf 87' lang='lat' dir='ltr'>profert</span> <span class='ocrx_word' id='word_1_275' title='bbox 765 2450 858 2480; x_wconf 89' lang='lat' dir='ltr'>verba</span> <span class='ocrx_word' id='word_1_276' title='bbox 888 2449 1073 2480; x_wconf 88' lang='lat' dir='ltr'>detractoria</span> <span class='ocrx_word' id='word_1_277' title='bbox 1101 2459 1166 2479; x_wconf 94' lang='lat' dir='ltr'>non</span> <span class='ocrx_word' id='word_1_278' title='bbox 1191 2456 1226 2480; x_wconf 92' lang='lat' dir='ltr'>ut</span> <span class='ocrx_word' id='word_1_279' title='bbox 1250 2449 1403 2486; x_wconf 86' lang='lat' dir='ltr'>detrahat,</span> <span class='ocrx_word' id='word_1_280' title='bbox 1429 2459 1494 2480; x_wconf 81' lang='lat' dir='ltr'>non</span> 
     </span>
     <span class='ocr_line' id='line_1_37' title="bbox 436 2493 882 2525; baseline -0.004 0"><span class='ocrx_word' id='word_1_281' title='bbox 436 2495 569 2525; x_wconf 84' lang='lat' dir='ltr'>detrahit</span> <span class='ocrx_word' id='word_1_282' title='bbox 592 2494 650 2524; x_wconf 88' lang='lat' dir='ltr'>nisi</span> <span class='ocrx_word' id='word_1_283' title='bbox 674 2493 882 2524; x_wconf 87' lang='lat' dir='ltr'>materialiter.</span> 
     </span>
    </p>

    <p class='ocr_par' dir='ltr' id='par_1_7' title="bbox 435 2537 1522 2667">
     <span class='ocr_line' id='line_1_38' title="bbox 492 2537 1494 2577; baseline -0.002 -8"><span class='ocrx_word' id='word_1_284' title='bbox 492 2539 543 2569; x_wconf 91' lang='lat'><em>111.</em></span> <span class='ocrx_word' id='word_1_285' title='bbox 568 2539 615 2569; x_wconf 82' lang='lat' dir='ltr'>Ex</span> <span class='ocrx_word' id='word_1_286' title='bbox 636 2538 684 2569; x_wconf 84' lang='lat' dir='ltr'>his</span> <span class='ocrx_word' id='word_1_287' title='bbox 709 2544 814 2568; x_wconf 86' lang='lat' dir='ltr'>autern</span> <span class='ocrx_word' id='word_1_288' title='bbox 838 2537 952 2568; x_wconf 86' lang='lat' dir='ltr'>dicitur</span> <span class='ocrx_word' id='word_1_289' title='bbox 966 2537 999 2567; x_wconf 93' lang='lat' dir='ltr'>in</span> <span class='ocrx_word' id='word_1_290' title='bbox 1015 2537 1181 2576; x_wconf 88' lang='lat' dir='ltr'>proposito</span> <span class='ocrx_word' id='word_1_291' title='bbox 1199 2537 1296 2576; x_wconf 90' lang='lat' dir='ltr'>quod,</span> <span class='ocrx_word' id='word_1_292' title='bbox 1313 2537 1388 2577; x_wconf 85' lang='lat' dir='ltr'>quia</span> <span class='ocrx_word' id='word_1_293' title='bbox 1401 2538 1494 2568; x_wconf 88' lang='lat' dir='ltr'>verba</span> 
     </span>
     <span class='ocr_line' id='line_1_39' title="bbox 435 2581 1494 2621; baseline -0.001 -8"><span class='ocrx_word' id='word_1_294' title='bbox 435 2582 608 2613; x_wconf 82' lang='lat' dir='ltr'>formaliter</span> <span class='ocrx_word' id='word_1_295' title='bbox 633 2582 834 2621; x_wconf 86' lang='lat' dir='ltr'>intelligenda</span> <span class='ocrx_word' id='word_1_296' title='bbox 857 2588 939 2617; x_wconf 92' lang='lat' dir='ltr'>sunt,</span> <span class='ocrx_word' id='word_1_297' title='bbox 957 2588 987 2611; x_wconf 86' lang='lat' dir='ltr'>et</span> <span class='ocrx_word' id='word_1_298' title='bbox 1010 2590 1131 2620; x_wconf 86' lang='lat' dir='ltr'>poenae</span> <span class='ocrx_word' id='word_1_299' title='bbox 1151 2590 1217 2611; x_wconf 90' lang='lat' dir='ltr'>non</span> <span class='ocrx_word' id='word_1_300' title='bbox 1240 2587 1314 2611; x_wconf 88' lang='lat' dir='ltr'>sunt</span> <span class='ocrx_word' id='word_1_301' title='bbox 1329 2581 1494 2612; x_wconf 85' lang='lat' dir='ltr'>extenden-</span> 
     </span>
     <span class='ocr_line' id='line_1_40' title="bbox 436 2624 1522 2667; baseline -0.001 -10"><span class='ocrx_word' id='word_1_302' title='bbox 436 2627 511 2663; x_wconf 89' lang='lat' dir='ltr'>dae;</span> <span class='ocrx_word' id='word_1_303' title='bbox 535 2626 623 2667; x_wconf 94' lang='lat' dir='ltr'>quod</span> <span class='ocrx_word' id='word_1_304' title='bbox 645 2625 713 2656; x_wconf 90' lang='lat' dir='ltr'>iura</span> <span class='ocrx_word' id='word_1_305' title='bbox 729 2635 795 2655; x_wconf 91' lang='lat' dir='ltr'>non</span> <span class='ocrx_word' id='word_1_306' title='bbox 809 2624 978 2665; x_wconf 88' lang='lat' dir='ltr'>prohibent</span> <span class='ocrx_word' id='word_1_307' title='bbox 998 2624 1246 2664; x_wconf 89' lang='lat' dir='ltr'>disputationem</span> <span class='ocrx_word' id='word_1_308' title='bbox 1265 2625 1303 2655; x_wconf 88' lang='lat' dir='ltr'>de</span> <span class='ocrx_word' id='word_1_309' title='bbox 1322 2624 1383 2655; x_wconf 94' lang='lat' dir='ltr'>fide</span> <span class='ocrx_word' id='word_1_310' title='bbox 1399 2625 1494 2656; x_wconf 88' lang='lat' dir='ltr'>laicae</span> <span class='ocrx_word' id='word_1_311' title='bbox 1519 2624 1522 2662; x_wconf 80' lang='lat' dir='ltr'>J</span> 
     </span>
    </p>
   </div>
   <div class='ocr_carea' id='block_1_4' title="bbox 1133 187 1916 235">
    <p class='ocr_par' dir='ltr' id='par_1_8' title="bbox 1133 187 1916 235">
     <span class='ocr_line' id='line_1_41' title="bbox 1133 187 1916 235; baseline -0.001 -11"><span class='ocrx_word' id='word_1_312' title='bbox 1133 188 1398 234; x_wconf 88' lang='lat' dir='ltr'>QUAESTIO</span> <span class='ocrx_word' id='word_1_313' title='bbox 1429 189 1479 235; x_wconf 86' lang='lat' dir='ltr'>X,</span> <span class='ocrx_word' id='word_1_314' title='bbox 1509 188 1803 224; x_wconf 89' lang='lat' dir='ltr'>ARTICULUS</span> <span class='ocrx_word' id='word_1_315' title='bbox 1831 187 1916 223; x_wconf 87' lang='lat' dir='ltr'>VIII</span> 
     </span>
    </p>
   </div>
   <div class='ocr_carea' id='block_1_5' title="bbox 1550 265 2607 418">
    <p class='ocr_par' dir='ltr' id='par_1_9' title="bbox 1550 265 2607 418">
     <span class='ocr_line' id='line_1_42' title="bbox 1550 265 2605 313; baseline 0.002 -11"><span class='ocrx_word' id='word_1_316' title='bbox 1550 266 1812 302; x_wconf 87' lang='lat' dir='ltr'>confutandos.</span> <span class='ocrx_word' id='word_1_317' title='bbox 1843 265 2005 313; x_wconf 88' lang='lat' dir='ltr'>Oportet</span> <span class='ocrx_word' id='word_1_318' title='bbox 2024 265 2125 301; x_wconf 91' lang='lat' dir='ltr'>enim</span> <span class='ocrx_word' id='word_1_319' title='bbox 2153 266 2203 302; x_wconf 87' lang='lat' dir='ltr'>ad</span> <span class='ocrx_word' id='word_1_320' title='bbox 2229 266 2320 304; x_wconf 86' lang='lat' dir='ltr'>fidei</span> <span class='ocrx_word' id='word_1_321' title='bbox 2349 267 2605 304; x_wconf 81' lang='lat' dir='ltr'>confirmatio-</span> 
     </span>
     <span class='ocr_line' id='line_1_43' title="bbox 1550 317 2606 368; baseline 0.002 -13"><span class='ocrx_word' id='word_1_322' title='bbox 1550 330 1638 355; x_wconf 88' lang='lat' dir='ltr'>nem</span> <span class='ocrx_word' id='word_1_323' title='bbox 1668 317 1870 366; x_wconf 89' lang='lat' dir='ltr'>aliquando</span> <span class='ocrx_word' id='word_1_324' title='bbox 1900 329 1987 354; x_wconf 88' lang='lat' dir='ltr'>cum</span> <span class='ocrx_word' id='word_1_325' title='bbox 2014 317 2230 355; x_wconf 86' lang='lat' dir='ltr'>infidelibus</span> <span class='ocrx_word' id='word_1_326' title='bbox 2259 319 2463 368; x_wconf 86' lang='lat' dir='ltr'>disputare,</span> <span class='ocrx_word' id='word_1_327' title='bbox 2487 332 2606 368; x_wconf 88' lang='lat' dir='ltr'>quan-</span> 
     </span>
     <span class='ocr_line' id='line_1_44' title="bbox 1551 369 2607 418; baseline 0.003 -12"><span class='ocrx_word' id='word_1_328' title='bbox 1551 371 1676 418; x_wconf 92' lang='lat' dir='ltr'>doque</span> <span class='ocrx_word' id='word_1_329' title='bbox 1706 369 1860 417; x_wconf 85' lang='lat' dir='ltr'>quidem</span> <span class='ocrx_word' id='word_1_330' title='bbox 1890 369 2129 407; x_wconf 90' lang='lat' dir='ltr'>defendendo</span> <span class='ocrx_word' id='word_1_331' title='bbox 2158 370 2296 417; x_wconf 78' lang='lat' dir='ltr'>fidem,</span> <span class='ocrx_word' id='word_1_332' title='bbox 2325 372 2538 409; x_wconf 85' lang='lat' dir='ltr'>secundum</span> <span class='ocrx_word' id='word_1_333' title='bbox 2566 373 2607 409; x_wconf 90' lang='lat' dir='ltr'>il-</span> 
     </span>
    </p>
   </div>
   <div class='ocr_carea' id='block_1_6' title="bbox 1549 421 2770 473">
    <p class='ocr_par' dir='ltr' id='par_1_10' title="bbox 1549 421 2770 473">
     <span class='ocr_line' id='line_1_45' title="bbox 1549 421 2770 473; baseline 0.003 -15"><span class='ocrx_word' id='word_1_334' title='bbox 1549 423 1613 459; x_wconf 91' lang='lat' dir='ltr'>lud</span> <span class='ocrx_word' id='word_1_335' title='bbox 1643 424 1655 458; x_wconf 90' lang='lat'><em>1</em></span> <span class='ocrx_word' id='word_1_336' title='bbox 1685 423 1765 458; x_wconf 90' lang='lat' dir='ltr'>Pet.</span> <span class='ocrx_word' id='word_1_337' title='bbox 1795 434 1830 458; x_wconf 88' lang='lat'>111</span> <span class='ocrx_word' id='word_1_338' title='bbox 1848 421 1884 458; x_wconf 73' lang='grc' dir='ltr'>*ε</span> <span class='ocrx_word' id='word_1_339' title='bbox 1912 423 2044 459; x_wconf 87' lang='lat' dir='ltr'>Parati</span> <span class='ocrx_word' id='word_1_340' title='bbox 2069 433 2214 470; x_wconf 81' lang='lat' dir='ltr'>semper</span> <span class='ocrx_word' id='word_1_341' title='bbox 2239 424 2292 460; x_wconf 84' lang='lat' dir='ltr'>ad</span> <span class='ocrx_word' id='word_1_342' title='bbox 2315 425 2606 473; x_wconf 80' lang='lat' dir='ltr'>satisfactionem</span> <span class='ocrx_word' id='word_1_343' title='bbox 2633 433 2644 444; x_wconf 73' lang='lat'>⁸</span> <span class='ocrx_word' id='word_1_344' title='bbox 2659 433 2726 455; x_wconf 75' lang='lat' dir='ltr'>Ven·</span> <span class='ocrx_word' id='word_1_345' title='bbox 2741 439 2770 461; x_wconf 78' lang='grc' dir='ltr'>ι5·</span> 
     </span>
    </p>
   </div>
   <div class='ocr_carea' id='block_1_7' title="bbox 1547 475 2607 576">
    <p class='ocr_par' dir='ltr' id='par_1_11' title="bbox 1547 475 2607 576">
     <span class='ocr_line' id='line_1_46' title="bbox 1549 475 2604 525; baseline 0.003 -14"><span class='ocrx_word' id='word_1_346' title='bbox 1549 475 1653 511; x_wconf 86' lang='lat' dir='ltr'>omni</span> <span class='ocrx_word' id='word_1_347' title='bbox 1681 475 1851 522; x_wconf 87' lang='lat' dir='ltr'>poscenti</span> <span class='ocrx_word' id='word_1_348' title='bbox 1885 486 1951 512; x_wconf 80' lang='lat' dir='ltr'>vos</span> <span class='ocrx_word' id='word_1_349' title='bbox 1988 475 2171 511; x_wconf 88' lang='lat' dir='ltr'>rationem</span> <span class='ocrx_word' id='word_1_350' title='bbox 2208 475 2254 512; x_wconf 86' lang='lat' dir='ltr'>de</span> <span class='ocrx_word' id='word_1_351' title='bbox 2280 487 2324 513; x_wconf 89' lang='lat' dir='ltr'>ea</span> <span class='ocrx_word' id='word_1_352' title='bbox 2360 488 2458 525; x_wconf 84' lang='lat' dir='ltr'>quae</span> <span class='ocrx_word' id='word_1_353' title='bbox 2489 483 2542 514; x_wconf 87' lang='lat' dir='ltr'>est</span> <span class='ocrx_word' id='word_1_354' title='bbox 2568 478 2604 514; x_wconf 89' lang='lat' dir='ltr'>in</span> 
     </span>
     <span class='ocr_line' id='line_1_47' title="bbox 1547 527 2607 576; baseline 0.004 -13"><span class='ocrx_word' id='word_1_355' title='bbox 1547 528 1652 564; x_wconf 82' lang='lat' dir='ltr'>vobis</span> <span class='ocrx_word' id='word_1_356' title='bbox 1677 539 1742 575; x_wconf 85' lang='lat' dir='ltr'>spe</span> <span class='ocrx_word' id='word_1_357' title='bbox 1760 533 1796 563; x_wconf 88' lang='lat' dir='ltr'>et</span> <span class='ocrx_word' id='word_1_358' title='bbox 1809 528 1892 575; x_wconf 86' lang='lat' dir='ltr'>fide</span> <span class='ocrx_word' id='word_1_359' title='bbox 1900 541 1914 572; x_wconf 91' lang='lat'>‚·</span> <span class='ocrx_word' id='word_1_360' title='bbox 1940 527 2172 576; x_wconf 87' lang='lat' dir='ltr'>quandoque</span> <span class='ocrx_word' id='word_1_361' title='bbox 2201 535 2329 565; x_wconf 88' lang='lat' dir='ltr'>autern</span> <span class='ocrx_word' id='word_1_362' title='bbox 2349 528 2361 553; x_wconf 64' lang='lat'><strong>²</strong></span> <span class='ocrx_word' id='word_1_363' title='bbox 2380 530 2429 566; x_wconf 86' lang='lat' dir='ltr'>ad</span> <span class='ocrx_word' id='word_1_364' title='bbox 2449 529 2607 567; x_wconf 89' lang='lat' dir='ltr'>convin-</span> 
     </span>
    </p>
   </div>
   <div class='ocr_carea' id='block_1_8' title="bbox 1547 1219 2609 1480">
    <p class='ocr_par' dir='ltr' id='par_1_12' title="bbox 1547 1219 2609 1480">
     <span class='ocr_line' id='line_1_48' title="bbox 1548 1219 2606 1262; baseline 0.005 -14"><span class='ocrx_word' id='word_1_365' title='bbox 1548 1219 1623 1259; x_wconf 86' lang='lat' dir='ltr'>quia</span> <span class='ocrx_word' id='word_1_366' title='bbox 1645 1219 1729 1259; x_wconf 87' lang='lat' dir='ltr'>leges</span> <span class='ocrx_word' id='word_1_367' title='bbox 1762 1219 1906 1249; x_wconf 87' lang='lat' dir='ltr'>feruntur</span> <span class='ocrx_word' id='word_1_368' title='bbox 1935 1220 2112 1250; x_wconf 83' lang='lat' dir='ltr'>secundum</span> <span class='ocrx_word' id='word_1_369' title='bbox 2138 1220 2170 1250; x_wconf 91' lang='lat' dir='ltr'>id</span> <span class='ocrx_word' id='word_1_370' title='bbox 2194 1221 2283 1260; x_wconf 85' lang='lat' dir='ltr'>quod</span> <span class='ocrx_word' id='word_1_371' title='bbox 2311 1227 2358 1252; x_wconf 83' lang='lat' dir='ltr'>est</span> <span class='ocrx_word' id='word_1_372' title='bbox 2379 1222 2413 1251; x_wconf 89' lang='lat' dir='ltr'>in</span> <span class='ocrx_word' id='word_1_373' title='bbox 2441 1222 2606 1262; x_wconf 82' lang='lat' dir='ltr'>pluribus:</span> 
     </span>
     <span class='ocr_line' id='line_1_49' title="bbox 1548 1262 2608 1297; baseline 0.005 -5"><span class='ocrx_word' id='word_1_374' title='bbox 1548 1262 1760 1293; x_wconf 90' lang='lat' dir='ltr'>communiter</span> <span class='ocrx_word' id='word_1_375' title='bbox 1787 1269 1895 1293; x_wconf 88' lang='lat' dir='ltr'>autem</span> <span class='ocrx_word' id='word_1_376' title='bbox 1922 1263 1992 1293; x_wconf 84' lang='lat' dir='ltr'>laici</span> <span class='ocrx_word' id='word_1_377' title='bbox 2016 1273 2082 1293; x_wconf 90' lang='lat' dir='ltr'>non</span> <span class='ocrx_word' id='word_1_378' title='bbox 2110 1270 2184 1294; x_wconf 93' lang='lat' dir='ltr'>sunt</span> <span class='ocrx_word' id='word_1_379' title='bbox 2207 1264 2293 1295; x_wconf 90' lang='lat' dir='ltr'>docti</span> <span class='ocrx_word' id='word_1_380' title='bbox 2321 1264 2353 1294; x_wconf 91' lang='lat' dir='ltr'>in</span> <span class='ocrx_word' id='word_1_381' title='bbox 2376 1263 2438 1295; x_wconf 89' lang='lat' dir='ltr'>fide</span> <span class='ocrx_word' id='word_1_382' title='bbox 2469 1266 2549 1296; x_wconf 87' lang='lat' dir='ltr'>adeo</span> <span class='ocrx_word' id='word_1_383' title='bbox 2572 1274 2608 1297; x_wconf 90' lang='lat' dir='ltr'>ut</span> 
     </span>
     <span class='ocr_line' id='line_1_50' title="bbox 1548 1303 2608 1348; baseline 0.005 -12"><span class='ocrx_word' id='word_1_384' title='bbox 1548 1306 1609 1338; x_wconf 90' lang='lat' dir='ltr'>sint</span> <span class='ocrx_word' id='word_1_385' title='bbox 1632 1306 1774 1346; x_wconf 87' lang='lat' dir='ltr'>theologi</span> <span class='ocrx_word' id='word_1_386' title='bbox 1797 1303 1986 1337; x_wconf 84' lang='lat' dir='ltr'>sufficientes</span> <span class='ocrx_word' id='word_1_387' title='bbox 2010 1307 2049 1337; x_wconf 91' lang='lat' dir='ltr'>ad</span> <span class='ocrx_word' id='word_1_388' title='bbox 2071 1307 2143 1338; x_wconf 91' lang='lat' dir='ltr'>hoc.</span> <span class='ocrx_word' id='word_1_389' title='bbox 2168 1308 2259 1338; x_wconf 90' lang='lat' dir='ltr'>Unde</span> <span class='ocrx_word' id='word_1_390' title='bbox 2275 1315 2384 1348; x_wconf 91' lang='lat' dir='ltr'>posset</span> <span class='ocrx_word' id='word_1_391' title='bbox 2400 1308 2484 1339; x_wconf 87' lang='lat' dir='ltr'>licite</span> <span class='ocrx_word' id='word_1_392' title='bbox 2499 1316 2608 1341; x_wconf 82' lang='lat' dir='ltr'>contra</span> 
     </span>
     <span class='ocr_line' id='line_1_51' title="bbox 1547 1350 2609 1392; baseline 0.004 -12"><span class='ocrx_word' id='word_1_393' title='bbox 1547 1350 1628 1381; x_wconf 88' lang='lat' dir='ltr'>hanc</span> <span class='ocrx_word' id='word_1_394' title='bbox 1650 1350 1754 1390; x_wconf 89' lang='lat' dir='ltr'>legem</span> <span class='ocrx_word' id='word_1_395' title='bbox 1778 1350 1929 1390; x_wconf 89' lang='lat' dir='ltr'>disputari</span> <span class='ocrx_word' id='word_1_396' title='bbox 1952 1360 1969 1380; x_wconf 89' lang='lat' dir='ltr'>a</span> <span class='ocrx_word' id='word_1_397' title='bbox 1992 1350 2073 1382; x_wconf 88' lang='lat' dir='ltr'>laico</span> <span class='ocrx_word' id='word_1_398' title='bbox 2098 1351 2202 1388; x_wconf 84' lang='lat' dir='ltr'>docto,</span> <span class='ocrx_word' id='word_1_399' title='bbox 2218 1351 2349 1392; x_wconf 88' lang='lat' dir='ltr'>quando</span> <span class='ocrx_word' id='word_1_400' title='bbox 2365 1361 2456 1382; x_wconf 78' lang='lat' dir='ltr'>casus</span> <span class='ocrx_word' id='word_1_401' title='bbox 2479 1359 2560 1384; x_wconf 68' lang='lat' dir='ltr'>esset</span> <span class='ocrx_word' id='word_1_402' title='bbox 2574 1361 2609 1384; x_wconf 91' lang='lat' dir='ltr'>ut</span> 
     </span>
     <span class='ocr_line' id='line_1_52' title="bbox 1548 1395 2608 1436; baseline 0.003 -12"><span class='ocrx_word' id='word_1_403' title='bbox 1548 1404 1614 1425; x_wconf 91' lang='lat' dir='ltr'>non</span> <span class='ocrx_word' id='word_1_404' title='bbox 1638 1395 1813 1425; x_wconf 89' lang='lat' dir='ltr'>secundum</span> <span class='ocrx_word' id='word_1_405' title='bbox 1835 1395 1938 1431; x_wconf 85' lang='lat' dir='ltr'>verba,</span> <span class='ocrx_word' id='word_1_406' title='bbox 1963 1395 2018 1425; x_wconf 91' lang='lat' dir='ltr'>sed</span> <span class='ocrx_word' id='word_1_407' title='bbox 2039 1395 2249 1426; x_wconf 88' lang='lat' dir='ltr'>intentionem</span> <span class='ocrx_word' id='word_1_408' title='bbox 2271 1395 2359 1435; x_wconf 87' lang='lat' dir='ltr'>legis,</span> <span class='ocrx_word' id='word_1_409' title='bbox 2384 1396 2544 1436; x_wconf 81' lang='lat' dir='ltr'>agendum</span> <span class='ocrx_word' id='word_1_410' title='bbox 2562 1406 2608 1427; x_wconf 89' lang='lat' dir='ltr'>es-</span> 
     </span>
     <span class='ocr_line' id='line_1_53' title="bbox 1547 1438 2607 1480; baseline 0.003 -12"><span class='ocrx_word' id='word_1_411' title='bbox 1547 1445 1611 1469; x_wconf 87' lang='lat' dir='ltr'>set:</span> <span class='ocrx_word' id='word_1_412' title='bbox 1635 1445 1732 1479; x_wconf 91' lang='lat' dir='ltr'>prout</span> <span class='ocrx_word' id='word_1_413' title='bbox 1754 1438 1786 1468; x_wconf 92' lang='lat' dir='ltr'>in</span> <span class='ocrx_word' id='word_1_414' title='bbox 1811 1438 1976 1469; x_wconf 89' lang='lat' dir='ltr'>communi</span> <span class='ocrx_word' id='word_1_415' title='bbox 2011 1439 2049 1469; x_wconf 94' lang='lat' dir='ltr'>de</span> <span class='ocrx_word' id='word_1_416' title='bbox 2072 1439 2258 1470; x_wconf 88' lang='lat' dir='ltr'>huiusmodi</span> <span class='ocrx_word' id='word_1_417' title='bbox 2280 1439 2536 1480; x_wconf 88' lang='lat' dir='ltr'>interpretatione</span> <span class='ocrx_word' id='word_1_418' title='bbox 2564 1440 2607 1471; x_wconf 94' lang='lat' dir='ltr'>le-</span> 
     </span>
    </p>
   </div>
   <div class='ocr_carea' id='block_1_9' title="bbox 198 578 2766 1217">
    <p class='ocr_par' dir='ltr' id='par_1_13' title="bbox 198 578 2766 1217">
     <span class='ocr_line' id='line_1_54' title="bbox 298 578 2766 627; baseline -0 -8"><span class='ocrx_word' id='word_1_419' title='bbox 298 585 313 609; x_wconf 76' lang='grc' dir='ltr'><strong>ὃ</strong></span> <span class='ocrx_word' id='word_1_420' title='bbox 440 582 529 619; x_wconf 91' lang='lat' dir='ltr'>fidei</span> <span class='ocrx_word' id='word_1_421' title='bbox 560 581 889 618; x_wconf 87' lang='lat' dir='ltr'>conservationem</span> <span class='ocrx_word' id='word_1_422' title='bbox 909 578 933 616; x_wconf 64' lang='grc' dir='ltr'>ὃ.</span> <span class='ocrx_word' id='word_1_423' title='bbox 1550 580 1691 616; x_wconf 85' lang='lat' dir='ltr'>cendos</span> <span class='ocrx_word' id='word_1_424' title='bbox 1721 587 1897 627; x_wconf 82' lang='lat' dir='ltr'>errantes,</span> <span class='ocrx_word' id='word_1_425' title='bbox 1927 580 2140 617; x_wconf 86' lang='lat' dir='ltr'>secundum</span> <span class='ocrx_word' id='word_1_426' title='bbox 2169 579 2258 617; x_wconf 88' lang='lat' dir='ltr'>illud</span> <span class='ocrx_word' id='word_1_427' title='bbox 2282 581 2337 617; x_wconf 87' lang='lat' dir='ltr'>-ad</span> <span class='ocrx_word' id='word_1_428' title='bbox 2366 582 2435 619; x_wconf 83' lang='lat' dir='ltr'>Tit.</span> <span class='ocrx_word' id='word_1_429' title='bbox 2457 582 2526 619; x_wconf 66' lang='lat'>1³⁸⁸:</span> <span class='ocrx_word' id='word_1_430' title='bbox 2561 583 2610 620; x_wconf 89' lang='lat' dir='ltr'>Ut</span> <span class='ocrx_word' id='word_1_431' title='bbox 2636 584 2726 607; x_wconf 66' lang='lat' dir='ltr'>&#39;Vffl-</span> <span class='ocrx_word' id='word_1_432' title='bbox 2742 591 2766 612; x_wconf 81' lang='lat'>9-</span> 
     </span>
     <span class='ocr_line' id='line_1_55' title="bbox 493 632 2610 683; baseline 0 -12"><span class='ocrx_word' id='word_1_433' title='bbox 493 637 550 671; x_wconf 79' lang='lat' dir='ltr'>An</span> <span class='ocrx_word' id='word_1_434' title='bbox 570 645 727 670; x_wconf 77' lang='lat' dir='ltr'>TERTluM</span> <span class='ocrx_word' id='word_1_435' title='bbox 746 645 928 670; x_wconf 83' lang='lat' dir='ltr'>DlCENDUM</span> <span class='ocrx_word' id='word_1_436' title='bbox 953 632 1056 680; x_wconf 94' lang='lat' dir='ltr'>quod</span> <span class='ocrx_word' id='word_1_437' title='bbox 1081 644 1159 668; x_wconf 92' lang='lat' dir='ltr'>non</span> <span class='ocrx_word' id='word_1_438' title='bbox 1180 633 1293 669; x_wconf 89' lang='lat' dir='ltr'>debet</span> <span class='ocrx_word' id='word_1_439' title='bbox 1317 632 1496 681; x_wconf 87' lang='lat' dir='ltr'>disputari</span> <span class='ocrx_word' id='word_1_440' title='bbox 1548 633 1594 669; x_wconf 85' lang='lat' dir='ltr'>sit</span> <span class='ocrx_word' id='word_1_441' title='bbox 1618 638 1748 680; x_wconf 87' lang='lat' dir='ltr'>potens</span> <span class='ocrx_word' id='word_1_442' title='bbox 1775 634 1971 670; x_wconf 87' lang='lat' dir='ltr'>exhortari</span> <span class='ocrx_word' id='word_1_443' title='bbox 1997 634 2033 670; x_wconf 87' lang='lat' dir='ltr'>in</span> <span class='ocrx_word' id='word_1_444' title='bbox 2063 633 2232 670; x_wconf 85' lang='lat' dir='ltr'>doctrina</span> <span class='ocrx_word' id='word_1_445' title='bbox 2259 645 2366 679; x_wconf 85' lang='lat' dir='ltr'>sana,</span> <span class='ocrx_word' id='word_1_446' title='bbox 2393 640 2430 671; x_wconf 91' lang='lat' dir='ltr'>et</span> <span class='ocrx_word' id='word_1_447' title='bbox 2454 646 2516 672; x_wconf 90' lang='lat' dir='ltr'>eos</span> <span class='ocrx_word' id='word_1_448' title='bbox 2544 636 2610 683; x_wconf 83' lang='lat' dir='ltr'>qui</span> 
     </span>
     <span class='ocr_line' id='line_1_56' title="bbox 303 685 2008 735; baseline -0.001 -12"><span class='ocrx_word' id='word_1_449' title='bbox 303 696 314 713; x_wconf 59' lang='grc' dir='ltr'><strong>Β</strong></span> <span class='ocrx_word' id='word_1_450' title='bbox 440 687 486 723; x_wconf 91' lang='lat' dir='ltr'>de</span> <span class='ocrx_word' id='word_1_451' title='bbox 515 687 571 722; x_wconf 90' lang='lat' dir='ltr'>his</span> <span class='ocrx_word' id='word_1_452' title='bbox 599 698 695 733; x_wconf 88' lang='lat' dir='ltr'>quae</span> <span class='ocrx_word' id='word_1_453' title='bbox 725 694 810 722; x_wconf 90' lang='lat' dir='ltr'>sunt</span> <span class='ocrx_word' id='word_1_454' title='bbox 838 685 927 722; x_wconf 85' lang='lat' dir='ltr'>fidei</span> <span class='ocrx_word' id='word_1_455' title='bbox 957 685 1064 733; x_wconf 90' lang='lat' dir='ltr'>quasi</span> <span class='ocrx_word' id='word_1_456' title='bbox 1083 690 1094 705; x_wconf 72' lang='lat'>⁵</span> <span class='ocrx_word' id='word_1_457' title='bbox 1115 685 1161 721; x_wconf 93' lang='lat' dir='ltr'>de</span> <span class='ocrx_word' id='word_1_458' title='bbox 1187 685 1239 721; x_wconf 89' lang='lat' dir='ltr'>eis</span> <span class='ocrx_word' id='word_1_459' title='bbox 1268 685 1494 722; x_wconf 91' lang='lat' dir='ltr'>dubitando:</span> <span class='ocrx_word' id='word_1_460' title='bbox 1549 685 1808 722; x_wconf 84' lang='lat' dir='ltr'>contradicunt</span> <span class='ocrx_word' id='word_1_461' title='bbox 1833 697 2008 735; x_wconf 79' lang='lat' dir='ltr'>arguere.</span> 
     </span>
     <span class='ocr_line' id='line_1_57' title="bbox 438 738 1494 786; baseline -0.002 -11"><span class='ocrx_word' id='word_1_462' title='bbox 438 739 505 775; x_wconf 91' lang='lat' dir='ltr'>sed</span> <span class='ocrx_word' id='word_1_463' title='bbox 533 746 686 786; x_wconf 91' lang='lat' dir='ltr'>propter</span> <span class='ocrx_word' id='word_1_464' title='bbox 709 738 907 775; x_wconf 87' lang='lat' dir='ltr'>veritatem</span> <span class='ocrx_word' id='word_1_465' title='bbox 937 738 1254 775; x_wconf 84' lang='lat' dir='ltr'>manifestandam</span> <span class='ocrx_word' id='word_1_466' title='bbox 1285 745 1320 773; x_wconf 90' lang='lat' dir='ltr'>et</span> <span class='ocrx_word' id='word_1_467' title='bbox 1348 749 1494 774; x_wconf 88' lang='lat' dir='ltr'>errores</span> 
     </span>
     <span class='ocr_line' id='line_1_58' title="bbox 489 854 2256 889; baseline 0.002 -11"><span class='ocrx_word' id='word_1_468' title='bbox 489 854 514 886; x_wconf 82' lang='grc' dir='ltr'>ὃ)</span> <span class='ocrx_word' id='word_1_469' title='bbox 533 855 767 880; x_wconf 77' lang='lat' dir='ltr'>conservationem.</span> <span class='ocrx_word' id='word_1_470' title='bbox 785 869 804 874; x_wconf 99' lang='lat'>—</span> <span class='ocrx_word' id='word_1_471' title='bbox 821 855 1049 887; x_wconf 79' lang='lat' dir='ltr'>confirmationem</span> <span class='ocrx_word' id='word_1_472' title='bbox 1068 857 1114 881; x_wconf 81' lang='lat' dir='ltr'>Pa.</span> <span class='ocrx_word' id='word_1_473' title='bbox 1601 855 1627 889; x_wconf 81' lang='grc' dir='ltr'>ζ)</span> <span class='ocrx_word' id='word_1_474' title='bbox 1646 859 1743 882; x_wconf 81' lang='lat' dir='ltr'>autem.</span> <span class='ocrx_word' id='word_1_475' title='bbox 1760 870 1780 876; x_wconf 96' lang='lat'><em>-</em></span> <span class='ocrx_word' id='word_1_476' title='bbox 1797 857 1877 882; x_wconf 79' lang='lat' dir='ltr'>etiam</span> <span class='ocrx_word' id='word_1_477' title='bbox 1895 858 1967 887; x_wconf 72' lang='grc' dir='ltr'><strong>ΑΒΚ,</strong></span> <span class='ocrx_word' id='word_1_478' title='bbox 1985 860 2075 882; x_wconf 83' lang='lat' dir='ltr'>autem</span> <span class='ocrx_word' id='word_1_479' title='bbox 2094 857 2174 882; x_wconf 81' lang='lat' dir='ltr'>etiam</span> <span class='ocrx_word' id='word_1_480' title='bbox 2196 857 2256 881; x_wconf 63' lang='grc' dir='ltr'>[ΚΒ.</span> 
     </span>
     <span class='ocr_line' id='line_1_59' title="bbox 490 890 885 923; baseline 0 -8"><span class='ocrx_word' id='word_1_481' title='bbox 490 892 512 922; x_wconf 84' lang='grc' dir='ltr'>ε)</span> <span class='ocrx_word' id='word_1_482' title='bbox 531 890 615 922; x_wconf 85' lang='lat' dir='ltr'>quasi.</span> <span class='ocrx_word' id='word_1_483' title='bbox 632 904 650 909; x_wconf 94' lang='lat'><em>-</em></span> <span class='ocrx_word' id='word_1_484' title='bbox 667 890 730 923; x_wconf 85' lang='lat' dir='ltr'>quia</span> <span class='ocrx_word' id='word_1_485' title='bbox 750 890 885 923; x_wconf 72' lang='lat' dir='ltr'>ABFHpn.</span> 
     </span>
     <span class='ocr_line' id='line_1_60' title="bbox 1109 965 1935 1000; baseline 0 -2"><span class='ocrx_word' id='word_1_486' title='bbox 1109 965 1441 998; x_wconf 71' lang='lat' dir='ltr'>Commentario.</span> <span class='ocrx_word' id='word_1_487' title='bbox 1462 965 1712 1000; x_wconf 71' lang='lat' dir='ltr'>Car-clinans</span> <span class='ocrx_word' id='word_1_488' title='bbox 1734 966 1935 1000; x_wconf 74' lang='lat' dir='ltr'>Caietam</span> 
     </span>
     <span class='ocr_line' id='line_1_61' title="bbox 440 1044 2610 1118; baseline 0 -43"><span class='ocrx_word' id='word_1_489' title='bbox 440 1056 486 1118; x_wconf 75' lang='lat' dir='ltr'>IN</span> <span class='ocrx_word' id='word_1_490' title='bbox 510 1045 641 1076; x_wconf 87' lang='lat' dir='ltr'>articulo</span> <span class='ocrx_word' id='word_1_491' title='bbox 669 1044 805 1084; x_wconf 89' lang='lat' dir='ltr'>septimo</span> <span class='ocrx_word' id='word_1_492' title='bbox 835 1044 976 1074; x_wconf 89' lang='lat' dir='ltr'>eiusdem</span> <span class='ocrx_word' id='word_1_493' title='bbox 1006 1044 1199 1084; x_wconf 85' lang='lat' dir='ltr'>quaestionis</span> <span class='ocrx_word' id='word_1_494' title='bbox 1231 1045 1295 1075; x_wconf 95' lang='lat' dir='ltr'>duo</span> <span class='ocrx_word' id='word_1_495' title='bbox 1325 1051 1494 1075; x_wconf 91' lang='lat' dir='ltr'>occurrunt</span> <span class='ocrx_word' id='word_1_496' title='bbox 1547 1055 1699 1085; x_wconf 90' lang='lat' dir='ltr'>personae</span> <span class='ocrx_word' id='word_1_497' title='bbox 1714 1045 1774 1075; x_wconf 91' lang='lat' dir='ltr'>nisi</span> <span class='ocrx_word' id='word_1_498' title='bbox 1796 1044 1969 1076; x_wconf 82' lang='lat' dir='ltr'>formaliter</span> <span class='ocrx_word' id='word_1_499' title='bbox 1983 1045 2185 1077; x_wconf 83' lang='lat' dir='ltr'>intellectam.</span> <span class='ocrx_word' id='word_1_500' title='bbox 2216 1045 2303 1076; x_wconf 84' lang='lat' dir='ltr'>Haec</span> <span class='ocrx_word' id='word_1_501' title='bbox 2326 1051 2434 1077; x_wconf 89' lang='lat' dir='ltr'>autem</span> <span class='ocrx_word' id='word_1_502' title='bbox 2455 1046 2610 1088; x_wconf 81' lang='lat' dir='ltr'>contingit</span> 
     </span>
     <span class='ocr_line' id='line_1_62' title="bbox 467 1087 2606 1130; baseline 0.001 -12"><span class='ocrx_word' id='word_1_503' title='bbox 467 1088 578 1119; x_wconf 89' lang='lat' dir='ltr'>dubia:</span> <span class='ocrx_word' id='word_1_504' title='bbox 603 1088 736 1119; x_wconf 88' lang='lat' dir='ltr'>alterum</span> <span class='ocrx_word' id='word_1_505' title='bbox 761 1098 797 1118; x_wconf 83' lang='lat' dir='ltr'>ex</span> <span class='ocrx_word' id='word_1_506' title='bbox 817 1095 907 1128; x_wconf 89' lang='lat' dir='ltr'>parte</span> <span class='ocrx_word' id='word_1_507' title='bbox 928 1088 1173 1128; x_wconf 90' lang='lat' dir='ltr'>disputantium;</span> <span class='ocrx_word' id='word_1_508' title='bbox 1198 1089 1331 1119; x_wconf 91' lang='lat' dir='ltr'>alterum</span> <span class='ocrx_word' id='word_1_509' title='bbox 1354 1099 1391 1119; x_wconf 84' lang='lat' dir='ltr'>ex</span> <span class='ocrx_word' id='word_1_510' title='bbox 1407 1095 1493 1129; x_wconf 87' lang='lat' dir='ltr'>parte</span> <span class='ocrx_word' id='word_1_511' title='bbox 1548 1089 1676 1130; x_wconf 86' lang='lat' dir='ltr'>quando</span> <span class='ocrx_word' id='word_1_512' title='bbox 1701 1089 1750 1119; x_wconf 92' lang='lat' dir='ltr'>vel</span> <span class='ocrx_word' id='word_1_513' title='bbox 1773 1089 1969 1119; x_wconf 88' lang='lat' dir='ltr'>defendenda</span> <span class='ocrx_word' id='word_1_514' title='bbox 1991 1087 2078 1126; x_wconf 82' lang='lat' dir='ltr'>fides,</span> <span class='ocrx_word' id='word_1_515' title='bbox 2102 1090 2153 1120; x_wconf 91' lang='lat' dir='ltr'>vel</span> <span class='ocrx_word' id='word_1_516' title='bbox 2170 1089 2413 1120; x_wconf 84' lang='lat' dir='ltr'>confundendus</span> <span class='ocrx_word' id='word_1_517' title='bbox 2430 1100 2516 1121; x_wconf 90' lang='lat' dir='ltr'>error</span> <span class='ocrx_word' id='word_1_518' title='bbox 2531 1101 2606 1121; x_wconf 89' lang='lat' dir='ltr'>con-</span> 
     </span>
     <span class='ocr_line' id='line_1_63' title="bbox 437 1131 2607 1174; baseline 0.001 -11"><span class='ocrx_word' id='word_1_519' title='bbox 437 1133 643 1164; x_wconf 80' lang='lat' dir='ltr'>audientium.</span> <span class='ocrx_word' id='word_1_520' title='bbox 662 1132 709 1162; x_wconf 87' lang='lat' dir='ltr'>Ex</span> <span class='ocrx_word' id='word_1_521' title='bbox 724 1139 811 1172; x_wconf 89' lang='lat' dir='ltr'>parte</span> <span class='ocrx_word' id='word_1_522' title='bbox 825 1132 955 1172; x_wconf 89' lang='lat' dir='ltr'>quidem</span> <span class='ocrx_word' id='word_1_523' title='bbox 971 1132 1211 1172; x_wconf 86' lang='lat' dir='ltr'>disputantium,</span> <span class='ocrx_word' id='word_1_524' title='bbox 1227 1132 1301 1172; x_wconf 92' lang='lat' dir='ltr'>quia</span> <span class='ocrx_word' id='word_1_525' title='bbox 1317 1139 1438 1172; x_wconf 87' lang='lat' dir='ltr'>praeter</span> <span class='ocrx_word' id='word_1_526' title='bbox 1451 1132 1495 1162; x_wconf 89' lang='lat' dir='ltr'>le·</span> <span class='ocrx_word' id='word_1_527' title='bbox 1548 1132 1669 1168; x_wconf 86' lang='lat' dir='ltr'>trarius,</span> <span class='ocrx_word' id='word_1_528' title='bbox 1693 1133 1743 1162; x_wconf 88' lang='lat' dir='ltr'>vel</span> <span class='ocrx_word' id='word_1_529' title='bbox 1766 1132 1900 1163; x_wconf 91' lang='lat' dir='ltr'>dubium</span> <span class='ocrx_word' id='word_1_530' title='bbox 1923 1133 1962 1162; x_wconf 90' lang='lat' dir='ltr'>de</span> <span class='ocrx_word' id='word_1_531' title='bbox 1975 1131 2037 1163; x_wconf 90' lang='lat' dir='ltr'>fide</span> <span class='ocrx_word' id='word_1_532' title='bbox 2054 1133 2199 1164; x_wconf 86' lang='lat' dir='ltr'>occurrit.</span> <span class='ocrx_word' id='word_1_533' title='bbox 2224 1133 2275 1164; x_wconf 87' lang='lat' dir='ltr'>Sic</span> <span class='ocrx_word' id='word_1_534' title='bbox 2290 1133 2375 1164; x_wconf 89' lang='lat' dir='ltr'>enim</span> <span class='ocrx_word' id='word_1_535' title='bbox 2391 1133 2549 1174; x_wconf 86' lang='lat' dir='ltr'>disputare</span> <span class='ocrx_word' id='word_1_536' title='bbox 2569 1135 2607 1165; x_wconf 90' lang='lat' dir='ltr'>de</span> 
     </span>
     <span class='ocr_line' id='line_1_64' title="bbox 198 1175 2608 1217; baseline 0.002 -12"><span class='ocrx_word' id='word_1_537' title='bbox 198 1177 209 1188; x_wconf 72' lang='lat'>⁸</span> <span class='ocrx_word' id='word_1_538' title='bbox 223 1178 278 1205; x_wconf 76' lang='lat' dir='ltr'>Arg.</span> <span class='ocrx_word' id='word_1_539' title='bbox 294 1183 314 1199; x_wconf 74' lang='lat'>³·</span> <span class='ocrx_word' id='word_1_540' title='bbox 437 1187 509 1217; x_wconf 88' lang='lat' dir='ltr'>gem</span> <span class='ocrx_word' id='word_1_541' title='bbox 522 1177 686 1216; x_wconf 85' lang='lat' dir='ltr'>allegatam</span> <span class='ocrx_word' id='word_1_542' title='bbox 702 1175 734 1205; x_wconf 94' lang='lat' dir='ltr'>in</span> <span class='ocrx_word' id='word_1_543' title='bbox 751 1175 852 1206; x_wconf 88' lang='lat' dir='ltr'>littera</span> <span class='ocrx_word' id='word_1_544' title='bbox 863 1175 889 1212; x_wconf 86' lang='lat'>*,</span> <span class='ocrx_word' id='word_1_545' title='bbox 902 1186 983 1217; x_wconf 85' lang='lat' dir='ltr'>quae</span> <span class='ocrx_word' id='word_1_546' title='bbox 996 1176 1128 1206; x_wconf 89' lang='lat' dir='ltr'>habetur</span> <span class='ocrx_word' id='word_1_547' title='bbox 1142 1176 1177 1206; x_wconf 81' lang='lat' dir='ltr'>in&#39;</span> <span class='ocrx_word' id='word_1_548' title='bbox 1191 1176 1259 1215; x_wconf 88' lang='lat' dir='ltr'>lege</span> <span class='ocrx_word' id='word_1_549' title='bbox 1274 1177 1388 1213; x_wconf 84' lang='lat' dir='ltr'>Nemo,</span> <span class='ocrx_word' id='word_1_550' title='bbox 1400 1175 1493 1211; x_wconf 76' lang='lat' dir='ltr'>Cod„</span> <span class='ocrx_word' id='word_1_551' title='bbox 1547 1175 1609 1206; x_wconf 90' lang='lat' dir='ltr'>fide</span> <span class='ocrx_word' id='word_1_552' title='bbox 1632 1175 1776 1206; x_wconf 89' lang='lat' dir='ltr'>illicitum</span> <span class='ocrx_word' id='word_1_553' title='bbox 1799 1183 1845 1206; x_wconf 91' lang='lat' dir='ltr'>est</span> <span class='ocrx_word' id='word_1_554' title='bbox 1866 1175 1963 1212; x_wconf 84' lang='lat' dir='ltr'>laicis,</span> <span class='ocrx_word' id='word_1_555' title='bbox 1987 1176 2173 1215; x_wconf 88' lang='lat' dir='ltr'>prohibente</span> <span class='ocrx_word' id='word_1_556' title='bbox 2195 1177 2273 1207; x_wconf 88' lang='lat' dir='ltr'>iure.</span> <span class='ocrx_word' id='word_1_557' title='bbox 2305 1177 2346 1208; x_wconf 89' lang='lat' dir='ltr'>Et</span> <span class='ocrx_word' id='word_1_558' title='bbox 2361 1177 2440 1209; x_wconf 79' lang='lat' dir='ltr'>ratio</span> <span class='ocrx_word' id='word_1_559' title='bbox 2462 1178 2539 1210; x_wconf 79' lang='lat' dir='ltr'>iuris</span> <span class='ocrx_word' id='word_1_560' title='bbox 2562 1185 2608 1210; x_wconf 87' lang='lat' dir='ltr'>est</span> 
     </span>
    </p>
   </div>
   <div class='ocr_carea' id='block_1_10' title="bbox 1547 1482 2844 1525">
    <p class='ocr_par' dir='ltr' id='par_1_14' title="bbox 1547 1482 2844 1525">
     <span class='ocr_line' id='line_1_65' title="bbox 1547 1482 2844 1525; baseline 0.002 -13"><span class='ocrx_word' id='word_1_561' title='bbox 1547 1492 1624 1523; x_wconf 90' lang='lat' dir='ltr'>gum</span> <span class='ocrx_word' id='word_1_562' title='bbox 1648 1482 1843 1522; x_wconf 85' lang='lat' dir='ltr'>praedictum</span> <span class='ocrx_word' id='word_1_563' title='bbox 1866 1489 1912 1513; x_wconf 88' lang='lat' dir='ltr'>est</span> <span class='ocrx_word' id='word_1_564' title='bbox 1930 1482 1956 1513; x_wconf 89' lang='lat'>*.</span> <span class='ocrx_word' id='word_1_565' title='bbox 1982 1500 2002 1505; x_wconf 87' lang='lat'>-</span> <span class='ocrx_word' id='word_1_566' title='bbox 2025 1483 2065 1513; x_wconf 93' lang='lat' dir='ltr'>Et</span> <span class='ocrx_word' id='word_1_567' title='bbox 2088 1493 2144 1523; x_wconf 91' lang='lat' dir='ltr'>per</span> <span class='ocrx_word' id='word_1_568' title='bbox 2166 1483 2228 1514; x_wconf 93' lang='lat' dir='ltr'>hoc</span> <span class='ocrx_word' id='word_1_569' title='bbox 2256 1490 2342 1523; x_wconf 88' lang='lat' dir='ltr'>patet</span> <span class='ocrx_word' id='word_1_570' title='bbox 2366 1483 2483 1515; x_wconf 88' lang='lat' dir='ltr'>solutio</span> <span class='ocrx_word' id='word_1_571' title='bbox 2514 1484 2608 1525; x_wconf 87' lang='lat' dir='ltr'>primi</span> <span class='ocrx_word' id='word_1_572' title='bbox 2635 1489 2732 1517; x_wconf 80' lang='lat'><strong>1¹11¹·.</strong></span> <span class='ocrx_word' id='word_1_573' title='bbox 2754 1495 2844 1517; x_wconf 68' lang='lat' dir='ltr'>mxcvi,</span> 
     </span>
    </p>
   </div>
   <div class='ocr_carea' id='block_1_11' title="bbox 1548 1526 2816 1571">
    <p class='ocr_par' dir='ltr' id='par_1_15' title="bbox 1548 1526 2816 1571">
     <span class='ocr_line' id='line_1_66' title="bbox 1548 1526 2816 1571; baseline 0.004 -15"><span class='ocrx_word' id='word_1_574' title='bbox 1548 1526 1647 1557; x_wconf 91' lang='lat' dir='ltr'>dubii.</span> <span class='ocrx_word' id='word_1_575' title='bbox 1670 1527 1754 1557; x_wconf 89' lang='lat' dir='ltr'>Nam</span> <span class='ocrx_word' id='word_1_576' title='bbox 1776 1526 1962 1557; x_wconf 85' lang='lat' dir='ltr'>huiusmodi</span> <span class='ocrx_word' id='word_1_577' title='bbox 1985 1526 2055 1557; x_wconf 87' lang='lat' dir='ltr'>laici</span> <span class='ocrx_word' id='word_1_578' title='bbox 2079 1527 2240 1567; x_wconf 89' lang='lat' dir='ltr'>disputant</span> <span class='ocrx_word' id='word_1_579' title='bbox 2262 1527 2301 1557; x_wconf 94' lang='lat' dir='ltr'>de</span> <span class='ocrx_word' id='word_1_580' title='bbox 2324 1526 2386 1558; x_wconf 89' lang='lat' dir='ltr'>fide</span> <span class='ocrx_word' id='word_1_581' title='bbox 2409 1528 2609 1560; x_wconf 75' lang='lat' dir='ltr'>materialiter</span> <span class='ocrx_word' id='word_1_582' title='bbox 2635 1548 2676 1570; x_wconf 66' lang='lat' dir='ltr'>q...</span> <span class='ocrx_word' id='word_1_583' title='bbox 2687 1532 2816 1571; x_wconf 49' lang='lat' dir='ltr'>mim„</span> 
     </span>
    </p>
   </div>
   <div class='ocr_carea' id='block_1_12' title="bbox 1536 1570 2610 2623">
    <p class='ocr_par' dir='ltr' id='par_1_16' title="bbox 1546 1570 2607 1698">
     <span class='ocr_line' id='line_1_67' title="bbox 1546 1570 2607 1613; baseline 0.004 -13"><span class='ocrx_word' id='word_1_584' title='bbox 1546 1577 1681 1607; x_wconf 84' lang='lat' dir='ltr'>tantum,</span> <span class='ocrx_word' id='word_1_585' title='bbox 1698 1578 1728 1601; x_wconf 89' lang='lat' dir='ltr'>et</span> <span class='ocrx_word' id='word_1_586' title='bbox 1750 1571 1848 1611; x_wconf 88' lang='lat' dir='ltr'>gratia</span> <span class='ocrx_word' id='word_1_587' title='bbox 1864 1570 2008 1607; x_wconf 82' lang='lat' dir='ltr'>exercitii,</span> <span class='ocrx_word' id='word_1_588' title='bbox 2028 1570 2078 1601; x_wconf 87' lang='lat' dir='ltr'>vel</span> <span class='ocrx_word' id='word_1_589' title='bbox 2094 1571 2202 1611; x_wconf 90' lang='lat' dir='ltr'>potius</span> <span class='ocrx_word' id='word_1_590' title='bbox 2217 1571 2358 1602; x_wconf 89' lang='lat' dir='ltr'>honoris.</span> <span class='ocrx_word' id='word_1_591' title='bbox 2384 1571 2426 1603; x_wconf 88' lang='lat' dir='ltr'>Et</span> <span class='ocrx_word' id='word_1_592' title='bbox 2441 1579 2607 1613; x_wconf 87' lang='lat' dir='ltr'>propterea</span> 
     </span>
     <span class='ocr_line' id='line_1_68' title="bbox 1546 1614 2605 1655; baseline 0.004 -11"><span class='ocrx_word' id='word_1_593' title='bbox 1546 1624 1564 1644; x_wconf 90' lang='lat' dir='ltr'>a</span> <span class='ocrx_word' id='word_1_594' title='bbox 1586 1614 1677 1645; x_wconf 88' lang='lat' dir='ltr'>nullo</span> <span class='ocrx_word' id='word_1_595' title='bbox 1700 1615 1840 1655; x_wconf 87' lang='lat' dir='ltr'>praelato</span> <span class='ocrx_word' id='word_1_596' title='bbox 1863 1614 2144 1655; x_wconf 87' lang='lat' dir='ltr'>reprehenduntur,</span> <span class='ocrx_word' id='word_1_597' title='bbox 2169 1622 2289 1646; x_wconf 88' lang='lat' dir='ltr'>servata</span> <span class='ocrx_word' id='word_1_598' title='bbox 2305 1615 2461 1647; x_wconf 82' lang='lat' dir='ltr'>modestia</span> <span class='ocrx_word' id='word_1_599' title='bbox 2477 1617 2605 1648; x_wconf 89' lang='lat' dir='ltr'>conclu-</span> 
     </span>
     <span class='ocr_line' id='line_1_69' title="bbox 1547 1658 2350 1698; baseline 0.001 -10"><span class='ocrx_word' id='word_1_600' title='bbox 1547 1658 1685 1695; x_wconf 89' lang='lat' dir='ltr'>sionum,</span> <span class='ocrx_word' id='word_1_601' title='bbox 1710 1665 1740 1689; x_wconf 89' lang='lat' dir='ltr'>et</span> <span class='ocrx_word' id='word_1_602' title='bbox 1763 1659 1913 1698; x_wconf 87' lang='lat' dir='ltr'>arguendi</span> <span class='ocrx_word' id='word_1_603' title='bbox 1936 1659 2035 1689; x_wconf 89' lang='lat' dir='ltr'>modo</span> <span class='ocrx_word' id='word_1_604' title='bbox 2059 1658 2092 1689; x_wconf 92' lang='lat' dir='ltr'>in</span> <span class='ocrx_word' id='word_1_605' title='bbox 2114 1659 2244 1690; x_wconf 88' lang='lat' dir='ltr'>materia</span> <span class='ocrx_word' id='word_1_606' title='bbox 2266 1658 2350 1690; x_wconf 86' lang='lat' dir='ltr'>fidei.</span> 
     </span>
    </p>

    <p class='ocr_par' dir='ltr' id='par_1_17' title="bbox 1536 1702 2608 1920">
     <span class='ocr_line' id='line_1_70' title="bbox 1606 1702 2608 1744; baseline 0.003 -12"><span class='ocrx_word' id='word_1_607' title='bbox 1606 1702 1658 1733; x_wconf 92' lang='lat' dir='ltr'>IV.</span> <span class='ocrx_word' id='word_1_608' title='bbox 1675 1702 1726 1732; x_wconf 86' lang='lat' dir='ltr'>Ad</span> <span class='ocrx_word' id='word_1_609' title='bbox 1740 1703 1913 1733; x_wconf 89' lang='lat' dir='ltr'>secundum</span> <span class='ocrx_word' id='word_1_610' title='bbox 1932 1709 2039 1733; x_wconf 90' lang='lat' dir='ltr'>autem</span> <span class='ocrx_word' id='word_1_611' title='bbox 2057 1709 2162 1743; x_wconf 89' lang='lat' dir='ltr'>potest</span> <span class='ocrx_word' id='word_1_612' title='bbox 2177 1703 2281 1744; x_wconf 90' lang='lat' dir='ltr'>primo</span> <span class='ocrx_word' id='word_1_613' title='bbox 2304 1703 2364 1734; x_wconf 91' lang='lat' dir='ltr'>dici</span> <span class='ocrx_word' id='word_1_614' title='bbox 2383 1704 2472 1744; x_wconf 92' lang='lat' dir='ltr'>quod</span> <span class='ocrx_word' id='word_1_615' title='bbox 2486 1705 2608 1736; x_wconf 88' lang='lat' dir='ltr'>Auctor</span> 
     </span>
     <span class='ocr_line' id='line_1_71' title="bbox 1546 1746 2606 1787; baseline 0.003 -11"><span class='ocrx_word' id='word_1_616' title='bbox 1546 1746 1689 1787; x_wconf 85' lang='lat' dir='ltr'>loquitur</span> <span class='ocrx_word' id='word_1_617' title='bbox 1707 1746 1747 1776; x_wconf 93' lang='lat' dir='ltr'>de</span> <span class='ocrx_word' id='word_1_618' title='bbox 1763 1746 1977 1787; x_wconf 84' lang='lat' dir='ltr'>disputatione</span> <span class='ocrx_word' id='word_1_619' title='bbox 1991 1746 2174 1783; x_wconf 82' lang='lat' dir='ltr'>formaliter,</span> <span class='ocrx_word' id='word_1_620' title='bbox 2190 1747 2240 1778; x_wconf 81' lang='lat' dir='ltr'>vel</span> <span class='ocrx_word' id='word_1_621' title='bbox 2255 1747 2367 1778; x_wconf 87' lang='lat' dir='ltr'>saltem</span> <span class='ocrx_word' id='word_1_622' title='bbox 2382 1757 2458 1778; x_wconf 83' lang='lat' dir='ltr'>cum</span> <span class='ocrx_word' id='word_1_623' title='bbox 2472 1747 2606 1779; x_wconf 68' lang='lat' dir='ltr'>infideli-</span> 
     </span>
     <span class='ocr_line' id='line_1_72' title="bbox 1546 1789 2607 1831; baseline 0.001 -10"><span class='ocrx_word' id='word_1_624' title='bbox 1546 1791 1623 1827; x_wconf 87' lang='lat' dir='ltr'>bus,</span> <span class='ocrx_word' id='word_1_625' title='bbox 1653 1789 1709 1820; x_wconf 90' lang='lat' dir='ltr'>ubi</span> <span class='ocrx_word' id='word_1_626' title='bbox 1737 1799 1803 1820; x_wconf 91' lang='lat' dir='ltr'>non</span> <span class='ocrx_word' id='word_1_627' title='bbox 1833 1797 1879 1820; x_wconf 91' lang='lat' dir='ltr'>est</span> <span class='ocrx_word' id='word_1_628' title='bbox 1906 1790 1975 1821; x_wconf 84' lang='lat' dir='ltr'>sola</span> <span class='ocrx_word' id='word_1_629' title='bbox 2004 1790 2164 1822; x_wconf 79' lang='lat' dir='ltr'>diversitas</span> <span class='ocrx_word' id='word_1_630' title='bbox 2191 1790 2225 1821; x_wconf 91' lang='lat' dir='ltr'>in</span> <span class='ocrx_word' id='word_1_631' title='bbox 2254 1791 2464 1831; x_wconf 84' lang='lat' dir='ltr'>argumentis,</span> <span class='ocrx_word' id='word_1_632' title='bbox 2496 1792 2551 1823; x_wconf 82' lang='lat' dir='ltr'>sed</span> <span class='ocrx_word' id='word_1_633' title='bbox 2573 1791 2607 1822; x_wconf 83' lang='lat' dir='ltr'>in</span> 
     </span>
     <span class='ocr_line' id='line_1_73' title="bbox 1547 1833 2608 1875; baseline 0.003 -11"><span class='ocrx_word' id='word_1_634' title='bbox 1547 1833 1716 1865; x_wconf 90' lang='lat' dir='ltr'>mentibus.</span> <span class='ocrx_word' id='word_1_635' title='bbox 1740 1834 1781 1864; x_wconf 93' lang='lat' dir='ltr'>Et</span> <span class='ocrx_word' id='word_1_636' title='bbox 1803 1840 1969 1874; x_wconf 89' lang='lat' dir='ltr'>propterea</span> <span class='ocrx_word' id='word_1_637' title='bbox 1993 1833 2067 1866; x_wconf 89' lang='lat' dir='ltr'>dicit</span> <span class='ocrx_word' id='word_1_638' title='bbox 2089 1834 2177 1875; x_wconf 81' lang='lat' dir='ltr'>quod</span> <span class='ocrx_word' id='word_1_639' title='bbox 2201 1844 2263 1865; x_wconf 87' lang='lat' dir='ltr'>non</span> <span class='ocrx_word' id='word_1_640' title='bbox 2280 1835 2406 1875; x_wconf 71' lang='lat' dir='ltr'>expedit</span> <span class='ocrx_word' id='word_1_641' title='bbox 2422 1840 2458 1866; x_wconf 76' lang='lat' dir='ltr'>ut</span> <span class='ocrx_word' id='word_1_642' title='bbox 2472 1835 2608 1867; x_wconf 77' lang='lat' dir='ltr'>audiant</span> 
     </span>
     <span class='ocr_line' id='line_1_74' title="bbox 1536 1878 2495 1920; baseline 0.002 -12"><span class='ocrx_word' id='word_1_643' title='bbox 1536 1878 1656 1919; x_wconf 84' lang='lat' dir='ltr'>fideles</span> <span class='ocrx_word' id='word_1_644' title='bbox 1679 1878 1774 1909; x_wconf 78' lang='lat' dir='ltr'>verba</span> <span class='ocrx_word' id='word_1_645' title='bbox 1798 1878 1974 1919; x_wconf 85' lang='lat' dir='ltr'>infidelium</span> <span class='ocrx_word' id='word_1_646' title='bbox 1998 1878 2228 1920; x_wconf 78' lang='lat' dir='ltr'>disputantium</span> <span class='ocrx_word' id='word_1_647' title='bbox 2253 1883 2366 1909; x_wconf 84' lang='lat' dir='ltr'>contra</span> <span class='ocrx_word' id='word_1_648' title='bbox 2379 1878 2495 1920; x_wconf 81' lang='lat' dir='ltr'>fidem.</span> 
     </span>
    </p>

    <p class='ocr_par' dir='ltr' id='par_1_18' title="bbox 1545 1921 2608 2623">
     <span class='ocr_line' id='line_1_75' title="bbox 1602 1921 2607 1963; baseline 0.003 -11"><span class='ocrx_word' id='word_1_649' title='bbox 1602 1921 1686 1960; x_wconf 88' lang='lat' dir='ltr'>Quia</span> <span class='ocrx_word' id='word_1_650' title='bbox 1708 1928 1814 1952; x_wconf 88' lang='lat' dir='ltr'>tamen</span> <span class='ocrx_word' id='word_1_651' title='bbox 1838 1922 1900 1953; x_wconf 91' lang='lat' dir='ltr'>hoc</span> <span class='ocrx_word' id='word_1_652' title='bbox 1930 1932 1996 1952; x_wconf 91' lang='lat' dir='ltr'>non</span> <span class='ocrx_word' id='word_1_653' title='bbox 2026 1922 2133 1953; x_wconf 90' lang='lat' dir='ltr'>solum</span> <span class='ocrx_word' id='word_1_654' title='bbox 2160 1929 2290 1963; x_wconf 88' lang='lat' dir='ltr'>propter</span> <span class='ocrx_word' id='word_1_655' title='bbox 2317 1922 2536 1954; x_wconf 87' lang='lat' dir='ltr'>auctoritatem</span> <span class='ocrx_word' id='word_1_656' title='bbox 2558 1922 2607 1955; x_wconf 81' lang='lat' dir='ltr'>lit-</span> 
     </span>
     <span class='ocr_line' id='line_1_76' title="bbox 1546 1965 2608 2008; baseline 0.002 -12"><span class='ocrx_word' id='word_1_657' title='bbox 1546 1973 1630 1997; x_wconf 85' lang='lat' dir='ltr'>terae</span> <span class='ocrx_word' id='word_1_658' title='bbox 1652 1965 1757 2002; x_wconf 87' lang='lat' dir='ltr'>huius,</span> <span class='ocrx_word' id='word_1_659' title='bbox 1782 1966 1836 1996; x_wconf 86' lang='lat' dir='ltr'>sed</span> <span class='ocrx_word' id='word_1_660' title='bbox 1859 1966 2002 1997; x_wconf 85' lang='lat' dir='ltr'>absolute</span> <span class='ocrx_word' id='word_1_661' title='bbox 2026 1965 2120 1997; x_wconf 88' lang='lat' dir='ltr'>habet</span> <span class='ocrx_word' id='word_1_662' title='bbox 2143 1965 2376 2003; x_wconf 78' lang='lat' dir='ltr'>difficultatem,</span> <span class='ocrx_word' id='word_1_663' title='bbox 2405 1973 2535 2008; x_wconf 69' lang='lat' dir='ltr'>propter</span> <span class='ocrx_word' id='word_1_664' title='bbox 2551 1971 2608 2008; x_wconf 67' lang='lat' dir='ltr'>pe-¹</span> 
     </span>
     <span class='ocr_line' id='line_1_77' title="bbox 1546 2009 2607 2052; baseline 0.003 -12"><span class='ocrx_word' id='word_1_665' title='bbox 1546 2010 1683 2040; x_wconf 88' lang='lat' dir='ltr'>riculum</span> <span class='ocrx_word' id='word_1_666' title='bbox 1706 2010 1914 2047; x_wconf 89' lang='lat' dir='ltr'>audientium,</span> <span class='ocrx_word' id='word_1_667' title='bbox 1938 2011 2018 2042; x_wconf 89' lang='lat' dir='ltr'>dum</span> <span class='ocrx_word' id='word_1_668' title='bbox 2040 2010 2136 2042; x_wconf 87' lang='lat' dir='ltr'>etiam</span> <span class='ocrx_word' id='word_1_669' title='bbox 2158 2009 2266 2041; x_wconf 85' lang='lat' dir='ltr'>fideles</span> <span class='ocrx_word' id='word_1_670' title='bbox 2289 2010 2451 2052; x_wconf 85' lang='lat' dir='ltr'>disputant</span> <span class='ocrx_word' id='word_1_671' title='bbox 2470 2011 2607 2043; x_wconf 66' lang='lat' dir='ltr'>rationu</span> 
     </span>
     <span class='ocr_line' id='line_1_78' title="bbox 1545 2052 2606 2095; baseline 0.005 -11"><span class='ocrx_word' id='word_1_672' title='bbox 1545 2053 1722 2084; x_wconf 86' lang='lat' dir='ltr'>infidelium</span> <span class='ocrx_word' id='word_1_673' title='bbox 1746 2052 1920 2091; x_wconf 82' lang='lat' dir='ltr'>afferentes;</span> <span class='ocrx_word' id='word_1_674' title='bbox 1953 2054 2027 2085; x_wconf 88' lang='lat' dir='ltr'>ideo</span> <span class='ocrx_word' id='word_1_675' title='bbox 2050 2055 2164 2086; x_wconf 80' lang='lat' dir='ltr'>dicimr</span> <span class='ocrx_word' id='word_1_676' title='bbox 2187 2054 2276 2095; x_wconf 88' lang='lat' dir='ltr'>quod</span> <span class='ocrx_word' id='word_1_677' title='bbox 2297 2054 2332 2085; x_wconf 88' lang='lat' dir='ltr'>in</span> <span class='ocrx_word' id='word_1_678' title='bbox 2354 2054 2414 2086; x_wconf 83' lang='lat' dir='ltr'>hac</span> <span class='ocrx_word' id='word_1_679' title='bbox 2435 2064 2469 2086; x_wconf 84' lang='lat' dir='ltr'>re</span> <span class='ocrx_word' id='word_1_680' title='bbox 2489 2054 2606 2089; x_wconf 75' lang='lat' dir='ltr'>discre-</span> 
     </span>
     <span class='ocr_line' id='line_1_79' title="bbox 1546 2098 2606 2139; baseline 0.002 -11"><span class='ocrx_word' id='word_1_681' title='bbox 1546 2098 1634 2129; x_wconf 88' lang='lat' dir='ltr'>tione</span> <span class='ocrx_word' id='word_1_682' title='bbox 1657 2108 1739 2139; x_wconf 88' lang='lat' dir='ltr'>opus</span> <span class='ocrx_word' id='word_1_683' title='bbox 1766 2105 1813 2129; x_wconf 88' lang='lat' dir='ltr'>est</span> <span class='ocrx_word' id='word_1_684' title='bbox 1840 2105 1870 2130; x_wconf 91' lang='lat' dir='ltr'>et</span> <span class='ocrx_word' id='word_1_685' title='bbox 1893 2098 2076 2139; x_wconf 83' lang='lat' dir='ltr'>prudentia,</span> <span class='ocrx_word' id='word_1_686' title='bbox 2106 2105 2141 2130; x_wconf 93' lang='lat' dir='ltr'>ut</span> <span class='ocrx_word' id='word_1_687' title='bbox 2171 2098 2382 2139; x_wconf 85' lang='lat' dir='ltr'>disputantes,</span> <span class='ocrx_word' id='word_1_688' title='bbox 2410 2098 2606 2133; x_wconf 77' lang='lat' dir='ltr'>considerata</span> 
     </span>
     <span class='ocr_line' id='line_1_80' title="bbox 1547 2141 2606 2183; baseline 0.002 -11"><span class='ocrx_word' id='word_1_689' title='bbox 1547 2142 1696 2183; x_wconf 89' lang='lat' dir='ltr'>qualitate</span> <span class='ocrx_word' id='word_1_690' title='bbox 1728 2142 1815 2183; x_wconf 83' lang='lat' dir='ltr'>vulgi</span> <span class='ocrx_word' id='word_1_691' title='bbox 1845 2149 1876 2172; x_wconf 88' lang='lat' dir='ltr'>et</span> <span class='ocrx_word' id='word_1_692' title='bbox 1905 2142 2062 2173; x_wconf 87' lang='lat' dir='ltr'>nobilium</span> <span class='ocrx_word' id='word_1_693' title='bbox 2093 2152 2150 2173; x_wconf 91' lang='lat' dir='ltr'>seu</span> <span class='ocrx_word' id='word_1_694' title='bbox 2180 2141 2376 2183; x_wconf 85' lang='lat' dir='ltr'>principum,</span> <span class='ocrx_word' id='word_1_695' title='bbox 2406 2142 2480 2174; x_wconf 81' lang='lat' dir='ltr'>talia</span> <span class='ocrx_word' id='word_1_696' title='bbox 2507 2143 2606 2183; x_wconf 81' lang='lat' dir='ltr'>gratia</span> 
     </span>
     <span class='ocr_line' id='line_1_81' title="bbox 1546 2185 2605 2227; baseline 0.002 -11"><span class='ocrx_word' id='word_1_697' title='bbox 1546 2186 1678 2217; x_wconf 87' lang='lat' dir='ltr'>honoris</span> <span class='ocrx_word' id='word_1_698' title='bbox 1702 2192 1732 2216; x_wconf 90' lang='lat' dir='ltr'>et</span> <span class='ocrx_word' id='word_1_699' title='bbox 1755 2186 1889 2217; x_wconf 88' lang='lat' dir='ltr'>exercitii</span> <span class='ocrx_word' id='word_1_700' title='bbox 1912 2186 2075 2226; x_wconf 87' lang='lat' dir='ltr'>disputent</span> <span class='ocrx_word' id='word_1_701' title='bbox 2095 2186 2129 2216; x_wconf 88' lang='lat' dir='ltr'>in</span> <span class='ocrx_word' id='word_1_702' title='bbox 2148 2186 2264 2227; x_wconf 87' lang='lat' dir='ltr'>quibus</span> <span class='ocrx_word' id='word_1_703' title='bbox 2286 2195 2354 2216; x_wconf 85' lang='lat' dir='ltr'>non</span> <span class='ocrx_word' id='word_1_704' title='bbox 2370 2185 2410 2217; x_wconf 87' lang='lat' dir='ltr'>sit</span> <span class='ocrx_word' id='word_1_705' title='bbox 2427 2186 2605 2227; x_wconf 84' lang='lat' dir='ltr'>periculum</span> 
     </span>
     <span class='ocr_line' id='line_1_82' title="bbox 1547 2230 2606 2270; baseline 0.002 -10"><span class='ocrx_word' id='word_1_706' title='bbox 1547 2230 1684 2261; x_wconf 86' lang='lat' dir='ltr'>ducendi</span> <span class='ocrx_word' id='word_1_707' title='bbox 1707 2239 1761 2261; x_wconf 94' lang='lat' dir='ltr'>eos</span> <span class='ocrx_word' id='word_1_708' title='bbox 1784 2230 1817 2260; x_wconf 88' lang='lat' dir='ltr'>in</span> <span class='ocrx_word' id='word_1_709' title='bbox 1840 2230 2082 2261; x_wconf 86' lang='lat' dir='ltr'>vacillationem.</span> <span class='ocrx_word' id='word_1_710' title='bbox 2106 2231 2147 2261; x_wconf 89' lang='lat' dir='ltr'>Et</span> <span class='ocrx_word' id='word_1_711' title='bbox 2171 2236 2347 2270; x_wconf 87' lang='lat' dir='ltr'>propterea,</span> <span class='ocrx_word' id='word_1_712' title='bbox 2364 2230 2424 2260; x_wconf 83' lang='lat' dir='ltr'>nisi</span> <span class='ocrx_word' id='word_1_713' title='bbox 2441 2230 2504 2262; x_wconf 82' lang='lat' dir='ltr'>sint</span> <span class='ocrx_word' id='word_1_714' title='bbox 2525 2231 2606 2262; x_wconf 73' lang='lat' dir='ltr'>bene</span> 
     </span>
     <span class='ocr_line' id='line_1_83' title="bbox 1546 2273 2606 2314; baseline 0.002 -9"><span class='ocrx_word' id='word_1_715' title='bbox 1546 2274 1579 2306; x_wconf 83' lang='lat' dir='ltr'>in</span> <span class='ocrx_word' id='word_1_716' title='bbox 1592 2273 1798 2314; x_wconf 79' lang='lat' dir='ltr'>philosophia</span> <span class='ocrx_word' id='word_1_717' title='bbox 1812 2274 1976 2310; x_wconf 83' lang='lat' dir='ltr'>exercitati,</span> <span class='ocrx_word' id='word_1_718' title='bbox 1988 2281 2019 2305; x_wconf 91' lang='lat' dir='ltr'>et</span> <span class='ocrx_word' id='word_1_719' title='bbox 2033 2274 2285 2305; x_wconf 87' lang='lat' dir='ltr'>adversariorum</span> <span class='ocrx_word' id='word_1_720' title='bbox 2299 2274 2436 2306; x_wconf 74' lang='lat' dir='ltr'>rationes</span> <span class='ocrx_word' id='word_1_721' title='bbox 2453 2281 2484 2305; x_wconf 86' lang='lat' dir='ltr'>et</span> <span class='ocrx_word' id='word_1_722' title='bbox 2498 2282 2606 2307; x_wconf 75' lang='lat' dir='ltr'>aucm-</span> 
     </span>
     <span class='ocr_line' id='line_1_84' title="bbox 1547 2318 2608 2368; baseline 0.002 -19"><span class='ocrx_word' id='word_1_723' title='bbox 1547 2318 1652 2350; x_wconf 87' lang='lat' dir='ltr'>ritates</span> <span class='ocrx_word' id='word_1_724' title='bbox 1674 2318 1795 2368; x_wconf 77' lang='lat' dir='ltr'>optime</span> <span class='ocrx_word' id='word_1_725' title='bbox 1818 2318 2029 2355; x_wconf 62' lang='lat' dir='ltr'>discusserint,</span> <span class='ocrx_word' id='word_1_726' title='bbox 2049 2318 2092 2349; x_wconf 82' lang='lat' dir='ltr'>ita</span> <span class='ocrx_word' id='word_1_727' title='bbox 2108 2325 2143 2349; x_wconf 94' lang='lat' dir='ltr'>ut</span> <span class='ocrx_word' id='word_1_728' title='bbox 2161 2318 2255 2359; x_wconf 89' lang='lat' dir='ltr'>plene</span> <span class='ocrx_word' id='word_1_729' title='bbox 2268 2318 2470 2351; x_wconf 80' lang='lat' dir='ltr'>audientibus</span> <span class='ocrx_word' id='word_1_730' title='bbox 2489 2318 2608 2357; x_wconf 49' lang='lat' dir='ltr'>satisfa-</span> 
     </span>
     <span class='ocr_line' id='line_1_85' title="bbox 1549 2361 2610 2413; baseline 0.002 -21"><span class='ocrx_word' id='word_1_731' title='bbox 1549 2372 1616 2393; x_wconf 88' lang='lat' dir='ltr'>cere</span> <span class='ocrx_word' id='word_1_732' title='bbox 1640 2361 1747 2398; x_wconf 86' lang='lat' dir='ltr'>sciant‚</span> <span class='ocrx_word' id='word_1_733' title='bbox 1772 2362 1924 2393; x_wconf 87' lang='lat' dir='ltr'>abstinere</span> <span class='ocrx_word' id='word_1_734' title='bbox 1939 2363 2053 2393; x_wconf 90' lang='lat' dir='ltr'>debent</span> <span class='ocrx_word' id='word_1_735' title='bbox 2075 2372 2093 2392; x_wconf 86' lang='lat' dir='ltr'>a</span> <span class='ocrx_word' id='word_1_736' title='bbox 2109 2361 2300 2412; x_wconf 80' lang='lat' dir='ltr'>disputando</span> <span class='ocrx_word' id='word_1_737' title='bbox 2324 2361 2362 2392; x_wconf 91' lang='lat' dir='ltr'>de</span> <span class='ocrx_word' id='word_1_738' title='bbox 2381 2362 2519 2394; x_wconf 86' lang='lat' dir='ltr'>materiis</span> <span class='ocrx_word' id='word_1_739' title='bbox 2533 2362 2610 2413; x_wconf 79' lang='lat' dir='ltr'>pul·</span> 
     </span>
     <span class='ocr_line' id='line_1_86' title="bbox 1549 2405 2607 2443; baseline 0.002 -7"><span class='ocrx_word' id='word_1_740' title='bbox 1549 2405 1690 2436; x_wconf 85' lang='lat' dir='ltr'>santibus</span> <span class='ocrx_word' id='word_1_741' title='bbox 1712 2405 1846 2443; x_wconf 86' lang='lat' dir='ltr'>animos,</span> <span class='ocrx_word' id='word_1_742' title='bbox 1872 2413 1907 2437; x_wconf 89' lang='lat' dir='ltr'>ut</span> <span class='ocrx_word' id='word_1_743' title='bbox 1930 2406 1968 2436; x_wconf 90' lang='lat' dir='ltr'>de</span> <span class='ocrx_word' id='word_1_744' title='bbox 1983 2406 2219 2436; x_wconf 81' lang='lat' dir='ltr'>immortalitate</span> <span class='ocrx_word' id='word_1_745' title='bbox 2238 2405 2373 2443; x_wconf 82' lang='lat' dir='ltr'>animae,</span> <span class='ocrx_word' id='word_1_746' title='bbox 2391 2406 2429 2436; x_wconf 93' lang='lat' dir='ltr'>de</span> <span class='ocrx_word' id='word_1_747' title='bbox 2449 2406 2607 2438; x_wconf 88' lang='lat' dir='ltr'>creatione</span> 
     </span>
     <span class='ocr_line' id='line_1_87' title="bbox 1549 2449 2606 2491; baseline 0.003 -12"><span class='ocrx_word' id='word_1_748' title='bbox 1549 2450 1670 2486; x_wconf 89' lang='lat' dir='ltr'>mundi,</span> <span class='ocrx_word' id='word_1_749' title='bbox 1695 2449 1734 2479; x_wconf 91' lang='lat' dir='ltr'>de</span> <span class='ocrx_word' id='word_1_750' title='bbox 1757 2449 1895 2480; x_wconf 88' lang='lat' dir='ltr'>novitate</span> <span class='ocrx_word' id='word_1_751' title='bbox 1922 2449 2005 2486; x_wconf 90' lang='lat' dir='ltr'>eius,</span> <span class='ocrx_word' id='word_1_752' title='bbox 2031 2457 2061 2481; x_wconf 89' lang='lat' dir='ltr'>et</span> <span class='ocrx_word' id='word_1_753' title='bbox 2090 2449 2284 2480; x_wconf 85' lang='lat' dir='ltr'>huiusmodi.</span> <span class='ocrx_word' id='word_1_754' title='bbox 2325 2449 2491 2491; x_wconf 84' lang='lat' dir='ltr'>Contingit</span> <span class='ocrx_word' id='word_1_755' title='bbox 2521 2449 2606 2486; x_wconf 78' lang='lat' dir='ltr'>enirn</span> 
     </span>
     <span class='ocr_line' id='line_1_88' title="bbox 1548 2493 2606 2534; baseline 0.002 -11"><span class='ocrx_word' id='word_1_756' title='bbox 1548 2494 1742 2534; x_wconf 86' lang='lat' dir='ltr'>quandoque</span> <span class='ocrx_word' id='word_1_757' title='bbox 1765 2493 1864 2533; x_wconf 85' lang='lat' dir='ltr'>tnagis</span> <span class='ocrx_word' id='word_1_758' title='bbox 1887 2503 2046 2533; x_wconf 86' lang='lat' dir='ltr'>apparere,</span> <span class='ocrx_word' id='word_1_759' title='bbox 2071 2493 2200 2534; x_wconf 89' lang='lat' dir='ltr'>percipi,</span> <span class='ocrx_word' id='word_1_760' title='bbox 2226 2493 2402 2524; x_wconf 81' lang='lat' dir='ltr'>satisfacere</span> <span class='ocrx_word' id='word_1_761' title='bbox 2424 2500 2456 2525; x_wconf 87' lang='lat' dir='ltr'>et</span> <span class='ocrx_word' id='word_1_762' title='bbox 2477 2502 2606 2525; x_wconf 74' lang='lat' dir='ltr'>movere</span> 
     </span>
     <span class='ocr_line' id='line_1_89' title="bbox 1547 2537 2605 2578; baseline 0.003 -11"><span class='ocrx_word' id='word_1_763' title='bbox 1547 2544 1732 2578; x_wconf 77' lang='lat' dir='ltr'>argumenta</span> <span class='ocrx_word' id='word_1_764' title='bbox 1762 2537 1839 2568; x_wconf 84' lang='lat' dir='ltr'>falsa</span> <span class='ocrx_word' id='word_1_765' title='bbox 1861 2547 1959 2578; x_wconf 88' lang='lat' dir='ltr'>quam</span> <span class='ocrx_word' id='word_1_766' title='bbox 1991 2537 2166 2569; x_wconf 77' lang='lat' dir='ltr'>solutiones</span> <span class='ocrx_word' id='word_1_767' title='bbox 2190 2547 2313 2569; x_wconf 86' lang='lat' dir='ltr'>eorum.</span> <span class='ocrx_word' id='word_1_768' title='bbox 2346 2538 2382 2569; x_wconf 88' lang='lat' dir='ltr'>In</span> <span class='ocrx_word' id='word_1_769' title='bbox 2413 2547 2480 2578; x_wconf 84' lang='lat' dir='ltr'>quo</span> <span class='ocrx_word' id='word_1_770' title='bbox 2510 2538 2605 2570; x_wconf 72' lang='lat' dir='ltr'>etim</span> 
     </span>
     <span class='ocr_line' id='line_1_90' title="bbox 1547 2581 2091 2623; baseline 0 -11"><span class='ocrx_word' id='word_1_771' title='bbox 1547 2581 1760 2622; x_wconf 85' lang='lat' dir='ltr'>praedicantes</span> <span class='ocrx_word' id='word_1_772' title='bbox 1783 2581 1954 2623; x_wconf 85' lang='lat' dir='ltr'>aliquando</span> <span class='ocrx_word' id='word_1_773' title='bbox 1978 2588 2091 2613; x_wconf 83' lang='lat' dir='ltr'>errant.</span> 
     </span>
    </p>
   </div>
   <div class='ocr_carea' id='block_1_13' title="bbox 1213 2767 1830 2811">
    <p class='ocr_par' dir='ltr' id='par_1_19' title="bbox 1213 2767 1830 2811">
     <span class='ocr_line' id='line_1_91' title="bbox 1213 2767 1830 2811; baseline 0.002 -2"><span class='ocrx_word' id='word_1_774' title='bbox 1213 2767 1529 2811; x_wconf 86' lang='lat' dir='ltr'>ARTICULUS</span> <span class='ocrx_word' id='word_1_775' title='bbox 1558 2767 1830 2811; x_wconf 85' lang='lat' dir='ltr'><strong>OCTAVUS</strong></span> 
     </span>
    </p>
   </div>
   <div class='ocr_carea' id='block_1_14' title="bbox 2634 1515 2728 1538">
    <p class='ocr_par' dir='ltr' id='par_1_20' title="bbox 2634 1515 2728 1538">
     <span class='ocr_line' id='line_1_92' title="bbox 2634 1515 2728 1538; baseline 0 0"><span class='ocrx_word' id='word_1_776' title='bbox 2634 1515 2728 1538; x_wconf 67' lang='lat' dir='ltr'>art-⁶·-</span> 
     </span>
    </p>
   </div>
   <div class='ocr_carea' id='block_1_15' title="bbox 2761 1506 2844 1545">
    <p class='ocr_par' dir='ltr' id='par_1_21' title="bbox 2761 1506 2844 1545">
     <span class='ocr_line' id='line_1_93' title="bbox 2761 1506 2844 1545; baseline 0 0"><span class='ocrx_word' id='word_1_777' title='bbox 2761 1506 2844 1545; x_wconf 69' lang='lat' dir='ltr'>·i¹¹f¹&#39;¹i</span> 
     </span>
    </p>
   </div>
   <div class='ocr_carea' id='block_1_16' title="bbox 986 2851 2069 2954">
    <p class='ocr_par' dir='ltr' id='par_1_22' title="bbox 986 2851 2069 2954">
     <span class='ocr_line' id='line_1_94' title="bbox 986 2851 2069 2886; baseline 0 -3"><span class='ocrx_word' id='word_1_778' title='bbox 986 2853 1141 2883; x_wconf 82' lang='lat' dir='ltr'><strong>UTRUM</strong></span> <span class='ocrx_word' id='word_1_779' title='bbox 1165 2851 1385 2884; x_wconf 82' lang='lat' dir='ltr'>INFIDELES</span> <span class='ocrx_word' id='word_1_780' title='bbox 1408 2851 1711 2886; x_wconf 83' lang='lat' dir='ltr'>COMPELLENDI</span> <span class='ocrx_word' id='word_1_781' title='bbox 1736 2852 1832 2883; x_wconf 90' lang='lat' dir='ltr'>SINT</span> <span class='ocrx_word' id='word_1_782' title='bbox 1855 2853 1913 2883; x_wconf 87' lang='grc' dir='ltr'>ΑΙ)</span> <span class='ocrx_word' id='word_1_783' title='bbox 1937 2852 2069 2883; x_wconf 81' lang='lat' dir='ltr'>FIDEM</span> 
     </span>
     <span class='ocr_line' id='line_1_95' title="bbox 1373 2920 1674 2954; baseline 0 -8"><span class='ocrx_word' id='word_1_784' title='bbox 1373 2921 1402 2946; x_wconf 85' lang='lat' dir='ltr'>In</span> <span class='ocrx_word' id='word_1_785' title='bbox 1421 2920 1528 2952; x_wconf 70' lang='lat' dir='ltr'>Mam„</span> <span class='ocrx_word' id='word_1_786' title='bbox 1547 2929 1602 2954; x_wconf 83' lang='lat' dir='ltr'>cap.</span> <span class='ocrx_word' id='word_1_787' title='bbox 1618 2929 1674 2946; x_wconf 72' lang='grc' dir='ltr'>ιιιιι.</span> 
     </span>
    </p>
   </div>
   <div class='ocr_carea' id='block_1_17' title="bbox 438 2981 2844 3322">
    <p class='ocr_par' dir='ltr' id='par_1_23' title="bbox 454 2981 2844 3151">
     <span class='ocr_line' id='line_1_96' title="bbox 478 2981 2844 3050; baseline 0 -19"><span class='ocrx_word' id='word_1_788' title='bbox 478 3008 529 3042; x_wconf 39' lang='grc' dir='ltr'>,μὴν</span> <span class='ocrx_word' id='word_1_789' title='bbox 551 3009 623 3043; x_wconf 45' lang='lat' dir='ltr'>&amp;fr-t</span> <span class='ocrx_word' id='word_1_790' title='bbox 647 3005 670 3031; x_wconf 86' lang='grc' dir='ltr'>ι)</span> <span class='ocrx_word' id='word_1_791' title='bbox 689 3004 861 3030; x_wconf 69' lang='grc' dir='ltr'>οετΑνυΜ</span> <span class='ocrx_word' id='word_1_792' title='bbox 880 3004 933 3029; x_wconf 80' lang='lat' dir='ltr'>stc</span> <span class='ocrx_word' id='word_1_793' title='bbox 953 3003 1191 3030; x_wconf 77' lang='lat' dir='ltr'>PROCEDITUR.</span> <span class='ocrx_word' id='word_1_794' title='bbox 1208 2992 1368 3031; x_wconf 86' lang='lat' dir='ltr'>Videtur</span> <span class='ocrx_word' id='word_1_795' title='bbox 1382 2991 1518 3050; x_wconf 77' lang='lat' dir='ltr'>quod·</span> <span class='ocrx_word' id='word_1_796' title='bbox 1543 2992 1594 3029; x_wconf 88' lang='lat' dir='ltr'>eis</span> <span class='ocrx_word' id='word_1_797' title='bbox 1613 2993 1786 3031; x_wconf 83' lang='lat' dir='ltr'>triticum.</span> <span class='ocrx_word' id='word_1_798' title='bbox 1807 2992 1881 3031; x_wconf 93' lang='lat' dir='ltr'>Ubi</span> <span class='ocrx_word' id='word_1_799' title='bbox 1901 2992 1990 3032; x_wconf 71' lang='lat' dir='ltr'>dicit</span> <span class='ocrx_word' id='word_1_800' title='bbox 2010 2993 2360 3043; x_wconf 73' lang='lat' dir='ltr'>chrysostomus.</span> <span class='ocrx_word' id='word_1_801' title='bbox 2324 2994 2361 3015; x_wconf 75' lang='grc'>*·</span> <span class='ocrx_word' id='word_1_802' title='bbox 2383 2981 2610 3043; x_wconf 41' lang='lat' dir='ltr'>Haec&amp;</span> <span class='ocrx_word' id='word_1_803' title='bbox 2634 3004 2720 3028; x_wconf 72' lang='grc' dir='ltr'>Ἠοιιι.</span> <span class='ocrx_word' id='word_1_804' title='bbox 2728 3003 2844 3032; x_wconf 66' lang='grc' dir='ltr'>Σινω</span> 
     </span>
     <span class='ocr_line' id='line_1_97' title="bbox 464 3028 2844 3104; baseline 0 -20"><span class='ocrx_word' id='word_1_805' title='bbox 464 3035 621 3104; x_wconf 36' lang='lat' dir='ltr'>&#39;’if—²25⁴&amp;</span> <span class='ocrx_word' id='word_1_806' title='bbox 648 3045 819 3084; x_wconf 86' lang='lat' dir='ltr'>infideles</span> <span class='ocrx_word' id='word_1_807' title='bbox 851 3046 953 3083; x_wconf 89' lang='lat' dir='ltr'>nullo</span> <span class='ocrx_word' id='word_1_808' title='bbox 983 3045 1101 3083; x_wconf 90' lang='lat' dir='ltr'>modo</span> <span class='ocrx_word' id='word_1_809' title='bbox 1132 3044 1386 3093; x_wconf 80' lang='lat' dir='ltr'>compellendi</span> <span class='ocrx_word' id='word_1_810' title='bbox 1418 3045 1518 3088; x_wconf 89' lang='lat' dir='ltr'>sint</span> <span class='ocrx_word' id='word_1_811' title='bbox 1516 3028 1518 3061; x_wconf 61' lang='grc' dir='ltr'>Ι</span> <span class='ocrx_word' id='word_1_812' title='bbox 1543 3045 1730 3083; x_wconf 85' lang='lat' dir='ltr'>Dominus</span> <span class='ocrx_word' id='word_1_813' title='bbox 1765 3046 1968 3094; x_wconf 72' lang='lat' dir='ltr'>prohibens</span> <span class='ocrx_word' id='word_1_814' title='bbox 2004 3046 2212 3086; x_wconf 79' lang='lat' dir='ltr'>occisiones</span> <span class='ocrx_word' id='word_1_815' title='bbox 2239 3047 2345 3095; x_wconf 85' lang='lat' dir='ltr'>fieri.</span> <span class='ocrx_word' id='word_1_816' title='bbox 2388 3047 2474 3086; x_wconf 79' lang='lat' dir='ltr'>Nec</span> <span class='ocrx_word' id='word_1_817' title='bbox 2498 3047 2606 3090; x_wconf 72' lang='lat' dir='ltr'>enim</span> <span class='ocrx_word' id='word_1_818' title='bbox 2633 3030 2727 3059; x_wconf 56' lang='grc' dir='ltr'>ηπ·</span> <span class='ocrx_word' id='word_1_819' title='bbox 2732 3030 2844 3054; x_wconf 48' lang='lat'>*⁸⁸⁰²*</span> 
     </span>
     <span class='ocr_line' id='line_1_98' title="bbox 454 3082 2745 3151; baseline 0.003 -20"><span class='ocrx_word' id='word_1_820' title='bbox 454 3100 457 3105; x_wconf 66' lang='lat'><strong>⁴</strong></span> <span class='ocrx_word' id='word_1_821' title='bbox 519 3113 569 3151; x_wconf 31' lang='grc' dir='ltr'>,ν</span> <span class='ocrx_word' id='word_1_822' title='bbox 586 3082 618 3137; x_wconf 65' lang='lat'>¹(</span> <span class='ocrx_word' id='word_1_823' title='bbox 648 3098 697 3135; x_wconf 87' lang='lat' dir='ltr'>ad</span> <span class='ocrx_word' id='word_1_824' title='bbox 733 3098 862 3137; x_wconf 89' lang='lat' dir='ltr'>fidem.</span> <span class='ocrx_word' id='word_1_825' title='bbox 900 3097 1047 3135; x_wconf 87' lang='lat' dir='ltr'>Dicitur</span> <span class='ocrx_word' id='word_1_826' title='bbox 1084 3096 1184 3135; x_wconf 90' lang='lat' dir='ltr'>enim</span> <span class='ocrx_word' id='word_1_827' title='bbox 1221 3097 1442 3135; x_wconf 75' lang='lat' dir='ltr'>Matth.x111</span> <span class='ocrx_word' id='word_1_828' title='bbox 1471 3098 1491 3119; x_wconf 72' lang='lat'>*¹</span> <span class='ocrx_word' id='word_1_829' title='bbox 1516 3103 1518 3143; x_wconf 67' lang='grc' dir='ltr'>ξ</span> <span class='ocrx_word' id='word_1_830' title='bbox 1544 3104 1687 3148; x_wconf 82' lang='lat' dir='ltr'>oportet</span> <span class='ocrx_word' id='word_1_831' title='bbox 1716 3098 1923 3147; x_wconf 86' lang='lat' dir='ltr'>interficere</span> <span class='ocrx_word' id='word_1_832' title='bbox 1950 3099 2157 3137; x_wconf 83' lang='lat' dir='ltr'>haereticos</span> <span class='ocrx_word' id='word_1_833' title='bbox 2182 3104 2219 3121; x_wconf 71' lang='lat'>²·</span> <span class='ocrx_word' id='word_1_834' title='bbox 2209 3099 2333 3148; x_wconf 78' lang='lat' dir='ltr'>‚quia</span> <span class='ocrx_word' id='word_1_835' title='bbox 2357 3100 2397 3138; x_wconf 85' lang='lat' dir='ltr'>si</span> <span class='ocrx_word' id='word_1_836' title='bbox 2420 3112 2484 3138; x_wconf 89' lang='lat' dir='ltr'>eos</span> <span class='ocrx_word' id='word_1_837' title='bbox 2511 3101 2607 3147; x_wconf 51' lang='lat' dir='ltr'>acm}</span> <span class='ocrx_word' id='word_1_838' title='bbox 2727 3109 2745 3127; x_wconf 72' lang='lat'>⁸</span> 
     </span>
    </p>

    <p class='ocr_par' dir='ltr' id='par_1_24' title="bbox 493 3149 2606 3209">
     <span class='ocr_line' id='line_1_99' title="bbox 493 3149 2606 3209; baseline 0.002 -22"><span class='ocrx_word' id='word_1_839' title='bbox 493 3175 500 3183; x_wconf 23' lang='grc' dir='ltr'>-ι</span> <span class='ocrx_word' id='word_1_840' title='bbox 528 3153 557 3175; x_wconf 57' lang='grc' dir='ltr'><strong>ῖῖ</strong></span> <span class='ocrx_word' id='word_1_841' title='bbox 626 3151 752 3209; x_wconf 81' lang='lat' dir='ltr'>quod</span> <span class='ocrx_word' id='word_1_842' title='bbox 780 3150 878 3187; x_wconf 87' lang='lat' dir='ltr'>servi</span> <span class='ocrx_word' id='word_1_843' title='bbox 906 3150 1179 3198; x_wconf 84' lang='lat' dir='ltr'>patrisfamilias</span> <span class='ocrx_word' id='word_1_844' title='bbox 1206 3150 1244 3188; x_wconf 91' lang='lat' dir='ltr'>in</span> <span class='ocrx_word' id='word_1_845' title='bbox 1272 3149 1377 3189; x_wconf 86' lang='lat' dir='ltr'>cuius</span> <span class='ocrx_word' id='word_1_846' title='bbox 1400 3161 1490 3198; x_wconf 85' lang='lat' dir='ltr'>agro</span> <span class='ocrx_word' id='word_1_847' title='bbox 1516 3153 1518 3192; x_wconf 87' lang='grc' dir='ltr'>Ι</span> <span class='ocrx_word' id='word_1_848' title='bbox 1544 3151 1680 3198; x_wconf 86' lang='lat' dir='ltr'>deritis,</span> <span class='ocrx_word' id='word_1_849' title='bbox 1709 3163 1855 3189; x_wconf 89' lang='lat' dir='ltr'>necesse</span> <span class='ocrx_word' id='word_1_850' title='bbox 1886 3157 1940 3189; x_wconf 89' lang='lat' dir='ltr'>est</span> <span class='ocrx_word' id='word_1_851' title='bbox 1965 3151 2100 3190; x_wconf 83' lang='lat' dir='ltr'>multos</span> <span class='ocrx_word' id='word_1_852' title='bbox 2131 3157 2349 3196; x_wconf 72' lang='lat' dir='ltr'>sanctorum</span> <span class='ocrx_word' id='word_1_853' title='bbox 2383 3152 2496 3192; x_wconf 84' lang='lat' dir='ltr'>simul</span> <span class='ocrx_word' id='word_1_854' title='bbox 2511 3154 2606 3205; x_wconf 56' lang='lat' dir='ltr'>sulf-</span> 
     </span>
    </p>

    <p class='ocr_par' dir='ltr' id='par_1_25' title="bbox 438 3199 2818 3322">
     <span class='ocr_line' id='line_1_100' title="bbox 439 3199 2764 3286; baseline 0.002 -44"><span class='ocrx_word' id='word_1_855' title='bbox 439 3211 545 3243; x_wconf 87' lang='lat' dir='ltr'>erant</span> <span class='ocrx_word' id='word_1_856' title='bbox 578 3203 720 3242; x_wconf 85' lang='lat' dir='ltr'>zizania</span> <span class='ocrx_word' id='word_1_857' title='bbox 751 3202 936 3242; x_wconf 86' lang='lat' dir='ltr'>seminata</span> <span class='ocrx_word' id='word_1_858' title='bbox 975 3202 1217 3251; x_wconf 88' lang='lat' dir='ltr'>quaesierunt</span> <span class='ocrx_word' id='word_1_859' title='bbox 1242 3203 1292 3241; x_wconf 86' lang='lat' dir='ltr'>ab</span> <span class='ocrx_word' id='word_1_860' title='bbox 1326 3215 1393 3240; x_wconf 89' lang='lat' dir='ltr'>eo:</span> <span class='ocrx_word' id='word_1_861' title='bbox 1430 3201 1518 3240; x_wconf 89' lang='lat' dir='ltr'>Vis</span> <span class='ocrx_word' id='word_1_862' title='bbox 1516 3204 1648 3251; x_wconf 78' lang='lat' dir='ltr'>verti.</span> <span class='ocrx_word' id='word_1_863' title='bbox 1677 3204 1779 3254; x_wconf 86' lang='lat' dir='ltr'>Ergo</span> <span class='ocrx_word' id='word_1_864' title='bbox 1799 3204 1948 3243; x_wconf 83' lang='lat' dir='ltr'>videtur</span> <span class='ocrx_word' id='word_1_865' title='bbox 1967 3204 2075 3254; x_wconf 88' lang='lat' dir='ltr'>quod</span> <span class='ocrx_word' id='word_1_866' title='bbox 2093 3204 2175 3255; x_wconf 87' lang='lat' dir='ltr'>pari</span> <span class='ocrx_word' id='word_1_867' title='bbox 2191 3204 2343 3245; x_wconf 81' lang='lat' dir='ltr'>ratione</span> <span class='ocrx_word' id='word_1_868' title='bbox 2363 3217 2439 3245; x_wconf 79' lang='lat' dir='ltr'>nec</span> <span class='ocrx_word' id='word_1_869' title='bbox 2459 3199 2607 3286; x_wconf 58' lang='lat' dir='ltr'>aliqui)</span> <span class='ocrx_word' id='word_1_870' title='bbox 2730 3211 2764 3250; x_wconf 73' lang='grc' dir='ltr'>β,</span> 
     </span>
     <span class='ocr_line' id='line_1_101' title="bbox 438 3255 2830 3322; baseline 0.001 -28"><span class='ocrx_word' id='word_1_871' title='bbox 438 3258 534 3294; x_wconf 85' lang='lat' dir='ltr'>imus</span> <span class='ocrx_word' id='word_1_872' title='bbox 561 3262 597 3293; x_wconf 90' lang='lat' dir='ltr'>et</span> <span class='ocrx_word' id='word_1_873' title='bbox 622 3255 832 3307; x_wconf 61' lang='lat' dir='ltr'>colligimus</span> <span class='ocrx_word' id='word_1_874' title='bbox 859 3255 936 3293; x_wconf 84' lang='lat' dir='ltr'>ea?</span> <span class='ocrx_word' id='word_1_875' title='bbox 964 3263 1000 3292; x_wconf 90' lang='lat' dir='ltr'>et</span> <span class='ocrx_word' id='word_1_876' title='bbox 1026 3255 1106 3306; x_wconf 89' lang='lat' dir='ltr'>ipse</span> <span class='ocrx_word' id='word_1_877' title='bbox 1132 3255 1348 3305; x_wconf 85' lang='lat' dir='ltr'>respondit:</span> <span class='ocrx_word' id='word_1_878' title='bbox 1374 3256 1490 3294; x_wconf 90' lang='lat' dir='ltr'>Non:</span> <span class='ocrx_word' id='word_1_879' title='bbox 1543 3257 1714 3296; x_wconf 79' lang='lat' dir='ltr'>infideles</span> <span class='ocrx_word' id='word_1_880' title='bbox 1738 3256 1815 3295; x_wconf 90' lang='lat' dir='ltr'>sint</span> <span class='ocrx_word' id='word_1_881' title='bbox 1842 3257 1892 3296; x_wconf 89' lang='lat' dir='ltr'>acl</span> <span class='ocrx_word' id='word_1_882' title='bbox 1919 3257 2039 3297; x_wconf 85' lang='lat' dir='ltr'>fidem</span> <span class='ocrx_word' id='word_1_883' title='bbox 2068 3256 2241 3307; x_wconf 79' lang='lat' dir='ltr'>cogendi.</span> <span class='ocrx_word' id='word_1_884' title='bbox 2632 3300 2719 3322; x_wconf 64' lang='lat' dir='ltr'>cm</span> <span class='ocrx_word' id='word_1_885' title='bbox 2737 3299 2773 3322; x_wconf 56' lang='lat' dir='ltr'><em>m</em></span> <span class='ocrx_word' id='word_1_886' title='bbox 2791 3297 2830 3321; x_wconf 56' lang='lat' dir='ltr'><em>h</em></span> 
     </span>
    </p>
   </div>
   <div class='ocr_carea' id='block_1_18' title="bbox 439 3291 2710 3358">
    <p class='ocr_par' dir='ltr' id='par_1_26' title="bbox 439 3291 2710 3358">
     <span class='ocr_line' id='line_1_102' title="bbox 439 3291 2710 3358; baseline 0 -12"><span class='ocrx_word' id='word_1_887' title='bbox 439 3322 485 3348; x_wconf 88' lang='lat' dir='ltr'>ne</span> <span class='ocrx_word' id='word_1_888' title='bbox 502 3311 620 3358; x_wconf 88' lang='lat' dir='ltr'>sorte,</span> <span class='ocrx_word' id='word_1_889' title='bbox 647 3309 877 3358; x_wconf 73' lang='lat' dir='ltr'>colligentes</span> <span class='ocrx_word' id='word_1_890' title='bbox 890 3308 1043 3357; x_wconf 60' lang='lat' dir='ltr'>zizania,</span> <span class='ocrx_word' id='word_1_891' title='bbox 1065 3308 1257 3347; x_wconf 82' lang='lat' dir='ltr'>eradicetis</span> <span class='ocrx_word' id='word_1_892' title='bbox 1276 3309 1388 3346; x_wconf 85' lang='lat' dir='ltr'>simul</span> <span class='ocrx_word' id='word_1_893' title='bbox 1404 3321 1489 3346; x_wconf 85' lang='lat' dir='ltr'>cum</span> <span class='ocrx_word' id='word_1_894' title='bbox 1594 3321 1632 3348; x_wconf 86' lang='lat'>2.</span> <span class='ocrx_word' id='word_1_895' title='bbox 1653 3310 1888 3357; x_wconf 56' lang='lat' dir='ltr'>Pamisum,</span> <span class='ocrx_word' id='word_1_896' title='bbox 1921 3309 1961 3348; x_wconf 88' lang='lat' dir='ltr'>in</span> <span class='ocrx_word' id='word_1_897' title='bbox 1989 3309 2177 3358; x_wconf 84' lang='lat' dir='ltr'>Decretis,</span> <span class='ocrx_word' id='word_1_898' title='bbox 2203 3309 2292 3349; x_wconf 82' lang='lat' dir='ltr'>dist.</span> <span class='ocrx_word' id='word_1_899' title='bbox 2310 3321 2383 3350; x_wconf 59' lang='lat' dir='ltr'>xuv</span> <span class='ocrx_word' id='word_1_900' title='bbox 2403 3310 2438 3358; x_wconf 78' lang='lat'>*⁷</span> <span class='ocrx_word' id='word_1_901' title='bbox 2468 3291 2523 3349; x_wconf 78' lang='lat' dir='ltr'>sic</span> <span class='ocrx_word' id='word_1_902' title='bbox 2544 3309 2606 3354; x_wconf 62' lang='lat' dir='ltr'>dl·</span> <span class='ocrx_word' id='word_1_903' title='bbox 2633 3325 2710 3348; x_wconf 67' lang='lat' dir='ltr'>mn.</span> 
     </span>
    </p>
   </div>
   <div class='ocr_carea' id='block_1_19' title="bbox 437 2997 648 3197">
    <p class='ocr_par' dir='ltr' id='par_1_27' title="bbox 437 2997 648 3197">
     <span class='ocr_line' id='line_1_103' title="bbox 437 2997 648 3197; baseline 0.019 -128"><span class='ocrx_word' id='word_1_904' title='bbox 437 2997 648 3197; x_wconf 95' lang='lat' dir='ltr'>     </span> 
     </span>
    </p>
   </div>
   <div class='ocr_carea' id='block_1_20' title="bbox 199 3109 392 3137">
    <p class='ocr_par' dir='ltr' id='par_1_28' title="bbox 199 3109 392 3137">
     <span class='ocr_line' id='line_1_104' title="bbox 199 3109 392 3137; baseline -0.005 -6"><span class='ocrx_word' id='word_1_905' title='bbox 199 3109 211 3121; x_wconf 68' lang='lat'>⁴</span> <span class='ocrx_word' id='word_1_906' title='bbox 225 3109 291 3132; x_wconf 76' lang='lat' dir='ltr'>Ver·-</span> <span class='ocrx_word' id='word_1_907' title='bbox 306 3109 341 3137; x_wconf 77' lang='lat'>28,</span> <span class='ocrx_word' id='word_1_908' title='bbox 356 3115 392 3137; x_wconf 85' lang='lat'>29·</span> 
     </span>
    </p>
   </div>
   <div class='ocr_carea' id='block_1_21' title="bbox 1788 3440 1917 3465">
    <p class='ocr_par' dir='ltr' id='par_1_29' title="bbox 1788 3440 1917 3465">
     <span class='ocr_line' id='line_1_105' title="bbox 1788 3440 1917 3465; baseline 0.008 -1"><span class='ocrx_word' id='word_1_909' title='bbox 1788 3440 1836 3464; x_wconf 80' lang='lat' dir='ltr'>alii</span> <span class='ocrx_word' id='word_1_910' title='bbox 1853 3440 1917 3465; x_wconf 77' lang='lat' dir='ltr'>sCR.</span> 
     </span>
    </p>
   </div>
   <div class='ocr_carea' id='block_1_22' title="bbox 492 3437 1771 3504">
    <p class='ocr_par' dir='ltr' id='par_1_30' title="bbox 492 3437 1771 3504">
     <span class='ocr_line' id='line_1_106' title="bbox 492 3437 1771 3504; baseline 0.002 -42"><span class='ocrx_word' id='word_1_911' title='bbox 492 3439 519 3469; x_wconf 82' lang='grc' dir='ltr'>α)</span> <span class='ocrx_word' id='word_1_912' title='bbox 538 3438 693 3465; x_wconf 76' lang='lat' dir='ltr'>haereticos.</span> <span class='ocrx_word' id='word_1_913' title='bbox 704 3451 722 3457; x_wconf 90' lang='lat'>-</span> <span class='ocrx_word' id='word_1_914' title='bbox 736 3437 896 3463; x_wconf 78' lang='lat' dir='ltr'>haereticum</span> <span class='ocrx_word' id='word_1_915' title='bbox 909 3437 1168 3470; x_wconf 78' lang='lat' dir='ltr'>ABCDFGHIKLpE</span> <span class='ocrx_word' id='word_1_916' title='bbox 1183 3443 1208 3463; x_wconf 87' lang='lat' dir='ltr'>et</span> <span class='ocrx_word' id='word_1_917' title='bbox 1219 3446 1287 3470; x_wconf 71' lang='grc' dir='ltr'>ω,-</span> <span class='ocrx_word' id='word_1_918' title='bbox 1306 3446 1353 3471; x_wconf 80' lang='lat' dir='ltr'>pro</span> <span class='ocrx_word' id='word_1_919' title='bbox 1366 3439 1490 3469; x_wconf 77' lang='lat' dir='ltr'>subverti,</span> <span class='ocrx_word' id='word_1_920' title='bbox 1517 3439 1520 3504; x_wconf 68' lang='grc' dir='ltr'>Ι</span> <span class='ocrx_word' id='word_1_921' title='bbox 1599 3438 1625 3472; x_wconf 88' lang='grc' dir='ltr'>β)</span> <span class='ocrx_word' id='word_1_922' title='bbox 1643 3440 1735 3472; x_wconf 79' lang='lat' dir='ltr'>aliqui.</span> <span class='ocrx_word' id='word_1_923' title='bbox 1752 3453 1771 3459; x_wconf 91' lang='lat'>-</span> 
     </span>
    </p>
   </div>
   <div class='ocr_carea' id='block_1_23' title="bbox 439 3473 687 3499">
    <p class='ocr_par' dir='ltr' id='par_1_31' title="bbox 439 3473 687 3499">
     <span class='ocr_line' id='line_1_107' title="bbox 439 3473 687 3499; baseline 0 -1"><span class='ocrx_word' id='word_1_924' title='bbox 439 3473 559 3498; x_wconf 79' lang='lat' dir='ltr'>submitti</span> <span class='ocrx_word' id='word_1_925' title='bbox 577 3474 687 3499; x_wconf 87' lang='lat' dir='ltr'>codices.</span> 
     </span>
    </p>
   </div>
  </div>
 </body>
</html>
