<?xml version="1.0" encoding="UTF-8"?>
<!DOCTYPE html PUBLIC "-//W3C//DTD XHTML 1.0 Transitional//EN"
    "http://www.w3.org/TR/xhtml1/DTD/xhtml1-transitional.dtd">
<html xmlns="http://www.w3.org/1999/xhtml" xml:lang="en" lang="en">
 <head>
  <title>
</title>
<meta http-equiv="Content-Type" content="text/html;charset=utf-8" />
  <meta name='ocr-system' content='tesseract 3.04.00' />
  <meta name='ocr-capabilities' content='ocr_page ocr_carea ocr_par ocr_line ocrx_word'/>
</head>
<body>
  <div class='ocr_page' id='page_1' title='image "./operaomniaiussui08thom/operaomniaiussui08thom_0145.png"; bbox 0 0 2892 4056; ppageno 0'>
   <div class='ocr_carea' id='block_1_1' title="bbox 1006 144 1736 220">
    <p class='ocr_par' dir='ltr' id='par_1_1' title="bbox 1006 144 1736 220">
     <span class='ocr_line' id='line_1_1' title="bbox 1006 144 1736 220; baseline 0.001 -10"><span class='ocrx_word' id='word_1_1' title='bbox 1006 173 1272 219; x_wconf 81' lang='lat' dir='ltr'><strong>QUAESTIO</strong></span> <span class='ocrx_word' id='word_1_2' title='bbox 1301 174 1369 220; x_wconf 79' lang='lat' dir='ltr'>xl,</span> <span class='ocrx_word' id='word_1_3' title='bbox 1398 144 1692 211; x_wconf 61' lang='lat' dir='ltr'>Aiz‘TicULUs</span> <span class='ocrx_word' id='word_1_4' title='bbox 1723 175 1736 210; x_wconf 93' lang='lat'><em>1</em></span> 
     </span>
    </p>
   </div>
   <div class='ocr_carea' id='block_1_2' title="bbox 2400 187 2448 224">
    <p class='ocr_par' dir='ltr' id='par_1_2' title="bbox 2400 187 2448 224">
     <span class='ocr_line' id='line_1_2' title="bbox 2400 187 2448 224; baseline 0.021 -1"><span class='ocrx_word' id='word_1_5' title='bbox 2400 187 2448 224; x_wconf 87' lang='lat'>97</span> 
     </span>
    </p>
   </div>
   <div class='ocr_carea' id='block_1_3' title="bbox 935 361 1803 511">
    <p class='ocr_par' dir='ltr' id='par_1_3' title="bbox 935 361 1803 511">
     <span class='ocr_line' id='line_1_3' title="bbox 935 361 1803 438; baseline -0.002 -21"><span class='ocrx_word' id='word_1_6' title='bbox 935 361 1342 438; x_wconf 80' lang='lat' dir='ltr'><strong>QUAESTIO</strong></span> <span class='ocrx_word' id='word_1_7' title='bbox 1379 361 1803 416; x_wconf 76' lang='lat' dir='ltr'><strong>UNDECIMA</strong></span> 
     </span>
     <span class='ocr_line' id='line_1_4' title="bbox 1143 470 1598 511; baseline 0 0"><span class='ocrx_word' id='word_1_8' title='bbox 1143 472 1184 511; x_wconf 96' lang='lat' dir='ltr'>D</span> <span class='ocrx_word' id='word_1_9' title='bbox 1198 472 1235 511; x_wconf 85' lang='lat' dir='ltr'><strong>E</strong></span> <span class='ocrx_word' id='word_1_10' title='bbox 1281 471 1373 511; x_wconf 93' lang='lat' dir='ltr'>HA</span> <span class='ocrx_word' id='word_1_11' title='bbox 1385 471 1423 511; x_wconf 83' lang='lat' dir='ltr'><strong>E</strong></span> <span class='ocrx_word' id='word_1_12' title='bbox 1433 471 1474 511; x_wconf 94' lang='lat' dir='ltr'><strong>R</strong></span> <span class='ocrx_word' id='word_1_13' title='bbox 1487 471 1524 511; x_wconf 85' lang='lat' dir='ltr'>E</span> <span class='ocrx_word' id='word_1_14' title='bbox 1535 470 1567 511; x_wconf 88' lang='lat' dir='ltr'>S</span> <span class='ocrx_word' id='word_1_15' title='bbox 1582 471 1598 510; x_wconf 97' lang='lat' dir='ltr'>I</span> 
     </span>
    </p>
   </div>
   <div class='ocr_carea' id='block_1_4' title="bbox 1068 568 1674 599">
    <p class='ocr_par' dir='ltr' id='par_1_4' title="bbox 1068 568 1674 599">
     <span class='ocr_line' id='line_1_5' title="bbox 1068 568 1674 599; baseline 0 -6"><span class='ocrx_word' id='word_1_16' title='bbox 1068 568 1103 592; x_wconf 87' lang='lat' dir='ltr'>IN</span> <span class='ocrx_word' id='word_1_17' title='bbox 1132 568 1304 599; x_wconf 82' lang='lat' dir='ltr'><strong>QUATUOR</strong></span> <span class='ocrx_word' id='word_1_18' title='bbox 1330 568 1530 593; x_wconf 81' lang='lat' dir='ltr'>ARTICULOS</span> <span class='ocrx_word' id='word_1_19' title='bbox 1559 568 1674 593; x_wconf 78' lang='lat' dir='ltr'>DIVISA</span> 
     </span>
    </p>
   </div>
   <div class='ocr_carea' id='block_1_5' title="bbox 49 651 1211 746">
    <p class='ocr_par' dir='ltr' id='par_1_5' title="bbox 49 651 1211 746">
     <span class='ocr_line' id='line_1_6' title="bbox 49 651 1211 746; baseline -0.001 -56"><span class='ocrx_word' id='word_1_20' title='bbox 49 661 259 690; x_wconf 74' lang='lat' dir='ltr'>·cf-‹1u-x‚1ntrod-</span> <span class='ocrx_word' id='word_1_21' title='bbox 290 663 477 746; x_wconf 79' lang='lat' dir='ltr'>DElNDE</span> <span class='ocrx_word' id='word_1_22' title='bbox 507 652 826 690; x_wconf 86' lang='lat' dir='ltr'>considerandum</span> <span class='ocrx_word' id='word_1_23' title='bbox 855 658 911 688; x_wconf 92' lang='lat' dir='ltr'>est</span> <span class='ocrx_word' id='word_1_24' title='bbox 938 651 985 688; x_wconf 91' lang='lat' dir='ltr'>de</span> <span class='ocrx_word' id='word_1_25' title='bbox 1013 652 1162 700; x_wconf 79' lang='lat' dir='ltr'>haeresi</span> <span class='ocrx_word' id='word_1_26' title='bbox 1181 653 1211 689; x_wconf 73' lang='lat'>³¹⁶.</span> 
     </span>
    </p>
   </div>
   <div class='ocr_carea' id='block_1_6' title="bbox 350 705 1089 754">
    <p class='ocr_par' dir='ltr' id='par_1_6' title="bbox 350 705 1089 754">
     <span class='ocr_line' id='line_1_7' title="bbox 350 705 1089 754; baseline -0.003 -12"><span class='ocrx_word' id='word_1_27' title='bbox 350 705 483 747; x_wconf 15' lang='lat' dir='ltr'>VCirca</span> <span class='ocrx_word' id='word_1_28' title='bbox 511 717 626 754; x_wconf 86' lang='lat' dir='ltr'>quam</span> <span class='ocrx_word' id='word_1_29' title='bbox 656 711 887 754; x_wconf 88' lang='lat' dir='ltr'>quaeruntur</span> <span class='ocrx_word' id='word_1_30' title='bbox 914 711 1089 753; x_wconf 88' lang='lat' dir='ltr'>quatuor.</span> 
     </span>
    </p>
   </div>
   <div class='ocr_carea' id='block_1_7' title="bbox 342 713 1370 806">
    <p class='ocr_par' dir='ltr' id='par_1_7' title="bbox 342 713 1370 806">
     <span class='ocr_line' id='line_1_8' title="bbox 342 713 1370 806; baseline -0.001 -11"><span class='ocrx_word' id='word_1_31' title='bbox 342 758 491 795; x_wconf 87' lang='lat' dir='ltr'>Primo:</span> <span class='ocrx_word' id='word_1_32' title='bbox 521 766 646 795; x_wconf 86' lang='lat' dir='ltr'>utrum</span> <span class='ocrx_word' id='word_1_33' title='bbox 674 757 839 795; x_wconf 89' lang='lat' dir='ltr'>haeresis</span> <span class='ocrx_word' id='word_1_34' title='bbox 867 757 913 793; x_wconf 90' lang='lat' dir='ltr'>sit</span> <span class='ocrx_word' id='word_1_35' title='bbox 939 757 1164 794; x_wconf 90' lang='lat' dir='ltr'>infidelitatis</span> <span class='ocrx_word' id='word_1_36' title='bbox 1183 758 1339 806; x_wconf 92' lang='lat' dir='ltr'>species.</span> <span class='ocrx_word' id='word_1_37' title='bbox 1366 713 1370 777; x_wconf 47' lang='lat' dir='ltr'>i</span> 
     </span>
    </p>
   </div>
   <div class='ocr_carea' id='block_1_8' title="bbox 1367 779 1372 809">
    <p class='ocr_par' dir='ltr' id='par_1_8' title="bbox 1367 779 1372 809">
     <span class='ocr_line' id='line_1_9' title="bbox 1367 779 1372 809; baseline 0 0"><span class='ocrx_word' id='word_1_38' title='bbox 1367 779 1372 809; x_wconf 78' lang='lat' dir='ltr'>i</span> 
     </span>
    </p>
   </div>
   <div class='ocr_carea' id='block_1_9' title="bbox 1447 653 2388 809">
    <p class='ocr_par' dir='ltr' id='par_1_9' title="bbox 1447 653 2388 809">
     <span class='ocr_line' id='line_1_10' title="bbox 1447 653 2388 702; baseline 0.003 -13"><span class='ocrx_word' id='word_1_39' title='bbox 1447 653 1657 694; x_wconf 68' lang='lat' dir='ltr'>Secundo:⁴</span> <span class='ocrx_word' id='word_1_40' title='bbox 1679 653 1726 690; x_wconf 92' lang='lat' dir='ltr'>de</span> <span class='ocrx_word' id='word_1_41' title='bbox 1755 653 1912 690; x_wconf 89' lang='lat' dir='ltr'>materia</span> <span class='ocrx_word' id='word_1_42' title='bbox 1941 654 2020 690; x_wconf 88' lang='lat' dir='ltr'>eius</span> <span class='ocrx_word' id='word_1_43' title='bbox 2050 654 2147 691; x_wconf 91' lang='lat' dir='ltr'>circa</span> <span class='ocrx_word' id='word_1_44' title='bbox 2175 666 2291 702; x_wconf 89' lang='lat' dir='ltr'>quam</span> <span class='ocrx_word' id='word_1_45' title='bbox 2322 663 2388 693; x_wconf 91' lang='lat' dir='ltr'>est.</span> 
     </span>
     <span class='ocr_line' id='line_1_11' title="bbox 1449 706 2283 744; baseline 0.002 -2"><span class='ocrx_word' id='word_1_46' title='bbox 1449 706 1600 743; x_wconf 91' lang='lat' dir='ltr'>Tertio:</span> <span class='ocrx_word' id='word_1_47' title='bbox 1630 714 1758 743; x_wconf 89' lang='lat' dir='ltr'>utrum</span> <span class='ocrx_word' id='word_1_48' title='bbox 1786 706 1961 744; x_wconf 89' lang='lat' dir='ltr'>haeretici</span> <span class='ocrx_word' id='word_1_49' title='bbox 1988 706 2061 744; x_wconf 91' lang='lat' dir='ltr'>sint</span> <span class='ocrx_word' id='word_1_50' title='bbox 2087 707 2283 744; x_wconf 88' lang='lat' dir='ltr'>tolerandi.</span> 
     </span>
     <span class='ocr_line' id='line_1_12' title="bbox 1451 759 2376 809; baseline 0.001 -14"><span class='ocrx_word' id='word_1_51' title='bbox 1451 759 1616 805; x_wconf 90' lang='lat' dir='ltr'>Quarto:</span> <span class='ocrx_word' id='word_1_52' title='bbox 1645 767 1772 796; x_wconf 90' lang='lat' dir='ltr'>utrum</span> <span class='ocrx_word' id='word_1_53' title='bbox 1802 767 2032 796; x_wconf 88' lang='lat' dir='ltr'>revertentes</span> <span class='ocrx_word' id='word_1_54' title='bbox 2061 759 2132 796; x_wconf 91' lang='lat' dir='ltr'>sint</span> <span class='ocrx_word' id='word_1_55' title='bbox 2161 760 2376 809; x_wconf 89' lang='lat' dir='ltr'>recipiendi.</span> 
     </span>
    </p>
   </div>
   <div class='ocr_carea' id='block_1_10' title="bbox 870 865 1873 987">
    <p class='ocr_par' dir='ltr' id='par_1_10' title="bbox 870 865 1873 987">
     <span class='ocr_line' id='line_1_13' title="bbox 1094 865 1644 907; baseline 0.002 -1"><span class='ocrx_word' id='word_1_56' title='bbox 1094 865 1409 907; x_wconf 89' lang='lat' dir='ltr'>ARTICULUS</span> <span class='ocrx_word' id='word_1_57' title='bbox 1440 865 1644 907; x_wconf 91' lang='lat' dir='ltr'>PRIMUS</span> 
     </span>
     <span class='ocr_line' id='line_1_14' title="bbox 870 956 1873 987; baseline -0.001 0"><span class='ocrx_word' id='word_1_58' title='bbox 870 956 1023 987; x_wconf 82' lang='lat' dir='ltr'><strong>UTRUM</strong></span> <span class='ocrx_word' id='word_1_59' title='bbox 1046 956 1253 987; x_wconf 69' lang='lat' dir='ltr'>HAEREffls</span> <span class='ocrx_word' id='word_1_60' title='bbox 1277 956 1343 986; x_wconf 77' lang='lat' dir='ltr'>SIT</span> <span class='ocrx_word' id='word_1_61' title='bbox 1367 956 1682 987; x_wconf 78' lang='lat' dir='ltr'>INFIDELITATIS</span> <span class='ocrx_word' id='word_1_62' title='bbox 1705 956 1873 987; x_wconf 81' lang='lat' dir='ltr'>SPECIES</span> 
     </span>
    </p>
   </div>
   <div class='ocr_carea' id='block_1_11' title="bbox 727 1035 1344 1068">
    <p class='ocr_par' dir='ltr' id='par_1_11' title="bbox 727 1035 1344 1068">
     <span class='ocr_line' id='line_1_15' title="bbox 727 1035 1344 1068; baseline 0 -9"><span class='ocrx_word' id='word_1_63' title='bbox 727 1035 818 1067; x_wconf 79' lang='lat' dir='ltr'>Supra,</span> <span class='ocrx_word' id='word_1_64' title='bbox 837 1043 881 1068; x_wconf 93' lang='lat' dir='ltr'>qu.</span> <span class='ocrx_word' id='word_1_65' title='bbox 899 1043 922 1066; x_wconf 85' lang='lat' dir='ltr'>x,</span> <span class='ocrx_word' id='word_1_66' title='bbox 942 1040 989 1060; x_wconf 78' lang='lat' dir='ltr'>art.</span> <span class='ocrx_word' id='word_1_67' title='bbox 1009 1035 1038 1066; x_wconf 74' lang='lat'>53</span> <span class='ocrx_word' id='word_1_68' title='bbox 1057 1035 1130 1065; x_wconf 76' lang='lat' dir='ltr'>infra,</span> <span class='ocrx_word' id='word_1_69' title='bbox 1149 1043 1194 1067; x_wconf 91' lang='lat' dir='ltr'>qu.</span> <span class='ocrx_word' id='word_1_70' title='bbox 1213 1042 1280 1064; x_wconf 66' lang='grc' dir='ltr'>κεῖν,</span> <span class='ocrx_word' id='word_1_71' title='bbox 1299 1039 1344 1059; x_wconf 84' lang='lat' dir='ltr'>art.</span> 
     </span>
    </p>
   </div>
   <div class='ocr_carea' id='block_1_12' title="bbox 286 1109 496 1285">
    <p class='ocr_par' dir='ltr' id='par_1_12' title="bbox 286 1109 496 1285">
     <span class='ocr_line' id='line_1_16' title="bbox 298 1109 496 1233; baseline 0 -49"><span class='ocrx_word' id='word_1_72' title='bbox 298 1109 496 1233; x_wconf 95' lang='lat' dir='ltr'>    </span> 
     </span>
     <span class='ocr_line' id='line_1_17' title="bbox 286 1233 456 1285; baseline 0 -5"><span class='ocrx_word' id='word_1_73' title='bbox 286 1233 456 1285; x_wconf 95' lang='lat' dir='ltr'>  </span> 
     </span>
    </p>
   </div>
   <div class='ocr_carea' id='block_1_13' title="bbox 308 1106 1343 1304">
    <p class='ocr_par' dir='ltr' id='par_1_13' title="bbox 308 1106 1343 1304">
     <span class='ocr_line' id='line_1_18' title="bbox 337 1106 1343 1166; baseline 0.005 -27.091"><span class='ocrx_word' id='word_1_74' title='bbox 337 1126 384 1163; x_wconf 34' lang='grc' dir='ltr'>ἦ,</span> <span class='ocrx_word' id='word_1_75' title='bbox 406 1137 470 1166; x_wconf 19' lang='grc' dir='ltr'>’,ἡ</span> <span class='ocrx_word' id='word_1_76' title='bbox 497 1116 521 1141; x_wconf 82' lang='lat' dir='ltr'>n</span> <span class='ocrx_word' id='word_1_77' title='bbox 548 1116 686 1142; x_wconf 71' lang='lat' dir='ltr'>prunum</span> <span class='ocrx_word' id='word_1_78' title='bbox 713 1118 767 1143; x_wconf 78' lang='lat' dir='ltr'>Sic</span> <span class='ocrx_word' id='word_1_79' title='bbox 791 1118 1030 1144; x_wconf 67' lang='lat' dir='ltr'>Pnocmirun.</span> <span class='ocrx_word' id='word_1_80' title='bbox 1054 1106 1212 1144; x_wconf 90' lang='lat' dir='ltr'>Videtur</span> <span class='ocrx_word' id='word_1_81' title='bbox 1240 1107 1343 1156; x_wconf 94' lang='lat' dir='ltr'>quod</span> 
     </span>
     <span class='ocr_line' id='line_1_19' title="bbox 316 1144 1343 1219; baseline 0.008 -30.008"><span class='ocrx_word' id='word_1_82' title='bbox 316 1144 469 1219; x_wconf 55' lang='grc' dir='ltr'>’μ’ξτᾙ</span> <span class='ocrx_word' id='word_1_83' title='bbox 496 1158 663 1194; x_wconf 86' lang='lat' dir='ltr'>haeresis</span> <span class='ocrx_word' id='word_1_84' title='bbox 691 1170 769 1196; x_wconf 92' lang='lat' dir='ltr'>non</span> <span class='ocrx_word' id='word_1_85' title='bbox 794 1159 840 1196; x_wconf 90' lang='lat' dir='ltr'>sit</span> <span class='ocrx_word' id='word_1_86' title='bbox 856 1159 1085 1197; x_wconf 83' lang='lat' dir='ltr'>infidelitatis</span> <span class='ocrx_word' id='word_1_87' title='bbox 1106 1160 1343 1208; x_wconf 90' lang='lat' dir='ltr'>species.1n-</span> 
     </span>
     <span class='ocr_line' id='line_1_20' title="bbox 308 1198 1343 1267; baseline 0.006 -23"><span class='ocrx_word' id='word_1_88' title='bbox 308 1243 315 1262; x_wconf 55' lang='lat'>,</span> <span class='ocrx_word' id='word_1_89' title='bbox 354 1228 465 1267; x_wconf 40' lang='grc' dir='ltr'>,γη</span> <span class='ocrx_word' id='word_1_90' title='bbox 436 1198 467 1258; x_wconf 56' lang='grc' dir='ltr'>’ξ</span> <span class='ocrx_word' id='word_1_91' title='bbox 482 1210 658 1248; x_wconf 88' lang='lat' dir='ltr'><strong>fidelitas</strong></span> <span class='ocrx_word' id='word_1_92' title='bbox 687 1212 788 1249; x_wconf 90' lang='lat' dir='ltr'>enim</span> <span class='ocrx_word' id='word_1_93' title='bbox 821 1212 859 1249; x_wconf 92' lang='lat' dir='ltr'>in</span> <span class='ocrx_word' id='word_1_94' title='bbox 886 1213 1074 1250; x_wconf 89' lang='lat' dir='ltr'>intellectu</span> <span class='ocrx_word' id='word_1_95' title='bbox 1103 1221 1177 1260; x_wconf 87' lang='lat' dir='ltr'>est,</span> <span class='ocrx_word' id='word_1_96' title='bbox 1212 1221 1254 1250; x_wconf 93' lang='lat' dir='ltr'>ut</span> <span class='ocrx_word' id='word_1_97' title='bbox 1281 1225 1343 1250; x_wconf 88' lang='lat' dir='ltr'>su-</span> 
     </span>
     <span class='ocr_line' id='line_1_21' title="bbox 323 1257 1343 1304; baseline 0.005 -5"><span class='ocrx_word' id='word_1_98' title='bbox 323 1265 325 1268; x_wconf 82' lang='grc'>’</span> <span class='ocrx_word' id='word_1_99' title='bbox 456 1257 511 1303; x_wconf 98' lang='grc' dir='ltr'>Χ</span> <span class='ocrx_word' id='word_1_100' title='bbox 506 1276 567 1301; x_wconf 88' lang='lat' dir='ltr'>·ra</span> <span class='ocrx_word' id='word_1_101' title='bbox 583 1263 604 1286; x_wconf 78' lang='lat'>&#39;¹‘</span> <span class='ocrx_word' id='word_1_102' title='bbox 624 1264 766 1303; x_wconf 90' lang='lat' dir='ltr'>dictum</span> <span class='ocrx_word' id='word_1_103' title='bbox 796 1273 862 1303; x_wconf 89' lang='lat' dir='ltr'>est.</span> <span class='ocrx_word' id='word_1_104' title='bbox 892 1266 968 1304; x_wconf 90' lang='lat' dir='ltr'>Sed</span> <span class='ocrx_word' id='word_1_105' title='bbox 996 1266 1164 1303; x_wconf 88' lang='lat' dir='ltr'>haeresis</span> <span class='ocrx_word' id='word_1_106' title='bbox 1191 1278 1270 1303; x_wconf 88' lang='lat' dir='ltr'>non</span> <span class='ocrx_word' id='word_1_107' title='bbox 1287 1267 1343 1304; x_wconf 86' lang='lat' dir='ltr'>vi-</span> 
     </span>
    </p>
   </div>
   <div class='ocr_carea' id='block_1_14' title="bbox 494 1280 505 1285">
    <p class='ocr_par' dir='ltr' id='par_1_14' title="bbox 494 1280 505 1285">
     <span class='ocr_line' id='line_1_22' title="bbox 494 1280 505 1285; baseline 0 0"><span class='ocrx_word' id='word_1_108' title='bbox 494 1280 505 1285; x_wconf 95' lang='lat' dir='ltr'> </span> 
     </span>
    </p>
   </div>
   <div class='ocr_carea' id='block_1_15' title="bbox 133 1312 1342 1378">
    <p class='ocr_par' dir='ltr' id='par_1_15' title="bbox 133 1312 1342 1378">
     <span class='ocr_line' id='line_1_23' title="bbox 133 1312 1342 1378; baseline -0.002 -19"><span class='ocrx_word' id='word_1_109' title='bbox 133 1345 147 1359; x_wconf 69' lang='lat' dir='ltr'>t.</span> <span class='ocrx_word' id='word_1_110' title='bbox 187 1345 213 1359; x_wconf 58' lang='grc' dir='ltr'>ω</span> <span class='ocrx_word' id='word_1_111' title='bbox 250 1331 272 1334; x_wconf 63' lang='grc'>’”</span> <span class='ocrx_word' id='word_1_112' title='bbox 285 1315 402 1357; x_wconf 60' lang='lat' dir='ltr'>detti?</span> <span class='ocrx_word' id='word_1_113' title='bbox 409 1312 470 1353; x_wconf 84' lang='lat' dir='ltr'>ad</span> <span class='ocrx_word' id='word_1_114' title='bbox 482 1315 712 1356; x_wconf 87' lang='lat' dir='ltr'>intellectum</span> <span class='ocrx_word' id='word_1_115' title='bbox 739 1319 938 1378; x_wconf 82' lang='lat' dir='ltr'>pertinere,</span> <span class='ocrx_word' id='word_1_116' title='bbox 958 1320 1026 1356; x_wconf 91' lang='lat' dir='ltr'>sed</span> <span class='ocrx_word' id='word_1_117' title='bbox 1054 1320 1174 1367; x_wconf 89' lang='lat' dir='ltr'>magis</span> <span class='ocrx_word' id='word_1_118' title='bbox 1195 1320 1242 1356; x_wconf 88' lang='lat' dir='ltr'>ad</span> <span class='ocrx_word' id='word_1_119' title='bbox 1262 1319 1342 1356; x_wconf 92' lang='lat' dir='ltr'>vim</span> 
     </span>
    </p>
   </div>
   <div class='ocr_carea' id='block_1_16' title="bbox 237 1368 1344 1526">
    <p class='ocr_par' dir='ltr' id='par_1_16' title="bbox 237 1368 1344 1526">
     <span class='ocr_line' id='line_1_24' title="bbox 239 1368 1341 1420; baseline 0.002 -13"><span class='ocrx_word' id='word_1_120' title='bbox 239 1372 258 1419; x_wconf 64' lang='lat'>‘2</span> <span class='ocrx_word' id='word_1_121' title='bbox 285 1368 544 1418; x_wconf 81' lang='lat' dir='ltr'>appetitivam.</span> <span class='ocrx_word' id='word_1_122' title='bbox 573 1371 672 1408; x_wconf 86' lang='lat' dir='ltr'>Dicit</span> <span class='ocrx_word' id='word_1_123' title='bbox 701 1371 802 1408; x_wconf 90' lang='lat' dir='ltr'>enim</span> <span class='ocrx_word' id='word_1_124' title='bbox 831 1371 1140 1420; x_wconf 84' lang='lat' dir='ltr'>Hieronymus,</span> <span class='ocrx_word' id='word_1_125' title='bbox 1111 1373 1130 1393; x_wconf 90' lang='lat'><strong>*</strong></span> <span class='ocrx_word' id='word_1_126' title='bbox 1163 1380 1199 1409; x_wconf 90' lang='lat' dir='ltr'>et</span> <span class='ocrx_word' id='word_1_127' title='bbox 1225 1373 1341 1410; x_wconf 89' lang='lat' dir='ltr'>habe-</span> 
     </span>
     <span class='ocr_line' id='line_1_25' title="bbox 237 1421 1344 1474; baseline 0.004 -16"><span class='ocrx_word' id='word_1_128' title='bbox 237 1440 256 1474; x_wconf 75' lang='grc' dir='ltr'>Ι»</span> <span class='ocrx_word' id='word_1_129' title='bbox 284 1430 345 1459; x_wconf 84' lang='lat' dir='ltr'>tur</span> <span class='ocrx_word' id='word_1_130' title='bbox 370 1421 409 1458; x_wconf 90' lang='lat' dir='ltr'>in</span> <span class='ocrx_word' id='word_1_131' title='bbox 423 1422 602 1469; x_wconf 82' lang='lat' dir='ltr'><em>Decretis,</em></span> <span class='ocrx_word' id='word_1_132' title='bbox 623 1425 774 1471; x_wconf 74' lang='lat' dir='ltr'>XXIV‘,</span> <span class='ocrx_word' id='word_1_133' title='bbox 795 1424 965 1473; x_wconf 74' lang='lat' dir='ltr'>qu.111*:</span> <span class='ocrx_word' id='word_1_134' title='bbox 991 1425 1174 1462; x_wconf 86' lang='lat' dir='ltr'>Haeresis</span> <span class='ocrx_word' id='word_1_135' title='bbox 1204 1437 1344 1474; x_wconf 79' lang='lat' dir='ltr'><strong><em>graece</em></strong></span> 
     </span>
     <span class='ocr_line' id='line_1_26' title="bbox 250 1475 1342 1526; baseline 0.002 -14"><span class='ocrx_word' id='word_1_136' title='bbox 250 1491 256 1498; x_wconf 95' lang='lat'><em>·</em></span> <span class='ocrx_word' id='word_1_137' title='bbox 284 1475 338 1512; x_wconf 76' lang='lat' dir='ltr'>ab</span> <span class='ocrx_word' id='word_1_138' title='bbox 347 1475 523 1512; x_wconf 76' lang='lat' dir='ltr'><em>electione</em></span> <span class='ocrx_word' id='word_1_139' title='bbox 540 1476 684 1513; x_wconf 85' lang='lat' dir='ltr'>dicitur.</span> <span class='ocrx_word' id='word_1_140' title='bbox 701 1477 802 1525; x_wconf 88' lang='lat' dir='ltr'>quod</span> <span class='ocrx_word' id='word_1_141' title='bbox 811 1477 950 1514; x_wconf 87' lang='lat' dir='ltr'>scilicet</span> <span class='ocrx_word' id='word_1_142' title='bbox 966 1489 1050 1514; x_wconf 90' lang='lat' dir='ltr'>eam</span> <span class='ocrx_word' id='word_1_143' title='bbox 1064 1478 1136 1514; x_wconf 86' lang='lat' dir='ltr'>sibi</span> <span class='ocrx_word' id='word_1_144' title='bbox 1150 1478 1342 1526; x_wconf 85' lang='lat' dir='ltr'>unusquis-</span> 
     </span>
    </p>
   </div>
   <div class='ocr_carea' id='block_1_17' title="bbox 284 1528 1344 1632">
    <p class='ocr_par' dir='ltr' id='par_1_17' title="bbox 284 1528 1342 1632">
     <span class='ocr_line' id='line_1_27' title="bbox 284 1528 1342 1590; baseline 0.005 -27"><span class='ocrx_word' id='word_1_145' title='bbox 284 1539 356 1576; x_wconf 83' lang='lat' dir='ltr'>que</span> <span class='ocrx_word' id='word_1_146' title='bbox 378 1528 494 1577; x_wconf 87' lang='lat' dir='ltr'>eligat</span> <span class='ocrx_word' id='word_1_147' title='bbox 515 1528 746 1577; x_wconf 83' lang='lat' dir='ltr'><em>disciplinam</em></span> <span class='ocrx_word' id='word_1_148' title='bbox 767 1542 881 1578; x_wconf 85' lang='lat' dir='ltr'>quam</span> <span class='ocrx_word' id='word_1_149' title='bbox 903 1536 1016 1590; x_wconf 87' lang='lat' dir='ltr'>putat</span> <span class='ocrx_word' id='word_1_150' title='bbox 1032 1543 1109 1568; x_wconf 89' lang='lat' dir='ltr'>esse</span> <span class='ocrx_word' id='word_1_151' title='bbox 1128 1530 1342 1568; x_wconf 84' lang='lat' dir='ltr'>meliorem.-</span> 
     </span>
     <span class='ocr_line' id='line_1_28' title="bbox 285 1581 1344 1632; baseline 0.003 -15"><span class='ocrx_word' id='word_1_152' title='bbox 285 1581 417 1618; x_wconf 88' lang='lat' dir='ltr'>electio</span> <span class='ocrx_word' id='word_1_153' title='bbox 438 1587 565 1617; x_wconf 88' lang='lat' dir='ltr'>autem</span> <span class='ocrx_word' id='word_1_154' title='bbox 586 1590 642 1619; x_wconf 89' lang='lat' dir='ltr'>est</span> <span class='ocrx_word' id='word_1_155' title='bbox 669 1590 773 1620; x_wconf 88' lang='lat' dir='ltr'>actus</span> <span class='ocrx_word' id='word_1_156' title='bbox 794 1583 1019 1632; x_wconf 86' lang='lat' dir='ltr'>appetitivae</span> <span class='ocrx_word' id='word_1_157' title='bbox 1039 1584 1197 1628; x_wconf 89' lang='lat' dir='ltr'>virtutis,</span> <span class='ocrx_word' id='word_1_158' title='bbox 1218 1592 1260 1622; x_wconf 94' lang='lat' dir='ltr'>ut</span> <span class='ocrx_word' id='word_1_159' title='bbox 1283 1596 1344 1621; x_wconf 94' lang='lat' dir='ltr'>su-</span> 
     </span>
    </p>
   </div>
   <div class='ocr_carea' id='block_1_18' title="bbox 159 1633 1343 1698">
    <p class='ocr_par' dir='ltr' id='par_1_18' title="bbox 159 1633 1343 1698">
     <span class='ocr_line' id='line_1_29' title="bbox 159 1633 1343 1698; baseline 0.006 -30"><span class='ocrx_word' id='word_1_160' title='bbox 159 1644 199 1668; x_wconf 68' lang='lat' dir='ltr'>an·</span> <span class='ocrx_word' id='word_1_161' title='bbox 251 1654 257 1665; x_wconf 82' lang='lat'><em>‚</em></span> <span class='ocrx_word' id='word_1_162' title='bbox 283 1645 353 1682; x_wconf 91' lang='lat' dir='ltr'>pra</span> <span class='ocrx_word' id='word_1_163' title='bbox 379 1633 399 1655; x_wconf 84' lang='lat'><strong>*</strong></span> <span class='ocrx_word' id='word_1_164' title='bbox 427 1633 570 1670; x_wconf 90' lang='lat' dir='ltr'>dictum</span> <span class='ocrx_word' id='word_1_165' title='bbox 599 1643 664 1672; x_wconf 89' lang='lat' dir='ltr'>est.</span> <span class='ocrx_word' id='word_1_166' title='bbox 695 1637 797 1683; x_wconf 90' lang='lat' dir='ltr'>Ergo</span> <span class='ocrx_word' id='word_1_167' title='bbox 826 1637 991 1674; x_wconf 89' lang='lat' dir='ltr'>haeresis</span> <span class='ocrx_word' id='word_1_168' title='bbox 1019 1649 1098 1674; x_wconf 91' lang='lat' dir='ltr'>non</span> <span class='ocrx_word' id='word_1_169' title='bbox 1128 1646 1182 1674; x_wconf 93' lang='lat' dir='ltr'>est</span> <span class='ocrx_word' id='word_1_170' title='bbox 1210 1637 1343 1698; x_wconf 87' lang='lat' dir='ltr'>infide·</span> 
     </span>
    </p>
   </div>
   <div class='ocr_carea' id='block_1_19' title="bbox 0 788 250 2948">
    <p class='ocr_par' dir='ltr' id='par_1_19' title="bbox 0 788 250 2948">
     <span class='ocr_line' id='line_1_30' title="bbox 0 788 250 2948; baseline 0 0"><span class='ocrx_word' id='word_1_171' title='bbox 0 788 250 2948; x_wconf 95' lang='lat' dir='ltr'> </span> 
     </span>
    </p>
   </div>
   <div class='ocr_carea' id='block_1_20' title="bbox 49 3116 162 3144">
    <p class='ocr_par' dir='ltr' id='par_1_20' title="bbox 49 3116 162 3144">
     <span class='ocr_line' id='line_1_31' title="bbox 49 3116 162 3144; baseline 0 -6"><span class='ocrx_word' id='word_1_172' title='bbox 49 3116 130 3144; x_wconf 62' lang='grc' dir='ltr'><strong>ἈΙ-κ.</strong></span> <span class='ocrx_word' id='word_1_173' title='bbox 145 3122 162 3138; x_wconf 82' lang='lat' dir='ltr'>r.</span> 
     </span>
    </p>
   </div>
   <div class='ocr_carea' id='block_1_21' title="bbox 0 2949 7 3166">
    <p class='ocr_par' dir='ltr' id='par_1_21' title="bbox 0 2949 7 3166">
     <span class='ocr_line' id='line_1_32' title="bbox 0 2949 7 3046; baseline 0 0"><span class='ocrx_word' id='word_1_174' title='bbox 0 2949 7 3046; x_wconf 65' lang='grc' dir='ltr'><strong>ἱ</strong></span> 
     </span>
     <span class='ocr_line' id='line_1_33' title="bbox 0 3070 7 3166; baseline 0 0"><span class='ocrx_word' id='word_1_175' title='bbox 0 3070 7 3166; x_wconf 65' lang='grc' dir='ltr'>ἑ</span> 
     </span>
    </p>
   </div>
   <div class='ocr_carea' id='block_1_22' title="bbox 49 3203 126 3228">
    <p class='ocr_par' dir='ltr' id='par_1_22' title="bbox 49 3203 126 3228">
     <span class='ocr_line' id='line_1_34' title="bbox 49 3203 126 3228; baseline 0 0"><span class='ocrx_word' id='word_1_176' title='bbox 49 3203 126 3228; x_wconf 56' lang='lat' dir='ltr'>‘fh-3</span> 
     </span>
    </p>
   </div>
   <div class='ocr_carea' id='block_1_23' title="bbox 0 3182 9 3313">
    <p class='ocr_par' dir='ltr' id='par_1_23' title="bbox 0 3182 9 3313">
     <span class='ocr_line' id='line_1_35' title="bbox 0 3182 9 3313; baseline 0 743"><span class='ocrx_word' id='word_1_177' title='bbox 0 3182 9 3313; x_wconf 95' lang='lat' dir='ltr'> </span> 
     </span>
    </p>
   </div>
   <div class='ocr_carea' id='block_1_24' title="bbox 0 3312 202 3367">
    <p class='ocr_par' dir='ltr' id='par_1_24' title="bbox 0 3312 202 3367">
     <span class='ocr_line' id='line_1_36' title="bbox 0 3312 202 3367; baseline -0.006 -5"><span class='ocrx_word' id='word_1_178' title='bbox 0 3315 6 3329; x_wconf 48' lang='grc' dir='ltr'>ι</span> <span class='ocrx_word' id='word_1_179' title='bbox 49 3312 155 3367; x_wconf 33' lang='lat'>‘3⁸⁵5&#39;</span> <span class='ocrx_word' id='word_1_180' title='bbox 140 3319 202 3361; x_wconf 76' lang='grc' dir='ltr'>ιέΙι</span> 
     </span>
    </p>
   </div>
   <div class='ocr_carea' id='block_1_25' title="bbox 0 3171 260 3201">
    <p class='ocr_par' dir='ltr' id='par_1_25' title="bbox 0 3171 260 3201">
     <span class='ocr_line' id='line_1_37' title="bbox 0 3171 260 3201; baseline -0.004 -6"><span class='ocrx_word' id='word_1_181' title='bbox 0 3171 152 3200; x_wconf 76' lang='lat' dir='ltr'>⁷·,1=n¹·</span> <span class='ocrx_word' id='word_1_182' title='bbox 160 3178 260 3201; x_wconf 69' lang='lat' dir='ltr'>qui-xm,</span> 
     </span>
    </p>
   </div>
   <div class='ocr_carea' id='block_1_26' title="bbox 284 1684 1344 1791">
    <p class='ocr_par' dir='ltr' id='par_1_26' title="bbox 284 1684 1327 1791">
     <span class='ocr_line' id='line_1_38' title="bbox 284 1684 582 1735; baseline 0.003 -13"><span class='ocrx_word' id='word_1_183' title='bbox 284 1684 396 1723; x_wconf 90' lang='lat' dir='ltr'>litatis</span> <span class='ocrx_word' id='word_1_184' title='bbox 424 1686 582 1735; x_wconf 88' lang='lat' dir='ltr'>species.</span> 
     </span>
     <span class='ocr_line' id='line_1_39' title="bbox 339 1739 1344 1791; baseline 0.004 -16"><span class='ocrx_word' id='word_1_185' title='bbox 339 1750 375 1775; x_wconf 89' lang='lat'>2.</span> <span class='ocrx_word' id='word_1_186' title='bbox 404 1739 648 1787; x_wconf 74' lang='lat' dir='ltr'>PRAETEREA,</span> <span class='ocrx_word' id='word_1_187' title='bbox 684 1740 820 1778; x_wconf 89' lang='lat' dir='ltr'>vitium</span> <span class='ocrx_word' id='word_1_188' title='bbox 856 1742 1062 1790; x_wconf 87' lang='lat' dir='ltr'>praecipue</span> <span class='ocrx_word' id='word_1_189' title='bbox 1099 1742 1232 1790; x_wconf 89' lang='lat' dir='ltr'>accipit</span> <span class='ocrx_word' id='word_1_190' title='bbox 1261 1755 1344 1791; x_wconf 89' lang='lat' dir='ltr'>spe-</span> 
     </span>
    </p>
   </div>
   <div class='ocr_carea' id='block_1_27' title="bbox 286 1791 1331 1842">
    <p class='ocr_par' dir='ltr' id='par_1_27' title="bbox 212 1791 1331 1842">
     <span class='ocr_line' id='line_1_40' title="bbox 286 1791 1331 1842; baseline 0.004 -13.724"><span class='ocrx_word' id='word_1_191' title='bbox 286 1791 383 1829; x_wconf 89' lang='lat' dir='ltr'>ciem</span> <span class='ocrx_word' id='word_1_192' title='bbox 399 1792 527 1829; x_wconf 87' lang='lat' dir='ltr'>afine:</span> <span class='ocrx_word' id='word_1_193' title='bbox 553 1793 654 1830; x_wconf 87' lang='lat' dir='ltr'>unde</span> <span class='ocrx_word' id='word_1_194' title='bbox 676 1793 931 1842; x_wconf 86' lang='lat' dir='ltr'>Philosophus</span> <span class='ocrx_word' id='word_1_195' title='bbox 956 1794 1054 1842; x_wconf 91' lang='lat' dir='ltr'>dicit,</span> <span class='ocrx_word' id='word_1_196' title='bbox 1075 1795 1113 1831; x_wconf 88' lang='lat' dir='ltr'>in</span> <span class='ocrx_word' id='word_1_197' title='bbox 1129 1795 1331 1833; x_wconf 48' lang='lat' dir='ltr'>VEthicst*</span> 
     </span>
    </p>
   </div>
   <div class='ocr_carea' id='block_1_28' title="bbox 283 1841 1347 2162">
    <p class='ocr_par' dir='ltr' id='par_1_28' title="bbox 283 1841 1347 2162">
     <span class='ocr_line' id='line_1_41' title="bbox 285 1841 1345 1898; baseline 0.004 -17"><span class='ocrx_word' id='word_1_198' title='bbox 285 1841 391 1897; x_wconf 87' lang='lat' dir='ltr'>quod</span> <span class='ocrx_word' id='word_1_199' title='bbox 410 1844 471 1881; x_wconf 89' lang='lat' dir='ltr'>ille</span> <span class='ocrx_word' id='word_1_200' title='bbox 488 1846 554 1894; x_wconf 88' lang='lat' dir='ltr'>qui</span> <span class='ocrx_word' id='word_1_201' title='bbox 575 1847 794 1883; x_wconf 81' lang='lat' dir='ltr'>moechatur</span> <span class='ocrx_word' id='word_1_202' title='bbox 817 1852 858 1883; x_wconf 88' lang='lat' dir='ltr'>ut</span> <span class='ocrx_word' id='word_1_203' title='bbox 869 1848 1039 1896; x_wconf 84' lang='lat' dir='ltr'>furetur,</span> <span class='ocrx_word' id='word_1_204' title='bbox 1059 1849 1183 1898; x_wconf 89' lang='lat' dir='ltr'>magis</span> <span class='ocrx_word' id='word_1_205' title='bbox 1202 1854 1254 1885; x_wconf 89' lang='lat' dir='ltr'>est</span> <span class='ocrx_word' id='word_1_206' title='bbox 1269 1850 1345 1897; x_wconf 89' lang='lat' dir='ltr'>fur</span> 
     </span>
     <span class='ocr_line' id='line_1_42' title="bbox 285 1899 1343 1946; baseline 0.005 -12"><span class='ocrx_word' id='word_1_207' title='bbox 285 1908 399 1946; x_wconf 81' lang='lat' dir='ltr'>quam</span> <span class='ocrx_word' id='word_1_208' title='bbox 418 1899 604 1936; x_wconf 88' lang='lat' dir='ltr'>moechus.</span> <span class='ocrx_word' id='word_1_209' title='bbox 630 1899 706 1936; x_wconf 90' lang='lat' dir='ltr'>Sed</span> <span class='ocrx_word' id='word_1_210' title='bbox 726 1899 812 1937; x_wconf 91' lang='lat' dir='ltr'>finis</span> <span class='ocrx_word' id='word_1_211' title='bbox 831 1901 997 1938; x_wconf 88' lang='lat' dir='ltr'>haeresis</span> <span class='ocrx_word' id='word_1_212' title='bbox 1017 1908 1072 1938; x_wconf 92' lang='lat' dir='ltr'>est</span> <span class='ocrx_word' id='word_1_213' title='bbox 1092 1903 1343 1939; x_wconf 91' lang='lat' dir='ltr'>commodum</span> 
     </span>
     <span class='ocr_line' id='line_1_43' title="bbox 284 1952 1345 2004; baseline 0.003 -15"><span class='ocrx_word' id='word_1_214' title='bbox 284 1952 506 1999; x_wconf 86' lang='lat' dir='ltr'>temporale,</span> <span class='ocrx_word' id='word_1_215' title='bbox 529 1960 564 1988; x_wconf 91' lang='lat' dir='ltr'>et</span> <span class='ocrx_word' id='word_1_216' title='bbox 583 1953 748 1989; x_wconf 80' lang='lat' dir='ltr'>maxime</span> <span class='ocrx_word' id='word_1_217' title='bbox 774 1952 1006 2003; x_wconf 87' lang='lat' dir='ltr'>principatus</span> <span class='ocrx_word' id='word_1_218' title='bbox 1035 1962 1070 1991; x_wconf 89' lang='lat' dir='ltr'>et</span> <span class='ocrx_word' id='word_1_219' title='bbox 1088 1955 1218 2003; x_wconf 87' lang='lat' dir='ltr'>gloria,</span> <span class='ocrx_word' id='word_1_220' title='bbox 1240 1955 1345 2004; x_wconf 91' lang='lat' dir='ltr'>quod</span> 
     </span>
     <span class='ocr_line' id='line_1_44' title="bbox 283 2004 1344 2057; baseline 0.006 -17"><span class='ocrx_word' id='word_1_221' title='bbox 283 2005 446 2055; x_wconf 81' lang='lat' dir='ltr'>pertinet</span> <span class='ocrx_word' id='word_1_222' title='bbox 463 2006 512 2042; x_wconf 86' lang='lat' dir='ltr'>ad</span> <span class='ocrx_word' id='word_1_223' title='bbox 531 2004 666 2042; x_wconf 88' lang='lat' dir='ltr'>vitium</span> <span class='ocrx_word' id='word_1_224' title='bbox 686 2006 887 2055; x_wconf 87' lang='lat' dir='ltr'>superbiae</span> <span class='ocrx_word' id='word_1_225' title='bbox 907 2008 970 2044; x_wconf 90' lang='lat' dir='ltr'>vel</span> <span class='ocrx_word' id='word_1_226' title='bbox 999 2007 1225 2057; x_wconf 85' lang='lat' dir='ltr'>cupiditatis:</span> <span class='ocrx_word' id='word_1_227' title='bbox 1257 2009 1344 2046; x_wconf 79' lang='lat' dir='ltr'>dicit</span> 
     </span>
     <span class='ocr_line' id='line_1_45' title="bbox 286 2057 1344 2110; baseline 0.005 -16"><span class='ocrx_word' id='word_1_228' title='bbox 286 2057 388 2095; x_wconf 86' lang='lat' dir='ltr'>enim</span> <span class='ocrx_word' id='word_1_229' title='bbox 417 2058 661 2106; x_wconf 83' lang='lat' dir='ltr'>Augustinus,</span> <span class='ocrx_word' id='word_1_230' title='bbox 687 2058 724 2095; x_wconf 92' lang='lat' dir='ltr'>in</span> <span class='ocrx_word' id='word_1_231' title='bbox 754 2060 849 2096; x_wconf 92' lang='lat' dir='ltr'>libro</span> <span class='ocrx_word' id='word_1_232' title='bbox 879 2060 924 2096; x_wconf 86' lang='lat' dir='ltr'>de</span> <span class='ocrx_word' id='word_1_233' title='bbox 947 2061 1031 2098; x_wconf 90' lang='lat' dir='ltr'>Util.</span> <span class='ocrx_word' id='word_1_234' title='bbox 1058 2062 1165 2099; x_wconf 89' lang='lat' dir='ltr'>Cred.</span> <span class='ocrx_word' id='word_1_235' title='bbox 1186 2062 1216 2107; x_wconf 71' lang='lat'>²¹⁶,</span> <span class='ocrx_word' id='word_1_236' title='bbox 1239 2063 1344 2110; x_wconf 91' lang='lat' dir='ltr'>quod</span> 
     </span>
     <span class='ocr_line' id='line_1_46' title="bbox 283 2111 1347 2162; baseline 0.004 -14"><span class='ocrx_word' id='word_1_237' title='bbox 283 2111 492 2148; x_wconf 84' lang='lat' dir='ltr'>haereticus</span> <span class='ocrx_word' id='word_1_238' title='bbox 517 2117 572 2148; x_wconf 84' lang='lat' dir='ltr'>est</span> <span class='ocrx_word' id='word_1_239' title='bbox 596 2113 662 2161; x_wconf 85' lang='lat' dir='ltr'>qui</span> <span class='ocrx_word' id='word_1_240' title='bbox 678 2112 836 2149; x_wconf 88' lang='lat' dir='ltr'>alicuius</span> <span class='ocrx_word' id='word_1_241' title='bbox 855 2114 1069 2162; x_wconf 87' lang='lat' dir='ltr'>temporalis</span> <span class='ocrx_word' id='word_1_242' title='bbox 1092 2115 1290 2161; x_wconf 86' lang='lat' dir='ltr'>commodi,</span> <span class='ocrx_word' id='word_1_243' title='bbox 1311 2121 1347 2152; x_wconf 90' lang='lat' dir='ltr'>et</span> 
     </span>
    </p>
   </div>
   <div class='ocr_carea' id='block_1_29' title="bbox 285 2163 1373 2216">
    <p class='ocr_par' dir='ltr' id='par_1_29' title="bbox 285 2163 1373 2216">
     <span class='ocr_line' id='line_1_47' title="bbox 285 2163 1373 2216; baseline 0.003 -16"><span class='ocrx_word' id='word_1_244' title='bbox 285 2163 453 2201; x_wconf 87' lang='lat' dir='ltr'>maxime</span> <span class='ocrx_word' id='word_1_245' title='bbox 474 2164 623 2214; x_wconf 90' lang='lat' dir='ltr'>gloriae</span> <span class='ocrx_word' id='word_1_246' title='bbox 643 2166 951 2214; x_wconf 83' lang='lat' dir='ltr'>principatusque</span> <span class='ocrx_word' id='word_1_247' title='bbox 977 2167 1036 2203; x_wconf 87' lang='lat' dir='ltr'>sui</span> <span class='ocrx_word' id='word_1_248' title='bbox 1060 2168 1199 2216; x_wconf 82' lang='lat' dir='ltr'>gratia,</span> <span class='ocrx_word' id='word_1_249' title='bbox 1217 2169 1346 2216; x_wconf 86' lang='lat' dir='ltr'>salsas</span> <span class='ocrx_word' id='word_1_250' title='bbox 1371 2189 1373 2203; x_wconf 50' lang='lat' dir='ltr'>i</span> 
     </span>
    </p>
   </div>
   <div class='ocr_carea' id='block_1_30' title="bbox 285 2219 1344 2371">
    <p class='ocr_par' dir='ltr' id='par_1_30' title="bbox 285 2219 1344 2371">
     <span class='ocr_line' id='line_1_48' title="bbox 285 2219 1343 2269; baseline 0.005 -16"><span class='ocrx_word' id='word_1_251' title='bbox 285 2228 332 2254; x_wconf 90' lang='lat' dir='ltr'>ac</span> <span class='ocrx_word' id='word_1_252' title='bbox 360 2228 478 2254; x_wconf 83' lang='lat' dir='ltr'>novas</span> <span class='ocrx_word' id='word_1_253' title='bbox 497 2219 689 2267; x_wconf 83' lang='lat' dir='ltr'>opiniones</span> <span class='ocrx_word' id='word_1_254' title='bbox 715 2219 775 2256; x_wconf 77' lang='lat' dir='ltr'>vel</span> <span class='ocrx_word' id='word_1_255' title='bbox 800 2220 927 2269; x_wconf 81' lang='lat' dir='ltr'>gignit</span> <span class='ocrx_word' id='word_1_256' title='bbox 952 2221 1012 2256; x_wconf 85' lang='lat' dir='ltr'>vel</span> <span class='ocrx_word' id='word_1_257' title='bbox 1035 2222 1211 2268; x_wconf 84' lang='lat' dir='ltr'>sequitur.</span> <span class='ocrx_word' id='word_1_258' title='bbox 1241 2222 1343 2269; x_wconf 88' lang='lat' dir='ltr'>Ergo</span> 
     </span>
     <span class='ocr_line' id='line_1_49' title="bbox 286 2270 1344 2322; baseline 0.005 -16"><span class='ocrx_word' id='word_1_259' title='bbox 286 2270 452 2306; x_wconf 84' lang='lat' dir='ltr'>haeresis</span> <span class='ocrx_word' id='word_1_260' title='bbox 480 2282 559 2308; x_wconf 91' lang='lat' dir='ltr'>non</span> <span class='ocrx_word' id='word_1_261' title='bbox 587 2278 643 2308; x_wconf 89' lang='lat' dir='ltr'>est</span> <span class='ocrx_word' id='word_1_262' title='bbox 670 2271 815 2320; x_wconf 89' lang='lat' dir='ltr'>species</span> <span class='ocrx_word' id='word_1_263' title='bbox 848 2272 1096 2320; x_wconf 81' lang='lat' dir='ltr'>infidelitatis,</span> <span class='ocrx_word' id='word_1_264' title='bbox 1127 2275 1194 2311; x_wconf 92' lang='lat' dir='ltr'>sed</span> <span class='ocrx_word' id='word_1_265' title='bbox 1223 2275 1344 2322; x_wconf 89' lang='lat' dir='ltr'>magis</span> 
     </span>
     <span class='ocr_line' id='line_1_50' title="bbox 287 2322 500 2371; baseline -0.005 -12"><span class='ocrx_word' id='word_1_266' title='bbox 287 2322 500 2371; x_wconf 90' lang='lat' dir='ltr'>superbiae.</span> 
     </span>
    </p>
   </div>
   <div class='ocr_carea' id='block_1_31' title="bbox 285 2374 1344 2532">
    <p class='ocr_par' dir='ltr' id='par_1_31' title="bbox 285 2374 1344 2532">
     <span class='ocr_line' id='line_1_51' title="bbox 342 2374 1343 2427; baseline 0.004 -15"><span class='ocrx_word' id='word_1_267' title='bbox 342 2377 377 2413; x_wconf 93' lang='lat'>3.</span> <span class='ocrx_word' id='word_1_268' title='bbox 406 2374 640 2423; x_wconf 60' lang='lat' dir='ltr'>PRAETEREA,</span> <span class='ocrx_word' id='word_1_269' title='bbox 668 2376 881 2424; x_wconf 90' lang='lat' dir='ltr'>infidelitas,</span> <span class='ocrx_word' id='word_1_270' title='bbox 903 2390 990 2414; x_wconf 90' lang='lat' dir='ltr'>cum</span> <span class='ocrx_word' id='word_1_271' title='bbox 1019 2378 1065 2414; x_wconf 90' lang='lat' dir='ltr'>sit</span> <span class='ocrx_word' id='word_1_272' title='bbox 1085 2379 1123 2415; x_wconf 91' lang='lat' dir='ltr'>in</span> <span class='ocrx_word' id='word_1_273' title='bbox 1142 2379 1343 2427; x_wconf 88' lang='lat' dir='ltr'>intellectu,</span> 
     </span>
     <span class='ocr_line' id='line_1_52' title="bbox 286 2428 1344 2478; baseline 0.005 -14"><span class='ocrx_word' id='word_1_274' title='bbox 286 2439 366 2465; x_wconf 92' lang='lat' dir='ltr'>non</span> <span class='ocrx_word' id='word_1_275' title='bbox 392 2428 542 2465; x_wconf 84' lang='lat' dir='ltr'>videtur</span> <span class='ocrx_word' id='word_1_276' title='bbox 569 2429 618 2466; x_wconf 88' lang='lat' dir='ltr'>ad</span> <span class='ocrx_word' id='word_1_277' title='bbox 647 2441 799 2466; x_wconf 88' lang='lat' dir='ltr'>carnem</span> <span class='ocrx_word' id='word_1_278' title='bbox 828 2429 1028 2478; x_wconf 90' lang='lat' dir='ltr'>pertinere.</span> <span class='ocrx_word' id='word_1_279' title='bbox 1067 2431 1145 2468; x_wconf 89' lang='lat' dir='ltr'>Sed</span> <span class='ocrx_word' id='word_1_280' title='bbox 1178 2432 1344 2469; x_wconf 86' lang='lat' dir='ltr'>haeresis</span> 
     </span>
     <span class='ocr_line' id='line_1_53' title="bbox 285 2481 1342 2532; baseline 0.004 -15"><span class='ocrx_word' id='word_1_281' title='bbox 285 2481 447 2530; x_wconf 90' lang='lat' dir='ltr'>pertinet</span> <span class='ocrx_word' id='word_1_282' title='bbox 475 2481 524 2518; x_wconf 91' lang='lat' dir='ltr'>ad</span> <span class='ocrx_word' id='word_1_283' title='bbox 553 2493 670 2530; x_wconf 87' lang='lat' dir='ltr'>opera</span> <span class='ocrx_word' id='word_1_284' title='bbox 699 2482 841 2519; x_wconf 89' lang='lat' dir='ltr'>carnis:</span> <span class='ocrx_word' id='word_1_285' title='bbox 872 2482 959 2519; x_wconf 94' lang='lat' dir='ltr'>dicit</span> <span class='ocrx_word' id='word_1_286' title='bbox 987 2483 1089 2519; x_wconf 92' lang='lat' dir='ltr'>enim</span> <span class='ocrx_word' id='word_1_287' title='bbox 1117 2486 1342 2532; x_wconf 84' lang='lat' dir='ltr'>Apostolus,</span> 
     </span>
    </p>
   </div>
   <div class='ocr_carea' id='block_1_32' title="bbox 232 2533 1344 2585">
    <p class='ocr_par' dir='ltr' id='par_1_32' title="bbox 232 2533 1344 2585">
     <span class='ocr_line' id='line_1_54' title="bbox 232 2533 1344 2585; baseline 0.004 -15"><span class='ocrx_word' id='word_1_288' title='bbox 232 2548 240 2556; x_wconf 92' lang='lat'><strong>·</strong></span> <span class='ocrx_word' id='word_1_289' title='bbox 286 2534 339 2571; x_wconf 88' lang='lat' dir='ltr'>ad</span> <span class='ocrx_word' id='word_1_290' title='bbox 368 2534 452 2571; x_wconf 87' lang='lat' dir='ltr'>Gal.</span> <span class='ocrx_word' id='word_1_291' title='bbox 471 2546 496 2571; x_wconf 91' lang='lat' dir='ltr'>v</span> <span class='ocrx_word' id='word_1_292' title='bbox 514 2533 553 2570; x_wconf 72' lang='lat' dir='ltr'>*z</span> <span class='ocrx_word' id='word_1_293' title='bbox 582 2535 790 2583; x_wconf 75' lang='lat' dir='ltr'>Manifesta</span> <span class='ocrx_word' id='word_1_294' title='bbox 817 2541 905 2572; x_wconf 86' lang='lat' dir='ltr'>sunt</span> <span class='ocrx_word' id='word_1_295' title='bbox 930 2547 1046 2584; x_wconf 88' lang='lat' dir='ltr'>opera</span> <span class='ocrx_word' id='word_1_296' title='bbox 1073 2537 1218 2582; x_wconf 84' lang='lat' dir='ltr'>carnis,</span> <span class='ocrx_word' id='word_1_297' title='bbox 1248 2549 1344 2585; x_wconf 88' lang='lat' dir='ltr'>quae</span> 
     </span>
    </p>
   </div>
   <div class='ocr_carea' id='block_1_33' title="bbox 255 2587 1348 3374">
    <p class='ocr_par' dir='ltr' id='par_1_33' title="bbox 285 2587 1345 2795">
     <span class='ocr_line' id='line_1_55' title="bbox 285 2587 1344 2638; baseline 0.003 -15"><span class='ocrx_word' id='word_1_298' title='bbox 285 2593 374 2624; x_wconf 87' lang='lat' dir='ltr'>sunt</span> <span class='ocrx_word' id='word_1_299' title='bbox 386 2587 609 2636; x_wconf 88' lang='lat' dir='ltr'>fornicatio,</span> <span class='ocrx_word' id='word_1_300' title='bbox 634 2588 869 2625; x_wconf 86' lang='lat' dir='ltr'>immunditia</span> <span class='ocrx_word' id='word_1_301' title='bbox 877 2601 891 2633; x_wconf 89' lang='lat'><strong><em>;</em></strong></span> <span class='ocrx_word' id='word_1_302' title='bbox 915 2596 951 2625; x_wconf 92' lang='lat' dir='ltr'>et</span> <span class='ocrx_word' id='word_1_303' title='bbox 973 2589 1068 2625; x_wconf 91' lang='lat' dir='ltr'>inter</span> <span class='ocrx_word' id='word_1_304' title='bbox 1091 2596 1214 2625; x_wconf 88' lang='lat' dir='ltr'>cetera</span> <span class='ocrx_word' id='word_1_305' title='bbox 1241 2597 1344 2638; x_wconf 91' lang='lat' dir='ltr'>post-</span> 
     </span>
     <span class='ocr_line' id='line_1_56' title="bbox 287 2640 1345 2690; baseline 0.003 -14"><span class='ocrx_word' id='word_1_306' title='bbox 287 2640 450 2677; x_wconf 89' lang='lat' dir='ltr'>modum</span> <span class='ocrx_word' id='word_1_307' title='bbox 478 2640 624 2687; x_wconf 89' lang='lat' dir='ltr'>subdit,</span> <span class='ocrx_word' id='word_1_308' title='bbox 653 2641 916 2687; x_wconf 84' lang='lat' dir='ltr'>dissensiones,</span> <span class='ocrx_word' id='word_1_309' title='bbox 949 2647 1089 2687; x_wconf 85' lang='lat' dir='ltr'>sectae,</span> <span class='ocrx_word' id='word_1_310' title='bbox 1125 2654 1223 2690; x_wconf 88' lang='lat' dir='ltr'>quae</span> <span class='ocrx_word' id='word_1_311' title='bbox 1258 2650 1345 2679; x_wconf 88' lang='lat' dir='ltr'>sunt</span> 
     </span>
     <span class='ocr_line' id='line_1_57' title="bbox 285 2692 1343 2741; baseline 0.001 -11"><span class='ocrx_word' id='word_1_312' title='bbox 285 2692 388 2730; x_wconf 90' lang='lat' dir='ltr'>idem</span> <span class='ocrx_word' id='word_1_313' title='bbox 410 2693 515 2741; x_wconf 92' lang='lat' dir='ltr'>quod</span> <span class='ocrx_word' id='word_1_314' title='bbox 533 2694 722 2731; x_wconf 87' lang='lat' dir='ltr'>haereses.</span> <span class='ocrx_word' id='word_1_315' title='bbox 753 2695 854 2741; x_wconf 88' lang='lat' dir='ltr'>Ergo</span> <span class='ocrx_word' id='word_1_316' title='bbox 883 2694 1047 2731; x_wconf 86' lang='lat' dir='ltr'>haeresis</span> <span class='ocrx_word' id='word_1_317' title='bbox 1075 2706 1153 2731; x_wconf 90' lang='lat' dir='ltr'>non</span> <span class='ocrx_word' id='word_1_318' title='bbox 1178 2703 1233 2731; x_wconf 91' lang='lat' dir='ltr'>est</span> <span class='ocrx_word' id='word_1_319' title='bbox 1260 2695 1343 2732; x_wconf 90' lang='lat' dir='ltr'>infi-</span> 
     </span>
     <span class='ocr_line' id='line_1_58' title="bbox 288 2745 631 2795; baseline 0.003 -13"><span class='ocrx_word' id='word_1_320' title='bbox 288 2745 445 2783; x_wconf 88' lang='lat' dir='ltr'>delitatis</span> <span class='ocrx_word' id='word_1_321' title='bbox 473 2746 631 2795; x_wconf 86' lang='lat' dir='ltr'>species.</span> 
     </span>
    </p>

    <p class='ocr_par' dir='ltr' id='par_1_34' title="bbox 286 2798 1346 3046">
     <span class='ocr_line' id='line_1_59' title="bbox 341 2798 1345 2848; baseline 0.001 -13"><span class='ocrx_word' id='word_1_322' title='bbox 341 2798 415 2836; x_wconf 82' lang='lat' dir='ltr'>SED</span> <span class='ocrx_word' id='word_1_323' title='bbox 449 2810 595 2836; x_wconf 77' lang='lat' dir='ltr'>CONTRA</span> <span class='ocrx_word' id='word_1_324' title='bbox 626 2811 692 2836; x_wconf 84' lang='lat' dir='ltr'>EST</span> <span class='ocrx_word' id='word_1_325' title='bbox 719 2799 825 2848; x_wconf 92' lang='lat' dir='ltr'>quod</span> <span class='ocrx_word' id='word_1_326' title='bbox 853 2799 991 2835; x_wconf 92' lang='lat' dir='ltr'>falsitas</span> <span class='ocrx_word' id='word_1_327' title='bbox 1010 2799 1156 2836; x_wconf 89' lang='lat' dir='ltr'>veritati</span> <span class='ocrx_word' id='word_1_328' title='bbox 1185 2800 1345 2848; x_wconf 90' lang='lat' dir='ltr'>opponi-</span> 
     </span>
     <span class='ocr_line' id='line_1_60' title="bbox 287 2850 1345 2901; baseline 0.001 -13"><span class='ocrx_word' id='word_1_329' title='bbox 287 2858 358 2888; x_wconf 89' lang='lat' dir='ltr'>tur.</span> <span class='ocrx_word' id='word_1_330' title='bbox 389 2850 467 2888; x_wconf 91' lang='lat' dir='ltr'>Sed</span> <span class='ocrx_word' id='word_1_331' title='bbox 494 2852 701 2888; x_wconf 81' lang='lat' dir='ltr'>haereticus</span> <span class='ocrx_word' id='word_1_332' title='bbox 728 2857 782 2889; x_wconf 90' lang='lat' dir='ltr'>est</span> <span class='ocrx_word' id='word_1_333' title='bbox 807 2852 873 2900; x_wconf 87' lang='lat' dir='ltr'>qui</span> <span class='ocrx_word' id='word_1_334' title='bbox 884 2852 1014 2900; x_wconf 85' lang='lat' dir='ltr'>falsas</span> <span class='ocrx_word' id='word_1_335' title='bbox 1039 2852 1099 2889; x_wconf 78' lang='lat' dir='ltr'>vel</span> <span class='ocrx_word' id='word_1_336' title='bbox 1126 2864 1243 2889; x_wconf 82' lang='lat' dir='ltr'>novas</span> <span class='ocrx_word' id='word_1_337' title='bbox 1268 2853 1345 2901; x_wconf 89' lang='lat' dir='ltr'>opi-</span> 
     </span>
     <span class='ocr_line' id='line_1_61' title="bbox 287 2903 1346 2954; baseline 0.002 -14"><span class='ocrx_word' id='word_1_338' title='bbox 287 2903 416 2940; x_wconf 89' lang='lat' dir='ltr'>niones</span> <span class='ocrx_word' id='word_1_339' title='bbox 438 2904 499 2940; x_wconf 81' lang='lat' dir='ltr'>vel</span> <span class='ocrx_word' id='word_1_340' title='bbox 523 2904 649 2954; x_wconf 84' lang='lat' dir='ltr'>gignit</span> <span class='ocrx_word' id='word_1_341' title='bbox 674 2906 734 2941; x_wconf 80' lang='lat' dir='ltr'>vel</span> <span class='ocrx_word' id='word_1_342' title='bbox 759 2905 926 2953; x_wconf 83' lang='lat' dir='ltr'>sequitur</span> <span class='ocrx_word' id='word_1_343' title='bbox 951 2905 980 2941; x_wconf 88' lang='grc'>*.</span> <span class='ocrx_word' id='word_1_344' title='bbox 1010 2906 1112 2952; x_wconf 89' lang='lat' dir='ltr'>Ergo</span> <span class='ocrx_word' id='word_1_345' title='bbox 1142 2905 1346 2953; x_wconf 90' lang='lat' dir='ltr'>opponitur</span> 
     </span>
     <span class='ocr_line' id='line_1_62' title="bbox 286 2955 1344 3005; baseline 0.003 -13"><span class='ocrx_word' id='word_1_346' title='bbox 286 2955 445 3003; x_wconf 86' lang='lat' dir='ltr'>veritati,</span> <span class='ocrx_word' id='word_1_347' title='bbox 476 2956 536 2994; x_wconf 91' lang='lat' dir='ltr'>cui</span> <span class='ocrx_word' id='word_1_348' title='bbox 562 2957 659 2994; x_wconf 91' lang='lat' dir='ltr'>fides</span> <span class='ocrx_word' id='word_1_349' title='bbox 688 2957 865 2995; x_wconf 90' lang='lat' dir='ltr'>innititur.</span> <span class='ocrx_word' id='word_1_350' title='bbox 895 2958 997 3005; x_wconf 88' lang='lat' dir='ltr'>Ergo</span> <span class='ocrx_word' id='word_1_351' title='bbox 1026 2958 1096 2994; x_wconf 92' lang='lat' dir='ltr'>sub</span> <span class='ocrx_word' id='word_1_352' title='bbox 1126 2957 1344 2995; x_wconf 89' lang='lat' dir='ltr'>infidelitate</span> 
     </span>
     <span class='ocr_line' id='line_1_63' title="bbox 289 3008 513 3046; baseline 0.004 -1"><span class='ocrx_word' id='word_1_353' title='bbox 289 3008 513 3046; x_wconf 78' lang='lat' dir='ltr'>continetur.</span> 
     </span>
    </p>

    <p class='ocr_par' dir='ltr' id='par_1_35' title="bbox 286 3062 1348 3374">
     <span class='ocr_line' id='line_1_64' title="bbox 341 3062 1343 3110; baseline 0.001 -12"><span class='ocrx_word' id='word_1_354' title='bbox 341 3062 566 3098; x_wconf 66' lang='lat' dir='ltr'>Rsssponnno</span> <span class='ocrx_word' id='word_1_355' title='bbox 603 3073 787 3099; x_wconf 80' lang='lat' dir='ltr'>DICENDUM</span> <span class='ocrx_word' id='word_1_356' title='bbox 827 3063 932 3110; x_wconf 92' lang='lat' dir='ltr'>quod</span> <span class='ocrx_word' id='word_1_357' title='bbox 970 3075 1113 3100; x_wconf 90' lang='lat' dir='ltr'>nomen</span> <span class='ocrx_word' id='word_1_358' title='bbox 1154 3062 1343 3109; x_wconf 88' lang='lat' dir='ltr'>haeresis,</span> 
     </span>
     <span class='ocr_line' id='line_1_65' title="bbox 289 3114 1348 3164; baseline 0.002 -14"><span class='ocrx_word' id='word_1_359' title='bbox 289 3114 383 3151; x_wconf 91' lang='lat' dir='ltr'>sicut</span> <span class='ocrx_word' id='word_1_360' title='bbox 411 3114 554 3151; x_wconf 91' lang='lat' dir='ltr'>dictum</span> <span class='ocrx_word' id='word_1_361' title='bbox 583 3121 639 3151; x_wconf 89' lang='lat' dir='ltr'>est</span> <span class='ocrx_word' id='word_1_362' title='bbox 656 3114 687 3158; x_wconf 72' lang='lat'>²³⁶,</span> <span class='ocrx_word' id='word_1_363' title='bbox 718 3114 943 3152; x_wconf 87' lang='lat' dir='ltr'>electionem</span> <span class='ocrx_word' id='word_1_364' title='bbox 972 3116 1161 3164; x_wconf 88' lang='lat' dir='ltr'>importat.</span> <span class='ocrx_word' id='word_1_365' title='bbox 1201 3115 1348 3161; x_wconf 63' lang='lat' dir='ltr'>Electio&gt;</span> 
     </span>
     <span class='ocr_line' id='line_1_66' title="bbox 288 3166 1342 3216; baseline 0.002 -13"><span class='ocrx_word' id='word_1_366' title='bbox 288 3174 438 3214; x_wconf 86' lang='lat' dir='ltr'>autem,</span> <span class='ocrx_word' id='word_1_367' title='bbox 473 3175 512 3203; x_wconf 94' lang='lat' dir='ltr'>ut</span> <span class='ocrx_word' id='word_1_368' title='bbox 540 3179 655 3215; x_wconf 90' lang='lat' dir='ltr'>supra</span> <span class='ocrx_word' id='word_1_369' title='bbox 672 3167 692 3188; x_wconf 71' lang='lat'>&#39;¹‘</span> <span class='ocrx_word' id='word_1_370' title='bbox 716 3166 859 3204; x_wconf 91' lang='lat' dir='ltr'>dictum</span> <span class='ocrx_word' id='word_1_371' title='bbox 888 3175 962 3214; x_wconf 89' lang='lat' dir='ltr'>est,</span> <span class='ocrx_word' id='word_1_372' title='bbox 997 3175 1053 3204; x_wconf 92' lang='lat' dir='ltr'>est</span> <span class='ocrx_word' id='word_1_373' title='bbox 1080 3179 1215 3205; x_wconf 90' lang='lat' dir='ltr'>eorum</span> <span class='ocrx_word' id='word_1_374' title='bbox 1243 3180 1342 3216; x_wconf 90' lang='lat' dir='ltr'>quae</span> 
     </span>
     <span class='ocr_line' id='line_1_67' title="bbox 289 3219 1344 3279; baseline 0.002 -23"><span class='ocrx_word' id='word_1_375' title='bbox 289 3227 375 3256; x_wconf 90' lang='lat' dir='ltr'>sunt</span> <span class='ocrx_word' id='word_1_376' title='bbox 403 3219 451 3257; x_wconf 88' lang='lat' dir='ltr'>ad</span> <span class='ocrx_word' id='word_1_377' title='bbox 478 3219 612 3266; x_wconf 89' lang='lat' dir='ltr'>finem,</span> <span class='ocrx_word' id='word_1_378' title='bbox 639 3220 930 3279; x_wconf 81' lang='lat' dir='ltr'>praesupposito</span> <span class='ocrx_word' id='word_1_379' title='bbox 958 3221 1046 3258; x_wconf 91' lang='lat' dir='ltr'>fine.</span> <span class='ocrx_word' id='word_1_380' title='bbox 1077 3222 1119 3258; x_wconf 91' lang='lat' dir='ltr'>In</span> <span class='ocrx_word' id='word_1_381' title='bbox 1148 3220 1344 3258; x_wconf 90' lang='lat' dir='ltr'>credendis</span> 
     </span>
     <span class='ocr_line' id='line_1_68' title="bbox 288 3271 1344 3322; baseline 0.001 -13"><span class='ocrx_word' id='word_1_382' title='bbox 288 3280 416 3309; x_wconf 89' lang='lat' dir='ltr'>autern</span> <span class='ocrx_word' id='word_1_383' title='bbox 434 3273 611 3309; x_wconf 90' lang='lat' dir='ltr'>voluntas</span> <span class='ocrx_word' id='word_1_384' title='bbox 640 3272 793 3309; x_wconf 90' lang='lat' dir='ltr'>assentit</span> <span class='ocrx_word' id='word_1_385' title='bbox 812 3271 921 3308; x_wconf 88' lang='lat' dir='ltr'>alicui</span> <span class='ocrx_word' id='word_1_386' title='bbox 941 3285 1034 3310; x_wconf 87' lang='lat' dir='ltr'>vero</span> <span class='ocrx_word' id='word_1_387' title='bbox 1058 3280 1238 3322; x_wconf 86' lang='lat' dir='ltr'>tanquam</span> <span class='ocrx_word' id='word_1_388' title='bbox 1256 3286 1344 3322; x_wconf 88' lang='lat' dir='ltr'>pro-</span> 
     </span>
     <span class='ocr_line' id='line_1_69' title="bbox 255 3321 1343 3374; baseline 0.001 -12.029"><span class='ocrx_word' id='word_1_389' title='bbox 255 3321 370 3374; x_wconf 91' lang='lat' dir='ltr'>prio</span> <span class='ocrx_word' id='word_1_390' title='bbox 392 3326 507 3372; x_wconf 92' lang='lat' dir='ltr'>bono,</span> <span class='ocrx_word' id='word_1_391' title='bbox 528 3333 568 3362; x_wconf 93' lang='lat' dir='ltr'>ut</span> <span class='ocrx_word' id='word_1_392' title='bbox 597 3337 642 3362; x_wconf 87' lang='lat' dir='ltr'>ex</span> <span class='ocrx_word' id='word_1_393' title='bbox 670 3325 931 3374; x_wconf 73' lang='lat' dir='ltr'>supradictis*</span> <span class='ocrx_word' id='word_1_394' title='bbox 950 3333 1063 3374; x_wconf 89' lang='lat' dir='ltr'>patet.</span> <span class='ocrx_word' id='word_1_395' title='bbox 1099 3325 1211 3363; x_wconf 89' lang='lat' dir='ltr'>Unde</span> <span class='ocrx_word' id='word_1_396' title='bbox 1237 3327 1343 3374; x_wconf 91' lang='lat' dir='ltr'>quod</span> 
     </span>
    </p>
   </div>
   <div class='ocr_carea' id='block_1_34' title="bbox 342 3455 1110 3534">
    <p class='ocr_par' dir='ltr' id='par_1_36' title="bbox 342 3455 1110 3534">
     <span class='ocr_line' id='line_1_70' title="bbox 342 3455 1110 3488; baseline 0 -8"><span class='ocrx_word' id='word_1_397' title='bbox 342 3456 369 3488; x_wconf 78' lang='grc' dir='ltr'>α)</span> <span class='ocrx_word' id='word_1_398' title='bbox 390 3455 447 3487; x_wconf 79' lang='lat' dir='ltr'>ipsi.</span> <span class='ocrx_word' id='word_1_399' title='bbox 465 3470 484 3474; x_wconf 98' lang='lat'><em>-</em></span> <span class='ocrx_word' id='word_1_400' title='bbox 503 3455 558 3488; x_wconf 82' lang='lat' dir='ltr'>ipse</span> <span class='ocrx_word' id='word_1_401' title='bbox 576 3455 622 3484; x_wconf 80' lang='lat' dir='ltr'>Pa,</span> <span class='ocrx_word' id='word_1_402' title='bbox 642 3463 694 3480; x_wconf 91' lang='lat' dir='ltr'>om.</span> <span class='ocrx_word' id='word_1_403' title='bbox 714 3455 763 3487; x_wconf 82' lang='lat' dir='ltr'>pC.</span> <span class='ocrx_word' id='word_1_404' title='bbox 779 3469 798 3474; x_wconf 96' lang='lat'><em>-</em></span> <span class='ocrx_word' id='word_1_405' title='bbox 815 3455 865 3479; x_wconf 84' lang='lat' dir='ltr'>Pro</span> <span class='ocrx_word' id='word_1_406' title='bbox 887 3455 1000 3485; x_wconf 61' lang='lat' dir='ltr'>aristo,</span> <span class='ocrx_word' id='word_1_407' title='bbox 1011 3455 1067 3488; x_wconf 80' lang='lat' dir='ltr'>fini</span> <span class='ocrx_word' id='word_1_408' title='bbox 1084 3464 1110 3481; x_wconf 71' lang='lat' dir='ltr'>x.</span> 
     </span>
     <span class='ocr_line' id='line_1_71' title="bbox 431 3508 932 3534; baseline -0.004 0"><span class='ocrx_word' id='word_1_409' title='bbox 431 3510 540 3534; x_wconf 66' lang='lat' dir='ltr'>Summe</span> <span class='ocrx_word' id='word_1_410' title='bbox 558 3508 658 3533; x_wconf 69' lang='lat' dir='ltr'>Tutor..</span> <span class='ocrx_word' id='word_1_411' title='bbox 677 3508 710 3533; x_wconf 91' lang='lat' dir='ltr'>D.</span> <span class='ocrx_word' id='word_1_412' title='bbox 722 3508 836 3533; x_wconf 60' lang='lat' dir='ltr'>Tnoman</span> <span class='ocrx_word' id='word_1_413' title='bbox 855 3508 885 3532; x_wconf 88' lang='lat' dir='ltr'>T.</span> <span class='ocrx_word' id='word_1_414' title='bbox 900 3509 932 3532; x_wconf 90' lang='lat' dir='ltr'>V.</span> 
     </span>
    </p>
   </div>
   <div class='ocr_carea' id='block_1_35' title="bbox 1368 1034 2011 1068">
    <p class='ocr_par' dir='ltr' id='par_1_37' title="bbox 1368 1034 2011 1068">
     <span class='ocr_line' id='line_1_72' title="bbox 1368 1034 2011 1068; baseline 0.003 -10"><span class='ocrx_word' id='word_1_415' title='bbox 1368 1043 1389 1064; x_wconf 91' lang='lat'>1,</span> <span class='ocrx_word' id='word_1_416' title='bbox 1408 1035 1439 1059; x_wconf 81' lang='lat' dir='ltr'>ad</span> <span class='ocrx_word' id='word_1_417' title='bbox 1463 1041 1487 1064; x_wconf 77' lang='grc' dir='ltr'>ις</span> <span class='ocrx_word' id='word_1_418' title='bbox 1506 1034 1540 1058; x_wconf 93' lang='lat' dir='ltr'>1v</span> <span class='ocrx_word' id='word_1_419' title='bbox 1560 1034 1641 1063; x_wconf 76' lang='lat' dir='ltr'>Sent„</span> <span class='ocrx_word' id='word_1_420' title='bbox 1663 1034 1720 1059; x_wconf 89' lang='lat' dir='ltr'>dist.</span> <span class='ocrx_word' id='word_1_421' title='bbox 1739 1042 1791 1064; x_wconf 88' lang='lat' dir='ltr'>xm,</span> <span class='ocrx_word' id='word_1_422' title='bbox 1811 1043 1854 1068; x_wconf 88' lang='lat' dir='ltr'>qu.</span> <span class='ocrx_word' id='word_1_423' title='bbox 1873 1043 1900 1063; x_wconf 73' lang='grc' dir='ltr'>ιι,</span> <span class='ocrx_word' id='word_1_424' title='bbox 1919 1041 1964 1060; x_wconf 81' lang='lat' dir='ltr'>an.</span> <span class='ocrx_word' id='word_1_425' title='bbox 1989 1044 2011 1061; x_wconf 88' lang='lat'>1.</span> 
     </span>
    </p>
   </div>
   <div class='ocr_carea' id='block_1_36' title="bbox 1369 1105 1374 3054">
    <p class='ocr_par' dir='ltr' id='par_1_38' title="bbox 1369 1105 1374 3054">
     <span class='ocr_line' id='line_1_73' title="bbox 1369 1105 1374 3054; baseline 0 0"><span class='ocrx_word' id='word_1_426' title='bbox 1369 1105 1374 3054; x_wconf 95' lang='lat' dir='ltr'> </span> 
     </span>
    </p>
   </div>
   <div class='ocr_carea' id='block_1_37' title="bbox 1398 1105 2452 1154">
    <p class='ocr_par' dir='ltr' id='par_1_39' title="bbox 1398 1105 2452 1154">
     <span class='ocr_line' id='line_1_74' title="bbox 1398 1105 2452 1154; baseline 0.004 -12"><span class='ocrx_word' id='word_1_427' title='bbox 1398 1112 1453 1142; x_wconf 91' lang='lat' dir='ltr'>est</span> <span class='ocrx_word' id='word_1_428' title='bbox 1470 1105 1677 1154; x_wconf 90' lang='lat' dir='ltr'>principale</span> <span class='ocrx_word' id='word_1_429' title='bbox 1697 1117 1833 1143; x_wconf 87' lang='lat' dir='ltr'>verum</span> <span class='ocrx_word' id='word_1_430' title='bbox 1857 1106 1972 1142; x_wconf 87' lang='lat' dir='ltr'>habet</span> <span class='ocrx_word' id='word_1_431' title='bbox 1996 1106 2178 1143; x_wconf 91' lang='lat' dir='ltr'>rationem</span> <span class='ocrx_word' id='word_1_432' title='bbox 2200 1108 2287 1144; x_wconf 83' lang='lat' dir='ltr'>finis</span> <span class='ocrx_word' id='word_1_433' title='bbox 2315 1108 2452 1146; x_wconf 89' lang='lat' dir='ltr'>ultimi:</span> 
     </span>
    </p>
   </div>
   <div class='ocr_carea' id='block_1_38' title="bbox 1369 1158 2452 1207">
    <p class='ocr_par' dir='ltr' id='par_1_40' title="bbox 1369 1158 2452 1207">
     <span class='ocr_line' id='line_1_75' title="bbox 1369 1158 2452 1207; baseline 0.004 -13"><span class='ocrx_word' id='word_1_434' title='bbox 1369 1158 1370 1176; x_wconf 77' lang='lat'>³</span> <span class='ocrx_word' id='word_1_435' title='bbox 1398 1170 1495 1207; x_wconf 88' lang='lat' dir='ltr'>quae</span> <span class='ocrx_word' id='word_1_436' title='bbox 1537 1166 1665 1195; x_wconf 90' lang='lat' dir='ltr'>autem</span> <span class='ocrx_word' id='word_1_437' title='bbox 1703 1159 1927 1195; x_wconf 87' lang='lat' dir='ltr'>secundaria</span> <span class='ocrx_word' id='word_1_438' title='bbox 1960 1167 2046 1195; x_wconf 89' lang='lat' dir='ltr'>sunt</span> <span class='ocrx_word' id='word_1_439' title='bbox 2090 1160 2231 1196; x_wconf 90' lang='lat' dir='ltr'>habent</span> <span class='ocrx_word' id='word_1_440' title='bbox 2267 1161 2452 1198; x_wconf 90' lang='lat' dir='ltr'>rationem</span> 
     </span>
    </p>
   </div>
   <div class='ocr_carea' id='block_1_39' title="bbox 1398 1212 2454 1262">
    <p class='ocr_par' dir='ltr' id='par_1_41' title="bbox 1398 1212 2454 1262">
     <span class='ocr_line' id='line_1_76' title="bbox 1398 1212 2454 1262; baseline 0.004 -15"><span class='ocrx_word' id='word_1_441' title='bbox 1398 1223 1532 1248; x_wconf 91' lang='lat' dir='ltr'>eorum</span> <span class='ocrx_word' id='word_1_442' title='bbox 1561 1223 1660 1260; x_wconf 89' lang='lat' dir='ltr'>quae</span> <span class='ocrx_word' id='word_1_443' title='bbox 1689 1219 1775 1248; x_wconf 90' lang='lat' dir='ltr'>sunt</span> <span class='ocrx_word' id='word_1_444' title='bbox 1802 1212 1851 1249; x_wconf 90' lang='lat' dir='ltr'>ad</span> <span class='ocrx_word' id='word_1_445' title='bbox 1874 1212 2004 1248; x_wconf 89' lang='lat' dir='ltr'>finem.</span> <span class='ocrx_word' id='word_1_446' title='bbox 2035 1212 2134 1258; x_wconf 86' lang='lat' dir='ltr'>Quia</span> <span class='ocrx_word' id='word_1_447' title='bbox 2161 1224 2254 1250; x_wconf 89' lang='lat' dir='ltr'>vero</span> <span class='ocrx_word' id='word_1_448' title='bbox 2283 1214 2454 1262; x_wconf 90' lang='lat' dir='ltr'>quicum—</span> 
     </span>
    </p>
   </div>
   <div class='ocr_carea' id='block_1_40' title="bbox 1368 1263 2455 1318">
    <p class='ocr_par' dir='ltr' id='par_1_42' title="bbox 1368 1263 2455 1318">
     <span class='ocr_line' id='line_1_77' title="bbox 1368 1263 2455 1318; baseline 0.003 -18"><span class='ocrx_word' id='word_1_449' title='bbox 1368 1295 1370 1318; x_wconf 48' lang='grc' dir='ltr'>ἰ</span> <span class='ocrx_word' id='word_1_450' title='bbox 1398 1276 1471 1312; x_wconf 89' lang='lat' dir='ltr'>que</span> <span class='ocrx_word' id='word_1_451' title='bbox 1506 1263 1623 1301; x_wconf 90' lang='lat' dir='ltr'>credit</span> <span class='ocrx_word' id='word_1_452' title='bbox 1655 1264 1812 1301; x_wconf 86' lang='lat' dir='ltr'>alicuius</span> <span class='ocrx_word' id='word_1_453' title='bbox 1841 1264 1940 1302; x_wconf 91' lang='lat' dir='ltr'>dicto</span> <span class='ocrx_word' id='word_1_454' title='bbox 1974 1265 2142 1312; x_wconf 89' lang='lat' dir='ltr'>assentit,</span> <span class='ocrx_word' id='word_1_455' title='bbox 2172 1265 2374 1314; x_wconf 89' lang='lat' dir='ltr'>principale</span> <span class='ocrx_word' id='word_1_456' title='bbox 2399 1267 2455 1303; x_wconf 90' lang='lat' dir='ltr'>vi-</span> 
     </span>
    </p>
   </div>
   <div class='ocr_carea' id='block_1_41' title="bbox 1397 1317 2455 1471">
    <p class='ocr_par' dir='ltr' id='par_1_43' title="bbox 1397 1317 2455 1471">
     <span class='ocr_line' id='line_1_78' title="bbox 1398 1317 2454 1367; baseline 0.003 -14"><span class='ocrx_word' id='word_1_457' title='bbox 1398 1317 1507 1354; x_wconf 92' lang='lat' dir='ltr'>detur</span> <span class='ocrx_word' id='word_1_458' title='bbox 1535 1329 1638 1364; x_wconf 89' lang='lat' dir='ltr'>esse,</span> <span class='ocrx_word' id='word_1_459' title='bbox 1683 1325 1719 1353; x_wconf 92' lang='lat' dir='ltr'>et</span> <span class='ocrx_word' id='word_1_460' title='bbox 1754 1317 1862 1365; x_wconf 90' lang='lat' dir='ltr'>quasi</span> <span class='ocrx_word' id='word_1_461' title='bbox 1898 1318 2003 1364; x_wconf 88' lang='lat' dir='ltr'>finis,</span> <span class='ocrx_word' id='word_1_462' title='bbox 2042 1318 2080 1354; x_wconf 91' lang='lat' dir='ltr'>in</span> <span class='ocrx_word' id='word_1_463' title='bbox 2118 1331 2346 1367; x_wconf 90' lang='lat' dir='ltr'>unaquaque</span> <span class='ocrx_word' id='word_1_464' title='bbox 2376 1332 2454 1356; x_wconf 90' lang='lat' dir='ltr'>cre-</span> 
     </span>
     <span class='ocr_line' id='line_1_79' title="bbox 1397 1369 2453 1420; baseline 0.003 -14"><span class='ocrx_word' id='word_1_465' title='bbox 1397 1369 1548 1406; x_wconf 86' lang='lat' dir='ltr'>dulitate</span> <span class='ocrx_word' id='word_1_466' title='bbox 1577 1370 1636 1406; x_wconf 90' lang='lat' dir='ltr'>ille</span> <span class='ocrx_word' id='word_1_467' title='bbox 1666 1370 1787 1407; x_wconf 62' lang='lat' dir='ltr'>cuius&gt;</span> <span class='ocrx_word' id='word_1_468' title='bbox 1805 1370 1904 1407; x_wconf 91' lang='lat' dir='ltr'>dicto</span> <span class='ocrx_word' id='word_1_469' title='bbox 1938 1371 2155 1407; x_wconf 84' lang='lat' dir='ltr'>assentitur:</span> <span class='ocrx_word' id='word_1_470' title='bbox 2191 1372 2297 1420; x_wconf 89' lang='lat' dir='ltr'>quasi</span> <span class='ocrx_word' id='word_1_471' title='bbox 2326 1380 2453 1409; x_wconf 85' lang='lat' dir='ltr'>autem</span> 
     </span>
     <span class='ocr_line' id='line_1_80' title="bbox 1397 1422 2455 1471; baseline 0.004 -13"><span class='ocrx_word' id='word_1_472' title='bbox 1397 1422 1619 1459; x_wconf 90' lang='lat' dir='ltr'>secundaria</span> <span class='ocrx_word' id='word_1_473' title='bbox 1646 1431 1733 1459; x_wconf 90' lang='lat' dir='ltr'>sunt</span> <span class='ocrx_word' id='word_1_474' title='bbox 1753 1435 1797 1459; x_wconf 93' lang='lat' dir='ltr'>ea</span> <span class='ocrx_word' id='word_1_475' title='bbox 1816 1435 1915 1471; x_wconf 89' lang='lat' dir='ltr'>quae</span> <span class='ocrx_word' id='word_1_476' title='bbox 1944 1424 2028 1470; x_wconf 92' lang='lat' dir='ltr'>quis</span> <span class='ocrx_word' id='word_1_477' title='bbox 2056 1426 2221 1461; x_wconf 92' lang='lat' dir='ltr'>tenendo</span> <span class='ocrx_word' id='word_1_478' title='bbox 2241 1426 2322 1461; x_wconf 87' lang='lat' dir='ltr'>vult</span> <span class='ocrx_word' id='word_1_479' title='bbox 2345 1425 2455 1462; x_wconf 88' lang='lat' dir='ltr'>alicui</span> 
     </span>
    </p>
   </div>
   <div class='ocr_carea' id='block_1_42' title="bbox 1369 1475 2454 1629">
    <p class='ocr_par' dir='ltr' id='par_1_44' title="bbox 1369 1475 2454 1629">
     <span class='ocr_line' id='line_1_81' title="bbox 1369 1475 2451 1528; baseline 0.003 -17"><span class='ocrx_word' id='word_1_480' title='bbox 1369 1483 1371 1528; x_wconf 59' lang='lat' dir='ltr'>J</span> <span class='ocrx_word' id='word_1_481' title='bbox 1397 1475 1587 1511; x_wconf 88' lang='lat' dir='ltr'>assentire.</span> <span class='ocrx_word' id='word_1_482' title='bbox 1619 1475 1680 1511; x_wconf 91' lang='lat' dir='ltr'>Sic</span> <span class='ocrx_word' id='word_1_483' title='bbox 1704 1475 1814 1522; x_wconf 90' lang='lat' dir='ltr'>igitur</span> <span class='ocrx_word' id='word_1_484' title='bbox 1841 1475 1905 1523; x_wconf 90' lang='lat' dir='ltr'>qui</span> <span class='ocrx_word' id='word_1_485' title='bbox 1935 1485 2033 1512; x_wconf 91' lang='lat' dir='ltr'>recte</span> <span class='ocrx_word' id='word_1_486' title='bbox 2061 1477 2179 1513; x_wconf 89' lang='lat' dir='ltr'>fidem</span> <span class='ocrx_word' id='word_1_487' title='bbox 2200 1477 2451 1514; x_wconf 87' lang='lat' dir='ltr'>Christianam</span> 
     </span>
     <span class='ocr_line' id='line_1_82' title="bbox 1369 1528 2453 1578; baseline 0.003 -14"><span class='ocrx_word' id='word_1_488' title='bbox 1369 1532 1371 1554; x_wconf 52' lang='grc' dir='ltr'>ὲ</span> <span class='ocrx_word' id='word_1_489' title='bbox 1396 1528 1511 1564; x_wconf 90' lang='lat' dir='ltr'>habet</span> <span class='ocrx_word' id='word_1_490' title='bbox 1539 1540 1607 1564; x_wconf 91' lang='lat' dir='ltr'>sua</span> <span class='ocrx_word' id='word_1_491' title='bbox 1635 1529 1829 1564; x_wconf 88' lang='lat' dir='ltr'>voluntate</span> <span class='ocrx_word' id='word_1_492' title='bbox 1860 1529 2012 1565; x_wconf 89' lang='lat' dir='ltr'>assentit</span> <span class='ocrx_word' id='word_1_493' title='bbox 2032 1530 2181 1566; x_wconf 86' lang='lat' dir='ltr'>Christo</span> <span class='ocrx_word' id='word_1_494' title='bbox 2211 1531 2248 1566; x_wconf 90' lang='lat' dir='ltr'>in</span> <span class='ocrx_word' id='word_1_495' title='bbox 2274 1530 2331 1566; x_wconf 89' lang='lat' dir='ltr'>his</span> <span class='ocrx_word' id='word_1_496' title='bbox 2356 1543 2453 1578; x_wconf 92' lang='lat' dir='ltr'>quae</span> 
     </span>
     <span class='ocr_line' id='line_1_83' title="bbox 1369 1581 2454 1629; baseline 0.002 -12"><span class='ocrx_word' id='word_1_497' title='bbox 1369 1590 1371 1611; x_wconf 62' lang='grc' dir='ltr'>ἐ</span> <span class='ocrx_word' id='word_1_498' title='bbox 1396 1593 1487 1617; x_wconf 91' lang='lat' dir='ltr'>vere</span> <span class='ocrx_word' id='word_1_499' title='bbox 1515 1581 1564 1617; x_wconf 87' lang='lat' dir='ltr'>ad</span> <span class='ocrx_word' id='word_1_500' title='bbox 1593 1581 1673 1618; x_wconf 90' lang='lat' dir='ltr'>eius</span> <span class='ocrx_word' id='word_1_501' title='bbox 1702 1581 1911 1617; x_wconf 88' lang='lat' dir='ltr'>doctrinam</span> <span class='ocrx_word' id='word_1_502' title='bbox 1940 1582 2136 1629; x_wconf 87' lang='lat' dir='ltr'>pertinent.</span> <span class='ocrx_word' id='word_1_503' title='bbox 2171 1585 2206 1618; x_wconf 94' lang='lat' dir='ltr'>A</span> <span class='ocrx_word' id='word_1_504' title='bbox 2234 1583 2454 1620; x_wconf 88' lang='lat' dir='ltr'>rectitudine</span> 
     </span>
    </p>
   </div>
   <div class='ocr_carea' id='block_1_43' title="bbox 1396 1633 2455 1684">
    <p class='ocr_par' dir='ltr' id='par_1_45' title="bbox 1396 1633 2455 1684">
     <span class='ocr_line' id='line_1_84' title="bbox 1396 1633 2455 1684; baseline 0.004 -15"><span class='ocrx_word' id='word_1_505' title='bbox 1396 1633 1506 1681; x_wconf 88' lang='lat' dir='ltr'>igitur</span> <span class='ocrx_word' id='word_1_506' title='bbox 1536 1633 1627 1671; x_wconf 90' lang='lat' dir='ltr'>fidei</span> <span class='ocrx_word' id='word_1_507' title='bbox 1657 1634 1891 1671; x_wconf 87' lang='lat' dir='ltr'>Christianae</span> <span class='ocrx_word' id='word_1_508' title='bbox 1930 1635 2126 1683; x_wconf 88' lang='lat' dir='ltr'>dupliciter</span> <span class='ocrx_word' id='word_1_509' title='bbox 2162 1635 2295 1683; x_wconf 88' lang='lat' dir='ltr'>aliquis</span> <span class='ocrx_word' id='word_1_510' title='bbox 2330 1645 2455 1684; x_wconf 91' lang='lat' dir='ltr'>potest</span> 
     </span>
    </p>
   </div>
   <div class='ocr_carea' id='block_1_44' title="bbox 1369 1686 2455 1788">
    <p class='ocr_par' dir='ltr' id='par_1_46' title="bbox 1369 1686 2455 1788">
     <span class='ocr_line' id='line_1_85' title="bbox 1369 1686 2455 1735; baseline 0.003 -12"><span class='ocrx_word' id='word_1_511' title='bbox 1369 1711 1371 1729; x_wconf 51' lang='lat'>2</span> <span class='ocrx_word' id='word_1_512' title='bbox 1397 1686 1563 1724; x_wconf 88' lang='lat' dir='ltr'>deviare.</span> <span class='ocrx_word' id='word_1_513' title='bbox 1593 1686 1680 1723; x_wconf 90' lang='lat' dir='ltr'>Uno</span> <span class='ocrx_word' id='word_1_514' title='bbox 1709 1687 1841 1733; x_wconf 91' lang='lat' dir='ltr'>modo,</span> <span class='ocrx_word' id='word_1_515' title='bbox 1863 1687 1951 1735; x_wconf 90' lang='lat' dir='ltr'>quia</span> <span class='ocrx_word' id='word_1_516' title='bbox 1978 1688 2048 1735; x_wconf 90' lang='lat' dir='ltr'>ipsi</span> <span class='ocrx_word' id='word_1_517' title='bbox 2069 1693 2086 1709; x_wconf 78' lang='lat'>‘¹</span> <span class='ocrx_word' id='word_1_518' title='bbox 2106 1688 2254 1725; x_wconf 89' lang='lat' dir='ltr'>Christo</span> <span class='ocrx_word' id='word_1_519' title='bbox 2277 1701 2355 1726; x_wconf 92' lang='lat' dir='ltr'>non</span> <span class='ocrx_word' id='word_1_520' title='bbox 2374 1691 2455 1726; x_wconf 90' lang='lat' dir='ltr'>vult</span> 
     </span>
     <span class='ocr_line' id='line_1_86' title="bbox 1369 1739 2454 1788; baseline 0.004 -13"><span class='ocrx_word' id='word_1_521' title='bbox 1369 1768 1371 1773; x_wconf 64' lang='grc'>,</span> <span class='ocrx_word' id='word_1_522' title='bbox 1397 1739 1598 1776; x_wconf 89' lang='lat' dir='ltr'>assentire:</span> <span class='ocrx_word' id='word_1_523' title='bbox 1629 1747 1665 1776; x_wconf 88' lang='lat' dir='ltr'>et</span> <span class='ocrx_word' id='word_1_524' title='bbox 1687 1740 1748 1776; x_wconf 87' lang='lat' dir='ltr'>hic</span> <span class='ocrx_word' id='word_1_525' title='bbox 1772 1741 1886 1777; x_wconf 90' lang='lat' dir='ltr'>habet</span> <span class='ocrx_word' id='word_1_526' title='bbox 1914 1741 2020 1788; x_wconf 91' lang='lat' dir='ltr'>quasi</span> <span class='ocrx_word' id='word_1_527' title='bbox 2049 1741 2190 1776; x_wconf 91' lang='lat' dir='ltr'>malam</span> <span class='ocrx_word' id='word_1_528' title='bbox 2218 1743 2454 1779; x_wconf 90' lang='lat' dir='ltr'>voluntatem</span> 
     </span>
    </p>
   </div>
   <div class='ocr_carea' id='block_1_45' title="bbox 1396 1792 2458 3370">
    <p class='ocr_par' dir='ltr' id='par_1_47' title="bbox 1397 1792 2456 2263">
     <span class='ocr_line' id='line_1_87' title="bbox 1398 1792 2454 1843; baseline 0.003 -15"><span class='ocrx_word' id='word_1_529' title='bbox 1398 1792 1496 1828; x_wconf 89' lang='lat' dir='ltr'>circa</span> <span class='ocrx_word' id='word_1_530' title='bbox 1522 1792 1647 1840; x_wconf 90' lang='lat' dir='ltr'>ipsum</span> <span class='ocrx_word' id='word_1_531' title='bbox 1676 1793 1806 1829; x_wconf 88' lang='lat' dir='ltr'>finem.</span> <span class='ocrx_word' id='word_1_532' title='bbox 1846 1794 1895 1829; x_wconf 94' lang='lat' dir='ltr'>Et</span> <span class='ocrx_word' id='word_1_533' title='bbox 1921 1793 1996 1829; x_wconf 94' lang='lat' dir='ltr'>hoc</span> <span class='ocrx_word' id='word_1_534' title='bbox 2023 1794 2183 1841; x_wconf 89' lang='lat' dir='ltr'>pertinet</span> <span class='ocrx_word' id='word_1_535' title='bbox 2211 1795 2259 1831; x_wconf 90' lang='lat' dir='ltr'>ad</span> <span class='ocrx_word' id='word_1_536' title='bbox 2288 1795 2454 1843; x_wconf 90' lang='lat' dir='ltr'>speciem</span> 
     </span>
     <span class='ocr_line' id='line_1_88' title="bbox 1397 1845 2453 1894; baseline 0.003 -13"><span class='ocrx_word' id='word_1_537' title='bbox 1397 1845 1625 1882; x_wconf 91' lang='lat' dir='ltr'>infidelitatis</span> <span class='ocrx_word' id='word_1_538' title='bbox 1643 1857 1880 1893; x_wconf 89' lang='lat' dir='ltr'>paganorum</span> <span class='ocrx_word' id='word_1_539' title='bbox 1901 1853 1938 1882; x_wconf 90' lang='lat' dir='ltr'>et</span> <span class='ocrx_word' id='word_1_540' title='bbox 1958 1846 2200 1883; x_wconf 87' lang='lat' dir='ltr'>Iudaeorum.</span> <span class='ocrx_word' id='word_1_541' title='bbox 2221 1846 2306 1884; x_wconf 91' lang='lat' dir='ltr'>Alio</span> <span class='ocrx_word' id='word_1_542' title='bbox 2323 1849 2453 1894; x_wconf 91' lang='lat' dir='ltr'>modo,</span> 
     </span>
     <span class='ocr_line' id='line_1_89' title="bbox 1397 1898 2455 1947; baseline 0.003 -13"><span class='ocrx_word' id='word_1_543' title='bbox 1397 1910 1466 1946; x_wconf 93' lang='lat' dir='ltr'>per</span> <span class='ocrx_word' id='word_1_544' title='bbox 1488 1898 1564 1934; x_wconf 93' lang='lat' dir='ltr'>hoc</span> <span class='ocrx_word' id='word_1_545' title='bbox 1591 1898 1696 1947; x_wconf 94' lang='lat' dir='ltr'>quod</span> <span class='ocrx_word' id='word_1_546' title='bbox 1724 1898 1881 1935; x_wconf 90' lang='lat' dir='ltr'>intendit</span> <span class='ocrx_word' id='word_1_547' title='bbox 1909 1899 2064 1947; x_wconf 89' lang='lat' dir='ltr'>quidem</span> <span class='ocrx_word' id='word_1_548' title='bbox 2086 1899 2234 1936; x_wconf 90' lang='lat' dir='ltr'>Christo</span> <span class='ocrx_word' id='word_1_549' title='bbox 2263 1901 2455 1947; x_wconf 90' lang='lat' dir='ltr'>assentire,</span> 
     </span>
     <span class='ocr_line' id='line_1_90' title="bbox 1398 1950 2456 1999; baseline 0.003 -12"><span class='ocrx_word' id='word_1_550' title='bbox 1398 1951 1466 1988; x_wconf 89' lang='lat' dir='ltr'>sed</span> <span class='ocrx_word' id='word_1_551' title='bbox 1494 1950 1622 1988; x_wconf 91' lang='lat' dir='ltr'>deficit</span> <span class='ocrx_word' id='word_1_552' title='bbox 1649 1951 1687 1987; x_wconf 91' lang='lat' dir='ltr'>in</span> <span class='ocrx_word' id='word_1_553' title='bbox 1715 1950 1889 1998; x_wconf 89' lang='lat' dir='ltr'>eligendo</span> <span class='ocrx_word' id='word_1_554' title='bbox 1919 1963 1963 1987; x_wconf 90' lang='lat' dir='ltr'>ea</span> <span class='ocrx_word' id='word_1_555' title='bbox 1991 1951 2128 1999; x_wconf 88' lang='lat' dir='ltr'>quibus</span> <span class='ocrx_word' id='word_1_556' title='bbox 2153 1953 2302 1989; x_wconf 91' lang='lat' dir='ltr'>Christo</span> <span class='ocrx_word' id='word_1_557' title='bbox 2330 1965 2456 1990; x_wconf 92' lang='lat' dir='ltr'>assen-</span> 
     </span>
     <span class='ocr_line' id='line_1_91' title="bbox 1397 2000 2455 2052; baseline 0.003 -12"><span class='ocrx_word' id='word_1_558' title='bbox 1397 2004 1482 2040; x_wconf 89' lang='lat' dir='ltr'>tiat:</span> <span class='ocrx_word' id='word_1_559' title='bbox 1513 2003 1601 2051; x_wconf 89' lang='lat' dir='ltr'>quia</span> <span class='ocrx_word' id='word_1_560' title='bbox 1619 2016 1699 2040; x_wconf 92' lang='lat' dir='ltr'>non</span> <span class='ocrx_word' id='word_1_561' title='bbox 1719 2000 1816 2051; x_wconf 84' lang='lat' dir='ltr'>eligit</span> <span class='ocrx_word' id='word_1_562' title='bbox 1845 2016 1889 2040; x_wconf 85' lang='lat' dir='ltr'>ea</span> <span class='ocrx_word' id='word_1_563' title='bbox 1917 2016 2015 2052; x_wconf 91' lang='lat' dir='ltr'>quae</span> <span class='ocrx_word' id='word_1_564' title='bbox 2044 2014 2131 2042; x_wconf 91' lang='lat' dir='ltr'>sunt</span> <span class='ocrx_word' id='word_1_565' title='bbox 2153 2018 2244 2042; x_wconf 89' lang='lat' dir='ltr'>vere</span> <span class='ocrx_word' id='word_1_566' title='bbox 2264 2018 2286 2042; x_wconf 90' lang='lat' dir='ltr'>a</span> <span class='ocrx_word' id='word_1_567' title='bbox 2306 2005 2455 2043; x_wconf 90' lang='lat' dir='ltr'>Christo</span> 
     </span>
     <span class='ocr_line' id='line_1_92' title="bbox 1398 2056 2454 2106; baseline 0.002 -13"><span class='ocrx_word' id='word_1_568' title='bbox 1398 2056 1544 2103; x_wconf 87' lang='lat' dir='ltr'>tradita,</span> <span class='ocrx_word' id='word_1_569' title='bbox 1570 2057 1637 2093; x_wconf 91' lang='lat' dir='ltr'>sed</span> <span class='ocrx_word' id='word_1_570' title='bbox 1667 2069 1711 2093; x_wconf 92' lang='lat' dir='ltr'>ea</span> <span class='ocrx_word' id='word_1_571' title='bbox 1740 2068 1838 2104; x_wconf 86' lang='lat' dir='ltr'>quae</span> <span class='ocrx_word' id='word_1_572' title='bbox 1867 2056 1936 2093; x_wconf 88' lang='lat' dir='ltr'>sibi</span> <span class='ocrx_word' id='word_1_573' title='bbox 1964 2058 2117 2105; x_wconf 89' lang='lat' dir='ltr'>propria</span> <span class='ocrx_word' id='word_1_574' title='bbox 2146 2070 2255 2095; x_wconf 91' lang='lat' dir='ltr'>mens</span> <span class='ocrx_word' id='word_1_575' title='bbox 2282 2059 2454 2106; x_wconf 86' lang='lat' dir='ltr'>suggerit.</span> 
     </span>
     <span class='ocr_line' id='line_1_93' title="bbox 1399 2109 2454 2159; baseline 0.003 -14"><span class='ocrx_word' id='word_1_576' title='bbox 1399 2110 1448 2146; x_wconf 93' lang='lat' dir='ltr'>Et</span> <span class='ocrx_word' id='word_1_577' title='bbox 1467 2109 1552 2146; x_wconf 90' lang='lat' dir='ltr'>ideo</span> <span class='ocrx_word' id='word_1_578' title='bbox 1573 2109 1739 2146; x_wconf 90' lang='lat' dir='ltr'>haeresis</span> <span class='ocrx_word' id='word_1_579' title='bbox 1764 2117 1820 2146; x_wconf 88' lang='lat' dir='ltr'>est</span> <span class='ocrx_word' id='word_1_580' title='bbox 1838 2109 2064 2147; x_wconf 90' lang='lat' dir='ltr'>infidelitatis</span> <span class='ocrx_word' id='word_1_581' title='bbox 2093 2111 2237 2159; x_wconf 87' lang='lat' dir='ltr'>species</span> <span class='ocrx_word' id='word_1_582' title='bbox 2266 2112 2454 2159; x_wconf 90' lang='lat' dir='ltr'>pertinens</span> 
     </span>
     <span class='ocr_line' id='line_1_94' title="bbox 1399 2162 2455 2211; baseline 0.003 -13"><span class='ocrx_word' id='word_1_583' title='bbox 1399 2162 1447 2198; x_wconf 88' lang='lat' dir='ltr'>ad</span> <span class='ocrx_word' id='word_1_584' title='bbox 1481 2174 1546 2198; x_wconf 90' lang='lat' dir='ltr'>eos</span> <span class='ocrx_word' id='word_1_585' title='bbox 1579 2163 1643 2211; x_wconf 90' lang='lat' dir='ltr'>qui</span> <span class='ocrx_word' id='word_1_586' title='bbox 1678 2162 1796 2199; x_wconf 90' lang='lat' dir='ltr'>fidem</span> <span class='ocrx_word' id='word_1_587' title='bbox 1832 2162 1969 2199; x_wconf 90' lang='lat' dir='ltr'>Christi</span> <span class='ocrx_word' id='word_1_588' title='bbox 1997 2165 2232 2211; x_wconf 91' lang='lat' dir='ltr'>profitentur,</span> <span class='ocrx_word' id='word_1_589' title='bbox 2272 2165 2339 2201; x_wconf 89' lang='lat' dir='ltr'>sed</span> <span class='ocrx_word' id='word_1_590' title='bbox 2375 2165 2455 2201; x_wconf 91' lang='lat' dir='ltr'>eius</span> 
     </span>
     <span class='ocr_line' id='line_1_95' title="bbox 1399 2216 1867 2263; baseline -0.002 -11"><span class='ocrx_word' id='word_1_591' title='bbox 1399 2216 1578 2263; x_wconf 84' lang='lat' dir='ltr'>dogmata</span> <span class='ocrx_word' id='word_1_592' title='bbox 1607 2223 1867 2263; x_wconf 89' lang='lat' dir='ltr'>corrumpunt.</span> 
     </span>
    </p>

    <p class='ocr_par' dir='ltr' id='par_1_48' title="bbox 1399 2268 2457 2423">
     <span class='ocr_line' id='line_1_96' title="bbox 1451 2268 2457 2316; baseline 0.003 -13"><span class='ocrx_word' id='word_1_593' title='bbox 1451 2270 1510 2304; x_wconf 84' lang='lat' dir='ltr'>AD</span> <span class='ocrx_word' id='word_1_594' title='bbox 1530 2279 1667 2304; x_wconf 76' lang='lat' dir='ltr'>PmMUM</span> <span class='ocrx_word' id='word_1_595' title='bbox 1687 2280 1784 2305; x_wconf 80' lang='lat' dir='ltr'>ERGO</span> <span class='ocrx_word' id='word_1_596' title='bbox 1805 2279 1989 2305; x_wconf 78' lang='lat' dir='ltr'>chENDUM</span> <span class='ocrx_word' id='word_1_597' title='bbox 2018 2268 2122 2316; x_wconf 91' lang='lat' dir='ltr'>quod</span> <span class='ocrx_word' id='word_1_598' title='bbox 2147 2270 2222 2306; x_wconf 91' lang='lat' dir='ltr'>hoc</span> <span class='ocrx_word' id='word_1_599' title='bbox 2245 2269 2364 2306; x_wconf 91' lang='lat' dir='ltr'>modo</span> <span class='ocrx_word' id='word_1_600' title='bbox 2385 2270 2457 2305; x_wconf 91' lang='lat' dir='ltr'>ele-</span> 
     </span>
     <span class='ocr_line' id='line_1_97' title="bbox 1400 2319 2456 2369; baseline 0.003 -13"><span class='ocrx_word' id='word_1_601' title='bbox 1400 2321 1472 2357; x_wconf 94' lang='lat' dir='ltr'>ctio</span> <span class='ocrx_word' id='word_1_602' title='bbox 1498 2319 1512 2349; x_wconf 74' lang='grc' dir='ltr'><strong>β</strong></span> <span class='ocrx_word' id='word_1_603' title='bbox 1535 2321 1696 2369; x_wconf 88' lang='lat' dir='ltr'>pertinet</span> <span class='ocrx_word' id='word_1_604' title='bbox 1729 2321 1777 2358; x_wconf 90' lang='lat' dir='ltr'>ad</span> <span class='ocrx_word' id='word_1_605' title='bbox 1805 2320 2066 2358; x_wconf 90' lang='lat' dir='ltr'>infidelitatem</span> <span class='ocrx_word' id='word_1_606' title='bbox 2095 2321 2190 2359; x_wconf 89' lang='lat' dir='ltr'>sicut</span> <span class='ocrx_word' id='word_1_607' title='bbox 2218 2330 2254 2358; x_wconf 94' lang='lat' dir='ltr'>et</span> <span class='ocrx_word' id='word_1_608' title='bbox 2279 2323 2456 2359; x_wconf 88' lang='lat' dir='ltr'>voluntas</span> 
     </span>
     <span class='ocr_line' id='line_1_98' title="bbox 1399 2373 2116 2423; baseline 0 -13"><span class='ocrx_word' id='word_1_609' title='bbox 1399 2373 1447 2410; x_wconf 87' lang='lat' dir='ltr'>ad</span> <span class='ocrx_word' id='word_1_610' title='bbox 1476 2373 1607 2420; x_wconf 90' lang='lat' dir='ltr'>fidem,</span> <span class='ocrx_word' id='word_1_611' title='bbox 1637 2381 1679 2410; x_wconf 93' lang='lat' dir='ltr'>ut</span> <span class='ocrx_word' id='word_1_612' title='bbox 1706 2386 1820 2423; x_wconf 89' lang='lat' dir='ltr'>supra</span> <span class='ocrx_word' id='word_1_613' title='bbox 1839 2374 1859 2396; x_wconf 84' lang='lat'><strong>*</strong></span> <span class='ocrx_word' id='word_1_614' title='bbox 1879 2374 2021 2410; x_wconf 91' lang='lat' dir='ltr'>dictum</span> <span class='ocrx_word' id='word_1_615' title='bbox 2052 2381 2116 2410; x_wconf 94' lang='lat' dir='ltr'>est.</span> 
     </span>
    </p>

    <p class='ocr_par' dir='ltr' id='par_1_49' title="bbox 1396 2426 2458 3107">
     <span class='ocr_line' id='line_1_99' title="bbox 1450 2426 2457 2476; baseline 0.001 -14"><span class='ocrx_word' id='word_1_616' title='bbox 1450 2427 1509 2462; x_wconf 84' lang='lat' dir='ltr'>AD</span> <span class='ocrx_word' id='word_1_617' title='bbox 1538 2438 1727 2463; x_wconf 78' lang='lat' dir='ltr'>SECUNDUM</span> <span class='ocrx_word' id='word_1_618' title='bbox 1755 2439 1939 2464; x_wconf 79' lang='lat' dir='ltr'><strong>DICENDUM</strong></span> <span class='ocrx_word' id='word_1_619' title='bbox 1964 2427 2067 2476; x_wconf 92' lang='lat' dir='ltr'>quod</span> <span class='ocrx_word' id='word_1_620' title='bbox 2087 2426 2177 2463; x_wconf 79' lang='lat' dir='ltr'>vitia</span> <span class='ocrx_word' id='word_1_621' title='bbox 2204 2426 2345 2463; x_wconf 90' lang='lat' dir='ltr'>habent</span> <span class='ocrx_word' id='word_1_622' title='bbox 2373 2439 2457 2475; x_wconf 92' lang='lat' dir='ltr'>spe-</span> 
     </span>
     <span class='ocr_line' id='line_1_100' title="bbox 1399 2477 2458 2526; baseline 0.003 -13"><span class='ocrx_word' id='word_1_623' title='bbox 1399 2477 1496 2514; x_wconf 91' lang='lat' dir='ltr'>ciem</span> <span class='ocrx_word' id='word_1_624' title='bbox 1518 2490 1560 2514; x_wconf 87' lang='lat' dir='ltr'>ex</span> <span class='ocrx_word' id='word_1_625' title='bbox 1580 2479 1657 2515; x_wconf 91' lang='lat' dir='ltr'>fine</span> <span class='ocrx_word' id='word_1_626' title='bbox 1676 2479 1869 2526; x_wconf 83' lang='lat' dir='ltr'>proximo,</span> <span class='ocrx_word' id='word_1_627' title='bbox 1896 2480 1963 2516; x_wconf 88' lang='lat' dir='ltr'>sed</span> <span class='ocrx_word' id='word_1_628' title='bbox 1983 2492 2028 2516; x_wconf 86' lang='lat' dir='ltr'>ex</span> <span class='ocrx_word' id='word_1_629' title='bbox 2046 2481 2124 2517; x_wconf 92' lang='lat' dir='ltr'>fine</span> <span class='ocrx_word' id='word_1_630' title='bbox 2145 2487 2292 2516; x_wconf 92' lang='lat' dir='ltr'>remoto</span> <span class='ocrx_word' id='word_1_631' title='bbox 2316 2480 2458 2516; x_wconf 91' lang='lat' dir='ltr'>habent</span> 
     </span>
     <span class='ocr_line' id='line_1_101' title="bbox 1398 2526 2457 2580; baseline 0.003 -15"><span class='ocrx_word' id='word_1_632' title='bbox 1398 2526 1516 2577; x_wconf 86' lang='lat' dir='ltr'>genus</span> <span class='ocrx_word' id='word_1_633' title='bbox 1546 2538 1581 2566; x_wconf 92' lang='lat' dir='ltr'>et</span> <span class='ocrx_word' id='word_1_634' title='bbox 1610 2543 1776 2567; x_wconf 90' lang='lat' dir='ltr'>causam.</span> <span class='ocrx_word' id='word_1_635' title='bbox 1816 2531 1920 2568; x_wconf 92' lang='lat' dir='ltr'>Sicut</span> <span class='ocrx_word' id='word_1_636' title='bbox 1948 2544 2035 2568; x_wconf 90' lang='lat' dir='ltr'>cum</span> <span class='ocrx_word' id='word_1_637' title='bbox 2069 2532 2200 2580; x_wconf 86' lang='lat' dir='ltr'>aliquis</span> <span class='ocrx_word' id='word_1_638' title='bbox 2235 2533 2457 2568; x_wconf 89' lang='lat' dir='ltr'>moechatur</span> 
     </span>
     <span class='ocr_line' id='line_1_102' title="bbox 1397 2582 2455 2633; baseline 0.003 -15"><span class='ocrx_word' id='word_1_639' title='bbox 1397 2589 1439 2618; x_wconf 93' lang='lat' dir='ltr'>ut</span> <span class='ocrx_word' id='word_1_640' title='bbox 1466 2582 1628 2629; x_wconf 89' lang='lat' dir='ltr'>furetur,</span> <span class='ocrx_word' id='word_1_641' title='bbox 1663 2590 1719 2619; x_wconf 93' lang='lat' dir='ltr'>est</span> <span class='ocrx_word' id='word_1_642' title='bbox 1745 2583 1797 2619; x_wconf 92' lang='lat' dir='ltr'>ibi</span> <span class='ocrx_word' id='word_1_643' title='bbox 1825 2584 1981 2632; x_wconf 90' lang='lat' dir='ltr'>quidem</span> <span class='ocrx_word' id='word_1_644' title='bbox 2010 2585 2155 2633; x_wconf 89' lang='lat' dir='ltr'>species</span> <span class='ocrx_word' id='word_1_645' title='bbox 2183 2584 2381 2621; x_wconf 90' lang='lat' dir='ltr'>moechiae</span> <span class='ocrx_word' id='word_1_646' title='bbox 2410 2597 2455 2621; x_wconf 87' lang='lat' dir='ltr'>ex</span> 
     </span>
     <span class='ocr_line' id='line_1_103' title="bbox 1396 2635 2455 2683; baseline 0.003 -12"><span class='ocrx_word' id='word_1_647' title='bbox 1396 2635 1552 2683; x_wconf 89' lang='lat' dir='ltr'>proprio</span> <span class='ocrx_word' id='word_1_648' title='bbox 1580 2635 1657 2672; x_wconf 90' lang='lat' dir='ltr'>fine</span> <span class='ocrx_word' id='word_1_649' title='bbox 1678 2643 1713 2672; x_wconf 90' lang='lat' dir='ltr'>et</span> <span class='ocrx_word' id='word_1_650' title='bbox 1732 2636 1894 2683; x_wconf 88' lang='lat' dir='ltr'>obiecto,</span> <span class='ocrx_word' id='word_1_651' title='bbox 1915 2637 1981 2673; x_wconf 91' lang='lat' dir='ltr'>sed</span> <span class='ocrx_word' id='word_1_652' title='bbox 2009 2649 2054 2674; x_wconf 83' lang='lat' dir='ltr'>ex</span> <span class='ocrx_word' id='word_1_653' title='bbox 2080 2638 2158 2674; x_wconf 93' lang='lat' dir='ltr'>fine</span> <span class='ocrx_word' id='word_1_654' title='bbox 2176 2637 2310 2674; x_wconf 87' lang='lat' dir='ltr'>ultimo</span> <span class='ocrx_word' id='word_1_655' title='bbox 2331 2640 2455 2674; x_wconf 87' lang='lat' dir='ltr'>o&#39;sten-</span> 
     </span>
     <span class='ocr_line' id='line_1_104' title="bbox 1399 2687 2454 2736; baseline 0.002 -12"><span class='ocrx_word' id='word_1_656' title='bbox 1399 2687 1497 2724; x_wconf 89' lang='lat' dir='ltr'>ditur</span> <span class='ocrx_word' id='word_1_657' title='bbox 1524 2688 1629 2735; x_wconf 92' lang='lat' dir='ltr'>quod</span> <span class='ocrx_word' id='word_1_658' title='bbox 1657 2689 1831 2725; x_wconf 88' lang='lat' dir='ltr'>moechia</span> <span class='ocrx_word' id='word_1_659' title='bbox 1869 2701 1912 2726; x_wconf 87' lang='lat' dir='ltr'>ex</span> <span class='ocrx_word' id='word_1_660' title='bbox 1941 2690 2039 2726; x_wconf 82' lang='lat' dir='ltr'>furto</span> <span class='ocrx_word' id='word_1_661' title='bbox 2068 2689 2203 2736; x_wconf 93' lang='lat' dir='ltr'>oritur,</span> <span class='ocrx_word' id='word_1_662' title='bbox 2243 2698 2280 2726; x_wconf 91' lang='lat' dir='ltr'>et</span> <span class='ocrx_word' id='word_1_663' title='bbox 2308 2690 2378 2726; x_wconf 93' lang='lat' dir='ltr'>sub</span> <span class='ocrx_word' id='word_1_664' title='bbox 2408 2702 2454 2726; x_wconf 92' lang='lat' dir='ltr'>eo</span> 
     </span>
     <span class='ocr_line' id='line_1_105' title="bbox 1398 2740 2455 2790; baseline 0.003 -14"><span class='ocrx_word' id='word_1_665' title='bbox 1398 2740 1610 2777; x_wconf 89' lang='lat' dir='ltr'>continetur</span> <span class='ocrx_word' id='word_1_666' title='bbox 1637 2741 1730 2777; x_wconf 88' lang='lat' dir='ltr'>sicut</span> <span class='ocrx_word' id='word_1_667' title='bbox 1755 2742 1910 2778; x_wconf 87' lang='lat' dir='ltr'>effectus</span> <span class='ocrx_word' id='word_1_668' title='bbox 1939 2743 2010 2779; x_wconf 90' lang='lat' dir='ltr'>sub</span> <span class='ocrx_word' id='word_1_669' title='bbox 2040 2755 2154 2779; x_wconf 90' lang='lat' dir='ltr'>causa</span> <span class='ocrx_word' id='word_1_670' title='bbox 2178 2743 2240 2779; x_wconf 88' lang='lat' dir='ltr'>vel</span> <span class='ocrx_word' id='word_1_671' title='bbox 2258 2742 2353 2779; x_wconf 86' lang='lat' dir='ltr'>sicut</span> <span class='ocrx_word' id='word_1_672' title='bbox 2371 2754 2455 2790; x_wconf 91' lang='lat' dir='ltr'>spe—</span> 
     </span>
     <span class='ocr_line' id='line_1_106' title="bbox 1398 2793 2453 2843; baseline 0.002 -14"><span class='ocrx_word' id='word_1_673' title='bbox 1398 2793 1473 2829; x_wconf 91' lang='lat' dir='ltr'>cies</span> <span class='ocrx_word' id='word_1_674' title='bbox 1493 2794 1563 2830; x_wconf 90' lang='lat' dir='ltr'>sub</span> <span class='ocrx_word' id='word_1_675' title='bbox 1582 2805 1741 2840; x_wconf 88' lang='lat' dir='ltr'>genere:</span> <span class='ocrx_word' id='word_1_676' title='bbox 1771 2802 1812 2830; x_wconf 91' lang='lat' dir='ltr'>ut</span> <span class='ocrx_word' id='word_1_677' title='bbox 1837 2802 1940 2843; x_wconf 90' lang='lat' dir='ltr'>patet</span> <span class='ocrx_word' id='word_1_678' title='bbox 1959 2807 2003 2831; x_wconf 86' lang='lat' dir='ltr'>ex</span> <span class='ocrx_word' id='word_1_679' title='bbox 2022 2795 2081 2832; x_wconf 89' lang='lat' dir='ltr'>his</span> <span class='ocrx_word' id='word_1_680' title='bbox 2108 2807 2207 2843; x_wconf 87' lang='lat' dir='ltr'>quae</span> <span class='ocrx_word' id='word_1_681' title='bbox 2236 2807 2350 2843; x_wconf 89' lang='lat' dir='ltr'>supra</span> <span class='ocrx_word' id='word_1_682' title='bbox 2367 2794 2388 2816; x_wconf 74' lang='lat'>’¹‘</span> <span class='ocrx_word' id='word_1_683' title='bbox 2407 2795 2453 2832; x_wconf 91' lang='lat' dir='ltr'>de</span> 
     </span>
     <span class='ocr_line' id='line_1_107' title="bbox 1398 2846 2455 2885; baseline 0.002 -3"><span class='ocrx_word' id='word_1_684' title='bbox 1398 2846 1542 2882; x_wconf 87' lang='lat' dir='ltr'>actibus</span> <span class='ocrx_word' id='word_1_685' title='bbox 1570 2846 1667 2883; x_wconf 91' lang='lat' dir='ltr'>dicta</span> <span class='ocrx_word' id='word_1_686' title='bbox 1687 2854 1774 2883; x_wconf 92' lang='lat' dir='ltr'>sunt</span> <span class='ocrx_word' id='word_1_687' title='bbox 1799 2847 1836 2883; x_wconf 93' lang='lat' dir='ltr'>in</span> <span class='ocrx_word' id='word_1_688' title='bbox 1866 2847 2071 2885; x_wconf 89' lang='lat' dir='ltr'>communi.</span> <span class='ocrx_word' id='word_1_689' title='bbox 2100 2847 2211 2885; x_wconf 89' lang='lat' dir='ltr'>Unde</span> <span class='ocrx_word' id='word_1_690' title='bbox 2232 2856 2268 2884; x_wconf 88' lang='lat' dir='ltr'>et</span> <span class='ocrx_word' id='word_1_691' title='bbox 2288 2847 2455 2884; x_wconf 90' lang='lat' dir='ltr'>similiter</span> 
     </span>
     <span class='ocr_line' id='line_1_108' title="bbox 1398 2899 2454 2947; baseline 0.001 -12"><span class='ocrx_word' id='word_1_692' title='bbox 1398 2899 1435 2936; x_wconf 91' lang='lat' dir='ltr'>in</span> <span class='ocrx_word' id='word_1_693' title='bbox 1464 2899 1659 2947; x_wconf 89' lang='lat' dir='ltr'>proposito</span> <span class='ocrx_word' id='word_1_694' title='bbox 1697 2899 1783 2936; x_wconf 91' lang='lat' dir='ltr'>finis</span> <span class='ocrx_word' id='word_1_695' title='bbox 1815 2899 2010 2947; x_wconf 85' lang='lat' dir='ltr'>proximus</span> <span class='ocrx_word' id='word_1_696' title='bbox 2037 2900 2204 2938; x_wconf 85' lang='lat' dir='ltr'>haeresis</span> <span class='ocrx_word' id='word_1_697' title='bbox 2233 2908 2288 2938; x_wconf 91' lang='lat' dir='ltr'>est</span> <span class='ocrx_word' id='word_1_698' title='bbox 2315 2900 2454 2937; x_wconf 87' lang='lat' dir='ltr'>adhae-</span> 
     </span>
     <span class='ocr_line' id='line_1_109' title="bbox 1398 2951 2453 3002; baseline 0.001 -14"><span class='ocrx_word' id='word_1_699' title='bbox 1398 2963 1480 2988; x_wconf 88' lang='lat' dir='ltr'>rere</span> <span class='ocrx_word' id='word_1_700' title='bbox 1501 2952 1615 2988; x_wconf 88' lang='lat' dir='ltr'>falsae</span> <span class='ocrx_word' id='word_1_701' title='bbox 1635 2951 1839 2988; x_wconf 91' lang='lat' dir='ltr'>sententiae</span> <span class='ocrx_word' id='word_1_702' title='bbox 1857 2953 2051 3001; x_wconf 87' lang='lat' dir='ltr'>propriae:</span> <span class='ocrx_word' id='word_1_703' title='bbox 2077 2961 2113 2990; x_wconf 90' lang='lat' dir='ltr'>et</span> <span class='ocrx_word' id='word_1_704' title='bbox 2132 2965 2176 2990; x_wconf 88' lang='lat' dir='ltr'>ex</span> <span class='ocrx_word' id='word_1_705' title='bbox 2195 2954 2270 2990; x_wconf 90' lang='lat' dir='ltr'>hoc</span> <span class='ocrx_word' id='word_1_706' title='bbox 2289 2953 2453 3002; x_wconf 90' lang='lat' dir='ltr'>speciem</span> 
     </span>
     <span class='ocr_line' id='line_1_110' title="bbox 1396 3004 2452 3053; baseline 0.002 -13"><span class='ocrx_word' id='word_1_707' title='bbox 1396 3004 1523 3041; x_wconf 86' lang='lat' dir='ltr'>habet.</span> <span class='ocrx_word' id='word_1_708' title='bbox 1550 3004 1631 3050; x_wconf 78' lang='lat' dir='ltr'>,Sed</span> <span class='ocrx_word' id='word_1_709' title='bbox 1651 3017 1694 3040; x_wconf 89' lang='lat' dir='ltr'>ex</span> <span class='ocrx_word' id='word_1_710' title='bbox 1714 3005 1790 3041; x_wconf 89' lang='lat' dir='ltr'>fine</span> <span class='ocrx_word' id='word_1_711' title='bbox 1815 3013 1963 3042; x_wconf 91' lang='lat' dir='ltr'>remoto</span> <span class='ocrx_word' id='word_1_712' title='bbox 1993 3005 2201 3043; x_wconf 89' lang='lat' dir='ltr'>ostenditur</span> <span class='ocrx_word' id='word_1_713' title='bbox 2229 3018 2342 3042; x_wconf 89' lang='lat' dir='ltr'>causa</span> <span class='ocrx_word' id='word_1_714' title='bbox 2362 3005 2452 3053; x_wconf 91' lang='lat' dir='ltr'>eius,</span> 
     </span>
     <span class='ocr_line' id='line_1_111' title="bbox 1398 3057 2372 3107; baseline 0.002 -14"><span class='ocrx_word' id='word_1_715' title='bbox 1398 3057 1537 3094; x_wconf 89' lang='lat' dir='ltr'>scilicet</span> <span class='ocrx_word' id='word_1_716' title='bbox 1556 3057 1660 3106; x_wconf 91' lang='lat' dir='ltr'>quod</span> <span class='ocrx_word' id='word_1_717' title='bbox 1680 3057 1798 3094; x_wconf 90' lang='lat' dir='ltr'>oritur</span> <span class='ocrx_word' id='word_1_718' title='bbox 1817 3070 1862 3094; x_wconf 88' lang='lat' dir='ltr'>ex</span> <span class='ocrx_word' id='word_1_719' title='bbox 1882 3058 2059 3107; x_wconf 89' lang='lat' dir='ltr'>superbia</span> <span class='ocrx_word' id='word_1_720' title='bbox 2077 3059 2139 3095; x_wconf 91' lang='lat' dir='ltr'>vel</span> <span class='ocrx_word' id='word_1_721' title='bbox 2160 3058 2372 3107; x_wconf 88' lang='lat' dir='ltr'>cupiditate.</span> 
     </span>
    </p>

    <p class='ocr_par' dir='ltr' id='par_1_50' title="bbox 1397 3110 2453 3370">
     <span class='ocr_line' id='line_1_112' title="bbox 1450 3110 2453 3160; baseline 0 -14"><span class='ocrx_word' id='word_1_722' title='bbox 1450 3112 1509 3147; x_wconf 83' lang='lat' dir='ltr'>AD</span> <span class='ocrx_word' id='word_1_723' title='bbox 1537 3122 1695 3147; x_wconf 80' lang='lat' dir='ltr'>TERTmM</span> <span class='ocrx_word' id='word_1_724' title='bbox 1715 3122 1898 3148; x_wconf 73' lang='lat' dir='ltr'>manDuM</span> <span class='ocrx_word' id='word_1_725' title='bbox 1926 3111 2050 3160; x_wconf 92' lang='lat' dir='ltr'>quod,</span> <span class='ocrx_word' id='word_1_726' title='bbox 2085 3111 2179 3148; x_wconf 92' lang='lat' dir='ltr'>sicut</span> <span class='ocrx_word' id='word_1_727' title='bbox 2204 3111 2371 3148; x_wconf 86' lang='lat' dir='ltr'>haeresis</span> <span class='ocrx_word' id='word_1_728' title='bbox 2400 3110 2453 3147; x_wconf 91' lang='lat' dir='ltr'>di-</span> 
     </span>
     <span class='ocr_line' id='line_1_113' title="bbox 1398 3162 2453 3212; baseline 0.001 -14"><span class='ocrx_word' id='word_1_729' title='bbox 1398 3162 1493 3199; x_wconf 87' lang='lat' dir='ltr'>citur</span> <span class='ocrx_word' id='word_1_730' title='bbox 1520 3163 1568 3199; x_wconf 93' lang='lat' dir='ltr'>ab</span> <span class='ocrx_word' id='word_1_731' title='bbox 1597 3162 1778 3212; x_wconf 85' lang='lat' dir='ltr'>eligendo,</span> <span class='ocrx_word' id='word_1_732' title='bbox 1808 3163 1858 3200; x_wconf 92' lang='lat' dir='ltr'>ita</span> <span class='ocrx_word' id='word_1_733' title='bbox 1885 3171 1986 3200; x_wconf 91' lang='lat' dir='ltr'>secta</span> <span class='ocrx_word' id='word_1_734' title='bbox 2014 3176 2036 3200; x_wconf 92' lang='lat' dir='ltr'>a</span> <span class='ocrx_word' id='word_1_735' title='bbox 2061 3164 2247 3210; x_wconf 85' lang='lat' dir='ltr'>sectando,</span> <span class='ocrx_word' id='word_1_736' title='bbox 2268 3163 2362 3200; x_wconf 93' lang='lat' dir='ltr'>sicut</span> <span class='ocrx_word' id='word_1_737' title='bbox 2390 3163 2453 3199; x_wconf 92' lang='lat' dir='ltr'>Isi-</span> 
     </span>
     <span class='ocr_line' id='line_1_114' title="bbox 1399 3214 2453 3264; baseline 0 -13"><span class='ocrx_word' id='word_1_738' title='bbox 1399 3214 1514 3252; x_wconf 92' lang='lat' dir='ltr'>dorus</span> <span class='ocrx_word' id='word_1_739' title='bbox 1540 3215 1637 3261; x_wconf 90' lang='lat' dir='ltr'>dicit,</span> <span class='ocrx_word' id='word_1_740' title='bbox 1659 3215 1696 3251; x_wconf 92' lang='lat' dir='ltr'>in</span> <span class='ocrx_word' id='word_1_741' title='bbox 1716 3215 1811 3252; x_wconf 91' lang='lat' dir='ltr'>libro</span> <span class='ocrx_word' id='word_1_742' title='bbox 1829 3217 1994 3264; x_wconf 86' lang='lat' dir='ltr'>Etymol.</span> <span class='ocrx_word' id='word_1_743' title='bbox 2011 3216 2046 3253; x_wconf 77' lang='lat' dir='ltr'>*z</span> <span class='ocrx_word' id='word_1_744' title='bbox 2069 3224 2104 3254; x_wconf 93' lang='lat' dir='ltr'>et</span> <span class='ocrx_word' id='word_1_745' title='bbox 2122 3217 2207 3253; x_wconf 90' lang='lat' dir='ltr'>ideo</span> <span class='ocrx_word' id='word_1_746' title='bbox 2226 3215 2391 3253; x_wconf 87' lang='lat' dir='ltr'>haeresis</span> <span class='ocrx_word' id='word_1_747' title='bbox 2417 3223 2453 3251; x_wconf 93' lang='lat' dir='ltr'>et</span> 
     </span>
     <span class='ocr_line' id='line_1_115' title="bbox 1397 3267 2451 3318; baseline -0.001 -14"><span class='ocrx_word' id='word_1_748' title='bbox 1397 3275 1498 3304; x_wconf 87' lang='lat' dir='ltr'>secta</span> <span class='ocrx_word' id='word_1_749' title='bbox 1526 3267 1628 3305; x_wconf 88' lang='lat' dir='ltr'>idern</span> <span class='ocrx_word' id='word_1_750' title='bbox 1657 3275 1754 3304; x_wconf 91' lang='lat' dir='ltr'>sunt.</span> <span class='ocrx_word' id='word_1_751' title='bbox 1784 3269 1833 3304; x_wconf 90' lang='lat' dir='ltr'>Et</span> <span class='ocrx_word' id='word_1_752' title='bbox 1851 3276 2053 3317; x_wconf 88' lang='lat' dir='ltr'>utrumque</span> <span class='ocrx_word' id='word_1_753' title='bbox 2082 3269 2240 3318; x_wconf 90' lang='lat' dir='ltr'>pertinet</span> <span class='ocrx_word' id='word_1_754' title='bbox 2268 3268 2315 3305; x_wconf 88' lang='lat' dir='ltr'>ad</span> <span class='ocrx_word' id='word_1_755' title='bbox 2336 3280 2451 3316; x_wconf 90' lang='lat' dir='ltr'>opera</span> 
     </span>
     <span class='ocr_line' id='line_1_116' title="bbox 1397 3320 2450 3370; baseline 0 -13"><span class='ocrx_word' id='word_1_756' title='bbox 1397 3321 1539 3366; x_wconf 88' lang='lat' dir='ltr'>carnis,</span> <span class='ocrx_word' id='word_1_757' title='bbox 1578 3332 1655 3357; x_wconf 89' lang='lat' dir='ltr'>non</span> <span class='ocrx_word' id='word_1_758' title='bbox 1685 3320 1840 3368; x_wconf 88' lang='lat' dir='ltr'>quidem</span> <span class='ocrx_word' id='word_1_759' title='bbox 1875 3329 2060 3369; x_wconf 89' lang='lat' dir='ltr'>quantum</span> <span class='ocrx_word' id='word_1_760' title='bbox 2095 3322 2143 3358; x_wconf 93' lang='lat' dir='ltr'>ad</span> <span class='ocrx_word' id='word_1_761' title='bbox 2172 3322 2294 3370; x_wconf 91' lang='lat' dir='ltr'>ipsum</span> <span class='ocrx_word' id='word_1_762' title='bbox 2323 3328 2450 3357; x_wconf 88' lang='lat' dir='ltr'>actum</span> 
     </span>
    </p>
   </div>
   <div class='ocr_carea' id='block_1_46' title="bbox 1611 3415 1756 3418">
    <p class='ocr_par' dir='ltr' id='par_1_51' title="bbox 1611 3415 1756 3418">
     <span class='ocr_line' id='line_1_117' title="bbox 1611 3415 1756 3418; baseline 0 0"><span class='ocrx_word' id='word_1_763' title='bbox 1611 3415 1756 3418; x_wconf 95' lang='lat' dir='ltr'> </span> 
     </span>
    </p>
   </div>
   <div class='ocr_carea' id='block_1_47' title="bbox 1451 3456 2322 3533">
    <p class='ocr_par' dir='ltr' id='par_1_52' title="bbox 1451 3456 2322 3533">
     <span class='ocr_line' id='line_1_118' title="bbox 1451 3456 2322 3490; baseline -0.001 -8"><span class='ocrx_word' id='word_1_764' title='bbox 1451 3456 1476 3489; x_wconf 79' lang='grc' dir='ltr'>β)</span> <span class='ocrx_word' id='word_1_765' title='bbox 1495 3458 1595 3483; x_wconf 85' lang='lat' dir='ltr'>electio.</span> <span class='ocrx_word' id='word_1_766' title='bbox 1612 3472 1630 3476; x_wconf 90' lang='lat'>—</span> <span class='ocrx_word' id='word_1_767' title='bbox 1649 3458 1719 3489; x_wconf 82' lang='lat' dir='ltr'>quod</span> <span class='ocrx_word' id='word_1_768' title='bbox 1737 3458 1827 3483; x_wconf 81' lang='lat' dir='ltr'>eiectio</span> <span class='ocrx_word' id='word_1_769' title='bbox 1845 3458 1975 3490; x_wconf 80' lang='lat' dir='ltr'>ABDFpK</span> <span class='ocrx_word' id='word_1_770' title='bbox 1995 3463 2020 3482; x_wconf 86' lang='lat' dir='ltr'>et</span> <span class='ocrx_word' id='word_1_771' title='bbox 2037 3465 2063 3487; x_wconf 72' lang='lat' dir='ltr'>n,</span> <span class='ocrx_word' id='word_1_772' title='bbox 2082 3464 2149 3489; x_wconf 80' lang='lat' dir='ltr'>quae</span> <span class='ocrx_word' id='word_1_773' title='bbox 2166 3457 2256 3482; x_wconf 83' lang='lat' dir='ltr'>electio</span> <span class='ocrx_word' id='word_1_774' title='bbox 2274 3457 2322 3489; x_wconf 85' lang='lat' dir='ltr'>pC.</span> 
     </span>
     <span class='ocr_line' id='line_1_119' title="bbox 2280 3509 2308 3533; baseline 0 0"><span class='ocrx_word' id='word_1_775' title='bbox 2280 3509 2308 3533; x_wconf 85' lang='lat'>13</span> 
     </span>
    </p>
   </div>
   <div class='ocr_carea' id='block_1_48' title="bbox 2478 3227 2688 3276">
    <p class='ocr_par' dir='ltr' id='par_1_53' title="bbox 2478 3227 2688 3276">
     <span class='ocr_line' id='line_1_120' title="bbox 2478 3227 2688 3276; baseline 0.01 -27"><span class='ocrx_word' id='word_1_776' title='bbox 2478 3227 2549 3276; x_wconf 60' lang='lat' dir='ltr'>:HI-ib.</span> <span class='ocrx_word' id='word_1_777' title='bbox 2559 3227 2620 3255; x_wconf 78' lang='lat' dir='ltr'>vm,</span> <span class='ocrx_word' id='word_1_778' title='bbox 2635 3234 2688 3257; x_wconf 63' lang='lat' dir='ltr'>ap·</span> 
     </span>
    </p>
   </div>
  </div>
 </body>
</html>
