2892 4056
183 1035 217 1055 ιιι,
233 1035 256 1051 ιι.
263 1029 305 1050 8.—

197 1056 249 1077 lect.
264 1060 304 1076 vn.

95 1030 178 1078 ἔτι.

100 1185 110 1196 ·
123 1183 190 1206 Ven.
203 1189 224 1205 ².

100 2938 211 2986 igninum·
219 2941 240 2960 et
247 2944 284 2960 res
286 2944 308 2965 p.

1015 151 1279 196 QUAESTIO
1309 153 1393 200 LII,
1423 139 1794 191 ARTICULUS‘IH

2414 154 2485 191 385

1119 260 1436 302 ARTICULUS
1464 261 1690 303 TERTIUS

913 350 1067 381 UTRUM
1090 349 1246 381 DONUM
1270 350 1451 381 CONSan
1476 352 1657 382 MANEAT
1682 353 1724 383 IN
1747 353 1905 384 PATRIA

1094 427 1123 452 111
1143 428 1225 458 Sent„
1245 428 1303 452 dist.
1322 436 1394 459 xxxv,
1413 436 1458 461 qu.
1476 436 1503 458 ιι,
1522 434 1569 453 art.
1588 437 1614 460 4,
1632 430 1681 462 qu·
1703 430 1726 455 3.

368 527 422 548 ,Ὗ
462 531 497 546 s
540 513 562 538 ι)
581 512 742 538 TERTlUM
760 511 814 537 5ιο
833 509 1072 536 PROCEmTUR
1093 498 1252 535 Videtur
1279 499 1383 557 quod

356 524 513 612 §.Qui
541 553 687 590 donum
717 551 861 589 consilii
894 562 972 588 non
1000 559 1153 587 maneat
1184 551 1223 587 in
1249 552 1380 599 patria.

346 590 752 651 MConsilium
786 603 887 641 enim
919 610 976 640 est
1004 615 1139 639 corum
1172 616 1268 662 quae
1298 612 1385 640 sunt

351 655 360 662 ''
386 675 395 685 κ
497 651 688 706 &agenda
723 663 879 706 propter
914 655 1044 692 finem.
1084 656 1162 692 Sed
1199 656 1237 692 in
1264 657 1384 704 patria

331 711 420 749 nihil
449 711 516 748 erit
543 710 735 759 agendum
762 714 920 758 propter
946 708 1087 744 finem.
1122 708 1210 756 quia
1237 708 1289 745 ibi
1316 709 1385 745 ho-

331 764 454 801 mines
473 764 607 800 ultimo
626 763 704 800 fine
721 761 966 810 potiuntur.
937 765 954 781 α
989 761 1118 808 Ergo
1109 773 1147 798 ιιι
1166 761 1286 809 patria
1305 773 1383 798 non

332 824 388 854 est
416 817 560 854 donum
594 814 751 852 consilii.

386 881 421 906 2.
442 869 685 914 PRAETEREA,
714 865 914 903 consilium
943 865 1251 902 dubitationem
1243 875 1386 914 impor-

331 928 406 958 tat:
435 920 474 957 in
500 921 559 957 his
587 919 688 957 enim
715 929 813 967 quae
841 917 1040 954 manifesta
1071 925 1159 954 sunt
1185 918 1386 954 ridiculum

333 981 388 1011 est
416 966 623 1019 consiliari,
661 971 756 1007 sicut
782 978 885 1018 patet
915 981 983 1018 per
1010 969 1311 1028 Philosophum,
1348 970 1387 1006 in

331 1027 382 1063 III
409 1026 531 1068 Ethic.
549 1024 570 1046 '¹⁶
595 1025 638 1060 In
668 1022 789 1072 patria
822 1030 950 1060 autem
981 1022 1134 1059 tolletur
1165 1022 1291 1059 omnis
1320 1022 1388 1059 du-

332 1077 472 1115 bitatio.
502 1077 604 1124 Ergo
633 1076 672 1113 in
699 1075 820 1124 patria
847 1087 926 1112 non
955 1075 1022 1111 erit
1050 1075 1261 1112 consilium.

386 1130 421 1167 3.
449 1130 695 1175 PRAETEREA,
733 1128 772 1165 in
802 1128 925 1176 patria
956 1127 1075 1164 sancti
1109 1128 1274 1164 maxime
1302 1129 1386 1164 Deo

332 1182 634 1220 conformantur:
663 1181 876 1218 secundum
899 1180 992 1217 illud
1012 1181 1027 1216 1
1048 1181 1151 1217 Ioan.
1172 1192 1207 1217 111
1226 1180 1262 1216 *z
1292 1181 1387 1217 Cum

331 1235 563 1284 apparuerit,
582 1233 720 1271 similes
747 1233 784 1270 ei
808 1233 960 1270 erimus.
990 1233 1067 1269 Sed
1090 1233 1175 1269 Deo
1201 1245 1279 1275 non
1299 1245 1388 1270 con-

331 1287 444 1329 venit
455 1286 677 1324 consilium:
707 1286 920 1323 secundum
938 1285 1028 1322 illud
1047 1285 1270 1322 Rom.X1*:
1299 1286 1389 1328 Quis

333 1340 571 1378 consiliarius
597 1339 677 1376 eius
692 1338 809 1387 fuit?
836 1339 939 1386 Ergo
968 1338 1082 1374 etiam
1106 1349 1230 1386 neque
1250 1339 1388 1376 sanctis

332 1393 372 1430 in
398 1393 520 1441 patria
548 1391 730 1440 competit
758 1390 906 1428 donum
935 1390 1091 1427 consilii.

388 1446 462 1482 SED
500 1456 646 1482 CONTRA
682 1455 747 1480 EST
774 1443 878 1491 quod
908 1442 996 1479 dicit
1033 1442 1252 1490 Gregorius,
1282 1444 1387 1480 XVII

300 1517 306 1527 =
333 1497 478 1535 Moral.
497 1497 532 1533 *ε
558 1497 727 1544 Cumque
750 1495 1040 1542 uniuscuiusque
1056 1496 1179 1543 gentis
1200 1495 1260 1531 vel
1278 1496 1389 1543 culpa

332 1551 394 1590 vel
410 1550 548 1589 iustitia
565 1549 618 1586 ad
633 1559 820 1596 supernae
846 1547 977 1583 curiae
1003 1547 1201 1584 consilium
1228 1548 1389 1594 ducitur,

333 1602 498 1641 eiusdem
524 1601 646 1652 gentis
666 1600 906 1649 praepositus
931 1599 992 1636 vel
1018 1600 1219 1636 obtinuisse
1245 1600 1282 1637 in
1311 1612 1390 1637 cer-

333 1655 475 1697 tamine
499 1654 559 1692 vel
585 1665 661 1691 non
689 1653 890 1690 obtinuisse
910 1652 1140 1700 perhibetur.

301 1747 308 1753 ,
388 1709 613 1746 ΚΕ5ΡοΝῡΕο
632 1717 816 1743 mmmmm
845 1705 960 1754 quod,
990 1705 1086 1741 sicut
1113 1705 1254 1742 dictum
1284 1712 1339 1742 est
1356 1705 1388 1752 ³⁸,

335 1760 438 1798 dona
457 1760 617 1809 Spiritus
638 1758 764 1796 Sancti
792 1757 841 1795 ad
859 1759 934 1794 hoc
952 1757 1143 1805 pertinent
1162 1758 1269 1806 quod
1288 1770 1390 1795 crea-

335 1820 419 1851 tura
437 1812 628 1850 rationalis
652 1818 831 1848 movetur
849 1808 864 1840 β
882 1822 904 1847 a
923 1811 1020 1847 Deo.
1051 1810 1159 1847 Circa
1178 1810 1388 1847 motionem

360 519 450 537 ιι,

336 1872 464 1903 autem
495 1866 687 1902 humanae
720 1862 857 1900 mentis
885 1875 908 1900 a
935 1863 1018 1899 Deo
1052 1863 1129 1900 duo
1158 1863 1390 1900 considerari

336 1925 497 1967 oportet.
527 1917 656 1954 Primo
685 1916 852 1965 quidem,
877 1916 982 1964 quod
1010 1915 1083 1952 alia
1111 1923 1166 1952 est
1193 1916 1389 1964 dispositio

336 1971 416 2008 eius
444 1970 549 2018 quod
578 1976 757 2006 movetur
785 1969 876 2005 dum
903 1975 1102 2013 movetur;
1132 1975 1170 2005 et
1196 1969 1269 2006 alia
1297 1969 1388 2005 dum

335 2030 391 2060 est
409 2023 447 2059 in
465 2022 628 2059 termino
649 2029 788 2058 motus,
810 2022 859 2058 Et
877 2021 1032 2068 quidem
1051 2021 1206 2069 quando
1226 2033 1390 2058 movens

336 2083 392 2112 est
419 2076 544 2112 solum
571 2074 799 2123 principium
837 2073 1042 2120 movendi,
1082 2081 1252 2111 cessante
1281 2081 1390 2111 motu

335 2135 456 2165 cessat
483 2127 579 2164 actio
608 2126 799 2163 moventis
835 2138 951 2174 super
981 2126 1143 2172 mobile,
1182 2126 1286 2175 quod
1313 2127 1389 2163 iam

334 2180 509 2229 pervenit
535 2179 584 2216 ad
611 2179 836 2216 terminum:
872 2178 967 2214 sicut
995 2178 1152 2225 domus,
1186 2186 1388 2227 postquam

335 2232 533 2270 aedificata
561 2239 627 2279 est,
647 2243 726 2268 non
754 2230 975 2267 aedificatur
1000 2230 1156 2267 ulterius
1185 2232 1232 2267 ab
1261 2232 1390 2268 aedifi-

336 2292 474 2322 catore.
505 2283 582 2321 Sed
602 2283 755 2332 quando
774 2295 938 2319 movens
958 2295 1037 2320 non
1057 2284 1182 2319 solum
1203 2291 1258 2320 est
1277 2296 1391 2320 causa

336 2336 531 2383 movendi,
561 2338 628 2373 sed
657 2335 771 2372 etiam
800 2342 855 2371 est
883 2347 997 2371 causa
1023 2335 1140 2383 ipsius
1167 2336 1313 2372 formae
1342 2337 1391 2373 ad

336 2402 454 2439 quam
474 2396 530 2426 est
549 2395 688 2435 motus,
708 2395 799 2424 tunc
826 2399 905 2423 non
934 2394 1055 2423 cessat
1078 2387 1175 2423 actio
1200 2389 1391 2424 moventis

337 2443 449 2479 etiam
468 2449 556 2490 post
574 2440 818 2489 adeptionem
837 2440 999 2475 formae:
1021 2439 1115 2475 sicut
1134 2439 1190 2475 sol
1208 2439 1392 2476 illuminat

336 2507 465 2532 aerem
494 2494 608 2530 etiam
637 2500 842 2541 postquam
863 2499 931 2528 est
958 2491 1202 2528 illuminatus.
1242 2493 1290 2528 Et
1316 2493 1392 2528 hoc

337 2547 455 2584 modo
484 2548 588 2584 Deus
621 2552 749 2582 causat
781 2545 818 2581 in
847 2544 957 2581 nobis
991 2551 1026 2580 et
1052 2544 1230 2580 virtutem
1263 2552 1300 2580 et
1328 2557 1391 2581 co-

335 2600 544 2648 gnitionem
573 2611 650 2635 non
670 2599 796 2634 solum
817 2597 970 2646 quando
990 2596 1115 2644 primo
1139 2596 1390 2644 acquirimus,

335 2655 402 2690 sed
431 2652 544 2688 etiam
574 2650 744 2699 quandiu
772 2650 811 2686 in
841 2649 893 2686 eis
921 2661 1226 2697 perseveramus.
1270 2650 1319 2686 Et
1338 2648 1391 2685 sic

388 2761 416 2793 α)
430 2759 583 2792 potiuntur.
599 2772 619 2777 —
632 2758 772 2790 potientur
791 2757 837 2782 Pa.

387 2794 413 2828 β)
433 2797 561 2820 movetur.
579 2809 598 2813 —
617 2796 754 2818 moveatur
772 2793 844 2817 PHR.

1435 499 1693 559 cognitionem
1732 501 1970 548 agendorum
1999 510 2128 538 causat
2155 503 2260 538 Deus
2292 501 2330 538 in
2360 501 2489 548 beatis,

1437 564 1515 588 non
1534 552 1640 600 quasi
1664 553 1702 588 in
1721 553 1994 600 ignorantibus,
2020 554 2087 590 sed
2106 554 2212 602 quasi
2233 554 2490 591 continuando

1437 604 1475 640 in
1495 604 1548 640 eis
1569 605 1823 652 cognitionem
1845 618 1978 642 eorum
2003 618 2101 654 quae
2121 606 2267 654 agenda
2287 614 2384 643 sunt.

1490 657 1642 694 Tamen
1671 658 1860 705 quaedam
1887 666 1975 695 sunt
1992 663 2007 686 Υ
2026 670 2124 706 quae
2153 658 2263 705 beati,
2283 659 2345 696 vel
2369 659 2491 706 angeli

1438 709 1500 746 vel
1527 709 1714 756 homines,
1734 722 1812 746 non
1836 719 2080 757 cognoscunt,
2109 723 2208 759 quae
2237 723 2314 747 non
2338 719 2425 748 sunt
2444 711 2491 748 de

1440 761 1601 798 essentia
1629 762 1888 810 beatitudinis,
1922 763 1990 799 secl
2017 763 2203 810 pertinent
2231 764 2279 800 ad
2307 764 2492 810 guberna-

1438 813 1582 850 tionem
1608 826 1733 850 rerum
1762 815 1975 851 secundum
2005 815 2172 852 divinam
2199 816 2490 863 providentiam.

1440 867 1489 902 Et
1515 873 1700 914 quantum
1737 866 1787 902 ad
1820 867 1895 903 hoc
1923 875 1979 903 est
2015 867 2116 904 aliud
2154 868 2491 916 considerandum,

1440 917 1579 954 scilicet
1605 918 1711 965 quod
1745 930 1854 955 mens
1888 919 2087 955 beatorum
2125 920 2230 956 aliter
2267 928 2444 957 movetur
2471 933 2493 957 a

1441 970 1543 1016 Deo,
1578 977 1613 1006 et
1641 970 1745 1006 aliter
1773 982 1881 1007 mens
1908 971 2109 1008 viatorum.
2148 973 2250 1008 Nam
2279 985 2388 1009 mens
2414 973 2493 1010 via-

1440 1029 1567 1058 torum
1594 1029 1771 1059 movetur
1790 1035 1812 1059 a
1835 1024 1920 1059 Deo
1949 1023 1987 1059 in
2015 1024 2169 1071 agendis
2197 1037 2266 1072 per
2286 1025 2360 1061 hoc
2389 1025 2493 1072 quod

1441 1074 1594 1111 sedatur
1622 1074 1790 1111 anxietas
1823 1075 2065 1112 dubitationis
2099 1076 2137 1112 in
2166 1076 2218 1113 eis
2249 1079 2492 1125 praecedens.

1442 1128 1484 1163 ln
1512 1134 1640 1164 mente
1658 1139 1754 1164 vero
1782 1128 1983 1164 beatorum
2003 1128 2100 1165 circa
2129 1140 2174 1165 ea
2202 1141 2298 1177 quae
2327 1142 2404 1166 non
2433 1142 2495 1166 co-

1441 1187 1628 1228 gnoscunt
1673 1187 1729 1216 est
1761 1179 1919 1228 simplex
1953 1180 2177 1227 nescientia,
2215 1194 2237 1217 a
2269 1194 2344 1229 qua
2381 1182 2495 1219 etiam

1441 1232 1563 1280 angeli
1596 1239 1815 1281 purgantur,
1845 1233 2058 1270 secundum
2086 1233 2327 1281 Dionysium,
2352 1246 2387 1270 V1
2412 1247 2494 1293 cap.

1440 1285 1542 1322 Eccl.
1562 1285 1698 1322 Ilien:
1731 1297 1809 1322 non
1837 1293 1965 1322 autem
1993 1286 2186 1334 praecedit
2217 1286 2254 1322 in
2285 1286 2337 1322 eis
2374 1287 2497 1334 inqui-

1441 1338 1526 1374 sitio
1547 1337 1800 1385 dubitationis,
1817 1338 1884 1375 sed
1903 1339 2059 1386 simplex
2076 1339 2274 1376 conversio
2292 1339 2340 1376 ad
2355 1340 2495 1377 Deum.

1442 1391 1491 1426 Et
1517 1391 1592 1427 hoc
1627 1398 1683 1426 est
1718 1391 1846 1427 Deum
1884 1392 2101 1428 consulere:
2140 1391 2234 1428 sicut
2265 1392 2497 1439 Augustinus

1442 1442 1540 1489 dicit,
1560 1443 1596 1478 V
1613 1454 1726 1490 super
1749 1443 1842 1479 Gen.
1871 1444 1922 1479 ad
1946 1443 2010 1479 litt.
2031 1443 2062 1489 ²⁸,
2084 1444 2190 1492 quod
2217 1444 2340 1491 angeli
2368 1445 2413 1480 de
2441 1445 2497 1481 in—

1437 1495 1643 1538 ferioribus
1657 1496 1782 1531 Deum
1801 1495 2008 1532 consulunt.
2028 1496 2140 1532 Unde
2156 1503 2192 1532 et
2210 1496 2402 1532 instructio
2423 1509 2498 1544 qua

1442 1559 1557 1595 super
1587 1546 1662 1583 hoc
1697 1558 1719 1582 a
1746 1547 1831 1583 Deo
1861 1547 2092 1584 instruuntur
2119 1547 2318 1584 consilium
2353 1548 2497 1586 dicitur.

1495 1600 1545 1636 Et
1563 1598 1775 1636 secundum
1798 1599 1872 1636 hoc
1891 1600 2038 1636 donum
2062 1600 2206 1637 consilii
2231 1607 2287 1637 est
2310 1600 2348 1636 in
2368 1601 2498 1649 beatis,

1442 1652 1670 1700 inquantum
1697 1651 1737 1688 in
1765 1651 1818 1688 eis
1837 1664 1859 1688 a
1877 1653 1963 1689 Deo
1992 1652 2232 1689 continuatur
2251 1653 2413 1700 cognitio
2433 1666 2499 1690 eo-

1443 1717 1528 1742 rum
1557 1716 1655 1753 quae
1683 1704 1826 1750 sciunt;
1857 1711 1894 1741 et
1920 1704 2145 1754 inquantum
2173 1705 2431 1743 illuminantur
2450 1707 2498 1743 de

1443 1757 1500 1794 his
1529 1769 1627 1805 quae
1655 1756 1827 1793 nesciunt
1855 1757 1954 1794 circa
1981 1758 2140 1805 agenda.

1495 1811 1554 1847 Αι)
1575 1821 1713 1846 ramum
1732 1821 1831 1846 ERGO
1850 1822 2035 1847 monimum
2063 1810 2168 1858 quod
2188 1810 2300 1846 etiam
2321 1810 2359 1847 in
2378 1811 2499 1848 beatis

1442 1870 1531 1900 sunt
1548 1862 1664 1911 aliqui
1683 1870 1789 1899 actus
1808 1862 1970 1899 ordinati
1988 1862 2038 1900 ad
2056 1863 2190 1900 finem:
2209 1864 2272 1899 vel
2291 1863 2398 1911 quasi
2411 1876 2499 1911 pro-

1443 1916 1620 1953 cedentes
1640 1927 1685 1951 ex
1706 1915 1975 1952 consecutione
2003 1915 2101 1961 finis,
2122 1915 2216 1952 sicut
2243 1915 2348 1964 quod
2371 1917 2499 1952 Deum

1443 1970 1619 2014 laudant3
1656 1968 1719 2004 vel
1756 1967 1894 2016 quibus
1927 1968 2021 2005 alios
2047 1968 2268 2016 pertrahunt
2305 1969 2353 2005 ad
2380 1969 2498 2005 finem

1443 2033 1559 2070 quem
1587 2020 1658 2069 ipsi
1686 2027 1773 2056 sunt
1807 2020 2019 2067 consecuti,
2053 2020 2150 2057 sicut
2177 2028 2263 2057 sunt
2295 2020 2500 2057 ministeria

1443 2074 1664 2122 angelorum
1694 2080 1730 2109 et
1758 2072 1949 2109 orationes
1977 2080 2205 2109 sanctorum.
2240 2073 2289 2108 Et
2316 2081 2499 2121 quantum

1443 2127 1492 2163 ad
1511 2127 1586 2163 hoc
1605 2126 1719 2162 habet
1745 2125 1783 2161 in
1804 2125 1856 2161 eis
1882 2126 2011 2162 locum
2031 2125 2176 2162 donum
2207 2125 2361 2161 consilii.

1496 2181 1555 2215 AD
1575 2189 1767 2215 SECUNDUM
1786 2189 1972 2214 mcENDUM
2001 2178 2107 2225 quod
2130 2177 2313 2214 dubitatio
2340 2178 2502 2226 pertinet

1444 2233 1491 2268 ad
1520 2230 1720 2267 consilium
1749 2231 1960 2267 secundum
1990 2238 2128 2267 statum
2148 2230 2247 2266 vitae
2274 2231 2498 2278 praesentis:

1416 2316 1417 2322 ,
1444 2296 1522 2320 ιιοιι
1551 2291 1678 2320 autem
1705 2282 1867 2331 pertinet
1903 2283 2115 2319 secundum
2152 2282 2257 2330 quod
2296 2290 2351 2319 est
2379 2283 2501 2320 consi-

1443 2336 1536 2372 lium
1574 2336 1613 2372 in
1645 2335 1777 2384 patria.
1821 2335 1923 2371 Sicut
1951 2335 2064 2371 etiam
2096 2334 2253 2372 virtutes
2291 2335 2500 2372 cardinales

1444 2400 1523 2424 non
1556 2388 1699 2424 habent
1725 2387 1884 2424 omnino
1922 2387 2081 2424 eosdem
2114 2395 2218 2424 actus
2254 2387 2292 2423 in
2319 2388 2437 2435 patria
2466 2396 2501 2424 et

1443 2440 1483 2476 in
1510 2439 1586 2476 via.
2095 2450 2107 2461 ’

1496 2493 1555 2528 AD
1570 2503 1730 2528 TERTIUM
1750 2503 1934 2527 DlCENDUM
1954 2491 2059 2538 quod
2079 2491 2276 2527 consilium
2297 2503 2374 2528 non
2395 2492 2500 2528 estin

1443 2545 1528 2581 Deo
1558 2544 1652 2580 sicut
1679 2543 1718 2579 in
1746 2543 1961 2590 recipiente,
1991 2543 2058 2579 sed
2087 2543 2182 2579 sicut
2201 2543 2238 2579 in
2259 2543 2383 2580 dante.
2413 2545 2499 2580 Hoc

1444 2603 1572 2632 autem
1600 2595 1718 2632 modo
1739 2595 2026 2631 conformantur
2053 2596 2138 2631 Deo
2167 2595 2283 2631 sancti
2306 2596 2344 2632 in
2367 2596 2497 2644 patria,

1445 2648 1538 2685 sicut
1566 2647 1751 2696 recipiens
1780 2647 1963 2684 influenti.

1496 2756 1524 2789 γ)
1547 2756 1643 2780 Tamen
1669 2756 1799 2788 quaedam
1823 2759 1894 2780 sunt.
1910 2769 1930 2774 -
1946 2762 2005 2780 cum
2029 2754 2159 2787 quaedam
2186 2757 2250 2779 sunt
2271 2754 2417 2786 AEFLpK,
2440 2761 2499 2779 cum

1444 2791 1575 2824 quaedam
1593 2791 1648 2816 sint
1666 2791 1694 2816 P.

1007 2861 1338 2894 Commentaria
1359 2861 1607 2894 Cardinah's
1628 2860 1827 2892 Caietam

367 2945 387 2965 n
410 2933 541 2964 arficulo
557 2932 681 2963 tertio*
700 2933 834 2968 adverte,
851 2939 885 2962 tu
902 2931 958 2972 qui
973 2931 1171 2971 speculativis
1186 2941 1286 2967 vacas,
1303 2931 1392 2971 quod
1446 2941 1464 2960 a
1486 2930 1664 2966 nescientia,
1688 2929 1852 2970 pertinent.
1882 2931 1927 2959 Ac
1950 2938 2006 2979 per
2028 2929 2089 2959 hoc
2112 2938 2176 2958 non
2200 2929 2233 2958 in
2256 2929 2371 2964 Verbo,
2392 2928 2476 2958 sed
2468 2939 2501 2958 ιιι

340 2947 540 3008 Iministeria
570 2977 756 3016 angelorum
780 2983 810 3007 et
833 2975 990 3006 orationes
1021 2982 1212 3010 sanctorum,
1237 2981 1393 3015 quantum
1446 2974 1631 3004 huiusmodi
1655 2973 1842 3013 disciplinali
1872 2972 2051 3012 cognitione
2074 2972 2180 3002 vident
2202 2972 2283 3002 beati
2307 2972 2384 3012 quid
2407 2981 2500 3011 agen-

338 3022 378 3052 ad
401 3021 628 3056 executionem,
652 3021 691 3050 ad
713 3020 836 3050 donum
860 3019 982 3050 consilii
1006 3026 1154 3058 spectant.
1179 3019 1220 3049 Et
1238 3028 1312 3048 cum
1328 3027 1393 3048 non
1447 3018 1525 3048 dum
1549 3018 1744 3048 orandumve
1763 3027 1821 3057 pro
1838 3016 1929 3047 nobis
1945 3016 1996 3046 sit:
2020 3016 2114 3046 licet'
2106 3026 2189 3056 ipsas
2206 3015 2363 3046 orationes
2379 3022 2500 3046 nostras

339 3071 479 3106 spectent
502 3065 542 3095 ad
565 3064 731 3095 essentiam
753 3063 963 3099 beatitudinis,
980 3064 1155 3093 secundum
1178 3063 1310 3112 planum
1328 3071 1395 3092 sen-

339 3119 411 3140 sum
426 3109 545 3140 litterae
567 3109 605 3138 ad
621 3108 797 3138 secundum
811 3107 947 3138 modum
963 3107 1094 3143 consilii,
1114 3106 1268 3146 purgativi
1281 3105 1395 3136 scilicet

481 3428 590 3454 Summis
608 3427 708 3452 Τιιι-ιοι..
727 3426 760 3451 D.
772 3426 886 3450 Τιιοιιᾼιι
905 3425 936 3450 Τ.
949 3426 982 3450 V.

1448 3062 1487 3091 ad
1503 3071 1557 3091 eos
1576 3061 1728 3091 directas
1721 3071 1752 3090 ιιι
1769 3061 1873 3091 Verbo
1897 3060 1976 3090 forte
1999 3060 2135 3090 videant.

1505 3106 1539 3135 ln
1563 3105 1694 3135 articulo
1719 3111 1831 3145 quarto
1855 3104 1933 3134 nihil
1956 3103 2156 3134 scribendum
2179 3103 2323 3134 occurrit.

2324 3427 2358 3452 49

2524 1446 2533 1456 ⁸
2548 1445 2604 1472 Cap.
2620 1451 2665 1466 xix.
