2892 4056
38 1658 54 1678 “,
92 1651 156 1680 ἀι.
165 1656 223 1678 xm,
231 1654 274 1674 m.
281 1656 304 1679 ³·

207 1754 258 1815 Χ,

42 2093 46 2096 -
89 2077 191 2106 “Auffi
204 2077 250 2100 loe.
259 2076 300 2099 cit.

35 2108 38 2114 ²
88 2109 140 2132 esp.
153 2109 224 2126 mv.

42 2162 43 2167 ’
88 2172 232 2200 *Vm-24.

1016 156 1281 203 QUAESTIO
1310 156 1449 203 XVIII,
1478 156 1772 194 ARTICULUS
1803 157 1833 193 11

2438 157 2506 193 135

339 243 417 264 num
433 233 540 269 alicui,
565 242 688 273 sperare
713 239 818 264 autem
838 233 918 263 velle
941 234 1063 263 bonum
1088 234 1223 264 arduum
1246 233 1396 273 possibile
1424 232 1427 254 ἕ
1450 232 1539 263 facile
1563 240 1648 273 patet
1671 234 1845 274 responsio.
1870 234 1904 263 In
1928 233 2084 273 ambiguis
2107 233 2191 263 enim
2214 233 2295 263 flecti
2323 233 2363 263 ad
2386 239 2508 264 utrum-

338 277 407 308 sibi.
431 280 571 317 Apparet
593 277 750 317 siquidem
773 277 806 307 in
830 277 877 307 his
907 276 1142 308 definitionibus
1174 278 1263 318 quod
1286 277 1396 307 eadem
1424 283 1426 312 ξ
1450 286 1513 317 que
1536 277 1686 308 familiare
1710 285 1765 308 est.
1789 277 1925 318 Oportet
1954 287 2092 318 namque
2115 278 2155 307 ad
2177 286 2234 316 per
2256 286 2289 307 se
2319 276 2506 307 differentias

338 327 386 351 est
406 320 617 351 substantialis
640 321 719 351 ratio
748 328 851 357 actus,
872 321 989 351 scilicet
1011 322 1103 351 velle:
1128 320 1266 351 diversae
1289 327 1396 351 autem

1450 327 1537 350 actus
1559 321 1729 352 voluntatis
1751 322 1783 351 in
1807 331 1873 352 esse
1890 321 2022 352 naturali
2044 321 2215 361 pervenire,
2233 327 2269 351 ut
2287 327 2369 351 certa
2390 320 2441 350 hic
2456 330 2507 350 ve-

337 364 406 394 eius
436 364 634 395 conditiones
663 365 827 401 videntur,
862 365 1038 395 secundum
1069 365 1156 405 quod
1186 364 1396 395 diversimode
1449 364 1522 394 ritas
1545 364 1594 395 sit.
1619 365 1680 395 Sed
1703 366 1768 395 sive
1791 365 2033 396 substantialiter
2057 365 2122 395 sive
2145 364 2376 395 accidentaliter
2398 364 2431 394 in
2454 373 2505 403 ge-

337 408 377 438 ad
399 408 522 438 bonum
545 408 687 439 tendunt.
712 409 753 439 Et
775 409 837 439 hoc
860 408 1001 439 sufficere
1024 408 1147 439 videtur
1169 408 1288 439 litterae
1310 408 1394 439 huic.

1450 417 1524 438 nere
1547 414 1674 438 naturae
1698 409 1856 439 distinctio
1872 409 1911 439 sit
1934 409 1961 444 *,
1985 408 2058 439 satis
2082 415 2128 439 est
2149 408 2315 448 proposito
2339 408 2426 448 quod
2450 417 2506 437 vo-

338 451 426 482 quta
455 451 538 482 viam
569 458 675 482 autem
704 453 850 489 alteram,
877 452 992 482 scilicet
1017 452 1280 492 multiplicantem
1309 458 1396 482 actus
1423 442 1425 498 f
1449 451 1553 482 luntas
1578 452 1670 482 habet
1685 453 1766 482 duos
1789 459 1885 488 actus,
1902 453 2019 483 scilicet
2039 452 2165 491 diligere
2188 459 2219 482 et
2241 461 2374 492 sperare,
2390 451 2445 492 qui
2466 451 2507 481 ita

336 495 508 526 voluntatis
540 496 716 526 secundum
753 495 990 527 multitudinem
1024 495 1210 535 passionum
1249 495 1396 526 undecim
1422 502 1425 545 f
1449 495 1480 525 in
1501 495 1673 526 moralibus
1696 496 1891 536 accipiuntur
1906 496 2040 526 distincti
2057 503 2093 527 ut
2115 495 2227 526 diversi
2250 495 2432 535 simpliciter
2454 495 2506 525 ha-

337 548 418 579 quae
449 546 523 570 sunt
544 540 576 569 in
600 540 742 580 appetitu
773 539 938 575 sensitivo,
966 539 1244 579 proportionaliter
1273 546 1395 575 tamem
1421 553 1424 579 1
1449 539 1590 575 beantur,
1609 546 1639 569 et
1661 540 1788 570 diversis
1805 547 1914 580 egeant
1933 540 2099 576 habitibus,
2120 540 2244 570 caritate
2260 539 2378 570 scilicet
2395 546 2426 570 et
2440 549 2505 579 spe.

1031 648 1414 690 ARTICULUS
1460 648 1817 690 SECUNDUS

1119 721 1274 752 UTRUM
1298 722 1393 752 spes
1417 722 1483 752 Sir
1508 722 1551 752 IN
1574 723 1724 752 BEAris

593 787 616 812 1·
635 787 691 817 11⁸²,
710 794 756 819 qu.
774 793 849 817 uvu,
869 791 915 810 art.
934 793 959 816 4,
981 785 1008 815 5;
1028 786 1058 809 lll
1079 786 1161 814 Sent„
1181 787 1239 811 dist.
1257 794 1322 815 xxvr,
1342 795 1387 819 qu.
1406 794 1432 817 11,
1453 792 1499 811 art.
1520 787 1542 817 5,
1562 788 1610 819 qu⁵
1636 795 1654 817 i,
1676 795 1703 817 2;
1724 787 1783 812 dist.
1801 795 1865 817 xxxi,
1885 795 1929 819 qu.
1949 795 1975 817 11,
1995 794 2041 813 art.
2066 796 2085 818 1,
2105 788 2155 820 qu·
2176 795 2199 818 2,
2221 788 2243 812 3.

372 860 428 883 „J
451 864 520 906 μῆ
548 860 571 886 D
587 838 776 886 sacUNDUM
791 859 844 884 sm
865 859 1102 884 nocem-ma.
1119 847 1276 884 Videtur
1290 848 1395 896 quod
1422 847 1424 862 “
1450 860 1640 896 praesens,
1663 860 1739 896 non
1759 856 1883 896 potest
1910 849 1959 884 ibi
1990 861 2071 885 esse
2090 849 2207 885 virtus
2227 849 2318 897 spei.
2349 850 2398 885 Et
2415 848 2502 885 ideo

333 1269 530 1317 quoddam
559 1271 705 1307 bonum
734 1271 914 1315 arduum,
946 1270 994 1306 ita
1024 1269 1135 1304 etiam
1165 1268 1245 1304 eius
1274 1269 1390 1305 conti·
1445 1269 1593 1305 bilitatis
1627 1278 1662 1305 et
1689 1269 1978 1306 immortalitatis
2007 1282 2158 1318 sperare
2185 1276 2333 1318 poterat
2352 1269 2374 1304 ζ.
2409 1269 2499 1305 Νοῃ

332 1311 474 1359 nuatio.
506 1324 582 1360 Sed
602 1323 777 1359 homines
797 1330 998 1371 antequam
1020 1321 1290 1358 beatitudinem
1312 1321 1390 1358 adi-
1416 1309 1418 1328 ⁶
1444 1329 1572 1358 tamen
1593 1323 1640 1358 ita
1661 1323 1763 1370 quod
1793 1323 1949 1359 haberet
1977 1322 2153 1358 virtutem
2183 1323 2274 1370 spei,
2296 1333 2392 1370 quae
2421 1333 2498 1358 non

330 1375 534 1425 piscantur,
554 1377 695 1413 habent
714 1388 822 1423 spem
847 1375 895 1412 de
915 1374 1153 1411 beatitudinis
1173 1374 1389 1422 adeptione.
1415 1391 1418 1420 l
1445 1375 1594 1422 respicit
1630 1375 1786 1422 gloriam
1826 1375 1993 1423 corporis
2030 1376 2125 1411 sicut
2159 1375 2362 1423 principale
2396 1374 2498 1410 obie—

332 1429 435 1476 Ergo
454 1436 655 1477 postquam
676 1436 763 1466 sunt
782 1427 1051 1465 beatitudinem
1073 1427 1212 1474 adepti,
1229 1435 1391 1474 possunt

331 1493 482 1530 sperare
511 1481 751 1519 beatitudinis
779 1480 1115 1517 continuationem.

385 1534 420 1571 3.
441 1534 673 1580 PRAETEREA,
694 1546 763 1582 per
788 1533 967 1570 virtutem
997 1532 1077 1580 spei
1104 1538 1229 1579 potest
1256 1531 1389 1580 aliquis

1416 1470 1418 1483 l

1446 1435 1564 1472 ctum,
1595 1428 1661 1463 sed
1689 1428 1815 1475 potius
1843 1428 2057 1464 fruitionem
2088 1428 2268 1464 divinam.

1498 1482 1555 1516 An
1569 1491 1764 1524 ,SECUNDUM
1788 1492 1969 1516 meENDUM
1998 1481 2102 1527 quod
2131 1481 2322 1517 beatitudo
2351 1486 2498 1516 sancto—

1416 1535 1418 1549 '¹
1445 1545 1529 1569 rum
1550 1532 1684 1569 dicitur
1702 1532 1779 1568 vita
1798 1541 1969 1578 aeterna,
1999 1533 2087 1580 quia
2110 1545 2178 1580 per
2195 1534 2270 1569 hoc
2289 1533 2393 1580 quod
2412 1531 2496 1567 Deo

329 1586 603 1624 beatitudinem
631 1599 783 1636 sperare
811 1598 890 1623 non
926 1586 1051 1622 solum
1080 1583 1149 1620 sibi
1179 1583 1246 1620 sed
1275 1584 1388 1620 etiam
1416 1622 1417 1625 ,

1416 1641 1417 1646 ’
1443 1638 1621 1675 ternitatis
1643 1638 1806 1685 divinae,
1827 1650 1923 1686 quae
1950 1639 2094 1675 excedit
2117 1650 2231 1674 omne
2256 1646 2417 1686 tempus.
2443 1642 2492 1678 Et

1416 1697 1417 1703 ¹
1443 1691 1492 1728 ita
1513 1690 1743 1728 continuatio
1773 1691 2011 1728 beatitudinis
2039 1703 2116 1727 non
2137 1691 2411 1740 diversificatur
2428 1706 2497 1742 per

329 1638 419 1686 ariis,
449 1646 490 1676 ut
517 1652 630 1688 supra
648 1640 669 1662 *⁶
697 1640 839 1677 dictum
868 1646 934 1675 est.
966 1638 1043 1674 Sed
1079 1636 1177 1673 beati
1211 1636 1276 1684 qui
1304 1645 1390 1673 sunt

327 1691 368 1729 in
385 1692 506 1740 patria
524 1701 677 1742 sperant
695 1692 965 1730 beatitudinem
996 1690 1095 1727 aliis:
1125 1689 1291 1738 alioquin
1310 1702 1389 1726 non

329 1753 505 1792 rogarent
523 1758 593 1795 pro
613 1746 679 1783 eis.
709 1747 810 1794 Ergo
838 1745 876 1782 in
896 1744 1016 1781 beatis
1039 1751 1163 1792 potest
1183 1754 1265 1778 esse
1289 1754 1386 1790 spes.

379 1809 417 1844 4.
439 1799 671 1846 PRAETEREA,
693 1799 741 1836 ad
761 1797 1033 1836 beatitudinem
1058 1803 1276 1833 sanctorum
1305 1807 1387 1843 per·
1414 1800 1416 1837 j

326 1850 419 1888 tinet
445 1863 522 1888 non
552 1852 676 1889 solum
704 1848 823 1900 gloria
850 1848 1001 1888 animae
1030 1849 1096 1886 sed
1125 1849 1237 1885 etiam
1271 1848 1388 1896 gloria

327 1904 510 1952 corporis.
541 1905 616 1942 Sed
641 1904 792 1942 animae
820 1912 1038 1941 sanctorum
1058 1902 1124 1950 qui
1152 1909 1239 1938 sunt
1266 1901 1303 1938 in
1323 1913 1388 1949 pa·
1414 1909 1415 1920 ¹

48 1987 50 1989 >
325 1956 396 1993 tria
423 1965 622 2006 expectant
649 1958 775 1995 adhuc
803 1957 961 2005 gloriam
999 1955 1188 2004 corporis:
1218 1962 1260 1990 ut
1287 1961 1389 2002 patet
1414 1969 1415 2006 3

37 2037 40 2040 Δ
90 2016 184 2039 ·vm.
226 2021 278 2044 αις-
325 2010 443 2058 Apoc.
473 2021 509 2047 vl
532 2010 564 2056 ⁸⁸,
589 2018 626 2047 et
650 2009 666 2040 β
693 2011 761 2047 XII
790 2021 904 2058 super
933 2010 1026 2046 Gen.
1055 2009 1107 2045 ad
1132 2008 1195 2044 litt.
1216 2007 1256 2029 ²¹¹*
1285 2008 1386 2054 Ergo
1413 2044 1415 2058 7

325 2074 413 2111 spes
441 2070 566 2111 potest
593 2075 676 2100 esse
704 2063 741 2099 in
770 2063 923 2100 beatis..

328 2135 330 2137 >
380 2115 455 2152 SED
483 2127 630 2153 CONTRA
651 2128 716 2152 EST
735 2117 839 2164 quod
858 2115 1065 2164 Apostolus
1092 2113 1190 2158 dicit,
1206 2112 1257 2149 ad
1273 2102 1415 2166 Rom-i

325 2179 386 2205 vm
404 2167 441 2204 *z
473 2169 585 2210 Quod
615 2169 715 2206 videt
740 2169 841 2217 quis,
880 2168 970 2217 quid
994 2165 1153 2215 sperat?
1182 2166 1258 2202 Sed
1286 2165 1385 2202 beati
1412 2184 1414 2200 ι

325 2221 500 2258 fruuntur
517 2221 590 2258 Dei
603 2221 763 2258 visione.
794 2222 895 2269 Ergo
916 2221 955 2258 in
983 2220 1036 2266 eis
1055 2231 1142 2268 spes
1161 2217 1287 2255 locum
1308 2230 1387 2254 non

325 2273 452 2310 habet.

379 2326 606 2363 Responnsso
634 2338 818 2364 mCENDUM
847 2324 963 2375 quod,
987 2326 1177 2362 subtracto
1208 2336 1253 2360 eo
1283 2323 1386 2371 quod

1444 1586 1631 1631 fruuntur,
1663 1585 1877 1622 efficiuntur
1905 1585 2194 1634 quodammodo
2218 1585 2417 1634 participes
2436 1595 2498 1619 ae-

1442 1757 1632 1792 praesens,
1662 1744 1902 1791 praeteritum
1933 1751 1968 1780 et
1995 1744 2176 1780 futurum.
2206 1744 2255 1780 Et
2282 1743 2368 1781 ideo
2397 1745 2497 1783 beati

1443 1810 1521 1834 non
1536 1797 1676 1834 habent
1691 1809 1797 1845 spem
1811 1797 1857 1833 de
1874 1796 2154 1833 continuatione
2165 1796 2416 1845 beatitudinis,
2428 1800 2493 1836 sed

1442 1850 1584 1887 habent
1611 1850 1733 1898 ipsam
1754 1861 1856 1886 rem:
1886 1849 1974 1898 quia
2003 1861 2081 1885 non
2105 1857 2160 1885 est
2179 1848 2230 1885 ibi
2257 1849 2351 1886 ratio
2371 1851 2493 1888 futuri.

1495 1905 1554 1940 An
1586 1914 1745 1940 TERT1UM
1778 1914 1961 1939 DICENDUM
1999 1904 2124 1949 quod,
2163 1901 2320 1938 durante
2356 1902 2494 1941 virtute

1442 1956 1534 2005 spei,
1556 1957 1691 1992 eadem
1720 1967 1786 2003 spe
1815 1954 1948 2003 aliquis
1977 1962 2102 2002 sperat
2130 1954 2400 1992 beatitudinem
2424 1956 2494 1993 sibi

1442 2017 1479 2045 et
1507 2009 1597 2046 aliis.
1628 2008 1704 2045 Sed
1733 2013 1751 2034 '¹
1781 2014 1964 2044 evacuata
1992 2019 2059 2055 spe
2092 2007 2129 2043 in
2158 2007 2276 2044 beatis
2309 2020 2383 2056 qua
2411 2021 2495 2057 spe-

1413 2063 1575 2099 'rabant
1603 2061 1671 2098 sibi
1707 2060 1996 2106 beatitudinem,
2035 2067 2186 2108 sperant
2222 2060 2377 2108 quidem
2415 2061 2494 2098 aliis

1441 2114 1724 2160 beatitudinem,
1745 2113 1812 2150 sed
1841 2125 1919 2149 non
1938 2112 2074 2149 virtute
2102 2112 2193 2161 spei,
2215 2113 2282 2150 sed
2310 2113 2429 2161 magis
2449 2127 2494 2151 ex

1441 2180 1572 2204 amore
1602 2167 1772 2204 caritatis.
1804 2165 1909 2202 Sicut
1936 2165 2048 2201 etiam
2069 2165 2134 2213 qui
2159 2166 2273 2202 habet
2302 2166 2492 2203 caritatem

1440 2221 1512 2258 Dei
1541 2220 1676 2257 eadem
1706 2219 1856 2256 caritate
1885 2217 1999 2265 diligit
2027 2218 2263 2266 proximum:
2303 2227 2338 2255 et
2366 2227 2493 2256 tamen

1412 2267 1413 2279 ¹
1440 2274 1572 2323 aliquis
1592 2281 1717 2321 potest
1736 2272 1886 2319 diligere
1914 2271 2130 2319 proximum
2158 2283 2235 2307 non
2254 2272 2400 2308 habens
2419 2272 2493 2308 vir-

1440 2335 1559 2363 tutem
1588 2325 1760 2372 caritatis,
1790 2324 1863 2361 alio
1883 2321 1895 2344 ⁰
1915 2323 2084 2371 quodam
2115 2335 2259 2360 amore.

1492 2382 1551 2416 AD
1580 2390 1751 2421 QUARTUM
1779 2389 1962 2414 DICENDUM
1991 2377 2106 2424 quod,
2137 2389 2223 2413 curn
2251 2389 2337 2425 spes
2357 2377 2402 2413 sit
2419 2376 2494 2413 vir-

185 2391 202 2416 τ
327 2377 392 2415 dat
419 2379 586 2426 speciem
615 2381 684 2425 rei,
724 2379 882 2416 solvitur
909 2383 926 2407 Υ
954 2378 1120 2427 species,
1156 2384 1192 2413 et
1220 2388 1280 2413 res
1308 2388 1386 2412 non
1411 2395 1413 2428 3

325 2438 451 2479 potest
469 2431 605 2468 eadem
627 2443 844 2468 remanere:
874 2431 969 2467 sicut
996 2437 1143 2467 remota
1162 2429 1286 2466 forma
1305 2441 1387 2464 cor·
1411 2434 1413 2453 ³
1439 2441 1499 2469 tus
1526 2431 1738 2479 theologica
1765 2431 1910 2467 habens
1941 2430 2068 2466 Deum
2093 2441 2166 2477 pro
2196 2429 2365 2476 obiecto,
2394 2430 2494 2478 prin-

325 2483 430 2532 poris
450 2485 639 2531 naturalis,
658 2497 736 2521 non
756 2490 928 2520 remanet
946 2483 1049 2520 idem
1069 2482 1279 2519 secundum
1301 2493 1385 2528 spe·
1411 2498 1413 2538 2
1440 2485 1559 2533 cipale
1589 2484 1779 2520 obiectum
1808 2482 1889 2531 spei
1917 2490 1974 2519 est
1999 2482 2116 2530 gloria
2144 2481 2305 2528 animae,
2329 2495 2425 2530 quae
2455 2482 2494 2518 in

167 2545 170 2548 ⁴
189 2539 207 2565 ὃ
327 2536 435 2573 ciem.
466 2538 563 2586 Spes
585 2545 712 2574 autem
733 2536 863 2584 recipit
881 2534 894 2558 ὅ
915 2535 1081 2584 speciem
1102 2547 1124 2571 a
1145 2545 1214 2571 suo
1235 2533 1385 2570 obiecto
1439 2536 1614 2573 fruitione
1635 2536 1762 2572 divina
1783 2534 1961 2581 consistit,
1978 2547 2056 2571 non
2075 2542 2202 2570 autem
2222 2535 2339 2581 gloria
2359 2547 2493 2583 corpo-

83 2588 99 2610 ι.
131 2599 158 2614 ,Λ-

12 2626 18 2635 1
39 2631 42 2638 ι

86 2650 110 2707 2
120 2651 168 2701 ς..
181 2657 243 2678 xvu,
257 2654 300 2672 art.

25 2701 31 2712 1
138 2693 147 2701 .

13 2742 47 2754 r·
86 2755 266 2779 *niani-ta.

325 2589 534 2638 principali,
565 2590 661 2627 sicut
689 2597 724 2626 et
752 2597 899 2626 ceterae
927 2589 1095 2633 virtutes,
1116 2594 1156 2623 ut
1185 2598 1227 2623 ex
1257 2598 1386 2634 supra-

1440 2590 1500 2626 ris.
1516 2609 1541 2616 -
1562 2588 1690 2626 Gloria
1710 2588 1821 2624 etiam
1848 2586 2027 2635 corporis,
2049 2586 2116 2623 etsi
2143 2587 2282 2623 habeat
2309 2587 2494 2623 rationem

326 2642 432 2679 dictis
447 2642 468 2664 ⁸
485 2650 598 2691 patet.
629 2643 834 2679 Obiectum
855 2650 984 2678 autem
1003 2640 1210 2689 principale
1232 2639 1311 2675 eius
1332 2645 1387 2674 est
1410 2641 1413 2685 ξ
1440 2642 1544 2679 ardui
1564 2653 1632 2690 per
1651 2639 1976 2688 comparationem
1998 2640 2046 2676 ad
2065 2646 2237 2675 naturam
2262 2640 2491 2686 humanam,

326 2695 520 2745 beatitudo
549 2703 702 2732 aeterna
731 2695 942 2732 secundum
973 2694 1077 2742 quod
1113 2700 1168 2729 est
1199 2691 1386 2740 possibilis
1411 2701 1413 2740 i
1440 2707 1517 2732 non
1537 2695 1651 2731 habet
1669 2702 1796 2730 tamen
1821 2692 2007 2730 rationem
2031 2692 2138 2728 ardui
2158 2692 2311 2728 habenti
2335 2692 2493 2740 gloriam

325 2747 456 2785 haberi
486 2760 530 2785 ex
559 2748 696 2785 auxilio
727 2748 875 2794 divino,
904 2755 946 2783 ut
974 2758 1088 2794 supra
1106 2745 1127 2766 '¹‘
1147 2745 1288 2782 dictum
1319 2751 1384 2780 est.
1412 2741 1413 2779 i
1440 2748 1602 2784 animae.
1633 2747 1737 2783 Tum
1766 2745 1854 2794 quia
1882 2745 1999 2793 gloria
2027 2744 2196 2792 corporis
2217 2752 2271 2780 est
2290 2744 2491 2781 minimum

325 2800 428 2847 Quia
457 2813 545 2850 ergo
569 2806 581 2822 ⁶
607 2801 752 2838 bonum
783 2801 945 2837 arduum
973 2798 1151 2848 possibile
1181 2809 1258 2834 non
1289 2796 1387 2834 cadit
1412 2785 1414 2834 l
1441 2801 1623 2849 quiddam
1662 2800 1699 2836 in
1738 2797 2024 2846 comparatione
2057 2797 2104 2834 ad
2137 2797 2292 2844 gloriam
2330 2798 2492 2834 animae.

326 2854 398 2890 sub
417 2854 562 2891 ratione
583 2854 663 2902 spei
683 2853 752 2890 nisi
773 2853 984 2890 secundum
1006 2851 1109 2901 quod
1130 2858 1186 2887 est
1205 2851 1384 2896 futurum,
1412 2850 1413 2891 l
1440 2855 1543 2890 Tum
1572 2852 1684 2888 etiam
1713 2851 1800 2900 quia
1833 2851 1977 2887 habens
2009 2850 2167 2897 gloriam
2201 2850 2350 2886 animae
2379 2851 2494 2887 habet

325 2905 433 2954 ideo,
473 2918 560 2943 cum
590 2906 784 2943 beatitudo
813 2906 888 2942 iam
918 2918 996 2942 non
1030 2903 1140 2941 fuerit
1167 2904 1290 2939 futura
1319 2902 1386 2939 sed
1440 2906 1516 2943 iam
1547 2905 1774 2942 sufficienter
1803 2915 1956 2940 causam
1985 2902 2124 2950 gloriae
2153 2902 2333 2950 corporis.

379 3016 407 3048 α)
426 3016 541 3041 dicatur.
559 3029 577 3034 —
595 3016 696 3040 dicitur
712 3014 951 3047 ABCDEFGHlpK
969 3020 994 3038 et
1012 3022 1074 3038 xaa.

380 3050 406 3084 β)
424 3054 459 3076 et.
475 3065 495 3070 -
512 3051 578 3077 dicit
595 3050 760 3083 Augustinus
779 3050 848 3074 addit
866 3049 886 3075 1.

395 3087 404 3119 )
424 3086 547 3111 solvitur.
564 3099 583 3104 -
601 3085 743 3110 resolvitur
762 3085 789 3109 Ρ.
1322 3096 1328 3098 s

378 3095 404 3154 ἔ)
423 3121 525 3153 recipit.
543 3134 561 3140 -
579 3120 688 3152 respicit
705 3119 946 3152 ABDHlKLpEn3
965 3125 1049 3150 spes...
1067 3117 1179 3150 speciem
1197 3124 1251 3141 orn.
1271 3116 1318 3149 pC.

379 3157 402 3190 ε)
419 3156 488 3187 Quia
501 3163 600 3189 ergo.-
613 3156 649 3180 Et
662 3155 725 3188 quia
734 3155 802 3185 Gsc.
814 3154 884 3185 Quia
898 3154 989 3184 cettei-{3
1005 3161 1064 3178 mox
1074 3161 1122 3185 pro
1133 3153 1199 3182 ideo,
1211 3155 1237 3176 et
1247 3152 1306 3176 ideo
1316 3151 1385 3176 Dim.

1493 3010 1517 3043 ζ’)
1533 3013 1649 3041 poterat.
1667 3023 1686 3027 -
1700 3008 1790 3040 potuit
1809 3008 1856 3032 Pa.

1492 3046 1520 3078 η)
1540 3045 1603 3070 Sed.
1620 3058 1639 3063 -
1657 3044 1692 3068 Et
1711 3043 1842 3071 ADEfllx.
1861 3042 1967 3066 abrasae
1986 3042 2054 3075 an.
2069 3055 2089 3060 -
2107 3041 2157 3066 Pro
2175 3049 2240 3074 qua,
2260 3049 2339 3074 quam
2358 3041 2493 3074 BEHpr,

1435 3088 1488 3113 per
1505 3087 1584 3113 quam
1605 3079 1683 3109 GlsC,
1702 3077 1845 3103 secundum
1864 3084 1943 3109 quam
1962 3076 2075 3101 PFKLa.

1492 3114 1516 3148 0)
1536 3115 1598 3140 alio.
1616 3128 1635 3133 -
1653 3114 1699 3139 sed
1716 3114 1770 3138 alio
1789 3113 1817 3137 P.

2534 410 2638 436 ηῑαιρ.

365 900 366 903 ’
388 897 451 950 fist:
465 888 517 957 ἰή
547 914 634 950 spes
654 901 700 937 sit
722 901 760 937 in
780 900 910 937 beatis.
941 899 1111 936 Christus
1131 900 1233 936 enim
1254 912 1275 936 a
1294 900 1393 948 prin·
1421 917 1423 946 3
1450 913 1547 948 spes,
1568 900 1662 936 sicut
1692 909 1727 936 et
1754 901 1849 937 fides
1868 900 1899 947 *,
1921 909 2127 937 evacuatur
2147 901 2184 937 in
2205 903 2334 950 patria,
2356 909 2392 937 et
2411 913 2503 938 neu·
2527 914 2537 924 ·
2551 913 2578 934 D.
2595 913 2648 935 σοι’).
2681 929 2686 932 -

356 982 375 1002 4„
420 966 472 1003 τ’,
493 948 644 1002 cipio
682 965 772 990 suae
811 952 1069 1001 conceptionis
1104 952 1171 988 fuit
1208 952 1394 1000 perfectus
1421 949 1422 970 l
1449 960 1546 989 trum
1577 965 1710 989 eorum
1740 953 1777 989 in
1806 953 1924 989 beatis
1953 965 2034 989 esse
2061 961 2196 1002 potest.

395 1023 401 1027 ·
425 996 534 1036 ‘'³¹‘'*x
546 1007 856 1054 comprehensor.
887 1005 964 1042 Sed
992 1005 1073 1054 ipse
1105 1005 1236 1041 habuit
1263 1017 1390 1053 spem:
1420 998 1421 1021 l
1501 1007 1559 1041 An
1589 1017 1724 1042 PRiMUM
1752 1017 1848 1041 ERGO
1877 1018 2059 1042 DICENDUM
2087 1007 2192 1054 quod
2222 1007 2403 1052 Christus,
2434 1006 2502 1042 etsi

38 1099 43 1106 ἶ
95 1095 132 1118 ,Ρ
193 1070 212 1088 α
334 1069 422 1094 cum
444 1069 489 1094 ex
508 1057 589 1095 eius
608 1070 772 1107 persona
793 1059 938 1095 dicatur
957 1063 974 1079 ‘²
994 1059 1031 1094 in
1056 1059 1193 1094 Psalm.
1214 1057 1249 1093 *z
1279 1059 1325 1094 In
1346 1063 1390 1102 te,
1419 1064 1421 1102 J
1449 1066 1546 1094 esset
1574 1058 1891 1106 comprehensor,
1923 1066 1958 1094 et
1986 1070 2054 1106 per
2082 1071 2319 1107 consequens
2347 1060 2499 1105 beatus,

93 1102 299 1166 sanfam,
333 1111 515 1156 Domine,
544 1112 713 1160 speravi,
742 1118 783 1147 ut
811 1112 948 1148 Glossa
975 1111 995 1132 *
1024 1110 1187 1159 exponit.
1223 1111 1322 1158 Ergo
1353 1110 1389 1147 in
1417 1105 1420 1177 j
1447 1119 1630 1158 quantum
1660 1111 1708 1147 ad
1738 1111 1906 1147 divinam
1936 1111 2172 1155 fruitionem
2203 1119 2280 1148 erat
2306 1119 2433 1148 tamen
2453 1111 2500 1147 si-

42 1170 63 1189 ’-
117 1152 219 1175 m
333 1164 452 1201 beatis
481 1171 606 1212 potest
634 1176 715 1201 esse
744 1176 842 1212 spes.
1418 1185 1419 1190 =
1446 1164 1525 1199 mul
1553 1163 1675 1200 viator
1707 1172 1890 1212 quantum
1930 1164 1978 1200 ad
2012 1164 2294 1212 passibilitatem
2324 1171 2498 1210 naturae,

388 1228 422 1253 2.
461 1218 702 1263 Pammam,
741 1217 836 1253 sicut
873 1216 1024 1264 adeptio
1059 1215 1298 1252 beatitudinis
1337 1224 1392 1261 est
1417 1209 1419 1256 i
1446 1229 1561 1265 quam
1591 1217 1716 1253 adhuc
1743 1218 1908 1264 gerebat.
1948 1217 1996 1252 Et
2024 1217 2109 1253 ideo
2138 1217 2294 1264 gloriam
2328 1216 2497 1264 impassi—

2623 1267 2637 1295 t

995 3215 1328 3247 Commentaria
1349 3212 1600 3245 Cardinalis
1621 3210 1821 3243 Caietam

358 3295 378 3315 N
401 3283 532 3315 articulo
565 3282 704 3313 secundo
729 3282 870 3312 eiusdem
901 3281 1169 3311 decimaeoctavae
1193 3278 1386 3320 quaestionis
1410 3277 1414 3318 Ῐ
1440 3284 1548 3318 spectu
1572 3276 1737 3317 praeteriti,
1754 3275 1786 3305 in
1810 3281 1896 3315 parte
1919 3274 2106 3305 intellectiva
2122 3273 2262 3313 specialis
2285 3272 2435 3312 potentia,
2453 3272 2493 3302 si—

331 3296 494 3359 Idubium
517 3327 651 3358 occurrit
675 3326 754 3356 circa
777 3326 838 3356 hoc
861 3325 949 3366 quod
973 3324 1011 3354 ad
1036 3324 1189 3354 rationem
1220 3323 1386 3353 formalem
1412 3320 1414 3359 l
1441 3329 1494 3352 cut
1516 3321 1548 3351 in
1572 3328 1657 3361 parte
1681 3319 1836 3350 sensitiva.
1861 3319 1938 3358 Spes
1967 3325 2073 3348 autem
2097 3318 2135 3347 de
2159 3327 2221 3357 qua
2245 3323 2291 3366 est
2313 3326 2434 3352 sermo,
2459 3323 2494 3346 ut

327 3372 442 3408 obiecti
458 3371 524 3412 spei
542 3371 654 3402 dicitur
678 3376 815 3410 spectare
840 3379 906 3399 esse
926 3368 1079 3399 futurum.
1104 3368 1222 3403 Primo,
1239 3367 1312 3407 quia
1329 3366 1386 3396 dif-
1412 3363 1414 3366 ’
1440 3366 1472 3396 in
1496 3365 1627 3395 articulo
1647 3362 1844 3404 praecedenti
1865 3369 1959 3402 patet.
1976 3362 2007 3392 in
2032 3368 2117 3402 parte
2138 3361 2325 3391 intellectiva
2347 3367 2401 3390 est.
2419 3360 2492 3390 Non

328 3416 476 3447 ferentiae
499 3415 651 3455 temporis
674 3424 730 3454 per
753 3413 895 3444 accidens
919 3413 957 3442 ad
981 3411 1201 3442 intellectivam
1218 3417 1339 3451 partem
1356 3420 1388 3440 se
1414 3433 1415 3462 1
1442 3410 1537 3449 igitur
1559 3409 1598 3438 ad
1622 3407 1754 3438 formale
1778 3407 1936 3437 obiectum
1961 3406 2027 3446 spei
2050 3411 2168 3455 spectat
2191 3414 2257 3434 esse
2271 3403 2434 3453 ‘futui-um.
2467 3446 2474 3453 .

328 3461 458 3491 habent:
482 3466 610 3500 propter
633 3458 722 3499 quod
745 3467 809 3488 non
835 3456 964 3497 ponitur
987 3455 1149 3491 memoria,
1170 3464 1250 3495 quae
1275 3461 1320 3484 est
1343 3464 1388 3484 re-
1414 3466 1417 3485 1
1498 3453 1655 3488 Secundo,
1672 3451 1746 3492 quia
1770 3451 1864 3486 Deus,
1883 3450 1938 3490 qui
1962 3457 2006 3480 est
2030 3448 2199 3489 principale
2227 3449 2386 3478 obiectum
2410 3456 2492 3487 spei,
