2892 4056
366 2957 379 2971 u
402 2956 428 2977 n,
456 2941 622 2977 consistit
649 2941 686 2977 in
706 2941 815 2977 bonis
845 2941 1027 2988 corporis,
1048 2941 1143 2977 sicut
1163 2953 1276 2989 supra
1294 2941 1314 2962 *
1341 2941 1511 2977 habiturn

457 211 530 258 398

1163 208 1426 254 QUAEsrlo
1457 209 1542 255 LV,

1571 208 1864 245 ARTICULUS
1893 209 1907 244 1

826 410 1236 488 QUAESTIO
1277 368 2270 488 oumoUAGESIMAQmNTA·

763 521 846 560 DE
879 519 1055 560 VITIIS
1090 519 1399 560 OPPOSITIS
1432 520 1826 561 PRUDENTIAE
1859 519 2029 572 QUAE
2063 521 2312 562 HABENT

1145 579 1606 621 SIMILITUDINEM
1640 581 1768 622 CUM
1800 581 1934 622 IPSA

1265 677 1299 702 IN
1330 677 1430 702 oeTo
1459 677 1665 703 ARTICULOS
1693 677 1811 702 DIVISA

535 815 755 864 prudentiae
793 826 892 863 quae
928 815 1070 851 habent
1106 814 1387 851 similitudinem
1426 827 1513 851 cum

329 881 342 895 ιι
377 880 427 900 un,
453 869 534 917 ipsa
552 867 583 904 ²¹⁸·

455 922 503 957 Et
531 920 628 956 circa
655 920 729 955 hoc
758 926 989 967 quaeruntur
1019 927 1117 955 octo.

508 1025 704 1063 Secundo:
732 1031 860 1061 utrum
889 1024 935 1060 sit
962 1032 1162 1072 peccatum
1190 1025 1362 1062 mortale.

457 775 643 855 Damni:
681 762 997 799 considerandum
1031 769 1086 798 est
1119 762 1166 798 de
1194 762 1292 798 vitiis
1329 762 1541 851 oppositis]

1539 867 1541 904 ἱ

1539 906 1541 970 l

507 973 658 1009 Primo:
696 979 822 1008 utrum
851 971 1052 1019 prudentia
1081 971 1202 1008 carnis
1231 971 1276 1008 sit
1303 979 1512 1020 peccatum.
1539 972 1542 1012 Ξ

1621 761 1769 798 Tertio:
1798 769 1923 799 utrum
1954 763 2088 800 astutia
2117 763 2162 800 sit
2189 771 2389 812 peccatum
2417 765 2590 813 speciale.

1622 814 1788 861 Quarto:
1818 814 1865 852 de
1895 815 1996 852 dolo.

1623 867 1783 913 Quinto:
1815 867 1862 904 de
1890 868 2033 905 fraude.

1622 920 1758 956 Sexto:
1799 920 1846 957 de
1889 920 2136 958 sollicitudine
2177 921 2445 969 temporalium
2482 934 2624 960 rerum.

1622 973 1813 1021 Septimo:
1845 973 1892 1009 de
1920 973 2168 1010 sollicitudine
2197 974 2423 1011 futurorum.

1622 1025 1789 1062 Octavo:
1825 1026 1873 1062 de
1908 1026 2048 1074 origine
2084 1027 2223 1063 horum
2260 1027 2454 1064 vitiorum.

1267 1123 1582 1166 ARTICULUS
1612 1123 1817 1166 PRIMUS

1058 1216 1213 1246 UTRUM
1235 1182 1486 1246 bRUDENTIA
1510 1214 1665 1246 cARNJs
1689 1215 1755 1246 sn*
1778 1214 2017 1246 PECCATUM

1313 1293 1357 1317 Ad
1375 1293 1462 1322 Rom..
1482 1301 1537 1326 cap.
1555 1301 1609 1323 vm,
1629 1294 1687 1319 lect.
1706 1301 1723 1323 ι,
1742 1301 1769 1318 11.

572 1379 631 1417 ,μς-
664 1377 686 1402 D
715 1375 852 1400 ramum
875 1375 928 1400 SIC
956 1374 1195 1400 PROOEDlTun.
1224 1363 1383 1400 Videtur
1409 1365 1513 1411 quod

513 1429 524 1437 ·
596 1426 643 1464 733
663 1416 863 1466 prudentia
883 1416 1005 1453 carnis
1025 1428 1103 1453 non
1123 1416 1169 1452 sit
1186 1423 1399 1464 peccatum.
1421 1417 1513 1452 Pru-

455 1574 622 1622 regitiva.
662 1575 739 1612 Sed
772 1575 876 1611 nulla
911 1574 1047 1611 iustitia
1083 1575 1146 1611 vel
1173 1575 1424 1622 temperantia
1461 1582 1516 1611 est

453 1634 665 1675 peccatum.
695 1628 797 1675 Ergo
819 1627 931 1663 etiam
952 1639 1077 1676 neque
1098 1627 1222 1675 aliqua
1241 1627 1440 1675 prudentia
1460 1635 1516 1663 est

453 1687 666 1728 peccatum.

509 1744 544 1768 2.
571 1733 804 1778 Pium-ream,
833 1733 1039 1780 prudenter
1058 1732 1206 1779 operari
1232 1732 1283 1778 ,ad
1303 1732 1421 1768 finem
1450 1732 1513 1780 qui

453 1785 550 1821 licite
580 1792 728 1821 amatur
754 1797 833 1821 non
861 1792 916 1821 est
942 1791 1155 1832 peccatum.
1196 1785 1273 1821 Sed
1301 1796 1388 1821 caro
1417 1784 1513 1821 licite

454 1845 622 1874 amatur:
653 1849 761 1874 nemo
789 1838 887 1873 enim
917 1848 1082 1884 unquam
1111 1849 1264 1873 carnem
1291 1849 1400 1873 suam
1429 1838 1513 1874 odio

452 1890 591 1935 hahuit,
619 1897 660 1926 ut
687 1890 847 1926 habetur
874 1890 925 1926 ad
949 1890 1084 1937 Ephes.
1113 1901 1137 1925 v
1159 1889 1189 1926 ²¹².
1221 1891 1321 1937 Ergo
1350 1890 1514 1938 pruden-

453 1943 502 1979 tia
532 1942 652 1979 carnis
681 1955 759 1979 non
788 1950 842 1978 est
869 1950 1081 1990 peccatum.

509 1996 542 2031 3.
577 1996 812 2041 PRAETEREA,
851 1995 946 2031 sicut
982 1996 1101 2031 homo
1139 2002 1303 2031 tentatur
1336 2007 1357 2031 a
1386 2007 1512 2043 carne,

451 2047 501 2084 ita
531 2047 643 2084 etiarn
663 2055 824 2084 tentatur
843 2060 864 2083 a
884 2047 1043 2094 mundo,
1065 2054 1111 2091 et⁷
1121 2047 1234 2083 etiam
1254 2052 1271 2068 α
1300 2060 1322 2084 a
1347 2047 1512 2085 diabolo.
1539 2059 1541 2097 ξ

453 2100 529 2136 Sed
557 2112 636 2136 non
663 2100 816 2148 ponitur
843 2100 939 2136 inter
975 2107 1132 2148 peccata
1160 2099 1285 2148 aliqua
1312 2100 1514 2148 prudentia

451 2152 598 2200 mundi,
617 2154 679 2188 vel
699 2153 811 2189 etiarn
833 2152 985 2189 diaboli.
1016 2153 1117 2200 Ergo
1138 2165 1263 2200 neque
1290 2153 1403 2190 debet
1421 2153 1514 2201 poni

452 2205 547 2242 inter
574 2212 730 2254 peccata
758 2206 884 2254 aliqua
911 2205 1111 2254 prudentia
1140 2205 1273 2241 earnis.

507 2259 581 2295 SED
615 2269 773 2304 CONTRA,
795 2259 919 2295 nullus
941 2266 996 2295 est
1023 2257 1196 2294 inimicus
1225 2258 1309 2294 Deo
1330 2257 1399 2294 nisi
1427 2270 1514 2306 pro-

452 2318 535 2359 pter
562 2310 817 2359 iniquitatem:
848 2310 1059 2347 secundum
1089 2310 1179 2346 illud
1207 2311 1293 2358 Sap.
1314 2322 1375 2346 xlv
1393 2309 1428 2346 *τ
1457 2311 1513 2346 Si-

454 2364 534 2399 mul
560 2364 644 2399 odio
672 2369 759 2399 sunt
783 2364 865 2399 Deo
894 2363 1028 2411 impius
1055 2368 1091 2398 et
1117 2363 1285 2410 impietas
1312 2363 1400 2398 eius.
1435 2363 1512 2399 Sed

454 2416 548 2452 sicut
577 2415 711 2452 dicitur
729 2416 780 2452 ad
795 2417 907 2452 Rom.
935 2427 996 2452 vm
1015 2415 1046 2462 ³¹²,
1073 2416 1271 2462 prudentia
1290 2416 1416 2451 carnis
1444 2416 1511 2451 ini-

454 2469 551 2504 mica
580 2474 633 2504 est
658 2469 752 2504 Deo.
783 2469 883 2515 Ergo
911 2468 1112 2516 prudentia
1148 2468 1268 2504 carnis
1297 2475 1352 2503 est
1379 2479 1512 2515 pecca-

454 2528 547 2556 tum.
1537 2515 1540 2566 l

507 2574 730 2609 RESPONDEo
751 2584 932 2609 morannum
952 2572 1068 2620 quod,
1085 2572 1179 2608 sicut
1199 2585 1311 2620 supra
1329 2571 1350 2593 ’¹‘
1369 2572 1510 2609 dictum

455 2633 520 2671 est,
549 2625 748 2673 prudentia
778 2633 832 2661 est
861 2625 958 2661 circa
991 2637 1035 2661 ea
1069 2637 1165 2672 quae
1195 2633 1282 2661 sunt
1315 2625 1364 2661 ad
1391 2625 1510 2662 finem

453 2679 566 2714 totius
593 2677 705 2714 vitae.
736 2678 784 2713 Et
802 2678 887 2714 ideo
917 2677 1118 2726 prudentia
1139 2677 1260 2714 carnis
1287 2677 1438 2726 proprie
1458 2677 1510 2714 di-

455 2730 549 2767 citur
577 2730 786 2766 secundum
826 2731 930 2778 quod
959 2730 1090 2778 aliquis
1119 2731 1220 2766 bona
1249 2731 1370 2767 carnis
1398 2731 1512 2767 habet

453 2791 495 2819 ut
530 2783 706 2819 ultimum
743 2783 860 2819 finem
895 2795 984 2819 suae
1021 2782 1134 2819 vitae.
1174 2783 1417 2819 Manifestum
1457 2786 1539 2819 est'

455 2843 582 2872 autem
610 2836 715 2884 quod
753 2836 826 2872 hoc
864 2843 919 2871 cst
946 2843 1164 2883 peccatum:
1195 2847 1263 2884 per
1298 2836 1372 2871 hoc
1410 2836 1508 2872 enim
1537 2836 1539 2872 ὲ

454 2889 571 2925 homo
601 2888 846 2925 deordinatur
865 2888 963 2924 cirea
991 2888 1167 2924 ultimum
1196 2889 1326 2934 finem,
1348 2888 1413 2936 qui
1433 2901 1511 2924 non

456 3001 520 3029 est.
551 2994 599 3029 Et
626 2993 712 3030 ideo
741 2993 940 3041 prudentia
970 2993 1090 3030 carnis
1119 3001 1175 3030 est
1201 3001 1413 3042 peccatum.

508 3047 566 3082 Ao
588 3057 723 3082 PR1M1JM
747 3057 844 3082 ERGO
864 3058 1047 3083 DtCENDUM
1076 3046 1180 3094 quod
1199 3046 1333 3083 iustitia
1362 3054 1398 3082 et
1415 3054 1513 3082 tem-

455 3098 625 3146 perantia
652 3098 689 3134 in
719 3098 776 3134 sui
805 3099 947 3135 ratione
977 3098 1180 3147 important
1207 3099 1245 3136 id
1272 3099 1374 3135 unde
1394 3099 1513 3135 virtus

455 3152 639 3197 laudatur,
670 3150 808 3186 scilicet
836 3151 1099 3199 aequalitatem
1130 3159 1166 3187 et
1194 3151 1514 3200 concupiscentia-

1566 1375 1652 1400 rum
1690 1363 1998 1400 refrenationem:
2042 1371 2078 1400 et
2097 1363 2184 1401 ideo
2213 1377 2411 1413 nunquam
2439 1366 2560 1415 accipi
2614 1388 2630 1395 -

1539 1426 1541 1472 g
1566 1423 1625 1453 tur
1651 1415 1690 1452 in
1719 1416 1833 1452 malo.
1873 1416 1951 1453 Sed
1978 1428 2121 1454 nomen
2157 1414 2380 1466 prudentiae
2417 1419 2584 1458 sumitur,

1566 1468 1820 1516 providendo,
1841 1468 1936 1505 sicut
1955 1481 2070 1518 supra
2084 1471 2104 1491 *
2124 1469 2266 1507 dictum
2286 1478 2357 1507 est:
2381 1471 2488 1519 quod
2506 1480 2631 1520 potest
2655 1483 2666 1495 ⁸

1539 1516 1541 1541 ²
1568 1521 1681 1557 etiarn
1711 1521 1760 1558 ad
1787 1522 1887 1558 mala
1917 1522 2076 1559 extendi.
2107 1523 2156 1559 Et
2183 1522 2288 1570 ideo,
2318 1523 2404 1560 licet
2429 1524 2630 1572 prudentia
2673 1527 2680 1537 '

1567 1573 1785 1622 simpliciter
1804 1574 1902 1610 dicta
1930 1574 1968 1610 in
1987 1574 2092 1612 bono
2117 1575 2331 1624 accipiatur,
2352 1575 2480 1625 aliquo
2499 1583 2629 1622 tamen

1568 1626 1695 1663 addito
1723 1634 1848 1675 potest
1875 1626 1993 1675 accipi
2022 1627 2060 1664 in
2089 1627 2203 1665 malo.
2237 1629 2286 1665 Et
2314 1629 2527 1667 secundum
2553 1630 2630 1674 hoc

1568 1678 1702 1715 dicitur
1729 1679 1929 1727 prudentia
1958 1680 2080 1716 carnis
2109 1692 2190 1717 esse
2218 1689 2429 1729 peccatum.

1619 1733 1679 1768 An
1707 1743 1897 1768 SECUNDUM
1930 1733 2112 1769 morannum
2140 1734 2244 1781 quod
2274 1746 2362 1770 caro
2391 1741 2446 1771 est
2473 1742 2629 1784 propter

1567 1783 1732 1820 animam
1761 1785 1855 1820 sicut
1874 1784 2031 1821 materia
2058 1793 2215 1833 propter
2243 1786 2406 1823 formam
2436 1794 2472 1823 et
2496 1787 2630 1824 instru-

1567 1844 1740 1872 mentum
1768 1844 1924 1885 propter
1951 1837 2156 1886 principale
2176 1850 2302 1886 agens.
2334 1840 2382 1875 Et
2401 1839 2488 1876 ideo
2517 1840 2570 1876 sic
2588 1840 2628 1877 li-

1568 1889 1638 1925 cite
1668 1889 1828 1936 diligitur
1848 1901 1936 1926 caro
1965 1897 2006 1926 ut
2025 1890 2219 1927 ordinetur
2237 1891 2286 1928 ad
2314 1891 2461 1928 bonurn
2481 1893 2630 1930 animae

1567 1941 1662 1977 sicut
1681 1942 1728 1978 ad
1748 1942 1879 1978 finem.
1901 1942 1941 1978 Si
1961 1950 2088 1979 autem
2109 1943 2147 1980 in
2166 1943 2249 1992 ipso
2269 1944 2374 1980 bono
2394 1945 2516 1982 carnis
2537 1957 2628 1982 con-

1567 1994 1738 2030 stituatur
1773 1994 1928 2031 ultimus
1956 1995 2062 2042 finis,
2103 1996 2171 2032 erit
2202 1996 2414 2033 inordinata
2443 2005 2479 2033 et
2506 1998 2631 2036 illicita

1568 2046 1729 2084 dilectio.
1768 2048 1817 2083 Et
1843 2048 1918 2083 hoc
1946 2048 2065 2085 modo
2095 2049 2143 2086 ad
2173 2061 2346 2086 amorem
2377 2050 2497 2087 carnis
2530 2051 2629 2088 ordi-

1567 2106 1677 2136 natur
1704 2100 1904 2148 prudentia
1933 2101 2066 2138 carnis.

1619 2154 1678 2189 An
1706 2164 1866 2190 TERT1UM
1885 2165 2069 2191 DICENDUM
2090 2155 2196 2202 quod
2225 2153 2400 2191 diabolus
2419 2167 2490 2191 nos
2513 2162 2631 2193 tentat

1567 2217 1645 2241 non
1672 2217 1741 2253 per
1760 2205 1922 2242 modum
1943 2206 2167 2255 appetibilis,
2189 2206 2256 2243 sed
2274 2219 2343 2255 per
2362 2207 2523 2244 modum
2542 2221 2628 2256 sug-

1566 2257 1740 2304 gerentis.
1775 2258 1823 2293 Et
1851 2257 1949 2304 ideo,
1981 2271 2068 2295 cum
2096 2259 2296 2307 prudentia
2324 2259 2502 2308 importet
2530 2261 2630 2298 ordi-

1566 2321 1655 2346 nem
1685 2310 1734 2346 ad
1762 2310 1927 2358 aliquem
1957 2311 2074 2347 finem
2104 2311 2360 2359 appetibilem,
2390 2325 2469 2349 non
2495 2313 2545 2350 ita
2573 2314 2627 2351 di-

1566 2362 1660 2398 citur
1689 2363 1892 2410 prudentia
1927 2363 2070 2400 diaboli
2095 2363 2191 2400 sicut
2217 2365 2417 2412 prudentia
2453 2373 2627 2415 respectu

1565 2414 1722 2451 alicuius
1751 2415 1840 2451 mali
1868 2415 1975 2461 finis,
2006 2417 2075 2452 sub
2105 2416 2212 2453 cuius
2241 2416 2384 2454 ratione
2412 2425 2529 2456 tentat
2555 2431 2627 2456 nos

1564 2467 1731 2504 mundus
1760 2475 1796 2503 et
1825 2479 1924 2514 carc,
1954 2468 2180 2516 inquantum
2208 2469 2346 2506 scilicet
2364 2479 2629 2519 proponuntur

1565 2519 1676 2557 nobis
1696 2519 1745 2556 ad
1765 2520 2023 2568 appetendum
2054 2522 2156 2558 bona
2175 2522 2308 2559 mundi
2336 2524 2397 2559 vel
2417 2524 2549 2561 carnis.
2579 2525 2629 2561 Et

1564 2572 1652 2609 ideo
1682 2572 1816 2609 dicitur
1836 2574 2039 2620 prudentia
2067 2575 2204 2620 carnis,
2235 2582 2270 2611 et
2299 2576 2410 2612 etiam
2425 2577 2627 2624 prudentia

1565 2625 1715 2671 mundi,
1745 2625 1957 2662 secundum
1994 2627 2086 2664 illud
2125 2628 2217 2664 Luc.
2246 2639 2304 2664 xv¹
2332 2628 2372 2665 *τ
2402 2629 2491 2665 Filii
2515 2630 2628 2666 huius

1537 2706 1539 2711 .
1563 2678 1706 2714 saeculi
1725 2678 1987 2726 prudentiores
2013 2685 2099 2717 sunt
2125 2681 2161 2716 in
2190 2682 2433 2729 generatione
2458 2694 2528 2719 sua
2557 2690 2626 2720 etc.

1565 2731 1772 2779 Apostolus
1801 2738 1929 2767 autem
1966 2740 2088 2769 totum
2118 2734 2407 2782 comprehendit
2441 2735 2512 2771 sub
2539 2747 2627 2783 pru-

1565 2783 1691 2820 dentia
1728 2783 1868 2829 carnis,
1898 2783 1986 2832 quia
2015 2785 2128 2821 etiam
2158 2785 2362 2823 exteriores
2400 2799 2459 2823 res
2492 2787 2626 2824 mundi

1566 2835 1779 2884 appetimus
1807 2844 1962 2884 propter
1990 2849 2156 2875 carnem.

1619 2889 1749 2924 Potest
1770 2896 1900 2925 tamen
1924 2889 1996 2926 dici
2021 2890 2126 2938 quod
2149 2891 2239 2938 quia
2259 2889 2274 2920 β
2301 2891 2503 2939 prudentia
2531 2904 2626 2941 quo-

1567 2941 1778 2977 dammodo
1815 2941 1949 2978 dicitur
1986 2943 2186 2990 sapientia,
2224 2951 2266 2980 ut
2293 2956 2408 2992 supra
2435 2944 2455 2965 ’¹‘
2483 2944 2624 2982 dictum
2655 2955 2666 2964 ·

1568 3001 1633 3037 est,
1662 2994 1749 3030 ideo
1770 2994 1982 3031 secundum
2002 3003 2076 3032 tres
2096 2995 2320 3033 tentationes
2339 3004 2464 3046 potest
2477 2996 2628 3045 intelligi
2653 2986 2665 3002 ²

1565 3046 1697 3094 triplex
1716 3046 1928 3094 prudentia.
1950 3048 2060 3085 Unde
2080 3053 2095 3076 Υ
2125 3049 2258 3086 dicitur
2279 3051 2354 3086 Iac.
2378 3061 2413 3086 111
2432 3049 2453 3071 *
2480 3050 2627 3099 sapien-

1566 3099 1616 3136 tia
1645 3110 1726 3135 esse
1754 3104 1915 3145 terrena,
1944 3101 2131 3147 animalis,
2169 3102 2369 3147 diabolica,
2398 3109 2439 3138 ut
2467 3115 2581 3151 supra
2607 3102 2628 3124 ’¹‘

1568 3151 1779 3200 expositum
1808 3159 1862 3188 est
1890 3165 1978 3190 cum
2007 3153 2055 3191 de
2083 3153 2266 3203 sapientia
2293 3162 2480 3202 ageretur.

511 3262 537 3294 α)
556 3262 644 3287 etiam.
662 3276 681 3281 -
699 3262 760 3287 Om.
780 3262 848 3291 PEa,
867 3263 947 3287 etiam
968 3266 1087 3288 tentatur
1106 3264 1137 3288 G.

511 3302 535 3335 β)
554 3303 625 3335 quia.
643 3303 742 3334 —4Om.
767 3303 876 3334 BGlsK;
896 3311 943 3335 pro
963 3305 1035 3333 ideo,
1055 3308 1080 3329 et
1099 3305 1159 3330 ideo
1183 3305 1419 3337 ABEFGHKpCsR
1438 3310 1463 3329 et
1481 3313 1515 3336 κς

457 3345 546 3376 quia...
567 3345 625 3369 ideo
643 3353 696 3369 om.
715 3345 782 3377 Dpa.

1621 3264 1647 3296 γ)
1671 3264 1754 3289 Unde.
1766 3278 1785 3283 -
1801 3265 1850 3289 Ubi
1861 3265 1989 3295 ABFle,
2008 3265 2042 3289 Ue
2055 3265 2200 3292 CDEGHR.
2209 3279 2228 3286 -
2238 3266 2288 3291 Pro
2307 3267 2466 3299 expositum,
2481 3267 2581 3292 dictum
2595 3267 2628 3299 D,

1569 3306 1685 3330 habitum
1706 3306 1753 3330 Pa.

2653 2645 2744 2668 ‘Va-n.
2761 2646 2782 2668 8.

2675 2954 2723 2981 Qu.
2738 2959 2809 2981 ιινιι,
2821 2958 2864 2975 art.

2668 2996 2674 3007 ‚
2689 2986 2703 3002 ι
2743 2996 2748 3002 .

2654 3081 2666 3092 ·
2679 3079 2746 3102 Ver-s.
2760 3085 2788 3108 ¹5-

2654 3106 2722 3154 dep.
2733 3112 2785 3134 nv,
2795 3110 2836 3128 nrt.
2851 3112 2870 3133 ι,
