2892 4056
108 1184 120 1196 “
127 1183 194 1206 νεα.
202 1184 240 1206 6.-
248 1184 320 1206 Απὼ.

1006 199 1272 245 QUAESTIO
1302 199 1424 246 XVII,

400 278 460 313 An
489 288 626 313 PR1MUM
655 288 753 314 ERGO
787 289 970 314 manDuM
996 278 1120 325 quod,
1149 277 1244 314 sicut
1273 277 1409 314 Glossa
1435 275 1437 278 ’

347 329 492 367 ibidem
520 329 663 376 subdit,
693 342 779 378 spes
809 330 942 367 dicitur
969 330 1141 366 introitus
1173 330 1284 376 fidei,
1314 329 1409 366 idest

347 382 401 420 rei
431 382 604 428 creditae,
626 383 714 430 quia
727 395 800 431 per
826 395 928 431 spem
948 383 1110 420 intratur
1133 383 1183 419 ad
1208 383 1409 420 videndum

347 435 441 472 illud
467 436 568 483 quod
593 436 766 473 creditur.
788 457 812 464 —
831 436 901 472 Vel
935 443 1058 484 potest
1087 435 1159 472 dici
1188 435 1292 483 quod
1322 443 1377 472 est
1395 433 1409 457 ⁶
1436 471 1437 474 ,

346 487 520 525 introitus
548 488 638 525 fidei
663 489 751 536 quia
771 501 839 537 per
866 500 952 525 eam
980 489 1098 525 homo
1127 488 1239 526 intrat
1267 490 1315 527 ad
1335 490 1409 525 hoc
1435 485 1438 551 ἰ

348 540 454 588 quod
481 540 688 578 stabiliatur
716 549 751 578 et
778 541 996 590 perficiatur
1023 541 1060 577 in
1089 541 1178 578 fide.

400 596 457 630 An
478 605 669 630 SECUNDUM
689 605 873 631 DICENDUM
893 594 996 642 quod
1017 593 1055 630 in
1076 594 1296 631 definitione
1320 594 1411 631 fidei

1454 199 1749 253 ARTICULUS
1777 199 1863 235 VIII
2449 210 2461 234 1
2472 199 2518 235 33

1463 276 1617 324 ponitur
1654 289 1712 313 res
1748 276 1933 325 speranda
1975 275 2063 325 quia
2097 276 2294 324 proprium
2331 276 2521 313 obiectum

1435 337 1437 378 ς
1464 329 1553 366 fidei
1574 338 1628 366 est
1648 342 1724 366 non
1744 335 1756 350 ε
1776 341 1963 378 apparens
1982 329 2193 366 secundum
2215 328 2395 377 seipsum.
2412 329 2522 366 Unde

1436 388 1437 391 ’
1463 382 1531 418 fuit
1559 382 1814 419 necessarium
1838 389 1879 418 ut
1907 382 2073 431 quadam
2094 381 2430 418 circumlocutione
2460 382 2523 418 de-

1464 434 1672 482 signaretur
1699 447 1768 483 per
1795 435 1833 472 id
1862 436 1965 483 quod
1991 434 2235 482 consequitur
2263 435 2311 471 ad
2339 434 2468 471 fidem.

1516 489 1576 524 AD
1604 499 1765 524 TERTmM
1797 499 1980 524 DICENDUM
2010 487 2115 535 quod
2151 499 2229 524 non
2257 487 2381 524 omnis
2418 494 2523 524 actus

1436 553 1437 585 ᾗ
1464 540 1677 577 meritorius
1705 541 1820 577 habet
1847 553 1955 589 spem
1979 542 2294 589 praecedentem:
2324 540 2391 577 sed
2420 540 2524 576 suffi-

1436 597 1439 629 ἰ
1465 593 1512 630 cit
1539 593 1569 629 si
1597 594 1736 629 habeat
1765 593 2085 630 concomitantem
2114 594 2175 630 vel
2211 600 2521 642 consequentem.

399 706 424 739 δ)
443 708 515 740 quod
533 712 582 734 est.
599 722 618 727 —
636 708 708 740 quod
725 708 804 737 ΑΒΗ,
822 702 894 740 quod
912 707 1012 732 dicitur
1031 708 1061 736 D,
1080 715 1134 732 om.
1153 708 1223 732 CIsK
1243 713 1269 732 et
1286 715 1314 733 x.

1513 709 1535 739 ε)
1555 710 1595 742 est
1613 714 1675 732 non.
1693 721 1712 726 —
1731 715 1783 732 non
1803 711 1843 732 est
1862 707 1913 732 PG.

1301 776 1341 783 „tv
1364 778 1475 784 2„ch
1511 778 1517 781 s
1551 778 1559 780 c

1125 833 1441 876 ARTICULUS
1472 833 1743 876 OCTAVUS

1082 918 1239 948 UTRUM
1263 918 1447 948 CARITAS
1471 918 1537 948 SIT
1561 918 1690 948 Paion
1714 918 1787 949 SPE

719 996 742 1021 1·
762 995 818 1027 11⁸⁶,
838 1003 882 1028 qu.
902 1003 961 1026 Lxu,
981 1000 1027 1020 art.
1046 1003 1076 1027 4;
1096 996 1126 1020 111
1147 996 1234 1025 Seni„
1255 996 1314 1020 dist.
1332 1003 1398 1026 xxvi,
1417 1003 1462 1028 qu.
1479 1000 1513 1026 ιι,
1533 1000 1579 1020 art.
1600 995 1623 1026 3,
1643 996 1693 1028 qu⁸
1714 1003 1740 1026 2;
1762 997 1803 1020 De
1822 996 1926 1026 Virtut„
1946 1005 1991 1029 qu.
2010 1005 2042 1027 iv,
2063 1002 2109 1022 art.
2130 997 2152 1021 3.

403 1079 439 1096 «ν
462 1082 534 1125 ‘²⁵51'
556 1078 579 1103 n
600 1078 774 1103 oc’rAvum
794 1074 1107 1103 Sic'PROCEmTUR.
1128 1066 1286 1103 Videtur
1305 1067 1410 1115 quod

380 1078 408 1113 ³2:
467 1103 470 1109 ,
503 1107 507 1110 ⁴

374 1105 693 1176 Vfflcaritas
712 1119 758 1156 sit
776 1119 879 1169 prior
898 1132 977 1168 spe.
1002 1119 1102 1156 Dicit
1121 1120 1224 1157 enim
1239 1121 1409 1157 ‚Ambro-

365 1172 529 1250 ,ῖεὲἷ
558 1172 646 1220 sius,
668 1185 782 1221 super
801 1172 890 1210 illud
911 1173 1003 1209 Luc.
1028 1185 1100 1210 xvn
1119 1172 1150 1220 ²¹⁶,
1174 1188 1192 1206 «
1213 1173 1252 1210 Si
1266 1173 1409 1209 habue-
1434 1165 1436 1202 ἶ

360 1234 363 1239 ,
404 1239 413 1249 μ,
461 1246 467 1247 ἶ
490 1234 502 1253 )

517 1213 529 1236 N

345 1278 411 1315 Ex
417 1278 745 1326 fidns‘t‘caritas,
766 1291 815 1315 ex
833 1279 988 1316 caritate
1005 1290 1098 1327 spes.
1126 1279 1202 1316 Sed
1230 1279 1327 1316 fides
1357 1287 1412 1316 est

345 1331 453 1381 prior
479 1331 643 1369 caritate.
673 1332 775 1380 Ergo
805 1331 938 1369 caritas
967 1339 1022 1368 est
1047 1331 1152 1380 prior
1179 1345 1257 1381 spe.

402 1396 437 1422 2.
467 1385 710 1431 Pium-enm,
739 1384 972 1432 Augustinus
1001 1383 1106 1431 dicit,
1135 1385 1225 1421 XIV
1253 1385 1298 1422 de
1330 1385 1409 1422 Civ.

484 1238 488 1244 ’
532 1225 637 1263 ritis
656 1225 776 1263 fidem
802 1226 899 1262 sicut
917 1237 1078 1274 granum
1102 1226 1252 1275 sinapis,
1275 1233 1344 1263 etc.
1370 1239 1408 1263 »ε
1435 1246 1437 1250 «

1434 1066 1438 1085 ¹
1463 1077 1573 1102 amor
1601 1074 1657 1102 est
1694 1078 1771 1114 quo
1801 1067 1934 1116 aliquis
1970 1068 2182 1104 secundum
2210 1080 2249 1104 se
2287 1076 2455 1116 amatur,
2484 1077 2525 1106 ut

1462 1127 1554 1168 puta
1583 1119 1642 1156 cui
1662 1119 1796 1168 aliquis
1823 1121 1905 1156 vult
1923 1118 1936 1141 ὅ
1965 1121 2126 1157 bonum:
2158 1120 2251 1157 sicut
2274 1122 2393 1158 homo
2422 1131 2524 1159 amat

1463 1172 1644 1209 amicum.
1683 1173 1929 1222 Imperfectus
1959 1185 2068 1210 amor
2105 1181 2159 1209 est
2187 1186 2263 1222 quo
2301 1174 2385 1222 quis
2422 1183 2525 1212 amat

1464 1225 1605 1273 aliquid
1625 1237 1703 1262 non
1722 1225 1934 1263 secundum
1954 1225 2092 1274 ipsum,
2113 1225 2180 1262 sed
2207 1234 2249 1263 ut
2267 1227 2359 1264 illud
2377 1228 2523 1264 bonum

1435 1275 1437 1336 ἶ
1464 1277 1534 1315 sibi
1553 1278 1623 1327 ipsi
1650 1278 1870 1327 proveniat:
1901 1279 1996 1316 sicut
2023 1280 2142 1316 homo
2167 1287 2270 1316 amat
2298 1291 2378 1316 rem
2407 1292 2523 1328 quam

1435 1338 1437 1359 l
1465 1331 1707 1380 concupiscit.
1729 1331 1880 1368 Primus
1904 1339 2032 1368 autem
2053 1343 2161 1368 amor
2179 1331 2278 1368 Dei·
2297 1332 2458 1381 pertinet
2476 1334 2525 1371 ad

1436 1396 1438 1444 l
1465 1384 1670 1431 caritatem,
1691 1396 1789 1432 quae
1809 1384 1978 1421 inhaeret
1996 1385 2081 1421 Deo
2101 1385 2313 1422 secundum
2333 1385 2523 1434 seipsum:

106 1434 239 1476 *ssfflffi
346 1437 423 1474 Dei
437 1436 470 1485 *,
491 1438 596 1486 quod
623 1438 712 1475 boni
739 1442 860 1474 motus
883 1443 994 1485 atque
1020 1437 1177 1486 affectus
1204 1449 1254 1473 ex
1280 1449 1412 1474 amore
1436 1445 1437 1478 Ῑ
1465 1436 1530 1473 sed
1569 1449 1656 1484 spes
1692 1436 1854 1484 pertinet
1890 1438 1938 1474 ad
1967 1438 2177 1474 secundum
2212 1449 2407 1486 amorem,
2436 1439 2525 1487 quia

311 1490 313 1492 ’
346 1495 384 1529 et
398 1495 529 1528 sancta
550 1491 706 1527 caritate
726 1490 888 1528 veniunt.
921 1490 997 1526 Sed
1018 1501 1181 1538 sperare,
1199 1491 1411 1527 secundum
1436 1495 1438 1529 ξ
1464 1489 1523 1525 ille
1553 1489 1615 1538 qui
1645 1497 1770 1537 sperat
1796 1489 1936 1538 aliquid
1965 1490 2035 1526 sibi
2070 1490 2242 1527 obtinere
2270 1491 2439 1528 intendit.
2477 1492 2527 1528 Et

106 1574 174 1589 ‚um
309 1574 312 1578 .
347 1543 454 1593 quod
489 1550 544 1580 est
580 1551 685 1580 actus
714 1542 814 1591 spei⁷
845 1550 900 1578 est
937 1542 1093 1591 quidam
1130 1543 1256 1579 bonus
1293 1543 1411 1580 animi
1464 1541 1552 1578 ideo
1582 1541 1619 1578 in
1647 1542 1712 1578 via
1739 1542 1991 1589 generationis
2020 1554 2106 1590 spes
2135 1550 2190 1579 est
2226 1543 2330 1592 prior
2362 1543 2524 1580 caritate.

105 1599 194 1648 ,fiij
346 1594 486 1635 motus.
516 1596 620 1645 Ergo
650 1595 843 1632 derivatur
871 1607 893 1632 a
922 1595 1085 1632 caritate.
1437 1624 1438 1631 ,
1466 1594 1572 1631 Sicut
1613 1595 1714 1632 enirn
1755 1594 1888 1643 aliquis
1935 1594 2183 1632 introducitur
2224 1595 2272 1632 ad
2318 1596 2526 1633 amandum

106 1647 196 1682 ἐμέ·
348 1656 349 1659 ’
401 1649 436 1686 3.
457 1649 691 1695 Pur-rmum,
712 1648 893 1696 Magister
921 1648 1019 1695 dicit,
1040 1660 1124 1684 xxw
1154 1648 1237 1685 dist.
1268 1649 1318 1684 III
1347 1649 1410 1686 lib.
1437 1643 1438 1683 l
1465 1648 1592 1684 Deum
1630 1659 1700 1696 per
1727 1647 1801 1684 hoc
1829 1647 1956 1696 quod,
1986 1648 2123 1685 timens
2151 1649 2199 1685 ab
2227 1648 2311 1698 ipso
2339 1649 2464 1698 puniri
2493 1648 2525 1696 ἶ,
2651 1652 2666 1680 ζ

346 1700 460 1748 Sent„
480 1701 587 1751 quod
612 1713 695 1750 spes
723 1713 773 1738 ex
800 1701 941 1738 meritis
962 1702 1149 1750 provenit,
1179 1713 1276 1750 quae
1297 1713 1411 1750 prae·
1466 1708 1588 1738 cessat
1616 1713 1638 1737 a
1665 1707 1835 1750 peccam,
1855 1708 1897 1737 ut
1924 1701 2157 1749 Augustinus
2186 1701 2286 1748 dicit,
2304 1713 2418 1750 super
2443 1703 2526 1739 Pri-

206 1762 224 1780 ·
345 1754 512 1793 cedunt⁰¹
532 1767 609 1792 non
626 1755 746 1791 solum
767 1767 847 1792 rem
866 1760 1067 1803 speratam,
1082 1755 1148 1791 sed
1165 1755 1276 1791 etiam
1295 1766 1410 1802 spem,
1437 1754 1438 1782 l
1465 1765 1568 1790 mam
1602 1753 1833 1790 eanonicam
1871 1754 1979 1790 Ioan.
2000 1753 2040 1798 *ς
2069 1753 2119 1790 ita
2147 1754 2260 1791 etiam
2290 1761 2326 1791 et
2358 1767 2445 1804 spes
2472 1755 2527 1792 in-
2553 1770 2562 1778 ·
2578 1769 2655 1790 rma.
2672 1775 2702 1790 ιχ,

346 1818 462 1859 quam
503 1813 640 1845 natura
677 1809 804 1857 praeit
843 1809 991 1844 caritas.
1035 1807 1181 1844 Caritas
1225 1819 1314 1855 ergo
1357 1816 1412 1844 est
1437 1837 1438 1855 ¹
1464 1806 1628 1844 troducit
1647 1807 1694 1843 ad
1723 1807 1927 1852 caritatem,
1948 1806 2174 1856 inquantum
2203 1807 2347 1855 aliquis,
2369 1820 2526 1857 sperans

346 1861 450 1910 prior
477 1873 557 1911 spe.
1437 1859 1438 1900 l
1466 1860 1698 1897 remunerari
1719 1871 1741 1895 a
1760 1860 1857 1906 Deo,
1874 1860 2092 1896 accenditur
2110 1860 2159 1896 ad
2174 1860 2382 1897 amandum
2398 1862 2524 1898 Deum

400 1914 476 1952 SED
514 1925 660 1951 CONTRA
696 1925 763 1950 EST
790 1913 896 1963 quod
932 1913 1140 1962 Apostolus
1178 1913 1288 1960 dicit,
1320 1914 1333 1949 I
1363 1914 1414 1949 ad
1467 1921 1502 1950 et
1522 1913 1754 1950 servandum
1768 1920 1971 1961 praecepta
1987 1913 2077 1949 eius.
2096 1934 2120 1940 -
2137 1913 2213 1950 Sed
2233 1914 2445 1951 secundum
2467 1926 2526 1951 or-

135 1967 193 1990 Vff·
215 1974 228 1997 ⁵
351 1967 446 2004 Tirn.
462 1978 472 2003 1
487 1966 524 2004 *τ
544 1967 649 2004 Finis
661 1967 858 2015 praecepti
873 1967 1012 2004 caritas
1026 1972 1079 2002 est
1096 1966 1141 2003 de
1159 1966 1272 2002 corde
1284 1977 1382 2014 puro
1397 1964 1412 1994 β
1437 1956 1438 1996 l
1466 1966 1595 2004 dinem
1609 1965 1848 2014 perfectionis
1872 1965 2007 2002 caritas
2027 1966 2244 2002 naturaliter
2262 1965 2367 2014 prior
2393 1975 2457 2004 est.
2479 1967 2529 2004 Et

106 1996 236 2053 nnana.
346 2025 384 2056 et
399 2021 624 2058 conscientia
643 2021 760 2056 bona.-
781 2020 918 2057 GIossa
931 2019 966 2055 *z
988 2020 1081 2056 idest
1096 2031 1170 2067 spe.
1202 2020 1303 2067 Ergo
1325 2031 1411 2068 spes
1436 2014 1438 2058 ἔ
1465 2019 1564 2065 ideo,
1585 2017 1812 2056 adveniente
1833 2018 1994 2065 caritate,
2016 2030 2102 2067 spes
2122 2018 2324 2067 perfectior
2342 2020 2526 2057 redditur:

143 2092 145 2094 ·
347 2078 403 2109 est
429 2073 534 2121 prior
562 2073 726 2110 caritate.
1436 2070 1438 2118 ξ
1466 2072 1555 2121 quia
1575 2072 1622 2108 de
1651 2070 1782 2107 amicis
1803 2071 1967 2107 maxime
1996 2083 2205 2120 speramus.
2236 2072 2285 2108 Et
2304 2073 2378 2109 hoc
2406 2073 2525 2110 modo

399 2126 625 2163 Responmzo
663 2137 847 2163 DlCENDUM
884 2125 989 2174 quod
1026 2125 1165 2174 duplex
1203 2132 1259 2161 est
1300 2125 1409 2161 ordo'.
1437 2124 1438 2127 ’
1465 2125 1554 2162 dicit
1580 2124 1807 2161 Ambrosius
1826 2123 1846 2145 ‘¹‘
1875 2124 1978 2172 quod
2007 2136 2093 2172 spes
2123 2132 2176 2161 est
2205 2136 2250 2160 ex
2281 2126 2446 2162 caritate.
2553 2132 2702 2159 'Cf-arw-

346 2177 455 2216 Unus
474 2178 632 2228 quidem
653 2178 864 2216 secundum
883 2178 987 2215 viam
1005 2177 1258 2227 generationis
1279 2185 1314 2214 et
1331 2189 1412 2214 ma-
1437 2189 1438 2228 ξ

346 2230 463 2269 teriae
481 2236 510 2279 ἵ,
530 2233 744 2270 secundum
778 2243 893 2280 quem
929 2231 1193 2281 imperfectum
1222 2230 1327 2280 prius
1356 2238 1412 2267 est

346 2284 527 2333 perfecto.
566 2284 672 2322 Alius
709 2291 837 2321 autem
876 2284 975 2321 ordo·
1011 2292 1066 2321 est
1099 2283 1339 2332 perfectionis
1377 2285 1438 2324 et=³

347 2337 515 2373 formae:
546 2339 758 2375 secundum
796 2349 912 2386 quem
949 2338 1159 2386 perfectum
1194 2336 1412 2374 naturaliter

348 2389 452 2439 prius
487 2397 542 2426 est
569 2390 803 2439 imperfecto.
844 2391 1065 2428 Secundum
1099 2389 1208 2438 igitur
1243 2389 1410 2438 primum

347 2441 524 2479 ordinem
554 2455 640 2492 spes
670 2451 726 2480 est
751 2443 855 2492 prior
875 2443 1038 2480 caritate.
1069 2443 1186 2488 Quod
1215 2442 1268 2479 sic
1295 2450 1410 2490 patet.

349 2494 450 2542 Quia
474 2507 573 2544 spes,
595 2494 632 2532 et'
651 2495 782 2533 omnis*
805 2495 1033 2545 appetitivus
1052 2502 1192 2540 motus,
1213 2506 1259 2531 ex
1279 2497 1411 2531 amore

316 2579 321 2590 ,
349 2548 560 2586 derivatur:
589 2556 630 2586 ut
658 2561 772 2598 supra
789 2548 809 2570 ’¹‘
837 2548 1008 2585 habiturn
1037 2555 1108 2594 est,
1136 2559 1222 2583 cum
1253 2546 1300 2583 de
1327 2559 1412 2596 pas-

315 2605 321 2637 ἶ
349 2601 520 2638 sionibus
548 2609 733 2650 ageretur.
762 2603 885 2643 Amor
912 2609 1040 2638 autem
1060 2600 1216 2650 quidam
1245 2607 1300 2636 est
1326 2612 1411 2648 per-

349 2654 487 2700 fectus,
519 2655 673 2703 quidam
720 2655 974 2704 imperfectus.
1019 2653 1212 2690 Perfectus
1254 2652 1411 2701 quidem

403 2770 430 2802 ᾳ)
448 2776 517 2802 quae
531 2769 708 2801 praecedunt.
725 2782 744 2787 —
762 2769 833 2801 quod
847 2768 989 2800 praecedit
1007 2769 1039 2799 G,
1057 2775 1125 2800 quae
1139 2768 1281 2800 praecedit
1300 2768 1386 2792 ceteri.

402 2803 428 2838 β)
442 2811 542 2837 puro.—
550 2804 659 2835 bonoG3
673 2811 721 2836 pro
730 2804 885 2836 bona,pura
892 2804 1030 2833 ABGHlm
1041 2807 1067 2829 et
1076 2803 1239 2829 conscientia
1246 2804 1314 2828 bona
1322 2810 1376 2828 om.
1382 2803 1411 2828 C.

401 2840 428 2874 γ)
449 2839 587 2867 materiae.
604 2853 622 2858 -
641 2843 755 2864 naturae
779 2839 1094 2872 PBCDEFGHIKLsApR
1112 2844 1137 2863 et
1156 2846 1201 2864 xa.
1218 2852 1237 2858 -
1255 2838 1306 2863 Pro
1319 2845 1411 2871 quem,

349 2882 429 2908 quam
447 2874 678 2900 ABDEFGHIKL.

403 2908 427 2943 δ)
446 2910 490 2935 cui
507 2910 603 2942 aliquis
622 2911 688 2935 vult.
700 2924 719 2929 —
732 2917 791 2935 cum
809 2909 905 2943 aliquis
920 2910 976 2935 vult
989 2910 1055 2939 DIK,
1068 2917 1128 2934 cum
1141 2909 1237 2941 aliquis
1250 2910 1307 2934 vult
1318 2909 1366 2934 alii
1380 2909 1412 2939 G.
1438 2941 1440 2947 .

349 2953 409 2971 cum
428 2946 489 2970 aliis
508 2946 564 2970 vult
582 2953 607 2974 n,
626 2953 685 2970 cum
705 2945 802 2977 aliquis
820 2946 963 2970 secundum
983 2952 1010 2970 se
1030 2945 1087 2969 uult
1104 2945 1186 2970 alicui
1205 2945 1251 2969 Pa.

1518 2177 1629 2215 Unde
1657 2184 1760 2226 patet
1788 2177 1986 2225 responsio
2015 2178 2062 2214 ad
2091 2177 2268 2226 primum.

1517 2233 1576 2267 An
1612 2241 1802 2267 SECUNDUM
1834 2241 2019 2266 chENDUM
2057 2231 2161 2278 quod
2199 2243 2306 2280 spes,
2337 2238 2373 2267 et
2401 2231 2526 2267 omnis

1464 2291 1592 2321 motus
1612 2282 1851 2332 appetitivus‚
1873 2294 1916 2319 ex
1942 2295 2073 2319 amore
2093 2283 2268 2332 provenit
2288 2283 2427 2331 aliquo,
2449 2296 2526 2333 quo

1436 2334 1438 2352 e
1466 2337 1604 2374 scilicet
1623 2335 1756 2384 aliquis
1781 2343 1883 2372 amat
1903 2336 2049 2372 bonum
2069 2344 2320 2385 expectatum.
2351 2337 2428 2374 Sed
2448 2349 2527 2373 non

1437 2382 1439 2391 ¹
1466 2389 1591 2426 omnis
1619 2401 1706 2438 spes
1733 2388 1910 2438 provenit
1937 2401 1959 2425 a
1988 2388 2159 2426 caritate:
2190 2390 2257 2427 sed
2291 2390 2416 2426 solum
2445 2402 2528 2426 mo-

1464 2451 1524 2480 tus
1553 2442 1632 2490 spei
1659 2442 1854 2488 formatae,
1875 2453 1952 2490 qua
1980 2436 2120 2479 scilicet
2146 2442 2278 2491 aliquis
2307 2450 2432 2491 sperat
2460 2443 2528 2479 bo-

1465 2507 1558 2532 num
1588 2507 1610 2530 a
1637 2495 1722 2530 Deo
1750 2501 1793 2529 ut
1820 2495 1868 2530 ab
1897 2494 2034 2531 amico.

1518 2549 1576 2583 AD
1605 2558 1765 2583 TERTmM
1793 2558 1976 2584 mCENDuM
2013 2547 2118 2596 quod
2146 2548 2326 2596 Magister
2361 2548 2528 2596 loquitur

1466 2600 1513 2637 de
1542 2611 1608 2648 spe
1637 2599 1811 2646 formata,
1831 2611 1948 2647 quam
1975 2599 2192 2637 naturaliter
2215 2600 2407 2650 praecedit
2435 2601 2526 2638 cari-

1464 2660 1533 2699 tas,
1555 2659 1591 2689 et
1617 2652 1751 2694 merita
1780 2663 1824 2688 ex
1853 2651 2004 2689 caritate
2033 2659 2197 2690 causata.
2428 2657 2430 2659 ’

1519 2767 1542 2798 ε)
1564 2767 1622 2792 Dei.
1641 2781 1659 2785 -
1677 2767 1738 2791 Orn.
1759 2767 1810 2791 ΡΙ).
1828 2780 1847 2785 -
1865 2766 1915 2791 Pro
1933 2774 2008 2799 quae,
2027 2774 2080 2799 qua
2099 2767 2128 2792 P.

1518 2802 1544 2834 ζ)
1563 2802 1659 2827 timens
1677 2802 1710 2826 ab
1731 2802 1787 2833 ι’μςο
1801 2802 1906 2834 puniri.
1922 2815 1941 2820 —
1958 2809 2048 2827 omnes
2067 2802 2229 2833 (recedentes
2252 2803 2348 2827 addunt
2366 2803 2475 2836 EFth)
2493 2804 2527 2828 ab

1467 2838 1523 2870 ipso
1543 2836 1705 2872 (recedentes
1723 2837 1793 2862 addit
1811 2837 1857 2871 sB)
1874 2837 1954 2868 punit
1972 2837 2198 2870 BEFGHILpCsA
2217 2843 2241 2862 et
2259 2845 2285 2868 x,
2305 2845 2395 2864 omnes
2417 2838 2450 2864 ab
2469 2839 2526 2870 ipso

1462 2873 1615 2906 puniuntur
1633 2873 1754 2898 timentes
1772 2873 1900 2904 (cessant)
1918 2872 1953 2904 D,
1972 2873 2005 2898 ab
2024 2873 2081 2905 ipso
2101 2873 2196 2898 timens
2210 2873 2306 2905 puniri
2324 2873 2367 2904 sC,
2386 2881 2476 2899 omnes
2493 2875 2527 2899 ab

1466 2916 1497 2934 eo
1511 2909 1665 2941 puniuntur
1683 2916 1708 2938 n,
1728 2914 1795 2941 spat.
1813 2916 1869 2933 vac.
1887 2909 1936 2940 pA,
1956 2908 2047 2933 abrasa
2065 2908 2115 2941 pK.
