2892 4056
199 774 207 782 ‘
218 772 254 794 Cf.
270 778 309 799 qu.
325 779 347 793 iv

199 799 258 820 trod.

200 1916 285 1938 ⁸A1.de
292 1915 409 1942 Sacram„

201 1948 259 1970 part.
274 1943 313 1967 V1,
329 1949 349 1963 c.

206 2468 213 2476 ”
230 2466 296 2488 Vere.
312 2472 341 2487 12.

350 788 355 798 ‚
372 773 408 793 ln-

1166 190 1431 235 QUAEsrio
1460 191 1510 238 V,

1540 191 1833 227 ARTICULUS
1864 193 1876 226 Ι

1140 374 1550 448 QUAESTIO
1582 331 1898 449 vQUINTA

1026 491 1122 531 DE
1187 491 1704 533 HABENTIBUS
1770 493 2016 532 FIDEM

1219 603 1253 627 IN
1283 603 1455 633 QUATUOR
1482 603 1683 628 ARTICULOS
1712 603 1828 629 DlVlSA
1857 613 1865 616 ·

519 729 625 753 EINDE
665 716 984 754 considerandum
1015 726 1070 754 est
1109 718 1155 754 de
1189 718 1415 755 habentibus
1453 718 1524 755 fi-¹

520 770 606 806 dem
628 769 657 805 †.
1026 806 1031 807 ⁷

436 824 484 859 Et
514 823 610 859 circa
638 824 712 859 hoc
741 831 974 871 quaeruntur
1002 831 1175 871 quatuor.

488 876 637 912 Primo:
666 883 792 912 utrum
813 876 967 924 angelus
992 883 1056 912 aut
1083 877 1202 913 homo
1231 876 1269 913 in
1297 877 1421 925 prima
1440 877 1496 914 sui

543 929 759 966 conditione
788 929 962 966 habuerit
989 929 1118 966 fidem.

1605 719 1800 756 Secundo:
1831 728 1956 757 utrum
1985 721 2192 758 daemones
2221 721 2386 758 habeant
2413 723 2543 760 fidem.

1604 772 1755 809 Tertio:
1786 780 1913 810 utrum
1945 774 2120 811 haeretici
2153 783 2319 811 errantes
2352 775 2389 812 in
2419 788 2496 812 uno
2529 776 2613 812 arti-

1658 827 1742 862 culo
1770 827 1861 864 fidei
1897 827 2062 864 habeant
2094 828 2212 864 fidem
2251 829 2298 864 de
2328 827 2407 865 aliis
2436 828 2611 866 articulis.

1606 878 1772 924 Quarto:
1808 887 1935 917 utrum
1967 881 2086 918 fidem
2121 881 2343 918 habentium
2368 886 2385 902 ‘²
2412 894 2511 918 unus
2540 882 2613 919 alio
2736 889 2754 907 ⁸

1658 933 1795 969 habeat
1824 933 2010 970 maiorem
2040 934 2171 971 fidem.

1252 1039 1568 1082 ARTICULUS
1598 1040 1802 1083 PRIMUS

683 1132 836 1162 UTRUM
860 1132 1060 1163 ANGELUS
1085 1133 1174 1163 AUT
1200 1133 1329 1163 Homo
1354 1133 1396 1162 IN
1420 1133 1502 1164 suA
1525 1134 1657 1164 PRIMA
1681 1133 1951 1166 CONDITIONE
1975 1136 2200 1167 HABUERIT
2225 1137 2357 1168 rim-:M

911 1212 978 1236 Part.
999 1212 1016 1242 1y
1036 1219 1080 1244 qu.
1099 1219 1156 1240 xcv,
1176 1217 1221 1236 art.
1243 1211 1271 1242 3;
1291 1211 1311 1235 11
1331 1212 1414 1240 Sent„
1435 1211 1494 1236 dist.
1513 1219 1578 1242 xxix,
1598 1212 1694 1241 art.¹3;
1716 1213 1757 1236 De
1781 1213 1870 1241 verit..
1890 1221 1934 1245 qu.
1954 1221 2023 1245 xvur,
2044 1219 2092 1239 art.
2112 1214 2135 1239 3.

522 1296 531 1311 ι
556 1302 605 1329 ‚4
649 1294 671 1318 D
699 1294 836 1319 PRJMUM
864 1294 916 1318 su:
937 1293 1176 1318 PROCEDlTUR.
1205 1281 1365 1318 Videtur
1392 1282 1496 1329 quod
1523 1287 1530 1308 s
1550 1283 1651 1318 Heb.
1666 1283 2021 1320 X1⁶:Accedentem
2041 1285 2092 1321 ad
2109 1286 2232 1322 Deum
2253 1292 2397 1334 oportet
2415 1289 2568 1324 credere
2583 1293 2612 1324 ἢ.

484 1379 486 1383 ‚
577 1331 804 1388 ''fflangelus
833 1343 897 1371 aut
925 1335 1044 1371 homo
1074 1335 1111 1371 in
1131 1346 1201 1371 sua
1227 1335 1350 1383 prima
1369 1332 1384 1363 β
1410 1347 1498 1371 con·

485 1383 618 1469 ’ἐὲἢῆ
650 1388 790 1424 ditione
814 1387 933 1425 fidem
962 1400 1041 1424 non
1060 1387 1246 1425 habuerit.
1277 1387 1376 1424 Dicit
1396 1388 1498 1424 enirn

493 1452 506 1465 x
526 1446 583 1466 --st

325 1480 408 1522 εἶ’-υ-
437 1493 587 1530 oculum
608 1495 927 1544 contemplationis
947 1507 1021 1532 non
1045 1496 1166 1540 habet,
1195 1496 1320 1531 Deum
1344 1501 1380 1531 et
1404 1507 1500 1544 quae

438 1547 474 1583 in
508 1547 590 1582 Deo
622 1553 707 1584 sunt
742 1549 870 1585 videre
902 1559 976 1585 non
1009 1548 1118 1586 valet.
1160 1548 1236 1585 Sed
1269 1548 1424 1596 angelus
1462 1549 1498 1585 in

438 1607 536 1636 statu
563 1599 709 1648 primae
729 1599 742 1622 δ
773 1601 1018 1648 conditionis,
1053 1610 1138 1639 ante
1168 1601 1499 1639 confirmationem

437 1654 499 1690 vel
527 1654 690 1702 lapsum,
719 1655 851 1692 habuit
869 1655 1022 1692 oculum
1043 1655 1418 1704 contemplationis&
1447 1655 1502 1692 vi-

439 1707 553 1743 debat
582 1708 680 1744 enim
711 1720 770 1745 res
806 1709 844 1745 in
872 1708 1014 1755 Verbo,
1051 1717 1091 1745 ut
1124 1709 1358 1756 Augustinus
1391 1708 1501 1755 dicit,

437 1759 475 1796 in
506 1761 536 1796 II
570 1772 683 1809 super
718 1762 810 1798 Gen.
841 1763 892 1798 ad
925 1762 989 1798 litt.
1019 1761 1039 1783 ’¹‘
1067 1763 1116 1798 Et
1153 1761 1321 1799 similiter
1356 1762 1502 1810 primus

437 1814 557 1850 homo
586 1814 624 1850 in
644 1821 741 1851 statu
769 1815 1010 1852 innocentiae
1037 1815 1189 1852 videtur
1216 1815 1394 1852 habuisse
1414 1828 1503 1852 ocu-

437 1867 517 1903 lum
547 1868 877 1916 contemplationis
906 1876 1101 1918 apertum:
1141 1868 1229 1906 dicit
1258 1869 1359 1906 enim
1390 1870 1502 1917 Hugo

362 1949 409 1963 m,
439 1920 486 1957 de
516 1920 655 1958 Sancto
675 1921 839 1969 Victore,
861 1923 899 1960 in
927 1923 1005 1960 suis
1034 1923 1228 1959 Sententiis
1247 1923 1277 1968 ³³⁶,
1303 1924 1410 1970 quod
1438 1935 1502 1960 no-

436 1974 492 2011 vit
516 1975 644 2020 homo,
675 1975 712 2012 in
740 1976 865 2024 primo
895 1983 1009 2022 statu,
1045 1977 1262 2013 Creatorem
1289 1988 1399 2013 suum
1429 1990 1502 2013 non

438 2040 483 2065 ea
511 2029 724 2078 cognitione
760 2041 857 2078 quae
876 2030 982 2077 soris
1018 2030 1146 2067 auditu
1174 2031 1253 2067 solo
1278 2030 1503 2078 percipitur,

437 2081 504 2118 sed
530 2094 574 2118 ea
602 2094 700 2131 quae
727 2083 825 2120 intus
847 2095 919 2132 per
946 2084 1229 2132 inspirationem
1252 2083 1503 2121 ministratur:

439 2147 514 2172 non
552 2146 597 2171 ea
639 2147 714 2183 qua
747 2138 851 2174 Deus
892 2138 1004 2174 modo
1036 2150 1060 2174 a
1099 2137 1330 2174 credentibus
1371 2138 1504 2175 absens

427 2189 512 2236 fide
540 2189 746 2237 quaeritur,
774 2191 841 2227 sed
866 2202 911 2227 ea
940 2203 1014 2239 qua
1038 2202 1111 2240 per
1133 2191 1389 2239 praesentiam
1418 2203 1505 2228 con-

441 2242 688 2290 templationis
716 2244 949 2292 manifestius
977 2246 1211 2282 cernebatur.
1251 2245 1352 2292 Ergo
1385 2245 1503 2282 homo

440 2296 503 2332 vel
541 2296 698 2343 angelus
734 2297 772 2333 in
807 2305 904 2334 statu
941 2297 1087 2346 primae
1126 2297 1352 2335 conditionis
1388 2298 1505 2335 fidem

442 2360 523 2389 non
548 2349 691 2386 habuit.

497 2414 531 2439 2.
562 2403 796 2448 Pmmmm,
818 2402 981 2450 cognitio
1001 2403 1092 2439 fidei
1113 2410 1167 2439 est
1195 2402 1444 2450 aenigmatica
1473 2411 1507 2440 et

444 2455 623 2492 obscura:
649 2455 860 2492 secundum
881 2456 973 2493 illud
994 2457 1007 2492 I
1028 2457 1080 2493 ad
1097 2456 1184 2493 Cor.
1200 2455 1305 2492 X111²¹‘:
1333 2457 1507 2494 Videmus

444 2521 543 2546 nunc
574 2521 647 2557 per
676 2509 867 2557 speculum
900 2509 936 2546 in
970 2511 1196 2558 aenigmate.
1235 2510 1312 2546 Sed
1344 2509 1383 2546 in
1411 2517 1506 2546 statu

442 2562 589 2611 primae
610 2561 836 2599 conditionis
865 2575 942 2599 non
971 2563 1039 2599 fuit
1061 2562 1186 2611 aliqua
1206 2562 1414 2599 obscuritas
1442 2575 1507 2599 ne-

443 2628 518 2664 que
546 2615 585 2652 in
614 2614 770 2652 homine
799 2609 924 2664 neque
952 2616 989 2652 in
1018 2617 1174 2663 angelo:
1213 2616 1301 2663 quia
1333 2617 1507 2653 tenebro-

444 2670 532 2706 sitas
553 2676 608 2705 est
625 2681 751 2718 poena
770 2669 926 2717 peccati.
949 2670 1051 2718 Ergo
1072 2669 1168 2706 fides
1187 2668 1225 2705 in
1246 2676 1343 2706 statu
1362 2669 1508 2718 primae

446 2722 671 2760 conditionis
697 2735 779 2759 esse
800 2736 877 2760 non
905 2723 1028 2771 potuit
1055 2735 1179 2772 neque
1200 2722 1238 2759 in
1258 2722 1415 2759 homine
1444 2734 1510 2759 ne-

446 2788 519 2825 que
548 2776 588 2812 in
616 2776 762 2824 angelo.

502 2830 535 2866 3.
566 2830 808 2875 Pmmeam,
839 2829 1047 2877 Apostolus
1081 2828 1186 2874 dicit,
1216 2828 1267 2864 ad
1292 2829 1404 2865 Rom.
1428 2839 1451 2864 x
1470 2827 1508 2874 ²¹⁶,

447 2881 552 2930 quod
570 2882 671 2930 fides
698 2888 752 2919 est
778 2894 828 2919 ex
854 2882 983 2919 auditu
1004 2880 1026 2918 ζ,
1066 2882 1141 2919 Sed
1170 2882 1246 2918 hoc
1273 2881 1403 2918 locum
1431 2893 1511 2917 non

447 2935 578 2972 habuit
605 2935 643 2972 in
671 2936 795 2983 primo
832 2943 929 2972 statu
964 2935 1154 2983 angelicae
1185 2934 1409 2972 conditionis
1446 2941 1513 2972 aut

447 2989 658 3025 humanae:
680 3002 757 3026 non
778 2989 879 3026 enim
897 2996 973 3026 erat
993 2988 1044 3025 ibi
1064 2988 1213 3026 auditus
1233 2988 1280 3024 ab
1300 2987 1385 3024 alio.
1408 2987 1509 3035 Ergo

448 3041 545 3078 fides
561 3041 599 3078 in
615 3048 712 3078 statu
730 3042 793 3078 illo
814 3054 892 3078 non
913 3049 991 3078 erat
1006 3054 1130 3091 neque
1151 3042 1189 3079 in
1207 3040 1365 3078 homine
1385 3053 1510 3089 neque

449 3094 486 3131 in
516 3095 663 3142 angelo.

505 3148 579 3184 SED
621 3159 766 3184 CONTRA
808 3159 874 3184 as‘r
915 3148 1019 3196 quod
1061 3148 1268 3196 Apostolus
1311 3147 1422 3194 dicit,
1460 3148 1511 3184 ad

503 3285 531 3317 α)
543 3284 628 3317 fidem
648 3282 839 3308 habentium-
857 3282 1007 3307 habentium
1027 3282 1243 3315 ABDFHKLpC,
1263 3281 1414 3307 habentium
1427 3282 1511 3315 fidem

450 3328 475 3350 n,
494 3328 548 3345 om.
568 3319 600 3344 G.

504 3354 529 3388 β)
549 3361 598 3379 sua
613 3354 713 3386 prima.
727 3367 746 3372 -
759 3353 852 3384 prima
870 3353 912 3377 sui
930 3353 981 3377 EL.

503 3391 529 3423 γ)
553 3389 696 3415 Victore.-
720 3389 746 3413 in
765 3388 820 3413 suis
844 3388 981 3413 sententiis
1000 3389 1071 3421 quod
1094 3389 1162 3413 addit
1181 3389 1214 3419 P;
1240 3388 1330 3413 eadem
1353 3394 1413 3420 post
1435 3388 1513 3413 habet

451 3426 520 3451 addit
538 3428 670 3457 apertum.

504 3460 528 3488 ὃ)
545 3460 658 3492 primae.
671 3474 686 3478 -
707 3466 772 3484 suae
787 3460 893 3491 primae
912 3459 958 3484 Ρα.

506 3504 527 3528 ε)
547 3495 785 3527 contemplationis.
797 3509 815 3514 -
834 3498 955 3526 apertum
975 3495 1044 3519 addit
1063 3495 1090 3519 P.

1535 3095 1538 3123 ἲ
1563 3102 1692 3141 tatem,
1722 3094 1789 3131 sed
1818 3094 1855 3131 in
1883 3094 2071 3131 intellectu
2100 3107 2169 3143 per
2188 3094 2319 3142 fidem,
2340 3102 2382 3132 ut
2401 3107 2514 3143 supra
2531 3097 2551 3117 *¹
2570 3095 2626 3133 di-

2643 1298 2651 1306 ·
2669 1295 2735 1319 Vere.
2750 1296 2774 1318 6.

1553 1335 1630 1372 Sed
1659 1336 1814 1384 angelus
1850 1344 1885 1373 et
1920 1338 2040 1373 homo
2077 1338 2115 1374 in
2148 1338 2205 1374 sui
2237 1339 2361 1387 prima
2399 1340 2615 1378 conditione
2740 1333 2755 1355 η

1553 1397 1666 1479 {alranltD
1685 1388 1734 1479 int
1753 1396 1849 1426 statu
1878 1390 2085 1427 accedendi
2105 1392 2153 1428 ad
2174 1392 2313 1428 Deum.
2343 1393 2445 1441 Ergo
2465 1394 2543 1431 fide
2562 1393 2616 1430 in-

1580 1454 1639 1490 ige
1669 1455 1717 1479 an
1736 1471 1744 1479 .

1607 1497 1834 1532 RESPONDEO
1874 1508 2058 1533 DicENDuM
2100 1498 2206 1546 quod
2249 1498 2403 1546 quidam
2431 1499 2451 1520 ⁵⁴
2487 1491 2617 1537 dicunt
2642 1507 2790 1556 'fg-gg*-
2805 1508 2854 1556 31}-

1555 1549 1660 1597 quod
1689 1549 1726 1586 in
1756 1549 1898 1596 angelis
1927 1556 2013 1586 ante
2042 1550 2372 1588 confirmationem
2396 1559 2432 1588 et
2450 1553 2614 1603 lapsum,
2641 1540 2687 1582 t...
2711 1559 2763 1582 ¹¹¹¹-
2791 1546 2856 1583 ἕκωῖ

1620 1602 1627 1608 .
1783 1602 1789 1608 .
2357 1605 2364 1611 .
2646 1587 2724 1609 Ttoeot.
2738 1589 2796 1615 pun.
2811 1587 2855 1613 111,

1555 1609 1592 1638 et
1619 1615 1656 1639 1n
1685 1603 1841 1639 homme
1870 1610 1957 1639 ante
1982 1611 2196 1652 peccatum,
2217 1616 2296 1642 non
2314 1605 2383 1642 suit
2400 1606 2508 1654 fides,
2529 1617 2616 1656 pro·
2642 1614 2855 1662 effitffghssffigg

1554 1663 1638 1704 pter
1666 1655 1904 1692 manifestam
1926 1658 2289 1706 contemplationem
2309 1670 2408 1706 quae
2427 1667 2518 1697 tunc
2537 1668 2616 1700 erat
2642 1646 2855 1721 ffiffi‘i-''ffaffl'

1556 1709 1604 1746 de
1633 1710 1746 1746 rebus
1775 1709 1925 1747 divinis.
1955 1710 2032 1747 Sed
2061 1722 2149 1748 curn
2168 1711 2266 1748 fides
2285 1711 2332 1748 sit
2349 1719 2617 1762 argumentum
2703 1709 2708 1719 '
2751 1709 2783 1719 ”
2824 1708 2855 1714 ”

1556 1774 1630 1799 non
1649 1763 1924 1811 apparentium,
1945 1763 2159 1800 secundum
2178 1766 2406 1814 Apostolum
2428 1765 2467 1810 *ς
2499 1773 2535 1804 et
2548 1777 2619 1815 per
2647 1782 2655 1790 ·
2669 1764 2707 1802 Aa
2719 1779 2790 1807 nei„
2805 1786 2855 1807 ap.

1546 1816 1666 1862 fidem
1695 1816 1898 1853 credantur
1925 1828 1970 1853 ea
1998 1828 2095 1865 quae
2122 1830 2197 1854 non
2224 1819 2408 1865 videntur,
2428 1822 2619 1871 ut=·Augu·
2645 1813 2753 1834 '‘''vm'
2769 1813 2785 1828 ''

1556 1868 1676 1906 stinus
1705 1869 1792 1906 dicit
1812 1869 1849 1906 *ε
1879 1869 1939 1905 illa
1958 1870 2039 1906 sola
2058 1871 2311 1909 manifestatio
2340 1872 2504 1910 excludit
2530 1872 2621 1914 fidei
2646 1881 2858 1930 LxTffi-uglgb

2646 1934 2747 1988 W
2765 1934 2856 1963 Evang.

2681 1976 2688 1984 .
2732 1966 2772 2014 ςόι.
2779 1967 2857 1983 xxxix.

1556 1922 1833 1971 rationempper
1852 1934 1969 1971 quarn
1991 1923 2158 1960 redditur
2171 1921 2184 1945 ⁰
2204 1937 2394 1974 apparens
2412 1926 2475 1963 vel
2492 1926 2619 1966 visum

1556 1975 1596 2012 id
1616 1976 1663 2013 de
1681 1988 1760 2024 quo
1780 1976 2034 2025 principaliter
2049 1984 2104 2014 est
2122 1977 2231 2015 fides.
2260 1978 2472 2027 Principale
2492 1987 2620 2020 autem

1557 2029 1752 2066 obiectum
1781 2029 1872 2066 fidei
1901 2038 1956 2067 est
1974 2030 2114 2068 veritas
2132 2030 2269 2079 prima,
2290 2031 2397 2069 cuius
2415 2032 2514 2070 visio
2532 2033 2622 2070 bea-

1557 2090 1617 2119 tos
1644 2082 1730 2120 facit
1765 2091 1802 2120 et
1832 2082 1923 2119 fidei
1961 2084 2140 2120 succedit.
2184 2084 2283 2121 Cum
2320 2084 2432 2133 igitur
2466 2086 2622 2135 angelus

1558 2143 1645 2172 ante
1683 2136 2037 2184 confirmationem,
2067 2144 2108 2174 et
2136 2137 2256 2174 horno
2292 2146 2377 2176 ante
2406 2146 2620 2188 peccatum,

1558 2201 1636 2227 non
1664 2189 1797 2226 habuit
1823 2189 1926 2227 illam
1954 2189 2226 2227 beatitudinem
2253 2203 2331 2238 qua
2351 2188 2459 2234 Deus
2478 2204 2547 2242 per
2566 2204 2623 2231 es-

1558 2242 1719 2280 sentiam
1739 2243 1890 2280 videtur
1909 2242 1944 2286 *ς
1973 2243 2216 2281 manifestum
2242 2252 2298 2282 est
2325 2245 2430 2293 quod
2459 2257 2538 2284 non
2555 2246 2622 2283 ha·
2650 2258 2658 2266 ·
2673 2256 2701 2278 1>-

1558 2296 1639 2334 buit
1666 2296 1719 2333 sic
1747 2296 1987 2333 manifestam
2024 2296 2280 2345 cognitionem
2313 2299 2419 2346 quod
2449 2299 2624 2336 exclude·

1558 2357 1660 2386 retur
1687 2349 1781 2387 ratio
1810 2349 1911 2386 fidei.
1948 2349 2059 2387 Unde
2089 2350 2194 2398 quod
2222 2362 2300 2387 non
2328 2351 2459 2388 habuit
2490 2351 2622 2400 fidem,

1559 2404 1634 2440 hoc
1663 2415 1747 2440 esse
1779 2415 1858 2440 non
1885 2403 2008 2451 potuit
2036 2403 2107 2441 nisi
2139 2403 2246 2451 quod
2269 2409 2276 2425 ⁸
2304 2403 2455 2452 penitus
2485 2405 2519 2442 ei
2547 2409 2625 2442 erat
2752 2420 2760 2436 ι

1559 2456 1730 2504 ignotum
1760 2456 1853 2493 illud
1882 2456 1930 2493 de
1958 2468 2035 2504 quo
2064 2464 2121 2494 est
2154 2456 2263 2494 fides.
2302 2457 2352 2495 Et
2379 2458 2410 2496 si
2437 2458 2558 2496 homo
2588 2466 2624 2497 et

1560 2510 1717 2558 angelus
1737 2509 1888 2546 fuerunt
1907 2509 2021 2546 creati
2040 2509 2076 2546 in
2098 2509 2202 2558 puris
2222 2510 2467 2557 naturalibus,
2482 2518 2525 2548 ut
2542 2510 2623 2561 qui-

1561 2564 1651 2600 dam
1669 2563 1689 2583 '¹‘
1719 2562 1857 2607 dicunt,
1887 2562 1983 2600 forte
2011 2570 2142 2611 posset
2159 2563 2280 2600 teneri
2305 2565 2409 2613 quod
2427 2565 2525 2601 fides
2543 2576 2621 2602 non

1560 2616 1628 2653 fuit
1646 2616 1686 2653 in
1703 2616 1838 2663 angelo
1859 2623 1946 2653 ante
1966 2616 2300 2654 confirmationem
2319 2628 2391 2655 nec
2409 2617 2449 2654 in
2460 2617 2624 2656 ‘homine

1561 2677 1647 2706 ante
1675 2677 1897 2717 peccatum:
1928 2669 2091 2717 cognitio
2112 2669 2215 2707 enirn
2238 2669 2329 2707 fidei
2349 2677 2406 2707 est
2425 2680 2540 2719 supra
2558 2679 2624 2708 na-

1561 2723 1722 2759 turalem
1753 2721 2010 2769 cognitionem
2031 2723 2077 2760 de
2097 2723 2183 2759 Deo
2203 2735 2280 2760 non
2299 2724 2426 2760 solum
2445 2723 2623 2772 hominis.

1563 2775 1630 2812 sed
1659 2775 1772 2811 etiam
1800 2774 1934 2822 angeli.
1964 2775 2042 2812 Sed
2070 2775 2159 2823 quia
2178 2775 2216 2812 in
2236 2775 2367 2813 Primo
2387 2775 2407 2797 *
2434 2775 2511 2814 iam
2531 2776 2624 2817 dixi·

1562 2840 1648 2865 mus
1667 2828 1772 2876 quod
1792 2828 1911 2865 homo
1933 2835 1969 2864 et
1988 2829 2144 2875 angelus
2169 2829 2282 2865 creati
2300 2835 2388 2866 sunt
2408 2841 2497 2866 cum
2517 2830 2622 2867 dono

1563 2880 1714 2930 gratiae,
1736 2881 1823 2918 ideo
1843 2892 1998 2918 necesse
2027 2888 2082 2918 est
2111 2881 2236 2918 dicere
2255 2883 2360 2931 quod
2379 2894 2448 2930 per
2467 2883 2626 2931 gratiam

1564 2942 1760 2983 acceptam
1796 2942 1832 2972 et
1865 2934 2038 2971 nondum
2078 2942 2385 2972 consummatam
2403 2940 2420 2957 ἰ
2449 2935 2560 2973 fuerit
2585 2935 2626 2973 in
2752 2944 2767 2961 ἰ

1564 2989 1616 3025 eis
1635 2988 1827 3025 inchoatio
1847 2988 2038 3036 quaedam
2055 2995 2227 3036 speratae
2243 2988 2504 3026 beatitudinis:
2525 3000 2625 3038 quae

1564 3041 1720 3091 quidem
1750 3041 1949 3078 inchoatur
1977 3040 2013 3077 in
2041 3041 2235 3080 voluntate
2259 3053 2328 3090 per
2347 3053 2458 3091 spem
2478 3049 2514 3079 et
2534 3041 2626 3080 cari-

2717 2255 2754 2277 68.

2652 2577 2660 2584 ·
2667 2574 2704 2597 Cf.
2714 2575 2826 2598 mnan-v.
2839 2573 2862 2596 11

2650 2601 2724 2629 Seru„
2735 2601 2788 2624 diet.
2798 2607 2863 2629 xxix,

2651 2632 2694 2650 nrt.
2709 2634 2730 2655 π,
2745 2634 2783 2656 qu.
2799 2634 2819 2650 α.

2651 2788 2661 2798 ’
2678 2788 2725 2815 Qu.
2744 2793 2804 2813 uu,
2820 2791 2862 2810 art.

2651 2820 2674 2843 3:
2685 2820 2723 2842 qu.
2734 2820 2786 2841 xcv,
2796 2818 2838 2837 nrt.
2848 2822 2862 2837 ι.

2653 3102 2662 3112 ·
2677 3100 2726 3129 Qu.
2741 3107 2772 3129 iv,
2786 3105 2827 3124 ιη.
2842 3107 2863 3129 7.

1564 3156 1666 3185 ctum
1697 3155 1763 3184 est.
1794 3148 1842 3184 Et
1870 3147 1957 3184 ideo
1987 3159 2142 3184 necesse
2169 3155 2225 3184 est
2244 3147 2369 3185 dicere
2389 3148 2494 3196 quod
2514 3159 2628 3196 ange·

1617 3282 1642 3314 ζ)
1662 3282 1766 3307 auditu.
1778 3295 1797 3302 --
1814 3282 1924 3307 auditus
1942 3285 2031 3307 autem
2045 3289 2098 3314 per
2116 3282 2223 3307 uerbum
2244 3282 2296 3307 Dei
2312 3281 2382 3307 addit
2401 3282 2429 3306 P.

1582 3319 1645 3377 del-⁷.)
1654 3318 1810 3377 Ffredere.-
1828 3318 1891 3350 quia
1914 3321 1954 3343 est
1977 3321 2003 3343 et
2021 3318 2092 3350 quod
2117 3317 2312 3350 requirentibus
2335 3324 2363 3342 se
2388 3320 2574 3342 remunerator
2592 3317 2628 3342 sit

1566 3361 1580 3378 a
1618 3358 1635 3377 it
1675 3370 1682 3377 .

1619 3386 1643 3419 θ)
1662 3388 1796 3414 redditur.
1808 3401 1827 3407 -
1846 3389 1951 3413 videtur
1974 3388 2022 3418 Da,
2041 3389 2161 3414 cernitur
2178 3388 2188 3412 1
2213 3394 2238 3414 et
2257 3395 2346 3420 margo
2370 3387 2401 3418 K,
2421 3387 2540 3412 creditur
2563 3387 2582 3412 Ρ
2602 3393 2628 3412 et

1566 3424 1651 3448 ceteri.
1664 3437 1683 3443 -
1702 3424 1751 3448 Pro
1766 3423 1858 3454 visum,
1878 3427 1917 3449 est
1935 3424 2019 3449 visum
2039 3424 2071 3449 D.

1621 3460 1638 3490 ι)
1658 3459 1737 3491 quod.
1751 3473 1770 3477 -
1787 3459 1850 3491 quia
1868 3460 1936 3488 LsK,
1955 3460 1993 3484 sic
2011 3459 2082 3491 quod
2102 3459 2120 3490 l,
2139 3459 2163 3484 si
2181 3458 2224 3483 sC.

1619 3495 1645 3527 κ)
1664 3498 1884 3520 consummatam.
1897 3509 1915 3514 -
1933 3495 2118 3528 confirmatam
2138 3494 2256 3526 AGLpB.
