2892 4056
21 839 23 841 .
72 819 157 850 ‘cap.
172 824 232 845 xxix,
252 819 280 840 al.

18 862 21 864 ·
70 845 211 898 Warssffil.
222 851 280 866 'v'

982 158 1248 204 QUAESTIO
1274 157 1380 205 XIX,
1407 157 1701 194 ARTICULUS
1731 158 1798 193 XII

307 246 414 275 turae
433 236 598 273 inferiori
617 248 686 284 per
705 248 892 283 amorem,
914 237 962 273 ita
982 237 1095 273 etiam
1120 238 1264 273 malurn
1285 236 1366 272 eius

309 297 364 327 est
392 290 422 326 si
450 300 529 327 non
557 290 642 325 Deo
672 301 710 325 se
740 289 923 336 subiiciat,
945 291 1011 326 sed
1039 290 1077 326 in
1105 289 1230 338 ipsum
1258 300 1366 338 prae-

308 344 534 390 sumptuose
551 341 687 378 insiliat
700 342 762 378 vel
784 350 1013 379 contemnat.
1034 343 1120 378 Hoc
1139 349 1266 378 autem
1287 353 1367 378 ma-

308 396 388 432 lum
410 402 602 431 creaturae
623 395 793 436 rationali
822 394 1032 431 secundum
1061 406 1169 430 suam
1191 402 1365 430 naturam

309 446 568 484 consideratae
583 447 761 495 possibile
778 455 843 494 est,
860 454 1016 495 propter
1034 447 1244 483 naturalem
1260 446 1366 483 liberi

309 499 450 536 arbitrii
468 499 761 536 flexibilitatem:
790 500 857 536 sed
877 499 915 535 in
934 499 1054 535 beatis
1072 499 1114 535 fit
1142 511 1220 535 non
1247 499 1366 547 possi-

308 552 383 588 bile
410 564 479 601 per
506 552 646 600 gloriae
674 552 959 601 perfectionem.
990 551 1096 598 Fuga
1124 551 1234 598 igitur
1256 552 1367 588 huius

308 604 398 641 mali
418 606 523 653 quod
544 613 598 641 est
617 606 701 641 Deo
722 617 799 641 non
819 603 962 649 subiici,
986 610 1024 639 ut
1049 604 1236 651 possibilis
1261 611 1366 640 natu-

308 669 384 704 rae,
409 657 650 706 impossibilis
673 664 801 694 autem
829 655 1062 701 beatitudini,
1084 656 1152 692 erit
1172 656 1209 692 in
1234 656 1364 704 patria.

309 709 352 746 In
370 710 433 746 via
453 718 581 746 autem
611 717 667 747 ωε
693 707 780 756 fuga
798 707 911 745 huius
930 708 1019 744 mali
1042 716 1086 744 ut
1104 708 1259 745 omnino
1279 721 1366 757 pos-

309 762 438 799 sibilis.

361 816 410 852 Et
437 815 525 851 ideo
554 813 759 862 Gregorius
785 812 884 859 dicit,
909 811 1014 848 XVII
1037 813 1180 849 Moral.
1196 813 1231 859 ²¹⁶,
1254 824 1367 861 expo-

309 878 403 904 nens
431 867 521 903 illud
549 866 620 903 Iob
645 865 782 912 xxw*‚
814 880 834 898 κ
845 865 1066 901 Columnae
1096 865 1188 900 caeli
1221 873 1365 901 contre-

309 921 471 958 miscunt
491 927 527 955 et
543 925 687 967 pavent
705 917 754 955 ad
773 925 908 954 nutum
929 917 1009 953 eius
1028 930 1070 953 »ι
1090 917 1212 965 Ipsae,
1234 917 1364 965 inquit,

307 974 460 1010 virtutes
477 971 701 1015 caelestium,
722 981 819 1018 quae
835 971 935 1006 hunc
960 970 1040 1006 sine
1058 969 1260 1006 cessatione
1279 981 1366 1005 con-

306 1026 476 1078 spiciunt,
491 1024 529 1060 in
549 1024 630 1071 ipsa
649 1023 958 1071 contemplatione
975 1023 1274 1059 contremiscunt.
1295 1022 1369 1072 Sed

307 1075 405 1114 idem
433 1082 583 1122 tremor,
614 1088 662 1113 ne
688 1077 740 1113 eis
761 1075 934 1124 poenalis
959 1075 1016 1121 sit,
1041 1086 1115 1111 non
1144 1075 1288 1112 timoris
1315 1068 1370 1111 est

306 1128 373 1168 ud
397 1129 673 1166 admirationis.
702 1129 789 1177 quia
814 1128 952 1165 scilicet
979 1127 1212 1165 admirantur
1239 1129 1366 1164 Deum

306 1189 348 1220 ut
374 1192 500 1232 supra
533 1194 573 1219 se
605 1182 828 1218 existentem
858 1189 893 1217 et
919 1181 971 1217 eis
1006 1180 1367 1229 incomprehensibi-

307 1234 404 1274 lem
413 1248 449 1265 -
467 1235 710 1284 Augustinus
734 1234 860 1279 etiam,
876 1234 914 1270 in
933 1238 948 1261 Ὺ
969 1233 1058 1270 XIV
1075 1234 1121 1270 de
1144 1234 1223 1270 Ciu.
1243 1233 1318 1269 Dei
1334 1232 1366 1278 ²²,

270 1332 274 1334 Α
304 1288 543 1335 bonnuel&
545 1288 657 1338 ponit
674 1288 853 1324 timorem
882 1287 921 1323 in
944 1286 1076 1334 patria,
1096 1285 1275 1334 quamvis
1293 1286 1367 1322 hoc

308 1341 379 1379 sub
400 1341 515 1378 dubio
545 1340 790 1389 derelinquat.
825 1340 971 1383 Timor,
996 1338 1127 1386 inquit,
1158 1337 1219 1374 ille
1245 1344 1367 1374 castus

302 1405 532 1444 permanens
560 1394 596 1430 in
625 1392 816 1430 saeculum
843 1367 994 1436 saeculi,
1022 1391 1057 1427 si
1077 1392 1148 1427 erit
1174 1391 1210 1426 in
1228 1391 1366 1438 futuro

306 1446 474 1499 saeculo,
500 1458 574 1485 non
603 1446 675 1483 erit
697 1445 809 1482 timor
836 1441 1060 1480 exterrens⁶
1087 1455 1112 1479 a
1140 1442 1240 1479 malo
1269 1443 1370 1490 quod

307 1494 478 1536 accidere
488 1496 628 1547 potest,·
649 1498 715 1535 sed
732 1503 858 1534 tenens
871 1497 909 1533 in
924 1497 1022 1532 bono
1041 1496 1143 1543 quod
1159 1494 1280 1531 amitti
1293 1507 1366 1531 non

302 1557 433 1603 potest.
460 1552 534 1588 Ubi
549 1551 648 1588 enim
669 1550 758 1587 boni
774 1549 899 1597 adepti
915 1560 1027 1585 amor
1045 1547 1284 1584 immutabilis
1303 1553 1366 1593 est,

300 1605 495 1662 profecto,
523 1605 557 1640 si
582 1603 657 1640 dici
677 1608 816 1663 potest,
855 1601 948 1638 mali
980 1601 1139 1637 cavendi
1169 1601 1282 1637 timor
1313 1612 1367 1636 se-

307 1663 421 1698 curus
448 1662 510 1693 est.
550 1656 596 1693 T
582 1667 711 1693 imorzs
738 1655 872 1704 quippe
891 1654 984 1691 casti
1000 1654 1151 1690 nomine
1174 1665 1219 1689 ea
1238 1652 1368 1689 volun—

307 1707 364 1748 tas
389 1709 603 1760 significata
631 1714 684 1745 est
711 1720 785 1757 qua
814 1719 881 1744 nos
901 1719 1048 1743 necesse
1075 1707 1146 1743 erit
1163 1706 1261 1742 nolle
1281 1717 1369 1754 pec-

377 1846 386 1878 )
405 1845 495 1874 etiam,
515 1845 552 1869 in.
569 1858 587 1864 -
606 1845 632 1869 in
652 1844 826 1873 ACEFIKLx,
844 1843 913 1867 enim
934 1844 979 1872 Ea,
999 1843 1068 1867 enim
1088 1843 1113 1867 in
1134 1843 1192 1867 GH.

359 1853 387 1912 Ξ)
406 1883 556 1905 exterrens.
574 1893 593 1899 -
611 1879 705 1904 exiens
723 1879 761 1903 Pa
780 1884 805 1903 et
824 1878 936 1903 codices.

361 1915 384 1947 ι)
403 1916 459 1940 hoc.
477 1918 496 1934 -'-
513 1915 576 1940 licet
593 1914 624 1944 G,
643 1915 708 1939 haec
726 1914 773 1938 Pa.

359 1950 386 1983 ζ)
404 1951 461 1976 hoc.
478 1964 497 1970 -
515 1950 578 1975 haec
597 1950 684 1974 PGst
703 1955 727 1974 et
747 1956 772 1978 a,
791 1949 834 1973 hic
852 1949 888 1978 E;
907 1956 954 1980 pro
973 1948 1021 1974 hoc
1039 1948 1118 1980 quod,
1138 1948 1209 1980 quod
1228 1948 1270 1972 hic
1288 1948 1316 1973 P.

2406 166 2475 203 149

1421 247 1519 281 care,
1541 241 1576 271 et
1594 248 1667 272 non
1695 236 1938 272 sollicitudine
1957 235 2180 283 infirmitatis
2208 246 2254 270 ne
2268 235 2377 281 forte
2390 245 2476 281 pec-

1421 300 1566 331 cemus,
1602 289 1668 324 sed
1694 288 1958 337 tranquillitate
1991 288 2156 325 caritatis
2183 298 2317 324 cavere
2342 298 2476 334 pecca-

1420 347 1510 377 tum.
1529 342 1616 386 Aut,
1631 342 1666 377 si
1682 341 1818 378 nullius
1847 342 1999 378 omnino
2018 341 2167 390 generis
2191 341 2303 376 timor
2321 340 2374 375 ibi
2399 351 2477 375 esse

1414 394 1571 442 poterit,
1602 394 1652 430 ita
1664 395 1834 441 fortasse
1861 395 1972 430 timor
1991 395 2027 430 in
2055 393 2246 430 saeculum
2265 392 2407 428 saeculi
2423 392 2476 428 di-

1421 452 1499 483 ctus
1531 451 1585 482 est
1609 458 1856 494 permanens,
1891 447 1978 495 quia
2007 447 2046 482 id
2065 445 2303 495 permanebit
2328 456 2401 493 quo
2435 445 2475 480 ti-

1420 510 1506 535 mor
1532 499 1608 546 ipse
1629 499 1811 546 perducit.

1473 553 1531 587 AD
1558 563 1693 588 Palmum
1724 563 1820 587 ERGO
1850 563 2042 588 DmENDUM.
2059 551 2163 599 quod
2192 551 2230 586 in
2258 549 2475 586 auctoritate

1420 603 1613 651 praedicta
1641 605 1848 640 excluditur
1868 616 1889 640 a
1908 604 2027 640 beatis
2054 604 2169 640 timor
2187 602 2475 639 sollicitudinem

1420 656 1581 702 habens,
1612 656 1660 692 de
1687 658 1789 693 malo
1818 668 2066 704 praecavenS,
2100 668 2177 693 non
2207 663 2334 692 autem
2363 655 2477 691 timor

1421 721 1593 755 securus,
1622 717 1663 745 ut
1690 709 1924 756 Augustinus
1952 709 2040 745 dicit
2057 708 2088 745 *.

1473 763 1532 797 An
1551 772 1740 798 SECUNDUM
1765 773 1947 798 melerinum
1975 762 2092 810 quod,
2113 761 2208 797 sicut
2226 760 2313 797 dicit
2331 759 2476 807 Diony-

1421 813 1509 859 sius,
1531 825 1566 849 ix
1586 825 1668 861 cap.
1689 814 1734 850 de
1751 815 1837 850 Div.
1858 815 1974 850 Nom.
1991 812 2021 859 ²¹²,
2042 815 2172 850 eadem
2191 819 2227 849 et
2238 812 2374 849 similia
2391 817 2478 849 sunt
2503 820 2514 830 ⁸

1420 866 1502 901 Deo
1521 871 1558 901 et
1578 866 1787 902 dissimilia:
1815 868 1886 902 hoc
1904 871 1915 887 ⁸
1935 867 2082 914 quidem
2109 866 2312 902 secundum
2336 865 2475 901 contin-

1419 923 1568 966 gentem
1598 930 1671 954 non
1697 918 1883 954 imitabilis
1910 919 2168 963 imitationem,
2195 918 2290 954 idest
2317 918 2475 964 inquan-

1419 977 1501 1006 tum
1530 970 1741 1006 secundum
1765 982 1876 1006 suum
1900 983 2013 1018 posse
2033 971 2224 1007 imitantur
2252 972 2390 1016 Deum,
2412 969 2476 1018 qui

1420 1034 1499 1058 non
1519 1030 1574 1074 est
1595 1023 1759 1071 perfecte
1784 1023 1988 1069 imitabilis;
2007 1025 2078 1060 hoc
2096 1023 2108 1048 t
2127 1029 2250 1060 autem
2273 1024 2476 1060 secundum

1419 1076 1491 1112 hoc
1518 1076 1619 1123 quod
1643 1081 1797 1112 causata
1825 1076 1949 1113 minus
1972 1078 2150 1113 habenta
2169 1087 2300 1121 causa,
2325 1075 2477 1124 infinitis

1421 1128 1606 1165 mensuris
1620 1134 1656 1164 et
1671 1129 2026 1176 incomparabilibus
2040 1129 2256 1177 deficientia.
2274 1129 2384 1165 Unde
2399 1140 2477 1165 non

1421 1188 1572 1230 oportet
1599 1181 1715 1229 quod,
1745 1181 1775 1217 si
1803 1182 1888 1218 Deo
1917 1195 1994 1219 non
2024 1182 2203 1218 convenit
2230 1182 2358 1227 timor,
2388 1180 2478 1229 quia
2516 1198 2518 1200 v

1421 1245 1498 1270 non
1517 1234 1632 1270 habet
1660 1233 1896 1283 superiorem
1927 1235 1986 1271 cui
2014 1235 2242 1280 subiiciatur,
2264 1234 2367 1281 quod
2391 1245 2477 1281 pro-

1420 1294 1504 1334 pter
1530 1287 1605 1323 hoc
1633 1299 1711 1323 non
1740 1287 1944 1324 conveniat
1963 1293 1981 1315 '¹¹
2006 1288 2140 1333 beatis,
2170 1299 2334 1336 quorum
2363 1286 2478 1323 beati-

1421 1339 1514 1375 tudo
1545 1340 1712 1376 consistit
1740 1339 1777 1376 in
1805 1341 1971 1388 perfecta
2000 1341 2234 1378 subiectione
2263 1339 2311 1376 ad
2335 1340 2475 1376 Deum.

1474 1393 1532 1427 AD
1552 1403 1710 1428 TERTIUM
1726 1404 1913 1429 DICENDUM
1933 1393 2037 1441 quod
2057 1406 2143 1442 spes
2163 1393 2342 1441 importat
2360 1404 2477 1440 quen-

1423 1443 1511 1480 dam
1533 1443 1735 1489 defectum,
1757 1445 1895 1481 scilicet
1914 1446 2168 1484 futuritionem
2188 1443 2201 1466 θ
2225 1444 2476 1490 beatitudinis,

1422 1508 1520 1544 quae
1550 1496 1688 1533 tollitur
1727 1509 1794 1544 per
1831 1497 1910 1533 eius
1947 1498 2211 1546 praesentiam.
2252 1496 2328 1534 Sed
2364 1497 2480 1533 timor

1421 1548 1600 1596 importat
1629 1549 1818 1586 defectum
1852 1550 2060 1587 naturalem
2095 1558 2309 1596 creaturae,
2347 1561 2479 1586 secun-

1423 1601 1515 1637 dum
1536 1602 1640 1650 quod
1659 1602 1698 1638 in
1717 1601 1905 1639 infinitum
1927 1603 2036 1640 distat
2064 1616 2085 1639 a
2114 1605 2214 1639 Deo:
2241 1602 2343 1651 quod
2365 1602 2478 1639 etiam

1422 1653 1460 1690 in
1484 1654 1603 1702 patria
1628 1655 1849 1692 remanebit.
1881 1656 1930 1692 Et
1957 1656 2043 1692 ideo
2071 1656 2186 1692 timor
2213 1668 2290 1692 non
2319 1667 2478 1692 evacua-

1422 1706 1522 1742 bitur
1549 1707 1720 1744 totaliter.

1474 1843 1500 1873 η)
1519 1845 1669 1867 conveniat.
1684 1856 1704 1862 -
1721 1843 1856 1868 conveniet
1875 1843 2112 1873 ABGDEFfflLn,
2127 1844 2279 1869 conveniret
2298 1844 2333 1874 G;
2353 1852 2400 1876 pro
2418 1851 2480 1869 con-

1420 1877 1498 1906 sistit,
1517 1877 1643 1902 consistet
1660 1877 1835 1910 ABCEFLpK
1855 1883 1880 1902 et
1897 1885 1924 1902 K.

1474 1910 1499 1943 θ)
1517 1913 1616 1937 scilicet
1623 1911 1823 1945 futuritionem.
1832 1926 1851 1931 -
1864 1913 1963 1938 scilicet
1970 1913 2130 1947 fruitionem
2146 1913 2287 1945 PEFsApx
2299 1919 2325 1938 et
2335 1921 2361 1942 a,
2371 1914 2480 1939 scilicet.

1418 1947 1558 1980 fruitionis
1572 1948 1602 1977 D.
1618 1948 1762 1973 secundum
1774 1948 1934 1982 fruitionem
1949 1949 1981 1980 G,
1994 1949 2092 1974 scilicet
2111 1949 2324 1981 infuturitionem
2340 1950 2372 1978 H,
2383 1950 2482 1975 scilicet

1421 1983 1568 2008 absentiam
1588 1983 1684 2012 lsCKx,
1704 1984 1794 2015 quoad
1803 1983 1964 2016 fruitionem
1983 1991 2014 2013 n;
2034 1983 2140 2009 abrasae
2158 1984 2229 2016 pCK.

1031 2101 1347 2144 ARTICULUS
1378 2101 1758 2144 DUODECIMUS

565 2177 720 2208 UTRUM
744 2177 995 2207 PAUPERTAS
1017 2177 1206 2207 SPIRITUS
1230 2177 1297 2207 SIT
1320 2177 1573 2208 BEATlTUDO
1597 2174 1873 2207 RESPONDENS
1896 2175 2018 2206 Dono
2041 2175 2217 2206 T1M0R1s

975 2255 1005 2279 111
1026 2255 1107 2284 Sent„
1129 2255 1186 2280 dist.
1206 2263 1287 2286 xxxiv,
1306 2263 1351 2288 qu.
1373 2262 1402 2286 1,
1421 2260 1467 2280 art.
1485 2263 1502 2287 4
1509 2263 1516 2285 ;
1538 2255 1567 2279 In
1587 2255 1698 2283 Matth„
1719 2262 1775 2286 cap.
1794 2262 1818 2279 v.

344 2345 351 2359 x
379 2351 405 2371 ,
425 2346 497 2390 μῆ
519 2339 543 2363 n
577 2338 814 2364 nuonEcmuM
852 2338 904 2362 stc
941 2337 1181 2363 paoennrrun.
1210 2326 1391 2363 Videtur

379 2379 385 2386 ”
447 2379 494 2447 -ξῆ
521 2380 625 2428 quod
654 2386 856 2427 paupertas
890 2379 1040 2427 spiritus
1074 2391 1153 2415 non
1180 2379 1226 2415 sit
1254 2378 1370 2415 beati-

390 2450 443 2467 ν-
506 2430 614 2468 tudo
645 2444 704 2468 res
734 2431 882 2467 ondens
910 2431 1014 2468 dono
1043 2431 1198 2467 timoris.
1234 2431 1372 2468 Timor

321 2467 352 2509 .‘'
370 2418 514 2521 §RK
524 2496 624 2521 emm
646 2444 875 2521 estpinitium
905 2483 1104 2542 spiritualis
1131 2483 1245 2529 vitae,
1265 2490 1307 2520 ut
1325 2495 1371 2519 ex

312 2536 457 2575 dictis*
475 2545 590 2585 patet.
612 2538 686 2574 Sed
706 2544 910 2585 paupertas
929 2536 1090 2585 pertinet
1107 2536 1155 2572 ad
1174 2535 1372 2584 perfectio-

311 2603 401 2628 nem
421 2589 520 2627 vitae
540 2590 755 2639 spiritualis:
772 2590 982 2626 secundum
1002 2589 1092 2625 illud
1112 2589 1245 2625 Matth.
1261 2587 1370 2624 X1x*:

311 2644 354 2680 Si
378 2643 434 2680 vis
455 2644 645 2691 perfectus
673 2654 761 2688 esse,
792 2643 886 2678 vade
913 2648 949 2678 et
975 2642 1092 2678 vende
1120 2642 1248 2677 omnia
1276 2653 1372 2689 quae

311 2697 436 2741 habes,
466 2702 503 2732 et
527 2696 575 2732 da
598 2696 841 2743 pauperibus.
873 2696 975 2742 Ergo
999 2701 1202 2743 paupertas
1222 2694 1372 2742 spiritus

295 2761 391 2794 ,non
420 2749 626 2797 respondet
655 2748 758 2785 dono
787 2747 944 2784 timoris.

367 2813 402 2838 2.
427 2802 661 2847 PRAETEREA‚
690 2801 729 2837 in
757 2802 897 2837 Psalm.
917 2800 938 2822 '¹‘
958 2799 1112 2836 dicitur:
1147 2800 1305 2848 Confige
1330 2799 1372 2834 ti-

312 2866 420 2891 more
443 2859 505 2890 tuo
533 2865 667 2890 carnes
691 2865 815 2890 meas:
845 2865 890 2889 ex
918 2865 995 2901 quo
1023 2853 1174 2889 videtur
1199 2851 1304 2900 quod
1323 2851 1372 2888 ad

313 2907 491 2944 timorem
518 2906 703 2954 pertineat
723 2918 877 2943 carnem
905 2905 1124 2953 reprimere.
1154 2905 1229 2941 Sed
1249 2904 1298 2940 ad
1318 2916 1373 2940 re-

314 2959 552 3008 pressionem
573 2959 695 2995 carnis
713 2959 878 2995 maxime
897 2958 1047 2995 videtur
1071 2957 1259 3006 pertinere
1285 2957 1373 2993 bea-

314 3011 435 3048 titudo
454 3012 588 3048 luctus.
610 3012 712 3058 Ergo
732 3011 926 3048 beatitudo
942 3012 1062 3047 luctus
1078 3010 1198 3057 magis
1218 3021 1373 3058 respon-

316 3065 380 3101 det
407 3064 511 3101 dono
538 3064 684 3100 timoris
704 3076 819 3112 quam
839 3063 1033 3100 beatitudo
1053 3062 1295 3111 paupertatis.

371 3118 406 3154 3.
434 3117 667 3162 PRAETEREA,
689 3116 835 3153 donum
855 3115 1001 3152 timoris
1027 3116 1230 3163 respondet
1247 3114 1373 3151 virtuti

258 3187 264 3192 ·
317 3170 409 3218 spei,
431 3169 526 3206 sicut
544 3169 688 3206 dictum
708 3176 764 3205 est
782 3168 813 3205 *.
844 3169 920 3206 Sed
940 3168 1021 3216 spei
1040 3168 1205 3204 maxime
1223 3167 1375 3204 videtur

317 3221 549 3271 respondere
578 3221 771 3258 beatitudo
799 3221 944 3266 ultima,
965 3233 1063 3268 quae
1085 3228 1149 3267 est,
1178 3221 1288 3257 Beati
1303 3231 1373 3267 pa-

266 3286 289 3307 v,
317 3276 424 3323 cifici‚
440 3275 618 3323 quoniam
636 3274 715 3322 filii
732 3274 807 3310 Dei
826 3275 1063 3310 vocabuntur
1075 3274 1112 3310 *s
1141 3273 1240 3322 quia,
1260 3280 1303 3309 ut
1321 3273 1374 3309 di—

318 3328 412 3365 citur
430 3329 541 3372 Rom.
563 3339 586 3363 v
600 3327 630 3373 ²¹⁸,
650 3327 866 3377 gloriamur
889 3327 925 3363 in
946 3338 1010 3375 spe
1035 3326 1183 3376 gloriae
1199 3326 1373 3374 filiorum

317 3381 400 3418 Dei.
440 3381 540 3428 Ergo
570 3379 629 3416 illa
662 3379 853 3416 beatitudo
886 3380 1006 3426 magis
1039 3379 1243 3427 respondet
1272 3379 1374 3416 dono

316 3433 463 3470 timoris
491 3445 608 3481 quam
636 3440 838 3481 paupertas
866 3431 1027 3480 spiritus.

1475 2338 1514 2373 4.
1538 2327 1775 2371 PRAETEREA,
1797 2337 1911 2374 supra
1930 2324 1949 2346 *
1967 2325 2107 2361 dictum
2129 2332 2184 2360 est
2202 2325 2306 2373 quod
2325 2325 2482 2361 beatitu-
2511 2334 2519 2341 ·

1425 2378 1575 2416 dinibus
1596 2378 1828 2427 respondent
1846 2378 1999 2414 fructus.
2030 2377 2106 2414 Sed
2121 2377 2212 2414 nihil
2239 2378 2277 2414 in
2301 2377 2482 2414 fructibus

1424 2431 1614 2468 invenitur
1641 2432 1873 2479 respondere
1907 2431 2009 2467 dono
2038 2430 2194 2467 timoris.
2233 2431 2335 2478 Ergo
2370 2431 2480 2466 etiam

1425 2495 1550 2531 neque
1578 2483 1616 2519 in
1645 2483 1937 2520 beatitudinibus
1966 2483 2107 2530 aliquid
2137 2483 2170 2519 ei
2199 2484 2414 2531 respondet.

1479 2536 1554 2572 SED
1575 2547 1720 2572 CONTRA
1740 2547 1805 2572 EST
1825 2536 1928 2584 quod
1947 2535 2179 2583 Augustinus
2207 2536 2306 2582 dicit,
2327 2535 2364 2571 in
2384 2536 2480 2571 libro

1425 2589 1471 2625 de
1498 2589 1618 2624 Serm.
1638 2589 1751 2624 Dom.
1781 2588 1817 2624 in
1845 2589 1970 2624 Mont.
1992 2589 2029 2624 *z
2054 2589 2184 2624 Timor
2205 2589 2281 2624 Dei
2305 2589 2484 2637 congruit

1425 2641 1637 2686 humilibus,
1649 2641 1694 2677 de
1708 2641 1841 2689 quibus
1855 2641 2005 2677 dicitur:
2019 2641 2130 2677 Beati
2137 2652 2325 2689 pauperes
2337 2641 2482 2689 spiritu.

1480 2695 1705 2730 RESPONDEO
1734 2705 1916 2730 mCENDUM
1948 2694 2053 2741 quod
2087 2693 2214 2730 timori
2245 2694 2396 2742 proprie
2426 2705 2482 2729 re-

1426 2747 1589 2794 spondet
1617 2754 1818 2795 paupertas
1844 2746 2005 2795 spiritus.
2037 2747 2136 2783 Cum
2166 2746 2267 2782 enim
2295 2746 2344 2782 ad
2371 2746 2482 2782 timo-

1427 2811 1508 2836 rem
1527 2799 1680 2835 filialem
1701 2799 1886 2847 pertineat
1913 2800 1998 2835 Deo
2027 2799 2278 2836 reverentiam
2304 2799 2481 2835 exhibere

1427 2860 1463 2888 et
1491 2852 1524 2888 ei
1553 2852 1745 2894 subditum
1775 2864 1869 2898 esse,
1898 2852 1936 2888 id
1959 2853 2063 2899 quod
2083 2864 2129 2888 ex
2147 2851 2366 2888 huiusmodi
2394 2852 2481 2887 sub-

1426 2905 1585 2941 iectione
1615 2904 1856 2952 consequitur
1882 2904 2042 2952 pertinet
2069 2905 2118 2941 ad
2145 2906 2291 2942 donum
2323 2904 2480 2941 timoris.

1426 2959 1483 2994 Ex
1502 2958 1576 2994 hoc
1595 2965 1722 2994 autem
1742 2957 1846 3004 quod
1866 2957 1997 3005 aliquis
2011 2958 2096 2994 Deo
2117 2970 2157 2994 se
2173 2956 2331 3003 subiicit,
2348 2957 2483 2993 desinit

1427 3022 1609 3058 quaerere
1629 3010 1667 3046 in
1687 3010 1811 3058 seipso
1838 3011 1900 3046 vel
1927 3010 1965 3046 in
1998 3010 2126 3059 aliquo
2154 3010 2227 3046 alio
2248 3009 2481 3057 magnificari

1427 3063 1497 3100 nisi
1517 3063 1554 3100 in
1571 3064 1673 3099 Deo:
1693 3063 1767 3099 hoc
1787 3063 1888 3099 enim
1908 3070 2135 3111 repugnaret
2152 3063 2340 3111 perfectae
2359 3062 2482 3098 subie-

1429 3116 1542 3152 ctioni
1567 3115 1615 3152 ad
1635 3117 1775 3152 Deum.
1805 3115 1916 3152 Unde
1935 3115 2069 3152 dicitur
2092 3116 2130 3152 in
2153 3116 2292 3152 Psalm.
2313 3114 2348 3150 *z
2368 3115 2428 3151 Hi
2444 3115 2480 3151 in

1427 3169 1601 3205 curribus
1619 3174 1653 3204 et
1670 3169 1711 3204 hi
1728 3168 1765 3204 in
1785 3168 1909 3216 equis.-
1938 3180 2005 3205 nos
2032 3174 2156 3205 autem
2185 3168 2221 3204 in
2243 3168 2393 3204 nomine
2410 3167 2484 3203 Dei

1429 3221 1547 3258 nostri
1572 3221 1838 3257 invocabimus.
1867 3221 1917 3257 Et
1944 3221 2030 3258 ideo
2051 3233 2096 3257 ex
2115 3221 2190 3257 hoc
2217 3220 2322 3268 quod
2350 3219 2482 3267 aliquis

1428 3274 1591 3322 perfecte
1620 3274 1726 3310 timet
1753 3274 1896 3320 Deum,
1927 3286 2165 3321 consequens
2194 3280 2249 3309 est
2276 3272 2381 3319 quod
2405 3284 2483 3308 non

1429 3334 1585 3374 quaerat
1607 3325 1840 3374 magnificari
1859 3326 1897 3362 in
1916 3326 2040 3375 seipso
2060 3339 2128 3374 per
2151 3325 2389 3373 superbiam;
2419 3336 2484 3360 ne-

1429 3391 1504 3427 que
1534 3379 1646 3415 etiam
1666 3386 1823 3427 quaerat
1840 3379 2074 3427 magnificari
2094 3378 2132 3415 in
2152 3377 2395 3415 exterioribus
2415 3377 2483 3413 bo-

1429 3431 1497 3478 nis,
1520 3432 1658 3468 scilicet
1674 3431 1884 3468 honoribus
1905 3439 1940 3468 et
1959 3431 2116 3476 divitiis;
2146 3442 2312 3480 quorum
2339 3438 2483 3466 utrum-

2510 2332 2552 2380 ευ.

2559 2332 2613 2380 ,ἓ

2510 2604 2518 2612 “
2533 2604 2585 2626 Lib.
2597 2604 2615 2631 1,
2626 2610 2676 2632 cap.
2688 2611 2718 2626 iv.

2510 3126 2519 3136 ⁸
2529 3126 2564 3146 Ps.
2573 3131 2620 3151 xix,
2629 3131 2688 3146 vers.
2697 3125 2719 3146 8.
