2892 4056
985 125 1250 172 QUAESTIO
1278 124 1420 172 XXVI,

315 203 482 242 turaliter
499 210 676 252 parentes
702 204 788 252 plus
807 203 962 251 diligunt
988 203 1088 241 filios
1108 215 1223 252 quam
1251 203 1299 240 ab
1319 203 1373 239 eis

179 270 237 312 εω-
262 273 292 311 ’.‘
317 256 532 305 diligantur3
560 263 602 292 ut
627 256 882 305 Philosophus
910 257 1014 304 dicit,
1043 256 1082 293 in
1099 256 1187 293 VIII
1213 256 1334 293 Ethic.
1353 255 1374 277 ¹²

253 1372 262 1394 i
325 1366 365 1404 in
390 1366 479 1403 VIII
506 1366 626 1404 Ethic.
654 1365 676 1387 *
710 1365 840 1402 Primo
870 1365 1047 1413 quidem,
1087 1364 1176 1413 quia
1211 1372 1387 1412 parentes

329 2778 368 2816 in
396 2779 527 2815 Primo
546 2779 567 2802 '¹‘
586 2779 729 2816 dictum
759 2786 825 2816 est.
865 2780 968 2828 Ergo
1004 2780 1124 2816 homo
1159 2780 1244 2827 plus
1277 2780 1391 2816 habet

247 3044 306 3086 ’,ἵ-ζ
331 3050 464 3092 pater:
502 3044 591 3080 dicit
628 3044 729 3080 enim
768 3045 1035 3093 Philosophus,
1064 3045 1102 3081 in
1131 3045 1183 3080 IX
1213 3045 1334 3082 Ethic.
1353 3044 1390 3093 ¹⁸,

316 312 419 358 Ergo
433 308 552 356 magis
568 308 754 345 debemus
769 309 922 357 diligere
937 309 1036 346 filios
1051 321 1167 358 quam
1186 316 1372 357 parentes.

373 364 407 400 3.
442 363 678 407 Pmnmzi,
707 374 776 410 per
804 363 995 399 caritatem
1024 362 1181 399 affectus
1208 361 1375 398 hominis

317 417 403 453 Deo
432 415 700 452 conformatur.
744 415 822 452 Sed
848 417 954 452 Deus
983 414 1103 462 magis
1133 414 1246 462 diligit
1276 414 1376 451 filios

319 480 436 518 quam
466 467 637 515 diligatur
656 468 704 504 ab
729 467 794 504 eis.
824 469 925 515 Ergo
955 467 1067 503 etiam
1098 474 1134 503 et
1158 479 1229 504 nos
1256 467 1376 515 magis

320 522 506 560 debemus
535 520 687 568 diligere
714 520 814 557 filios
842 531 959 567 quam
988 526 1177 567 parentes.

373 574 449 611 SED
465 585 611 634 commi
629 585 695 610 EST
719 572 823 622 quod
840 571 1066 610 Ambrosius
1079 571 1100 593 *
1119 572 1222 609 dicit:
1247 573 1377 632 Primo

285 652 403 729 ·P⁰St
428 679 628 716 domestici.

374 734 600 770 Respoumzo
619 742 803 768 mCENDUM
821 728 939 777 quod,
955 729 1051 766 sicut
1069 741 1184 777 supra
1201 729 1222 751 *
1237 730 1379 767 dictum

322 792 389 833 est,
419 785 557 833 gradus
586 783 794 821 dilectionis
820 794 866 818 ex
885 783 1036 819 duobus
1063 782 1215 830 pensari
1242 790 1379 831 potest.

321 839 409 876 Uno
437 837 570 884 modo,
600 849 646 873 ex
672 843 779 884 parte
808 834 956 871 obiecti.
990 835 1039 871 Et
1064 835 1277 872 secundum
1307 836 1382 872 hoc

322 891 362 929 id
380 890 486 939 quod
508 890 624 928 habet
642 888 828 926 maiorem
852 887 1037 924 rationem
1067 887 1158 924 boni
1183 895 1238 924 est
1261 887 1382 936 magis

323 943 567 992 diligendum,
589 949 625 978 et
643 940 747 990 quod
768 947 824 977 est
841 941 926 977 Deo
947 940 1117 977 similius.
1138 941 1187 976 Et
1205 940 1259 977 sic
1276 948 1383 989 pater

324 1003 379 1033 est
411 995 531 1043 magis
568 993 778 1042 diligendus
806 1006 923 1043 quarn
959 993 1079 1030 filius:
1118 993 1208 1042 quia
1245 993 1384 1030 scilicet

321 1056 470 1098 patrem
499 1047 686 1095 diligimus
715 1047 786 1084 sub
809 1047 954 1084 ratione
973 1045 1159 1095 principii,
1180 1046 1286 1094 quod
1318 1047 1384 1083 ha-

323 1103 388 1147 bet
414 1101 602 1138 rationem
622 1099 879 1137 eminentioris
899 1099 990 1137 boni
1019 1107 1056 1136 et
1074 1100 1158 1136 Deo
1181 1099 1382 1136 similioris.

376 1154 462 1192 Alio
483 1153 601 1191 modo
622 1160 890 1202 computantur
909 1158 927 1174 ²
951 1153 1090 1201 gradus
1109 1152 1320 1190 dilectionis
1341 1165 1386 1189 ex

323 1215 430 1257 parte
449 1207 568 1256 ipsius
587 1206 784 1255 diligentis.
814 1207 863 1243 Et
887 1205 941 1243 sic
961 1206 1082 1254 magis
1102 1205 1263 1254 diligitur
1281 1206 1386 1254 quod

325 1268 382 1297 est
405 1259 654 1298 coniunctius.
684 1260 734 1296 Et
756 1259 967 1296 secundum
993 1260 1068 1296 hoc
1096 1259 1195 1295 filius
1225 1266 1280 1295 est
1307 1271 1387 1295 ma-

324 1313 380 1362 gis
404 1310 622 1360 (diligendus
645 1324 761 1361 quarn
790 1320 913 1361 pater;
945 1319 984 1348 ut
1005 1312 1263 1360 Philosophus
1287 1311 1386 1358 dicit,

325 1419 484 1467 diligunt
497 1418 595 1455 filios
609 1425 651 1455 ut
664 1418 806 1466 aliquid
825 1417 881 1454 sui
902 1417 1117 1462 existentes;
1138 1424 1245 1465 pater
1258 1424 1385 1454 autem

325 1484 405 1509 non
440 1479 496 1508 est
522 1471 662 1519 aliquid
690 1470 775 1515 filii;
814 1477 851 1506 et
877 1470 965 1507 ideo
995 1469 1143 1506 dilectio
1173 1469 1386 1506 secundum

324 1536 442 1573 quam
471 1531 579 1572 pater
606 1523 723 1571 diligit
749 1523 894 1569 filium,
924 1523 1082 1560 similior
1111 1530 1166 1559 est
1198 1521 1388 1558 dilectioni

324 1590 401 1627 qua
415 1577 500 1626 quis
519 1576 636 1624 diligit
653 1576 834 1625 seipsum.
851 1597 875 1604 -
896 1575 1088 1622 Secundo,
1105 1575 1195 1623 quia
1213 1582 1389 1623 parentes

324 1630 445 1679 magis
471 1628 488 1660 β
515 1630 637 1667 sciunt
673 1630 820 1678 aliquos
858 1641 941 1666 esse
970 1641 1060 1666 suos
1094 1628 1194 1665 filios
1223 1640 1339 1677 quam
1368 1641 1388 1664 e

325 1696 527 1722 converso,
547 1706 572 1713 -
599 1683 745 1730 Tertio,
774 1682 862 1731 quia
881 1682 980 1719 filius
1009 1689 1064 1719 est
1087 1681 1207 1729 magis
1234 1681 1389 1730 propin-

378 1806 406 1838 α)
425 1807 624 1836 computantur.
642 1817 662 1823 ·-
678 1806 848 1835 computatur·
867 1803 921 1829 PG.
1411 1802 1414 1868 Ι

379 1839 406 1874 β)
426 1840 521 1874 magis.
537 1853 557 1859 -
575 1839 638 1865 Om.
656 1839 691 1870 C;
711 1844 769 1864 ante
787 1846 865 1875 quagn
885 1839 1060 1863 ABCDEFKa
1079 1839 1177 1864 addunt
1195 1838 1290 1872 magis.

1448 124 1744 161 ARTICULUS
1772 124 1808 160 X

1426 214 1524 251 quus
1552 201 1716 250 parenti,
1746 207 1878 250 utpote
1904 211 1992 249 pars
2022 197 2200 245 existens,
2235 209 2351 256 quam
2379 205 2487 257 pater

1426 255 1526 301 filio,
1564 255 1613 291 ad
1647 265 1763 312 quem
1799 253 1915 290 habet
1949 251 2212 289 habitudinem
2248 250 2432 299 principii.
2462 271 2486 278 -

1428 309 1596 367 Quarto,
1627 306 1715 355 quia
1743 314 1918 365 parentes
1952 305 2091 342 diutius
2120 311 2366 341 amaverunt:
2397 315 2488 340 nam

2408 133 2482 168 219

1429 361 1552 398 statim
1581 367 1688 408 pater
1715 359 1843 408 incipit
1870 359 2024 407 diligere
2052 357 2194 403 filium;
2231 357 2331 393 filius
2360 364 2488 393 autem

1428 422 1602 462 tempore
1630 412 1863 460 procedente
1889 411 2020 460 incipit
2047 410 2200 459 diligere
2228 418 2388 458 patrem.
2425 409 2491 446 Di-

1429 466 1540 504 lectio
1560 472 1687 502 autem
1716 472 1857 513 quanto
1887 473 1944 501 est
1962 464 2184 511 diuturnior,
2212 471 2318 500 tanto
2343 471 2398 499 est
2418 463 2492 499 for-

1430 520 1522 557 tior:
1556 519 1768 555 secundum
1805 518 1896 555 illud
1931 517 2047 554 Eccli.
2077 529 2112 554 ix
2134 516 2172 553 *z
2205 516 2296 553 Non
2334 515 2492 553 derelin-

1431 584 1524 621 quas
1551 571 1716 608 amicum
1744 571 1957 619 antiquum:
1986 581 2105 607 novus
2132 570 2231 606 enim
2261 582 2335 606 non
2359 570 2429 606 erit
2446 569 2494 605 si-

1431 625 1530 662 milis
1549 624 1613 661 illi.

1485 679 1544 714 An
1572 688 1709 714 PRIMUM
1729 688 1827 714 ERoo
1847 688 2032 713 DlCENDUM
2051 675 2157 724 quod
2175 675 2358 724 principio
2380 675 2495 712 debe—

1433 738 1493 767 tur
1521 729 1702 767 subiectio
1722 729 1957 767 reverentiae
1977 734 1993 757 Υ
2023 736 2059 765 et
2080 730 2225 765 honor:
2254 728 2404 765 effectui
2429 740 2496 765 au-

1433 790 1510 819 tem
1540 782 1873 831 proportionaliter
1910 781 2091 830 competit
2127 781 2296 829 recipere
2335 781 2496 818 influen-

1433 835 1524 872 tiam
1543 835 1715 883 principii
1744 842 1780 871 et
1807 834 2067 883 provisionem
2094 834 2223 882 ipsius.
2265 835 2314 870 Et
2341 842 2498 883 propter

1432 889 1507 925 hoc
1526 887 1747 936 parentibus
1773 899 1795 923 a
1813 887 1899 924 filiis
1919 887 2037 935 magis
2058 887 2218 924 debetur
2236 887 2381 924 honor:
2410 888 2496 925 filiis

1436 947 1563 977 autem
1592 939 1712 987 magis
1741 941 1901 977 debetur
1929 952 2018 976 cura
2045 939 2284 988 provisionis.

1489 995 1548 1029 AD
1577 1004 1766 1030 SECUNDUM
1795 1004 1980 1029 DlCENDUM
2008 994 2112 1040 quod
2147 1000 2255 1040 pater
2282 993 2498 1030 naturaliter

1435 1046 1519 1095 plus
1540 1045 1657 1093 diligit
1675 1045 1796 1082 filium
1821 1046 2034 1082 secundum
2055 1046 2239 1082 rationem
2265 1046 2498 1082 coniunctio-

1437 1099 1495 1136 nis
1516 1099 1564 1136 ad
1584 1099 1765 1147 seipsum.
1794 1099 1872 1136 Sed
1890 1099 2103 1136 secundum
2124 1098 2309 1135 rationem
2330 1099 2499 1136 eminen-

1436 1152 1541 1189 tioris
1565 1151 1656 1189 boni
1675 1151 1774 1188 filius
1793 1149 1806 1173 ⁶
1835 1152 2052 1188 naturaliter
2074 1152 2159 1200 plus
2193 1151 2309 1199 diligit
2337 1159 2497 1200 patrem.

1490 1206 1550 1241 An
1578 1216 1739 1242 TER‘riuM
1771 1216 1955 1242 DICENDUM
1984 1205 2107 1253 quod,
2144 1204 2239 1241 sicut
2266 1205 2499 1252 Augustinus

1439 1258 1547 1303 dicit,
1580 1257 1618 1294 in
1656 1259 1669 1293 I
1699 1258 1745 1294 de
1771 1259 1879 1294 Doct.
1915 1258 2048 1296 Christ.
2078 1258 2114 1304 ²¹²,
2148 1259 2252 1294 Deus
2279 1258 2402 1307 diligit
2433 1270 2500 1294 nos
2527 1262 2538 1274 ⁴

1438 1311 1490 1347 ad
1507 1316 1675 1347 nostram
1705 1310 1896 1347 utilitatem
1918 1316 1953 1347 et
1969 1323 2079 1347 suum
2107 1312 2301 1347 honorem.
2331 1311 2381 1347 Et
2399 1311 2499 1358 ideo,

1439 1363 1527 1412 quia
1546 1371 1653 1411 pater
1672 1361 1915 1411 comp'aratur
1934 1364 1982 1401 ad
2002 1376 2073 1400 nos
2093 1364 2130 1400 in
2149 1363 2371 1400 habitudine
2399 1364 2500 1412 prin-

1440 1416 1535 1464 cipii,
1566 1415 1661 1452 sicut
1689 1423 1726 1452 et
1752 1417 1875 1462 Deus,
1905 1416 1954 1452 ad
1982 1425 2128 1464 patrem
2162 1417 2314 1465 proprie
2341 1417 2503 1466 pertinet

1440 1475 1481 1504 ut
1501 1468 1534 1504 ei
1553 1480 1575 1504 a
1593 1468 1677 1504 filiis
1705 1469 1830 1505 honor
1856 1469 2116 1517 impendatur:
2147 1470 2195 1506 ad
2224 1470 2345 1506 filium
2374 1478 2502 1506 autem

1438 1528 1479 1557 ut
1498 1521 1579 1557 eius
1598 1521 1744 1557 utilitati
1766 1534 1787 1558 a
1806 1522 2025 1570 parentibus
2043 1522 2302 1570 provideatur.
2315 1543 2339 1551 -
2355 1523 2502 1569 Quam-

1439 1574 1498 1611 vis
1526 1574 1565 1611 in
1592 1574 1749 1610 articulo
1778 1574 2010 1611 necessitatis
2038 1574 2138 1611 filius
2167 1575 2352 1622 obligatus
2376 1576 2433 1622 sit,
2458 1588 2502 1612 ex

1422 1627 1634 1676 ,beneficiis
1663 1627 1866 1676 susceptis,
1896 1635 1936 1664 ut
1963 1628 2183 1676 parentibus
2216 1628 2382 1665 maxime
2415 1641 2503 1677 pro-

1439 1680 1581 1718 videat.

1491 1804 1517 1836 γ)
1538 1804 1710 1828 reverentiae.
1728 1817 1747 1822 -
1765 1803 1915 1828 reverentia
1933 1804 1962 1828 P.
1980 1817 1999 1822 —
2017 1807 2043 1828 et
2060 1805 2146 1829 honor
2163 1813 2215 1830 om.
2235 1806 2252 1830 1.

1492 1837 1517 1870 ὃ)
1529 1838 1615 1871 filius.
1633 1852 1652 1858 -
1671 1839 1732 1863 Om.
1750 1839 1956 1871 ABCEFHpKK,
1973 1845 2033 1871 post
2051 1841 2212 1865 naturaliter
2230 1846 2330 1873 ponunt
2344 1841 2424 1866 1)st
2437 1847 2463 1867 et
2476 1849 2503 1876 R·

1002 1909 1334 1942 Commentaria
1356 1909 1606 1942 Cardinalis
1628 1909 1828 1942 Caietani

355 1991 377 2012 κ
406 1981 539 2012 articulo
568 1990 657 2011 nono
687 1980 829 2020 perspice
853 1979 1059 2011 differentiam
1089 1980 1170 2011 inter
1192 1980 1328 2020 primam
1357 1987 1388 2011 et

329 1993 494 2056 Itertiam
524 2025 644 2055 litterae
670 2025 827 2055 rationem
850 2035 947 2065 quare
976 2024 1060 2055 filius
1090 2031 1137 2055 est
1164 2025 1264 2065 magis
1288 2035 1388 2065 quam

325 2077 415 2111 pater
429 2069 616 2109 diligendus,
638 2069 756 2100 attendi
778 2079 875 2109 penes
895 2069 967 2105 hoc,
991 2069 1080 2110 quod
1103 2069 1223 2109 primae
1243 2070 1387 2100 medium

326 2121 373 2146 est
402 2113 505 2144 maior
531 2113 708 2144 similitudo
738 2113 914 2144 dilectionis
945 2112 1000 2143 filii
1032 2113 1072 2143 ad
1102 2113 1307 2144 dilectionem
1337 2114 1387 2144 sui

1438 1980 1558 2021 ipsius,
1583 1990 1620 2011 ex
1643 1980 1705 2011 hoc
1728 1980 1814 2010 enim
1843 1981 2043 2012 concluditur
2072 1982 2189 2012 maior:
2214 1983 2322 2014 tertiae
2342 1994 2418 2015 vero
2441 1995 2505 2015 me-

1440 2025 1530 2055 dium
1546 2031 1593 2055 est
1607 2025 1697 2065 quod
1717 2024 1784 2064 ipse
1806 2024 1900 2062 filius,
1918 2025 1994 2066 quia
2017 2033 2063 2056 est
2086 2037 2157 2066 pars
2174 2028 2331 2067 quaedam
2356 2029 2504 2068 parentis,

1440 2077 1487 2100 est
1509 2069 1722 2109 propinquior
1744 2069 1876 2109 parenti.
1910 2070 1952 2100 Et
1974 2077 2140 2110 propterea
2165 2082 2230 2102 non
2254 2080 2328 2103 sunt
2351 2083 2426 2110 una,
2449 2074 2504 2104 sed

1441 2114 1521 2144 duae
1545 2114 1693 2149 rationes,
1718 2113 1865 2153 quamvis
1889 2114 2098 2155 propinquae.

1111 2246 1428 2289 ARTICULUS
1459 2246 1713 2289 DECIMUS

689 2328 846 2360 UTRUM
869 2328 998 2359 HOMO
1021 2329 1152 2360 MAGIS
1176 2330 1348 2361 DEBEAT
1371 2330 1575 2361 DILIGERE
1599 2330 1787 2360 MATREM
1816 2330 1943 2367 QUAM
1966 2331 2144 2361 PATREM

1142 2399 1174 2423 111
1193 2399 1276 2429 sent„
1296 2399 1356 2424 dist.
1373 2407 1439 2429 xxix,
1458 2405 1505 2424 art.
1525 2407 1550 2432 7,
1569 2400 1602 2424 ad
1620 2407 1646 2431 4,
1667 2399 1692 2424 5.

363 2478 427 2513 ,xe
418 2483 422 2493 ι
445 2482 479 2507 ⁸.
479 2492 501 2509 a
538 2472 561 2497 n
591 2471 753 2497 DECIMUM
772 2471 825 2496 src
844 2470 1085 2497 PROCEDITUR.
1106 2460 1265 2497 Videtur
1283 2460 1390 2509 quod

357 2484 518 2573 §.hi
540 2515 657 2550 homo
696 2513 816 2560 magis
858 2513 996 2549 debeat
1036 2513 1189 2560 diligere
1227 2521 1389 2550 matrem

350 2570 393 2615 ,γ’
408 2585 468 2615 v>
468 2546 511 2615 ’ἡ
541 2578 655 2626 quam
673 2573 835 2615 patrem.
865 2565 915 2602 Ut
937 2565 1038 2602 enim
1059 2567 1317 2615 Philosophus
1337 2566 1390 2603 di-

354 2615 370 2629 ”’
388 2600 484 2663 ἕὲἕξῗῗ)
500 2615 609 2666 Χρὴ,
639 2619 679 2655 in
708 2620 722 2655 Ι
749 2619 794 2655 de
817 2619 909 2655 Gen.
929 2619 1095 2656 Animal.
1117 2619 1151 2666 ³¹²,
1177 2620 1323 2666 femina
1353 2620 1390 2656 in

265 2616 573 2724 C'fge’neratione
604 2672 670 2708 dat
699 2683 846 2720 corpus.
892 2672 968 2709 Sed
1005 2673 1125 2709 homo
1163 2684 1242 2709 non
1277 2673 1392 2709 habet

329 2726 501 2763 animam
528 2738 550 2763 a
577 2733 697 2774 patre,
718 2726 786 2762 sed
813 2738 882 2775 per
910 2725 1141 2763 creationem
1171 2739 1193 2762 a
1218 2727 1320 2773 Deo,
1350 2733 1392 2762 ut

330 2844 353 2869 a
381 2839 501 2868 matre
530 2844 647 2880 quam
667 2844 689 2868 a
707 2839 826 2880 patre.
857 2833 947 2869 Plus
977 2845 1065 2881 ergo
1096 2833 1209 2869 debet
1237 2832 1391 2880 diligere

331 2891 493 2921 matrem
521 2897 638 2934 quarn
666 2893 828 2934 patrem.

385 2948 421 2974 2.
450 2937 692 2984 Pmmmm,
723 2938 843 2986 magis
872 2946 1067 2975 amantem
1097 2939 1211 2975 debet
1238 2939 1357 2975 homo
1374 2943 1391 2960 ‘²

331 2990 452 3038 magis
472 2990 636 3039 diligere.
658 2992 735 3028 Sed
753 2999 876 3028 mater
894 2992 978 3040 plus
998 2991 1115 3039 diligit
1131 2991 1254 3028 filium
1275 3003 1390 3040 quam

332 3096 438 3145 quod
456 3102 595 3133 matres
613 3097 739 3146 magis
756 3103 844 3134 sunt
865 3098 1065 3135 amatrices
1083 3096 1098 3127 Ρ
1106 3098 1294 3145 filiorum.
1315 3098 1391 3135 La-

333 3149 519 3186 horiosior
545 3150 643 3186 enim
677 3156 732 3187 est
755 3151 950 3200 generatio
978 3156 1166 3195 matrum,·
1202 3155 1238 3186 et
1266 3152 1392 3201 magis

331 3203 456 3239 sciunt
484 3203 663 3251 quoniam
696 3203 863 3251 ipsarum
891 3209 978 3240 sunt
1001 3203 1082 3251 filii
1111 3214 1225 3251 quam
1249 3209 1388 3252 patres.

332 3256 435 3304 Ergo
464 3262 586 3292 mater
614 3264 669 3293 est
695 3257 814 3304 magis
843 3256 1031 3305 diligenda
1059 3268 1176 3306 quam
1204 3264 1322 3306 pater.

386 3379 413 3411 α)
432 3379 519 3404 homo.
537 3393 556 3398 —
575 3379 635 3404 Om.
655 3379 925 3411 PABDEFGHKLpC
945 3384 970 3403 et
988 3386 1051 3405 nna.
1415 3380 1419 3445 Ι

387 3413 412 3447 β)
432 3415 583 3440 amatrices.
593 3428 612 3434 -
620 3418 741 3439 amantes
751 3415 788 3438 Pa
793 3421 802 3443 ,·
813 3422 861 3447 pro
872 3414 1005 3446 quoniam,
1016 3422 1076 3440 cum
1086 3415 1157 3448 BpE,
1167 3415 1213 3447 qui
1222 3416 1260 3440 Pa
1269 3420 1294 3440 et
1304 3417 1389 3441 ceteri.

1498 2462 1532 2498 3.
1561 2461 1797 2507 PRAETEREA,
1827 2461 1862 2497 ei
1881 2461 2042 2498 debetur
2069 2450 2195 2500 m'aior
2222 2464 2435 2502 dilectionis
2455 2467 2507 2502 af-

1443 2514 1562 2550 fectus
1582 2514 1647 2562 qui
1674 2526 1744 2562 pro
1772 2514 1884 2550 nobis
1913 2514 2076 2562 amplius
2095 2520 2111 2544 Υ
2130 2516 2339 2554 laboravit:
2373 2531 2507 2555 secun-

1444 2567 1535 2603 dum
1569 2566 1662 2603 illud
1693 2567 1805 2603 Rom.
1831 2567 1896 2603 ult.
1920 2567 1955 2603 *ε
1990 2568 2158 2605 Salutate
2188 2571 2379 2616 Mariam,
2410 2583 2508 2620 quae

1444 2620 1602 2666 multum
1630 2619 1819 2656 laboravit
1853 2620 1890 2656 in
1918 2621 2035 2658 vobis.
2074 2622 2151 2658 Sed
2185 2631 2308 2660 mater
2341 2625 2427 2672 plus
2455 2625 2507 2661 la-

1443 2664 1554 2710 borat
1581 2673 1620 2710 in
1648 2673 1891 2721 generatione
1921 2681 1957 2710 et
1985 2674 2212 2712 educatione
2237 2689 2354 2725 quam
2384 2685 2505 2726 pater:

1444 2727 1547 2763 unde
1572 2725 1706 2763 dicitur
1723 2726 1908 2763 Eccli.v11
1927 2726 1962 2763 ²¹⁸:
1997 2727 2185 2764 Gemitum
2206 2730 2337 2766 matris
2356 2736 2443 2767 tuae
2462 2744 2509 2768 ne

1444 2779 1686 2816 obliviscaris.
1717 2780 1818 2826 Ergo
1847 2780 1933 2828 plus
1962 2780 2076 2817 debet
2103 2782 2223 2819 homo
2254 2782 2407 2830 diligere
2428 2796 2509 2821 rna-

1444 2841 1542 2870 trem
1570 2845 1686 2881 quam
1715 2840 1876 2881 patrem.

1499 2887 1573 2923 SED
1603 2897 1748 2922 CONTRA
1776 2898 1842 2922 EST
1869 2887 1974 2935 quod
1995 2887 2257 2936 Hieronymus
2278 2888 2377 2935 dicit,
2397 2901 2510 2938 super

1442 2941 1576 2988 Ezech.
1596 2939 1627 2985 *,
1649 2939 1755 2987 quod
1777 2945 1866 2987 post
1882 2941 2028 2986 Deum,
2058 2942 2227 2978 omnium
2251 2943 2425 2988 Patrem,
2455 2943 2508 2979 di·
2536 2967 2554 2988 x

1444 2993 1615 3043 ligendus
1643 2998 1697 3029 est
1716 2998 1851 3040 pater.-
1880 3001 1916 3030 et
1942 3001 2078 3042 postea
2106 2995 2209 3032 addit
2238 2995 2284 3032 de
2314 3003 2448 3032 matre.

1498 3047 1723 3083 RESPONDEO
1743 3057 1927 3084 DICENDUM
1956 3047 2062 3095 quod
2090 3047 2128 3084 in
2156 3047 2234 3085 istis
2254 3049 2508 3097 comparatio-

1444 3099 1555 3136 nibus
1583 3099 1621 3136 id
1649 3099 1754 3147 quod
1783 3099 1917 3136 dicitur
1946 3107 2001 3137 est
2033 3100 2320 3148 intelligendum
2347 3114 2418 3150 per
2446 3114 2507 3138 se:

1443 3159 1485 3189 ut
1511 3152 1687 3189 videlicet
1715 3151 1940 3200 intelligatur
1968 3165 2050 3190 esse
2079 3154 2295 3202 quaesitum
2326 3154 2371 3191 de
2400 3162 2508 3203 patre

1442 3205 1670 3254 inquantum
1691 3213 1746 3242 est
1764 3213 1883 3254 pater,
1904 3218 1953 3243 an
1973 3207 2019 3243 sit
2038 3207 2122 3256 plus
2147 3207 2358 3255 diligendus
2388 3215 2508 3244 matre

1444 3258 1671 3307 inquantum
1706 3266 1762 3295 est
1789 3266 1923 3296 mater.
1962 3261 2093 3297 Potest
2122 3260 2222 3297 enim
2255 3260 2293 3297 in
2327 3261 2508 3297 omnibus

1497 3381 1524 3415 γ)
1543 3381 1666 3413 amplius.
1684 3394 1703 3400 -·
1716 3382 1780 3413 plus
1799 3381 1846 3406 Pa.

2519 523 2530 534 ⁸
2544 522 2612 543 Vers.
2628 528 2660 548 ¹4·

2623 1145 2637 1169 δ

2552 1263 2608 1290 cap.
2624 1268 2696 1283 mn.

2631 2529 2648 2554 Υ

2535 2580 2606 2602 Ver
2621 2581 2665 2602 ..6

2534 2733 2677 2761 ·Ve.2.rs9

2537 2940 2657 2962 Comme
2660 2941 2746 2962 mi.lb

2558 2968 2596 2993 111,
2600 2967 2657 2988 amid
2645 2974 2745 2995 a.v‚pxs..i

2551 3000 2595 3015 “³-
2610 3000 2642 3026 25-
