2892 4056
0 756 13 859 {z

0 912 14 971 [ἐ

160 582 178 607 p.

65 842 128 864 ἰὼ.
139 842 215 869 Lcap.
223 847 271 863 xxx.

63 867 123 890 -Οἱ
177 868 216 890 ist.
241 867 274 889 ad

62 894 145 916 Marce
163 909 170 915 .
179 894 225 916 loe.
233 894 272 916 cit.

63 926 133 969 :3223
139 920 272 969 &niffl

66 3154 78 3166 ⁸
85 3154 277 3187 ‹2125ch-

67 3183 118 3229 ⁸221.
131 3181 170 3229 „¹35
181 3181 277 3230 ἑῗέέῖῑ

1009 128 1276 174 QUAESTIO
1306 128 1392 175 XL,
1422 128 1719 166 ARTICULUS
1750 130 1764 165 Ι

298 209 455 246 alicuius
481 212 666 244 armatur.
710 206 787 253 Qui
813 218 906 243 vero
937 217 981 242 ex
1010 206 1228 242 auctoritate
1255 205 1358 254 prin-

299 261 390 310 cipis
417 260 479 297 vel
514 259 660 306 iudicis,
692 259 722 296 si
750 259 795 295 sit
822 270 985 308 persona
1011 258 1180 307 privata;
1218 259 1280 295 vel
1314 269 1358 295 ex

298 314 378 350 zelo
407 312 578 358 iustitiae,
607 312 716 360 quasi
736 324 780 348 ex
799 310 1015 348 auctoritate
1044 311 1127 358 Dei,
1158 311 1187 347 si
1207 310 1251 347 sit
1273 323 1358 359 per—

298 378 392 404 sona
416 365 579 415 publica,
609 364 734 412 gladio
761 365 886 411 utitur,
915 376 994 400 non
1021 363 1102 411 ipse
1131 363 1266 412 accipit
1283 364 1358 410 gla-

300 419 424 466 dium,
461 418 530 455 sed
557 417 605 454 ab
635 417 707 454 alio
737 416 808 454 sibi
837 416 1044 454 commisso
1073 416 1198 452 utitur.
1247 415 1359 452 Unde

299 472 333 509 ei
350 483 478 520 poena
497 482 576 507 non
596 470 767 507 debetur.
784 490 807 497 -
830 470 914 506 Nec
933 476 1062 505 tamen
1086 467 1139 504 illi
1160 468 1274 505 etiam
1293 467 1359 516 qui

299 536 387 561 cum
414 530 572 572 peccato
607 523 733 571 gladio
760 529 916 560 utuntur
952 532 1104 570 semper
1145 521 1267 568 gladio
1297 532 1360 556 oc-

300 577 486 614 ciduntur.
517 575 594 612 Sed
613 575 696 625 ipso
716 581 733 604 ¹*
757 587 826 612 suo
846 573 971 623 gladio
1000 585 1152 622 semper
1178 580 1357 622 pereunt:

299 629 386 678 quia
421 641 491 678 pro
523 636 681 677 peccato
718 627 829 676 gladii
865 626 1103 664 aeternaliter
1138 626 1359 674 puniuntur,

299 682 370 720 nisi
397 681 628 731 poeniteant.

351 737 410 771 AD
440 745 841 772 sncuunuumcuuuum
869 732 975 782 quod
1004 731 1225 769 huiusmodi
1252 743 1361 779 prae-

300 795 420 837 cepta,
451 787 546 824 sicut
573 786 806 835 Augustinus
839 785 947 833 dicit,
978 785 1017 821 in
1043 785 1138 821 libro
1167 785 1213 821 de
1239 785 1358 820 Serm.

299 842 412 878 Dom.
433 841 469 877 in
496 840 633 877 Monte
651 839 683 887 *⁷
712 851 865 888 semper
883 845 970 875 sunt
989 838 1177 874 servanda
1195 837 1234 873 in
1252 848 1361 885 prae-

299 892 494 942 paratione
509 891 647 929 animi:
667 899 709 928 ut
727 891 865 928 scilicet
883 902 1034 938 semper
1046 890 1167 927 homo
1189 889 1235 925 sit
1252 901 1361 937 para-

298 954 359 983 tus
377 958 457 983 non
477 945 649 982 resistere
667 945 730 980 vel
745 956 824 981 non
843 956 884 980 se
905 942 1110 980 defendere
1130 942 1161 978 si
1189 954 1287 990 opus
1306 943 1362 978 fu-

301 998 369 1035 erit
386 1004 410 1035 ³⁹.
432 998 509 1035 Sed
537 997 770 1047 quandoque
791 1003 847 1033 est
865 995 972 1032 aliter
995 995 1187 1043 agendum
1206 1002 1363 1043 propter

300 1062 506 1088 commune
525 1051 685 1096 bonum,
706 1056 743 1086 et
761 1047 773 1073 ξ
803 1049 917 1085 etiam
935 1048 1089 1085 illorum
1110 1060 1199 1085 cum
1223 1047 1361 1096 quibus

297 1111 498 1152 pugnatur.
515 1103 626 1140 Unde
641 1102 874 1150 Augustinus
890 1101 989 1148 dicit,
1004 1101 1043 1138 in
1059 1101 1166 1150 epist.
1186 1100 1238 1138 ad
1249 1101 1366 1137 Mar-⁴

298 1156 475 1195 cellinum
488 1155 525 1192 *z
545 1155 707 1205 Agenda
725 1161 814 1192 sunt
829 1154 946 1192 multa
966 1155 1078 1191 etiam
1098 1166 1184 1191 cum
1206 1153 1330 1190 invitis
1348 1159 1361 1174 ⁰

2396 130 2468 167 313

1413 206 1515 242 niam
1544 206 1635 242 nihil
1663 212 1716 243 est
1750 206 1933 254 infelicius
1958 206 2142 254 felicitate
2174 212 2192 227 π
2214 207 2472 254 peccantium,

1412 269 1487 306 qua
1501 259 1672 306 poenalis
1696 260 1859 296 nutritur
1877 259 2090 307 impunitas,
2116 265 2151 295 et
2168 258 2270 295 mala
2290 259 2473 301 voluntas,

1411 310 1513 347 velut
1538 311 1650 347 hostis
1678 312 1846 358 interior,
1875 313 2089 349 roboratur.

1465 365 1524 399 An
1552 375 1712 401 Teanum
1740 376 1923 402 mesanum
1952 365 2058 412 quod
2078 363 2191 401 etiam
2220 363 2270 400 illi
2290 363 2354 411 qui
2379 363 2475 401 iusta

1413 416 1510 452 bella
1538 424 1671 463 gerunt
1711 429 1846 464 pacem
1875 417 2085 454 intendunt.
2130 418 2180 454 Et
2205 417 2256 453 ita
2282 416 2368 465 paci
2397 429 2475 453 non

1413 468 1689 505 contrariantur
1709 469 1778 505 nisi
1798 471 1934 517 malae,
1956 482 2073 518 quam
2099 469 2288 507 Dominus
2311 481 2385 506 non
2414 481 2475 506 ve—

1414 521 1469 557 nit
1493 521 1636 557 mittere
1663 522 1699 557 in
1720 527 1872 569 terram,
1893 530 1934 559 ut
1953 523 2087 560 dicitur
2106 523 2241 559 Matth.
2261 534 2285 558 x
2302 522 2333 559 ²¹⁶.
2363 522 2475 559 Unde

1413 573 1645 621 Augustinus
1671 573 1769 620 dicit,
1799 576 1850 612 ad
1874 576 2116 624 Bonifacium
2140 575 2177 612 *ε
2206 576 2297 612 Non
2327 576 2475 624 quaeri-

1413 632 1475 663 tur
1486 637 1572 674 pax
1591 632 1631 662 ut
1657 626 1793 663 bellum
1813 634 2057 666 exerceatur:
2084 628 2150 664 sed
2166 628 2302 665 bellum
2329 628 2477 677 geritur

1415 685 1456 716 ut
1474 690 1559 726 pax
1576 680 1806 727 acquiratur.
1848 682 1938 717 Esto
1966 693 2059 731 ergo
2087 681 2258 718 bellando
2280 681 2474 729 pacificus,

1414 738 1455 768 ut
1471 743 1535 768 eos
1553 743 1645 779 quos
1664 744 1862 782 expugnas
1881 734 1932 770 ad
1943 735 2052 782 pacis
2071 734 2264 770 utilitatem
2291 734 2474 770 vincendo

1408 784 1609 834 perducas.

1466 839 1525 873 AD
1563 848 1736 879 QUARTUM
1774 850 1960 876 mceunum
1997 839 2104 888 quod
2142 839 2318 876 exercitia
2353 839 2476 875 horni-

1414 902 1508 926 num
1527 889 1575 926 ad
1596 902 1655 926 res
1684 890 1837 927 bellicas
1857 896 1869 920 ⁹
1898 903 1976 928 non
1995 899 2083 929 sunt
2101 891 2363 928 universaliter
2390 904 2476 940 pro-

1413 942 1551 979 hibita:
1581 942 1650 979 sed
1678 942 1892 980 inordinata
1921 945 2094 981 exercitia
2123 952 2159 981 et
2185 945 2410 992 periculosa,
2431 957 2476 981 ex

1413 995 1552 1043 quibus
1581 995 1792 1032 occisiones
1821 1004 1857 1032 et
1886 996 2202 1045 depraedationes
2232 997 2474 1046 proveniunt.

1412 1047 1528 1096 Apud
1566 1048 1743 1096 antiquos
1786 1057 1915 1086 autem
1958 1050 2243 1087 exercitationes
2288 1050 2335 1087 ad
2378 1050 2477 1087 bella

1415 1100 1495 1137 sine
1514 1100 1736 1138 huiusmodi
1756 1102 1930 1150 periculis
1960 1111 2086 1140 erant:
2116 1110 2152 1139 et
2176 1102 2263 1140 ideo
2285 1103 2477 1140 vocaban-

1414 1161 1474 1190 tur
1509 1153 1765 1191 meditationes
1801 1167 2020 1201 armorum,
2048 1156 2110 1193 vel
2148 1156 2244 1192 bella
2279 1156 2359 1192 sine
2391 1168 2477 1193 san-

298 1209 463 1259 benigna
491 1209 656 1257 quadam
683 1209 882 1256 asperitate
908 1207 1124 1256 plectendis.
1165 1207 1272 1243 Nam
1301 1206 1364 1243 cui
1413 1206 1549 1255 guine,
1579 1214 1620 1243 ut
1656 1219 1724 1255 per
1761 1207 2041 1256 Hieronymum
2078 1216 2199 1257 patet,
2230 1208 2268 1245 in
2309 1209 2476 1257 quadam

299 1262 457 1319 licentiat
474 1262 676 1315 iniquitatis
703 1261 870 1310 eripitur,
901 1261 1037 1297 utiliter
1061 1260 1244 1297 vincitur:
1272 1270 1362 1307 quo·
1387 1256 1390 1295 Ι
1417 1259 1588 1307 epistola.

352 1385 381 1419 μ.)
401 1384 467 1417 ipso.
486 1397 506 1403 -
524 1383 577 1417 ipsi
595 1384 625 1409 P.

351 1420 375 1454 ν)
386 1419 485 1454 suerit.
503 1433 523 1438 -
542 1426 593 1444 non
607 1419 696 1453 suerit
714 1419 743 1443 P.

353 1452 376 1488 ξ)
395 1457 432 1480 et.
449 1469 468 1474 —
486 1455 528 1479 vel
546 1454 593 1479 Pa.

1471 1382 1497 1414 ο)
1517 1382 1617 1407 invitis.
1634 1396 1653 1402 -
1670 1382 1785 1408 inimicis
1804 1383 1872 1414 GsE,
1892 1388 1957 1415 spat.
1975 1371 2031 1407 vac.
2050 1383 2078 1415 F,
2098 1383 2188 1408 abrasa
2207 1390 2253 1416 pu.

1471 1418 1499 1450 π)
1511 1418 1655 1450 felicitate.
1673 1432 1691 1436 -
1709 1418 1865 1451 infelicitate
1883 1418 1929 1442 Pa.

1471 1453 1496 1486 ρ)
1516 1453 1630 1478 bellicas.
1648 1467 1666 1471 —
1683 1453 1833 1485 spectantia
1852 1453 1949 1477 addunt
1966 1452 2013 1478 Pa.

974 1531 1307 1564 Commentario.
1330 1530 1580 1563 Cardinalis
1603 1530 1803 1563 Caietam

301 1623 349 1688 Iu
363 1611 497 1644 articulo
513 1612 618 1652 primo
630 1611 824 1653 quaestionis
840 1611 1109 1652 quadragesimae,
1126 1610 1207 1641 circa
1225 1610 1361 1651 primam
1386 1609 1390 1616 '

329 1656 547 1689 conditionem
569 1656 644 1687 belli
666 1656 751 1692 iusti,
768 1655 903 1686 dubium
927 1655 1071 1691 occurrit,
1089 1665 1128 1685 an
1145 1655 1362 1695 appellatione

297 1701 449 1742 principis
463 1700 498 1731 in
513 1701 575 1731 hoc
597 1700 670 1731 loco
683 1700 899 1740 intelligantur
913 1700 974 1730 soli
989 1699 1034 1729 illi
1049 1699 1209 1739 principes
1224 1699 1280 1740 qui
1296 1709 1363 1729 non

298 1747 415 1777 habent
443 1745 652 1785 superiorem.
682 1745 723 1775 Et
745 1744 870 1775 videtur
899 1744 988 1784 quod
1011 1743 1066 1774 sic.
1096 1743 1180 1781 Quia
1212 1744 1363 1774 habentes

299 1790 496 1832 superiorem
525 1795 661 1830 possunt
689 1798 846 1819 recurrere
870 1788 909 1818 ad
932 1788 1129 1828 superiorem
1159 1794 1190 1818 et
1212 1789 1364 1829 prosequi

297 1834 349 1865 ius
372 1843 469 1864 suum
491 1843 600 1864 coram
627 1841 682 1863 eo:
706 1833 788 1863 sicut
811 1833 850 1863 de
873 1832 1002 1872 privatis
1031 1832 1177 1872 personis
1205 1832 1238 1862 in
1260 1832 1364 1863 littera

299 1878 414 1909 dicitur
435 1884 566 1918 propter
589 1877 669 1907 hanc
691 1877 859 1907 rationem.

353 1923 395 1952 Et
424 1921 641 1952 confirmatur.
674 1921 759 1958 Quia
788 1921 877 1951 aliter
907 1927 1164 1951 contemneretur
1191 1920 1363 1951 auctoritas

298 1965 481 2007 superioris.
505 1965 538 1996 Si
561 1965 648 1995 enim
672 1965 800 1996 cuilibet
815 1965 948 2006 principi
971 1965 1078 1995 liceret
1093 1974 1221 1995 movere
1244 1965 1365 1995 bellum

299 2016 408 2041 contra
430 2009 581 2045 alterum,
611 2009 676 2039 iam
697 2009 821 2040 licitum
845 2016 925 2040 esset
955 2009 1127 2050 unicuique
1158 2009 1292 2049 principi
1314 2009 1364 2039 ius

299 2053 359 2085 sibi
379 2053 441 2093 ipsi
463 2053 566 2084 dicere
582 2059 691 2084 contra
713 2053 848 2084 alterum
863 2053 1056 2093 principem:
1081 2059 1112 2083 et
1134 2052 1179 2083 sic
1193 2053 1365 2093 superioris

298 2097 468 2129 auctoritas
491 2103 674 2137 contempta
697 2103 954 2137 postponeretur.

352 2141 389 2172 In
411 2141 599 2182 oppositum
623 2148 731 2172 autem
753 2148 800 2172 est
823 2141 899 2182 quia
921 2141 1067 2181 princeps
1090 2141 1123 2171 in
1145 2140 1248 2172 littera
1267 2141 1364 2171 sumi-

299 2193 352 2217 tur
373 2192 410 2216 ut
431 2185 635 2226 distinguitur
657 2192 766 2216 contra
788 2185 943 2226 privatam
966 2195 1146 2226 personam,
1171 2192 1207 2216 ut
1230 2191 1317 2225 patet
1331 2185 1365 2215 in

299 2229 411 2261 littera.
427 2229 563 2261 Constat
577 2235 685 2260 autem
700 2230 790 2271 quod
805 2239 872 2260 non
884 2229 991 2260 omnis
1007 2230 1109 2260 taliter
1121 2229 1268 2270 princeps
1283 2236 1367 2260 caret

301 2273 475 2316 superiore.
639 2294 642 2296 >

352 2318 524 2353 Praeterea,
539 2317 573 2347 in
586 2317 688 2348 littera
710 2317 824 2348 dicitur
837 2318 927 2358 quod
950 2318 990 2348 ad
1013 2327 1068 2348 eos
1083 2324 1204 2358 spectat
1223 2317 1365 2357 gladium

301 2371 430 2392 movere
452 2362 604 2392 bellicum
627 2367 737 2392 contra
760 2367 923 2392 extraneos
947 2362 986 2391 ad
1013 2371 1096 2401 quos
1118 2368 1239 2401 spectat
1260 2362 1365 2401 gladio

300 2406 454 2437 materiali
484 2405 532 2436 uti
556 2412 664 2436 contra
687 2405 858 2436 intraneos.
889 2405 952 2436 Sed
979 2411 1088 2436 contra
1115 2405 1276 2436 inti-aneos
1300 2415 1365 2435 non

300 2450 470 2491 requiritur
490 2449 637 2490 princeps
660 2459 768 2480 carens
792 2449 958 2490 superiori.
983 2450 1068 2489 Ergo
1091 2459 1149 2479 nec
1173 2449 1212 2479 ad
1235 2459 1367 2479 moven-

302 2495 382 2526 dum
404 2494 536 2525 bellum.

357 2538 395 2568 ll.
411 2538 462 2568 Ad
478 2538 669 2568 evidentiam
681 2537 876 2568 auctoritatis
887 2537 1056 2577 requisitae
1072 2537 1111 2567 ad
1122 2537 1254 2573 bellum,
1271 2537 1368 2567 scien-

302 2583 380 2613 dum
403 2589 451 2613 est
464 2582 554 2622 quod
577 2591 643 2612 non
657 2589 703 2613 est
717 2581 861 2622 quaestio
878 2581 916 2611 de
939 2581 1024 2612 bello
1039 2581 1212 2617 defensivo,
1237 2582 1366 2622 quando

301 2626 418 2657 scilicet
441 2626 555 2667 aliquis
577 2626 698 2656 bellum
721 2626 795 2656 facit
824 2625 1023 2656 defendendo
1048 2635 1081 2656 se
1104 2626 1143 2656 ab
1166 2625 1285 2655 indicto
1309 2625 1368 2655 sibi

301 2670 403 2701 bello:
427 2670 490 2700 hoc
506 2670 592 2700 enim
609 2681 626 2700 a
641 2677 771 2701 naturae
787 2669 855 2700 iure
871 2669 1006 2710 quilibet
1020 2669 1162 2710 populus
1177 2669 1280 2699 habet.
1306 2669 1368 2700 Sed

301 2714 446 2756 quaestio
470 2721 516 2745 est
538 2715 578 2744 de
600 2714 774 2745 indictione
796 2713 887 2744 belli:
913 2723 994 2754 quae
1010 2713 1127 2744 scilicet
1142 2713 1311 2744 auctoritas
1327 2714 1368 2744 ad

301 2759 364 2790 hoc
386 2759 535 2798 exigatur.
559 2758 602 2789 Et
622 2758 696 2789 licet
717 2758 802 2789 varia
825 2758 858 2788 in
881 2757 943 2788 hoc
965 2758 1109 2788 videatur
1132 2757 1254 2798 opinio,
1278 2757 1303 2787 si
1322 2765 1368 2789 ta-

302 2811 376 2833 men
399 2809 482 2833 recte
505 2802 731 2839 discernamus,
756 2812 820 2833 una
845 2809 892 2832 est
914 2802 1078 2832 sententia.

356 2846 441 2877 Cum
465 2846 550 2877 enim
565 2847 686 2877 bellum
710 2847 750 2877 sit
763 2846 955 2886 reipublicae
977 2846 1110 2882 invasio,
1135 2852 1165 2876 et
1183 2845 1245 2876 hoc
1269 2845 1367 2876 active

303 2889 393 2933 (quia
414 2890 556 2930 legitima
585 2898 742 2931 quantum
773 2898 819 2921 est
842 2901 879 2921 ex
901 2897 989 2931 parte
1019 2890 1216 2920 auctoritatis
1246 2889 1327 2920 bella
1350 2900 1368 2920 a

303 2934 463 2974 republica
486 2933 584 2976 sunt),
608 2941 694 2965 tanta
709 2934 882 2965 differentia
898 2941 944 2965 est
966 2935 1047 2965 inter
1061 2934 1283 2964 auctoritatem
1298 2943 1367 2964 mo—

302 2978 396 3008 vendi
419 2978 560 3018 gladium
583 2978 733 3009 bellicum
756 2986 787 3009 et
809 2978 951 3018 gladium
974 2978 1142 3018 privatum,
1167 2983 1286 3018 quanta
1309 2977 1367 3008 dif-

304 3021 435 3052 ferentia
458 3029 504 3052 est
526 3022 607 3052 inter
630 3028 702 3053 'rem
725 3023 887 3062 publicam
916 3029 947 3053 et
976 3022 1129 3063 privatam
1153 3022 1185 3052 in
1210 3021 1367 3052 defensio-

304 3066 353 3096 nis
376 3072 407 3096 et
421 3066 576 3096 vindictae
599 3067 677 3097 iure.
701 3067 752 3097 Ad
772 3066 926 3106 privatam
949 3076 1089 3107 namque
1108 3076 1278 3106 personam
1302 3075 1367 3096 non

304 3116 423 3150 spectat
447 3110 506 3140 nisi
530 3111 592 3141 vim
617 3112 649 3141 vi
671 3111 826 3151 repellere
849 3121 919 3141 cum
944 3111 1162 3141 moderamine
1185 3111 1368 3150 inculpatae

305 3154 423 3185 tutelae
437 3153 464 3184 ¹¹².
488 3154 583 3185 Extra
598 3155 803 3185 moderamen
823 3162 929 3185 autem
945 3154 1123 3195 inculpatae
1139 3154 1254 3185 tutelae
1271 3161 1317 3184 est
1332 3160 1368 3184 ut

304 3198 376 3239 quis
405 3198 544 3238 privatus
577 3209 609 3229 se
637 3198 688 3229 vel
710 3199 790 3229 alios
817 3199 999 3230 ulciscatur:
1029 3205 1160 3239 propter
1188 3198 1277 3239 quod
1301 3208 1367 3229 non

303 3242 376 3274 licet
390 3242 512 3282 privato
526 3242 667 3274 occidere
682 3243 857 3274 occisorem
873 3243 922 3274 sui
934 3243 1041 3284 patris.
1056 3242 1246 3283 Respublica
1260 3249 1367 3274 autem

305 3293 336 3318 et
358 3296 492 3317 suorum
516 3287 734 3317 membrorum
759 3294 789 3317 et
812 3287 861 3318 sui
877 3287 921 3318 sic
943 3297 1053 3318 curam
1067 3286 1161 3318 habet
1176 3293 1212 3318 ut
1234 3296 1301 3317 non
1316 3297 1367 3317 so-

303 3331 373 3362 lum
396 3330 496 3371 possit
519 3331 681 3362 moderate
702 3331 768 3361 vim
783 3331 814 3362 vi
832 3331 991 3372 repellere,
1016 3331 1071 3361 sed
1093 3331 1188 3362 etiam
1209 3330 1366 3362 vindicare

304 3373 433 3405 iniurias
457 3373 506 3405 sui
529 3375 578 3405 vel
602 3385 746 3413 suorum,
772 3385 837 3406 non
861 3375 967 3406 solum
994 3381 1102 3406 contra
1130 3374 1188 3405 sibi
1212 3374 1365 3411 subditos,

305 3418 360 3449 sed
383 3425 557 3449 extraneoS.
581 3418 623 3449 Et
645 3419 683 3449 de
707 3419 839 3450 subditis
855 3419 985 3460 quidem
1008 3426 1108 3459 patet:
1133 3418 1286 3460 quoniam
1307 3429 1366 3459 pu-

446 3479 556 3503 Smmxi:
575 3478 675 3503 Tutor.
696 3479 727 3503 D.
740 3478 854 3503 'rnomss
873 3478 906 3504 T.
923 3479 955 3503 V.

1412 1611 1511 1641 nitiva
1533 1611 1653 1642 iustitia
1676 1612 1716 1642 ad
1735 1611 1966 1652 rempublicam
1989 1617 2118 1652 spectat.
2151 1611 2199 1641 De
2230 1611 2382 1642 extraneis
2404 1622 2479 1642 vero

1413 1656 1567 1695 probatur
1590 1666 1626 1686 ex
1650 1666 1689 1686 eo
1712 1656 1801 1698 quod
1816 1655 1994 1696 respublica
2017 1656 2110 1686 debet
2132 1665 2198 1686 esse
2221 1656 2282 1686 sibi
2295 1655 2478 1697 sufficiens,

1414 1707 1450 1730 ut
1473 1706 1560 1740 patet
1582 1699 1616 1729 in
1640 1700 1681 1730 111
1703 1700 1797 1730 Polit.
1817 1699 1851 1730 *ε
1876 1706 2000 1730 constat
2026 1706 2134 1730 autem
2164 1700 2254 1740 quod
2288 1700 2348 1730 nisi
2371 1707 2481 1740 posset

1412 1743 1495 1774 licite
1519 1744 1558 1774 de
1575 1744 1727 1774 extraneis
1751 1744 1880 1784 populis
1896 1751 1927 1774 et
1948 1743 2143 1784 principibus
2158 1754 2191 1774 se
2206 1743 2374 1780 vindicare,
2390 1745 2480 1775 valde

1414 1794 1496 1818 esset
1510 1788 1695 1828 imperfecta
1709 1795 1740 1818 et
1756 1787 1915 1819 deficeret.»
1934 1789 2018 1818 Nam
2035 1788 2161 1829 tyranni
2185 1795 2216 1818 et
2230 1788 2339 1818 iniusti
2358 1788 2480 1828 rapien-

1413 1839 1470 1868 tes,
1487 1832 1675 1869 occidentes,
1696 1832 1864 1872 capientes,
1884 1839 1914 1863 et
1933 1832 2178 1873 quomodolibet
2193 1832 2342 1862 iniuriam
2365 1831 2480 1862 facien-

1414 1883 1460 1906 tes
1476 1876 1597 1907 alienae
1611 1876 1804 1916 reipublicae
1819 1876 1950 1912 civibus,
1965 1883 2164 1906 remanerent
2178 1876 2362 1906 naturaliter
2376 1876 2482 1914 inulti,

1415 1927 1446 1950 et
1468 1920 1620 1951 naturalis
1643 1921 1722 1951 ratio
1742 1920 1888 1951 deficeret
1909 1920 1942 1950 in
1970 1920 2160 1950 necessariis.
2185 1920 2220 1950 In
2240 1927 2370 1950 naturae
2395 1930 2483 1950 nam-

1417 1974 1480 2005 que
1509 1964 1632 2004 legibus
1665 1965 1821 2001 sistendo,
1853 1974 1921 1994 non
1951 1971 2078 2004 oportet
2114 1964 2307 2004 respublicas
2344 1964 2482 1994 diversas

1416 2009 1654 2039 communicare
1682 2009 1716 2039 in
1739 2008 1806 2039 uno
1830 2008 1982 2049 principe.
2016 2009 2057 2039 Et
2079 2007 2104 2038 si
2129 2018 2192 2038 una
2220 2008 2350 2039 alteram
2374 2009 2482 2048 oppri-

1416 2059 1516 2083 meret
1537 2053 1570 2083 in
1593 2053 1659 2083 suis
1683 2052 1844 2089 membris,
1868 2053 2034 2093 capiendo,
2059 2052 2251 2089 dilaniando,
2269 2053 2294 2082 si
2318 2053 2413 2083 altera
2435 2053 2483 2083 in-

1416 2107 1534 2128 nocens
1558 2107 1625 2127 non
1647 2104 1757 2137 posset
1778 2097 1936 2128 vindicare
1959 2107 1992 2127 se
2015 2104 2046 2127 et
2069 2107 2145 2127 suos
2165 2103 2276 2127 contra
2299 2097 2482 2136 opprimen-

1416 2148 1481 2172 tem
1504 2142 1688 2182 pugnando,
1712 2148 1743 2172 et
1764 2141 1858 2172 inulti
1881 2141 1956 2171 mali
1980 2141 2163 2172 naturaliter
2186 2147 2359 2177 manerent,
2383 2148 2414 2171 et
2428 2151 2482 2171 na-

1415 2185 1524 2216 turalis
1554 2185 1650 2222 ratio,
1684 2195 1767 2226 quae
1800 2185 2034 2216 universalioris
2064 2192 2110 2215 est
2133 2185 2350 2225 providentiae
2384 2195 2482 2225 quam

1415 2229 1566 2260 naturalis
1589 2229 1755 2260 instinctus
1779 2229 1977 2265 animalium,
2002 2229 2165 2259 defecisset
2188 2239 2254 2259 non
2284 2229 2482 2269 providendo

1415 2273 1605 2314 reipublicae
1617 2273 1656 2303 de
1668 2273 1763 2303 armis
1779 2273 1918 2304 ultionis.
1943 2275 2139 2304 Attestantur
2150 2273 2212 2303 hoc
2226 2280 2313 2313 gesta
2332 2273 2482 2304 Ionathae

1416 2325 1447 2349 et
1461 2317 1601 2348 Simonis
1617 2324 1726 2348 contra
1741 2317 1824 2347 filios
1837 2317 1963 2355 lambri,
1979 2317 2012 2347 in
2027 2317 2198 2348 vindictam
2215 2317 2376 2357 sanguinis
2392 2318 2483 2348 Ioan-

1417 2361 1465 2392 nis
1488 2361 1590 2392 fratris
1611 2361 1672 2398 sui,
1696 2362 1708 2391 I
1731 2362 1879 2392 Machab.
1903 2372 1934 2392 1x
1955 2362 1982 2392 *.
2006 2362 2193 2402 Approbare
2215 2361 2278 2392 hoc
2302 2362 2483 2392 communis

1417 2405 1565 2436 omnium
1587 2406 1731 2445 gentium
1747 2416 1824 2437 usus
1845 2406 1980 2442 videtur,
1997 2413 2150 2447 tanquam
2173 2417 2191 2436 a
2207 2412 2319 2436 natura
2334 2406 2481 2436 inditum.

1417 2450 1521 2480 Verba
1543 2459 1675 2489 quoque
1697 2449 1845 2480 Auctoris
1868 2450 1901 2479 in
1924 2449 2026 2480 littera
2048 2450 2109 2480 hae
2123 2450 2288 2480 manifeste
2312 2450 2373 2480 hoc
2389 2450 2484 2490 signi-

1417 2492 1522 2528 ficant,
1547 2502 1622 2523 cum
1645 2493 1832 2524 auctoritate
1855 2494 2037 2533 Augustini.

1473 2537 1629 2567 Probatur
1661 2547 1792 2577 quoque
1822 2537 1884 2567 hoc
1907 2537 1993 2567 idem
2020 2538 2118 2568 aliter.
2149 2537 2234 2573 Quia
2258 2537 2281 2567 si
2306 2537 2483 2576 respublica

1419 2590 1485 2611 non
1509 2588 1617 2621 posset
1639 2581 1776 2611 indicere
1795 2581 1927 2617 bellum,
1952 2582 2006 2612 sed
2029 2582 2070 2611 ad
2093 2581 2155 2611 hoc
2178 2587 2259 2611 esset
2273 2591 2357 2620 opus
2372 2588 2482 2611 aucto-

1418 2625 1492 2655 ritas
1514 2625 1642 2655 alterius
1665 2625 1847 2665 superioris,
1871 2633 1926 2656 aut
1949 2632 2031 2656 esset
2053 2635 2136 2665 opus
2160 2625 2315 2665 superiori
2338 2632 2481 2665 respectu

1418 2669 1467 2699 sui
1491 2675 1633 2705 tantum;
1665 2676 1720 2700 aut
1742 2676 1886 2709 respectu
1916 2669 2002 2700 illius
2025 2676 2151 2700 tantum
2183 2676 2292 2700 contra
2315 2679 2411 2709 quem
2436 2676 2483 2700 est

1419 2713 1616 2743 movendum
1639 2713 1775 2749 bellum;
1796 2721 1851 2743 aut
1873 2721 2016 2754 respectu
2040 2713 2216 2754 utriusque.
2239 2714 2315 2743 Non
2338 2720 2481 2753 respectu

1418 2757 1468 2787 sui
1490 2764 1625 2788 tantum.
1658 2758 1741 2795 Quia
1766 2767 1989 2798 quaecumque
2016 2757 2194 2797 respublica
2220 2764 2267 2787 est
2297 2757 2342 2787 sic
2374 2758 2481 2798 dispo—

1418 2801 1476 2832 sita
1499 2801 1588 2842 quod
1611 2811 1676 2831 non
1701 2808 1807 2841 potest
1828 2801 1887 2831 sibi
1910 2801 1969 2841 ipsi
1995 2802 2033 2832 de
2056 2802 2206 2832 omnibus
2229 2801 2404 2841 providere,
2427 2802 2482 2832 sed

1419 2846 1457 2876 ab
1481 2845 1600 2886 aliquo,
1624 2852 1701 2885 puta
1723 2855 1805 2885 rege,
1825 2846 1991 2886 dependet,
2011 2846 2073 2876 hoc
2091 2846 2164 2876 ideo
2185 2852 2231 2875 est
2254 2846 2330 2886 quia
2354 2856 2406 2876 rex
2429 2846 2482 2876 ille

1419 2896 1466 2920 est
1488 2900 1560 2929 pars
1575 2889 1660 2919 illius
1676 2889 1882 2930 reipublicae:
1908 2897 1954 2920 est
1969 2890 2054 2920 enim
2078 2897 2172 2930 caput
2187 2890 2283 2920 illius.
2308 2890 2401 2920 Unde
2420 2889 2482 2920 hoc

1418 2944 1484 2964 non
1509 2934 1610 2973 arguit
1633 2933 1861 2974 rempublicam
1881 2944 1945 2964 non
1970 2943 2078 2974 posse:
2095 2934 2149 2964 sed
2170 2933 2400 2974 rempublicam
2423 2933 2481 2963 im-

1417 2978 1599 3018 perfectam,
1626 2978 1745 3018 absque
1770 2976 1887 3008 'scilicet
1906 2988 1966 3008 suo
1989 2978 2100 3018 capite,
2125 2988 2192 3008 non
2215 2988 2320 3018 posse.
2345 2978 2386 3008 Et
2408 2988 2482 3017 pro-

1418 3029 1525 3062 pterea
1548 3029 1674 3062 oportet
1697 3029 1737 3058 te,
1754 3022 1915 3058 lectorem,
1939 3032 2013 3052 sane
2035 3022 2209 3062 intelligere
2224 3032 2306 3063 quae
2330 3022 2480 3052 dicimus:

1418 3066 1493 3107 quia
1515 3066 1555 3098 de
1578 3066 1739 3106 republica
1762 3066 1898 3106 perfecta
1920 3066 2095 3107 loquimur.
2111 3084 2131 3088 —
2146 3067 2212 3096 Nec
2227 3077 2244 3096 a
2268 3066 2422 3106 superiori
2446 3066 2481 3096 il-

1417 3111 1479 3141 lius
1508 3117 1615 3140 contra
1646 3120 1743 3150 quem
1774 3110 1971 3141 movendum
2001 3117 2047 3141 est
2070 3111 2199 3140 bellum.
2231 3111 2318 3140 Tum
2342 3110 2417 3150 quia
2447 3117 2482 3140 ut

1418 3154 1595 3195 plurimum
1619 3153 1771 3194 contingit
1800 3153 1892 3184 illum
1917 3164 2018 3185 carere
2042 3154 2214 3194 superiori;
2238 3154 2303 3190 vel,
2327 3153 2352 3183 si
2375 3154 2479 3190 habet,

1420 3209 1487 3229 esse
1515 3199 1715 3238 complicem,
1732 3198 1843 3229 saltem
1867 3199 2054 3239 negligendo
2080 3199 2262 3229 vindictam.
2296 3198 2384 3228 Tum
2407 3198 2483 3238 quia

1418 3243 1500 3279 licet,
1525 3250 1695 3283 antequam
1718 3242 1840 3274 bellum
1862 3242 2026 3279 indicatur,
2051 3243 2076 3273 si
2100 3253 2172 3283 spes
2195 3249 2241 3273 est
2263 3241 2409 3278 iustitiae,
2426 3251 2479 3282 pe-

1418 3287 1514 3318 tenda
1537 3294 1583 3318 est
1616 3287 1734 3318 iustitia
1757 3297 1775 3317 a
1797 3287 1951 3327 superiori
1983 3287 2088 3323 illius,
2113 3287 2187 3327 quia
2217 3291 2308 3317 actor
2337 3287 2481 3326 sequitur

1411 3331 1527 3372 forum
1544 3332 1592 3361 rei
1605 3330 1622 3350 *
1639 3329 1688 3372 (ut
1711 3330 1783 3361 fecit
1798 3331 1940 3372 populus
1956 3331 2049 3362 Israel
2064 3338 2173 3371 petens
2196 3329 2345 3361 iustitiam
2363 3340 2381 3359 a
2396 3330 2478 3360 tribu

1418 3375 1584 3406 Beniamin
1602 3375 1639 3405 de
1655 3375 1727 3405 viris
1743 3375 1859 3412 Gabaa,
1876 3376 1978 3406 Iudic.
1995 3386 2033 3405 xx
2046 3374 2093 3417 *);
2114 3382 2144 3405 et
2159 3374 2183 3404 si
2199 3374 2305 3404 fecerit
2316 3373 2478 3410 iustitiam,

1420 3429 1485 3450 non
1510 3425 1556 3450 est
1579 3419 1775 3450 movendum
1791 3419 1921 3456 bellurn,
1939 3427 1970 3450 et
1992 3419 2017 3449 si
2041 3418 2218 3459 neglexerit,
2239 3425 2344 3459 potest
2358 3418 2478 3448 moveri

2267 3486 2301 3510 40

2504 529 2512 536 ⁴
2528 526 2595 550 Ver5.
2609 533 2645 554 34.

2591 904 2604 928 Ρ

2507 1704 2516 1713 ·
2531 1703 2588 1731 Cap.
2608 1710 2627 1729 ι,
2647 1710 2670 1724 n.
2689 1706 2716 1728 ὃς

2507 1736 2590 1778 ἓίψἹἮν
2596 1736 2648 1778 legi.
2656 1737 2683 1782 1ιέ
2680 1742 2718 1778 xn-

2512 2363 2521 2371 '
2535 2361 2602 2383 Vers.
2615 2368 2639 2390 35
2655 2368 2706 2389 sqq.

2508 3337 2515 3343 '
2531 3336 2566 3357 Cf.
2579 3341 2628 3357 can.
2640 3336 2716 3356 Nemi-

2506 3368 2571 3388 nem,
2591 3368 2654 3383 caus.
2670 3363 2716 3387 111,

2507 3395 2545 3415 qu.
2560 3395 2590 3410 vi.

2507 3418 2515 3425 ⁸
2531 3415 2597 3436 Vers.
2615 3421 2644 3439 κ,
2660 3421 2688 3443 ¹3·
