2892 4056
0 2183 4 2191 a
0 2115 4 2138 *w
0 2016 7 2093 v--vv-
0 1912 6 2007 <vm-u.-

1042 173 1307 219 QUAESTIO
1337 174 1383 220 L,
1413 173 1707 211 ARTlcULUs
1738 174 1788 210 1v
2430 176 2504 224 377

332 250 437 287 tiam.
480 250 582 297 Ergo
611 249 650 286 in
678 250 792 287 rebus
821 250 963 288 bellicis
991 251 1155 288 maxime
1184 251 1396 288 necessaria
1420 259 1422 278 J

335 310 390 339 est
404 301 530 350 aliqua
545 302 689 351 species
707 303 932 352 prudentiae
948 316 1046 353 quae
1064 304 1233 341 militaris
1250 304 1394 342 dicitur.

388 355 614 392 RESPONDEO
642 367 826 393 mei-:unum
850 356 955 405 quod
984 369 1029 393 ea
1056 369 1154 404 quae
1182 357 1395 394 secundum

335 414 454 444 artem
474 414 510 444 et
525 408 710 445 rationem
730 417 892 456 aguntur
920 409 1131 446 conformia
1151 421 1232 446 esse
1249 416 1398 458 oportet

333 460 392 497 his
421 472 519 509 quae
548 469 636 498 sunt
655 466 672 482 ‘²
700 461 911 499 secundum
940 469 1132 509 naturam,
1163 474 1260 511 quae
1289 475 1311 499 a
1339 474 1397 499 ra-

334 513 438 550 tione
458 512 587 550 divina
606 522 693 551 sunt
720 514 898 551 instituta.
927 514 1075 550 Natura
1099 521 1226 551 autern
1251 514 1300 551 ad
1320 514 1397 551 duo
1422 532 1423 538 1

334 565 495 603 intendit
514 564 549 603 βε
587 566 710 615 primo
735 567 913 616 quidem,
942 566 991 603 ad
1020 567 1230 614 regendum
1263 579 1398 604 unam-

335 725 385 761 Et
413 732 570 774 propter
595 725 671 762 hoc
699 737 778 762 non
805 725 930 761 solum
950 724 1053 761 dedit
1071 724 1298 762 animalibus
1320 725 1399 761 vim

337 777 684 826 concupiscibilem,
703 790 774 827 per
787 788 903 825 quam
922 785 1153 814 moveantur
1171 777 1221 814 ad
1241 789 1286 814 ea
1301 790 1399 826 quae

337 838 424 867 sunt
451 830 560 867 saluti
588 842 724 867 eorum
761 829 1036 875 accommoda3
1079 829 1147 866 sed
1176 829 1290 866 etiam
1317 830 1398 866 vim
1424 860 1425 878 ÷

335 883 575 930 irascibilem,
604 895 674 932 per
698 894 814 932 quam
843 881 984 918 animal
1011 882 1147 918 resistit
1173 881 1400 930 impugnan-
1424 887 1426 933 ᾗ

335 936 447 973 tibus.
494 935 607 973 Unde
636 942 674 972 et
699 935 738 972 in
765 934 824 971 his
851 946 951 982 quae
981 941 1068 971 sunt
1096 934 1309 971 secundum
1342 946 1400 970 ra-

336 989 480 1026 tionem
499 1000 579 1025 non
597 988 722 1025 solum
751 994 902 1036 oportet
926 998 1009 1023 esse
1036 986 1278 1036 prudentiam
1304 986 1400 1035 poli·
1424 997 1426 1031 ξ

335 1041 470 1088 ticam,
508 1052 578 1089 per
604 1052 723 1088 quam
760 1039 1033 1078 convenienter
1070 1039 1321 1088 disponantur
1354 1051 1399 1077 ea

389 1206 417 1239 α)
436 1210 508 1231 sunt.
525 1220 544 1225 -
562 1206 625 1231 Om.
644 1206 714 1231 PEa.

390 1239 416 1274 β)
435 1241 559 1267 intendit.
576 1254 596 1262 -
614 1241 701 1267 tendit
719 1241 748 1266 P.

1449 264 1548 299 quae
1576 252 1763 300 pertinent
1791 252 1839 289 ad
1868 253 2015 288 bonum
2045 264 2272 297 commune3
2302 253 2368 289 sed
2394 254 2508 290 etiarn

1420 315 1422 340 2
1449 304 1662 351 militarem,
1682 317 1751 352 per
1766 317 1884 352 quam
1903 305 2070 341 hostium
2089 305 2249 342 insultus
2270 305 2507 353 repellantur.

1501 358 1560 393 An
1580 368 1717 394 ptumum
1736 369 1834 394 ERGO
1855 369 2038 395 mmmmm
2067 358 2171 406 quod
2200 357 2367 394 militaris
2386 365 2511 406 potest

1451 421 1532 446 esse
1561 421 1621 446 ars
1645 410 1858 447 secundum
1877 409 1984 457 quod
2011 410 2126 447 habet
2149 410 2335 457 quasdam
2363 411 2510 458 regulas

1450 470 1549 498 recte
1564 466 1580 489 's
1599 462 1729 499 utendi
1749 462 1980 510 quibusdam
2006 462 2253 499 exterioribus
2273 463 2399 509 rebus,
2419 470 2511 511 puta

1451 513 1566 551 armis
1604 522 1640 551 et
1669 515 1796 563 equis:
1838 515 1906 552 sed
1934 514 2146 552 secundum
2175 515 2280 564 quod
2317 515 2512 552 ordinatur

1422 578 1424 611 ξ
1450 567 1500 604 ad
1519 567 1667 604 bonum
1692 580 1910 615 commune,
1931 568 2047 604 habet
2070 568 2190 616 magis
2218 568 2405 605 rationem
2425 580 2512 616 pru-

336 630 531 667 quamque
560 631 643 656 rem
662 619 700 656 in
724 619 867 668 seipsa;
897 618 1067 655 secundo
1094 631 1203 666 vero,
1233 620 1281 656 ad
1310 619 1398 656 resi·
1423 654 1425 668 ,

335 671 514 708 stendum
538 672 756 709 extrinsecis
774 671 1085 720 impugnantibus
1109 679 1145 708 et
1164 672 1397 720 corruptivis.
1423 681 1425 696 ³

1452 619 1614 656 dentiae.

1504 674 1563 709 AD
1582 684 1771 709 SECUNDUM
1790 684 1974 709 DICENDUM
1994 673 2100 720 quod
2119 673 2191 709 alia
2210 671 2223 695 δ
2243 672 2394 720 negotia
2413 685 2512 722 quae

1424 755 1425 765 ,
1452 732 1539 762 sunt
1562 724 1600 761 in
1620 725 1766 762 civitate
1787 724 2009 762 ordinantur
2034 725 2083 762 ad
2098 725 2242 774 aliquas
2268 725 2512 774 particulares

1451 777 1647 814 utilitates:
1694 777 1763 814 sed
1799 777 1957 814 militare
1999 778 2194 826 negotium
2231 778 2428 815 ordinatur
2463 778 2514 816 ad

1452 829 1651 866 tuitionem
1679 830 1791 866 totius
1820 830 1911 867 boni
1940 830 2165 867 communis.

1505 883 1564 918 An
1592 894 1752 919 TER‘HUM
1789 894 1972 919 monimum
2010 884 2114 931 quod
2151 883 2321 920 executio
2360 883 2513 920 militiae

1451 934 1612 982 pertinet
1648 934 1697 971 ad
1725 934 2004 972 fortitudinem:
2052 936 2119 972 sed
2149 935 2302 972 directio
2341 937 2390 973 ad
2425 949 2514 985 pru-

1454 985 1642 1033 dentiam,
1681 994 1718 1022 et
1754 987 1959 1036 praecipue
1993 988 2206 1025 secundum
2243 989 2347 1037 quod
2385 997 2440 1026 est
2475 989 2514 1025 in

1454 1039 1551 1076 duce
1581 1039 1776 1076 exercitus.

1503 1207 1530 1239 γ)
1550 1210 1629 1231 recte.
1647 1220 1667 1225 -
1686 1206 1748 1231 Om.
1767 1206 1835 1231 PCa.
1853 1220 1871 1225 -
1891 1206 1942 1231 Pro
1960 1206 2127 1239 quibusdam,
2146 1206 2279 1239 aliquibus
2298 1206 2338 1237 CI,
2350 1207 2443 1239 quibus
2462 1207 2504 1231 EF

1451 1242 1545 1274 quibus
1563 1242 1624 1267 licet
1638 1242 1784 1273 praecipue
1803 1241 1830 1266 in
1850 1242 1890 1266 ed.
1908 1249 1935 1267 a.

1504 1276 1529 1309 ὃ)
1548 1277 1612 1302 alia.
1630 1290 1650 1296 —
1668 1277 1759 1302 omnia
1778 1277 1823 1306 Pa,
1843 1284 1897 1302 om.
1916 1285 1958 1302 six.

490 3470 599 3495 SUMMAE
617 3469 718 3494 Tnsor.
737 3469 768 3493 D.
780 3468 895 3493 ”summ
914 3468 945 3492 T.
964 3468 996 3493 V.
