2892 4056
445 184 515 219 190

1087 168 1352 214 QUAESTIO
1382 169 1522 215 XXIV,
1551 168 1846 205 ARTICULUS
1873 169 1959 204 VIII

493 249 591 279 XXV.
612 249 662 279 Ad
683 248 815 278 dubium
836 257 910 277 vero
934 253 1060 277 motum
1089 246 1120 275 in
1145 245 1349 285 responsione
1373 246 1413 276 ad
1435 246 1496 286 pri·
1524 246 1526 287 l
1552 245 1847 286 praeternaturalem
1869 245 1969 284 ipsius
1994 255 2122 276 causam
2144 249 2252 287 quoad
2274 254 2394 284 actum,
2419 249 2536 279 scilicet
2558 259 2613 279 co-

203 298 212 306 ·
226 296 295 317 Num.
312 301 349 316 vn.

203 324 223 333 ⁸·
241 322 275 343 ct.
292 328 355 343 num.
368 327 412 348 xv,

202 354 247 370 xvn
263 355 298 375 sq.
440 343 547 366 motus
563 335 723 375 augmenti
739 335 772 365 in
786 335 835 364 via
854 341 900 364 est
921 334 959 363 ad
976 333 1148 363 terminum
1171 332 1296 363 alterius
1320 333 1449 364 rationis
1468 333 1500 363 in

439 380 554 420 patria:
585 386 616 409 et
646 379 718 409 ideo
743 378 887 408 distantia
906 383 952 406 est
974 376 1076 411 finita,
1107 383 1136 407 et
1157 384 1265 407 motus
1289 384 1335 407 est
1358 377 1499 407 infinitus

439 424 472 454 in
489 423 630 463 potentia
645 422 820 452 secundum
839 421 964 451 alterius
981 419 1109 450 rationis
1126 419 1315 451 distantiam.
1337 420 1499 458 Quoniam

439 467 541 507 prima
563 466 666 496 finitas
682 465 851 495 attenditur
874 464 1049 494 secundum
1071 463 1305 502 elongationem
1329 471 1427 494 status
1446 474 1498 504 pa-

440 511 516 541 triae
540 520 556 539 a
580 516 661 539 statu
685 509 767 538 viae:
792 507 928 537 infinitas
945 513 1051 537 autem
1066 507 1206 537 secundo
1230 507 1311 538 dicta
1331 508 1501 538 attenditur

441 554 614 584 secundum
638 561 841 592 progressum
856 551 936 581 infra
953 558 1069 581 statum
1085 550 1163 581 viae.
1187 551 1280 581 Ratio
1297 558 1403 582 autem
1427 562 1500 591 pro-

440 598 521 628 cedit
544 597 569 626 si
593 603 672 626 esset
695 595 734 625 ad
757 595 930 625 terminum
954 595 1096 624 eiusdem
1119 594 1259 631 rationis,
1277 602 1334 626 etc.

495 640 607 670 XXVI.
633 640 683 669 Ad
699 638 785 668 aliud
800 648 874 668 vero
894 638 1038 674 dubium,
1056 638 1223 678 quomodo
1239 648 1313 668 cum
1329 644 1500 678 augmento

440 685 471 714 in
496 683 656 713 infinitum
679 683 711 712 in
735 682 785 712 via
808 688 868 712 stat
891 682 1050 713 caritatem
1074 692 1138 711 non
1162 692 1257 721 posse
1276 682 1383 721 augeri
1406 683 1439 712 in
1455 683 1501 712 in-

204 734 213 743 ·
228 733 299 754 Nnm-
321 739 342 753 v1
363 732 414 758 fine,
440 727 566 757 finitum
582 726 614 756 in
631 726 730 766 patria
744 726 778 755 *z
804 726 916 756 dicitur
932 726 1021 766 quod
1035 726 1111 756 haec
1127 725 1262 765 negatio,
1280 726 1410 756 scilicet:
1427 727 1500 756 Non

204 765 250 780 '‘v''
441 776 487 801 est
502 770 640 801 eiusdem
659 770 794 800 rationis
809 771 971 810 quantitas
988 771 1132 800 caritatis
1140 770 1272 809 patriae
1285 775 1316 800 et
1335 771 1417 807 viae,
1438 770 1502 800 suf-

204 820 215 829 ·
226 818 262 840 Cf·
275 824 339 839 num.
350 823 414 838 xvm.
440 814 504 844 ficit
516 814 556 844 ad
574 815 636 844 hoc
652 814 741 854 quod
762 813 824 843 sint
843 814 1179 844 incommensurabiles
1197 814 1256 843 hae
1273 814 1462 854 quantitates
1475 814 1502 844 *.

440 860 487 888 Ac
502 868 558 898 per
570 858 641 894 hoc,
653 857 763 888 caritas
779 857 896 897 patriae
912 867 978 887 non
994 858 1163 897 respondet
1175 858 1351 888 secundum
1364 858 1501 898 aliquam

441 902 786 932 commensurationem
808 901 925 932 caritati
941 901 1025 932 viae:
1050 902 1130 932 sicut
1145 911 1202 932 nec
1218 902 1376 942 quantitas
1392 912 1501 942 super-

441 945 521 975 ficiei
550 952 596 976 est
623 945 916 976 commensurabilis
940 945 1107 985 quantitati
1129 946 1240 976 lineae.
1276 946 1317 976 Et
1344 956 1418 977 cum
1441 946 1502 977 hoc

442 995 502 1019 stat
525 990 613 1029 quod
629 990 798 1030 respondet
812 989 921 1019 caritas
941 989 1058 1029 patriae
1073 989 1191 1020 caritati
1205 990 1273 1020 viae
1290 997 1325 1020 ut
1340 990 1502 1027 terminus,

443 1040 477 1063 ut
499 1033 628 1064 virilitas
650 1033 818 1073 pueritiae:
850 1040 973 1064 constat
996 1044 1134 1074 namque
1162 1044 1227 1064 non
1251 1043 1318 1064 esse
1342 1044 1503 1065 commen-

442 1077 611 1108 surabilem
625 1077 811 1108 huiusmodi
827 1078 999 1108 terminum
1014 1084 1186 1116 augmento
1205 1078 1413 1118 praecedenti,
1430 1079 1504 1119 quia

442 1128 516 1151 sunt
531 1121 724 1152 diversarum
740 1122 910 1152 rationum.
934 1122 974 1152 Et
990 1131 1098 1152 rursus
1114 1129 1173 1152 stat
1191 1122 1279 1162 quod
1296 1129 1502 1161 augmentum

442 1165 576 1196 caritatis
598 1166 632 1196 in
654 1166 705 1196 via
729 1172 774 1196 est
800 1172 1009 1205 augmentum
1035 1165 1169 1196 caritatis
1200 1166 1376 1196 secundum
1407 1166 1503 1205 quid,

442 1219 501 1248 pro
525 1216 646 1249 quanto
670 1217 716 1240 est
739 1216 948 1249 augmentum
971 1209 1105 1240 caritatis
1127 1209 1160 1239 in
1184 1216 1266 1239 statu
1292 1216 1504 1248 praeternatu-

442 1253 498 1283 rali
520 1254 655 1284 habente
678 1264 802 1294 semper
817 1253 935 1294 aliquid
950 1253 1196 1292 imperfectionis
1213 1253 1405 1283 admixtum:
1429 1263 1503 1283 nam

442 1297 627 1328 huiusmodi
650 1305 867 1338 augmentum,
892 1307 951 1337 pro
974 1304 1095 1337 quanto
1117 1303 1163 1327 est
1185 1297 1219 1327 in
1233 1296 1405 1333 infinitum,
1430 1307 1504 1327 con-

441 1342 528 1372 venit
550 1342 668 1372 caritati
692 1342 869 1372 secundum
892 1341 980 1382 quod
1005 1341 1210 1381 consequitur
1232 1341 1451 1381 imperfectam
1475 1347 1505 1371 et

439 302 531 322 mum
545 292 581 328 *,
606 299 636 323 et
658 292 742 322 illius
766 291 937 326 rationem,
962 290 1025 320 iarn
1049 295 1134 329 patet
1166 289 1330 329 responsio
1346 289 1389 320 **.
1415 289 1499 326 Quia
1525 289 1527 343 ἰ
1551 290 1726 329 gnitionem
1749 288 1833 319 fidei.
1858 289 1898 319 Et
1920 289 1982 319 hoc
2005 289 2069 319 iam
2085 290 2181 320 habes
2204 301 2241 322 ex
2257 292 2400 332 sequenti
2416 293 2558 329 articulo,
2579 293 2612 322 in

1552 333 1758 372 responsione
1785 332 1824 362 ad
1852 332 1997 368 tertium,
2023 333 2077 362 ubi
2106 333 2220 365 dicitur
2246 336 2335 375 quod
2363 336 2518 378 perfectio
2542 338 2613 367 viae

1553 387 1615 407 non
1644 381 1690 407 est
1714 375 1872 417 perfectio
1898 376 2103 416 simpliciter,
2132 382 2163 407 et
2189 379 2258 408 ideo
2284 389 2410 420 semper
2431 380 2525 411 habet
2550 390 2612 421 quo

1553 425 1684 451 crescat.
1708 420 1740 450 Si
1763 419 1848 450 enim
1871 429 1938 449 non
1961 426 2007 450 est
2030 420 2180 459 perfectio
2205 421 2401 462 simpliciter,
2426 423 2614 464 relinquitur

1553 464 1641 504 quod
1664 463 1704 494 sit
1726 463 1876 503 perfectio
1901 464 2077 494 secundum
2100 464 2195 504 quid:
2227 475 2264 496 ex
2287 476 2352 506 quo
2377 473 2423 497 est
2447 467 2612 507 perfectio,

1554 508 1594 538 Et
1617 507 1692 548 quia
1715 514 1923 547 augmentum
1946 514 1992 538 est
2018 508 2057 537 ad
2085 507 2327 547 perfectionem,
2351 511 2494 551 sequitur
2526 511 2614 551 quod

1555 557 1763 591 augmentum
1776 551 1844 581 viae
1867 561 1933 581 non
1950 551 2010 582 nisi
2026 558 2234 591 augmentum
2256 555 2431 585 secundum
2455 554 2534 595 quid
2557 561 2613 585 est.

1555 598 1738 635 Augmento
1762 602 1869 626 autem
1891 596 2067 626 secundum
2090 595 2183 636 quid,
2212 597 2357 636 quamvis
2379 597 2412 628 in
2436 598 2613 634 infinitum,

1556 649 1621 669 non
1645 645 1770 679 oportet
1797 640 1986 679 respondere
2009 645 2215 678 augmentum
2239 639 2399 675 infinitum
2422 641 2613 682 simpliciter.

1613 683 1740 714 XXVII.
1761 683 1800 714 Et
1823 683 1899 713 haec
1915 683 1996 714 dicta
2020 691 2093 714 sunt
2117 683 2279 723 sequendo
2304 684 2419 715 dicta-m
2442 686 2538 722 viam,
2557 686 2615 716 sci-

1555 727 1627 757 licet
1643 727 1732 767 quod
1747 727 1855 757 caritas
1878 737 1936 757 nec
1952 728 2095 758 absolute
2118 737 2176 758 nec
2192 727 2225 757 in
2240 727 2341 766 patria
2363 734 2410 759 est
2432 736 2615 769 augmenta-

1556 770 1626 801 bilis
1641 771 1673 800 in
1687 770 1847 802 infinitum
1854 770 1880 807 *,
1893 772 2067 802 secundum
2078 773 2180 811 ipsum
2197 773 2341 802 caritatis
2354 772 2503 804 habitum.
2517 773 2616 810 Quod

1555 815 1628 844 ideo
1645 825 1774 855 appono
1796 815 1871 855 quia
1886 822 1994 855 posset
2009 815 2070 845 dici
2089 815 2177 856 quod
2199 815 2307 846 caritas
2326 815 2453 855 patriae,
2471 817 2617 857 quamvis

1557 858 1596 889 sit
1611 858 1698 890 finita
1714 866 1744 889 et
1767 859 1799 889 in
1816 869 1944 889 summo
1960 860 2066 900 quoad
2082 859 2237 895 habitum,
2259 859 2367 900 quoad
2390 866 2496 890 actum
2510 867 2617 891 tamen

1557 909 1662 943 potest
1691 903 1797 942 augeri
1820 903 1853 933 in
1877 902 2037 934 infinitum
2065 913 2103 933 ex
2130 910 2217 943 parte
2245 903 2393 939 subiecti,
2422 903 2484 934 hoc
2507 911 2553 935 est
2581 914 2618 935 ex

1556 953 1643 986 parte
1662 954 1794 977 conatus
1809 947 1937 977 maioris
1960 954 1990 977 et
2013 948 2188 978 secundum
2208 956 2240 977 se
2264 954 2294 978 et
2317 947 2495 978 secundum
2517 948 2618 988 digni-

1556 990 1738 1021 ficationem
1760 1001 1778 1021 a
1801 991 1886 1021 Deo:
1917 991 1992 1031 quia
2019 1001 2076 1031 per
2098 991 2159 1022 hoc
2183 991 2361 1022 subiectum
2384 991 2484 1031 magis
2513 992 2638 1033 dispo-·

1556 1034 1653 1065 situm
1675 1035 1789 1065 melius
1805 1035 1904 1065 utitur
1927 1035 2042 1065 eodem
2063 1035 2172 1066 habitu
2196 1045 2295 1075 quam
2311 1035 2488 1066 subiectum
2511 1036 2618 1067 minus

1557 1078 1757 1118 dispositum.
1789 1079 1830 1108 Et
1851 1079 2028 1109 secundum
2051 1079 2123 1115 hoc,
2147 1089 2354 1119 quocumque
2377 1080 2490 1120 angelo
2514 1086 2619 1111 creato

1556 1123 1648 1152 beato
1671 1122 1758 1152 Deus
1782 1132 1848 1152 non
1867 1122 1974 1152 solum
1996 1129 2102 1162 potest
2125 1132 2227 1153 creare
2250 1123 2415 1154 meliorem
2431 1124 2464 1154 in
2480 1133 2547 1154 esse
2563 1134 2619 1154 na-

1557 1172 1655 1201 turae,
1676 1166 1731 1195 sed
1754 1166 1849 1196 etiam
1872 1166 2060 1196 beatiorem:
2085 1176 2143 1206 pro
2167 1173 2287 1207 quanto
2304 1177 2438 1207 semper,
2462 1167 2564 1199 factus
2586 1168 2619 1198 in

1557 1209 1741 1239 melioribus
1757 1209 1961 1245 naturalibus,
1985 1216 2066 1240 esset
2081 1210 2194 1240 melius
2210 1210 2382 1250 dispositus
2397 1212 2438 1241 ad
2459 1212 2617 1243 utendum

1557 1263 1685 1283 summo
1709 1253 1843 1284 caritatis
1866 1253 1985 1289 habitu,
2010 1260 2139 1293 propter
2154 1254 2308 1284 maiorem
2325 1261 2476 1286 conatum
2499 1262 2530 1287 et
2552 1266 2620 1286 ma-

1555 1297 1658 1327 iorem
1689 1297 1958 1337 dignificationem
1979 1297 2063 1327 illius
2088 1304 2220 1328 conatus
2247 1298 2286 1328 ab
2312 1298 2383 1338 ipso
2407 1299 2477 1329 Deo
2503 1299 2543 1329 ad
2571 1310 2619 1330 ca-

1557 1341 1692 1371 ritatem.

1220 1473 1537 1516 ARTICULUS
1567 1473 1840 1539 09TAVUS

921 1557 1077 1588 UTRUM
1102 1557 1286 1588 CARITAS
1311 1558 1353 1588 IN
1377 1557 1467 1588 HAC
1491 1558 1596 1588 VITA
1618 1557 1766 1588 POSSIT
1789 1557 1888 1588 ESSE
1913 1557 2140 1589 PERFECTA

564 1636 639 1668 Infra,
659 1643 703 1668 qu.
722 1642 835 1665 CLxxx1v,
856 1641 902 1660 art.
925 1643 953 1665 23
973 1635 1004 1659 111
1024 1635 1107 1665 sent„
1128 1636 1187 1660 dist.
1205 1643 1280 1667 xxvn,
1299 1641 1471 1695 quxzii'laft·
1489 1644 1507 1668 4
1514 1644 1521 1667 ς
1542 1636 1583 1661 De
1601 1636 1711 1695 ‘Vir-lma,
1732 1643 1776 1668 qu.
1795 1643 1827 1667 11,
1847 1641 1893 1660 art.
1916 1643 1946 1660 10
1953 1643 1960 1666 ς
1980 1636 2022 1661 De
2039 1636 2112 1670 Pers.
2135 1636 2186 1662 Vir.
2206 1637 2287 1669 Spir„
2307 1646 2361 1671 cap.
2380 1646 2410 1664 111
2427 1647 2502 1673 sqq.;

1415 1679 1496 1703 tipp„
1517 1679 1573 1704 cap.
1592 1678 1629 1702 111,
1659 1676 1707 1695 ect.
1725 1678 1754 1695 n.

475 1759 534 1799 'aa'
557 1760 629 1802 μᾷ(
656 1753 678 1777 1)
699 1752 870 1777 OCTAVUM
891 1752 943 1776 510
963 1752 1203 1778 PROCEDlTUR.
1223 1740 1383 1777 Videtur
1403 1741 1506 1790 quod

470 1784 631 1852 μιὲιη
658 1794 791 1830 caritas
811 1793 848 1829 in
868 1794 940 1829 hac
967 1793 1045 1829 vita
1074 1806 1152 1830 non
1179 1794 1300 1842 possit
1321 1806 1402 1830 esse
1422 1805 1506 1842 per—

420 1865 425 1871 ·
460 1829 764 1896 '‘ffaqlfffecta.
804 1846 971 1883 Maxime
1001 1847 1103 1883 enim
1132 1848 1227 1883 haec
1254 1846 1438 1896 perfectio
1469 1847 1507 1883 in

464 1896 476 1905 ⁶
501 1876 851 1947 ‘t-w'KApostolis
880 1899 1019 1936 fuisset.
1051 1900 1128 1936 Sed
1161 1900 1199 1936 in
1229 1900 1281 1936 eis
1309 1912 1387 1937 non
1416 1900 1505 1937 fuit:

446 1952 535 1989 dicit
558 1951 660 1988 enirn
688 1952 908 2000 Apostolus,
930 1953 981 1988 ad
997 1953 1154 2001 Philipp.
1176 1965 1211 1989 111
1231 1952 1266 1989 *ε
1287 1954 1378 1990 Non
1407 1953 1508 2001 quod

445 2005 522 2041 iam
551 2005 882 2053 conprehenderim
909 2011 976 2041 aut
995 2007 1186 2053 perfectus
1209 2006 1292 2042 sim.
1322 2007 1425 2053 Ergo
1447 2018 1506 2042 ca-

446 2058 533 2094 ritas
561 2057 599 2093 in
627 2058 698 2094 hac
725 2058 803 2094 vita
831 2059 997 2106 perfecta
1026 2071 1109 2095 esse
1138 2070 1216 2095 non
1244 2065 1380 2107 potest.

501 2122 535 2147 2.
570 2111 804 2157 PRAETEREA‚
829 2111 1063 2159 Augustinus
1085 2111 1182 2158 dicit,
1209 2111 1246 2148 in
1279 2111 1375 2148 libro
1400 2111 1507 2149 Octo-

444 2163 552 2212 ginta
572 2164 684 2199 trium
709 2165 856 2205 Quaest.
877 2164 908 2211 ²⁸,
930 2165 1035 2213 quod
1055 2164 1321 2201 nutrimentum
1342 2165 1508 2202 caritatis

446 2221 500 2252 est
526 2216 721 2252 diminutio
750 2217 980 2264 cupiditatis,·
1006 2219 1206 2265 perfectio,
1236 2217 1339 2254 nulla
1367 2218 1507 2266 cupidi-

306 2278 322 2294 α
447 2274 503 2304 tas
523 2274 551 2304 α.
588 2269 666 2305 Sed
693 2269 767 2305 11οο
804 2282 883 2306 11011
911 2278 1036 2318 potest
1065 2282 1147 2307 esse
1176 2270 1214 2306 in
1242 2271 1314 2306 1130
1340 2270 1439 2318 vita,
1469 2270 1508 2307 in

447 2333 523 2369 qua
551 2321 632 2357 sine
660 2329 817 2369 peccato
845 2322 978 2359 vivere
1013 2335 1091 2359 non
1118 2335 1345 2371 possumus,
1375 2335 1508 2360 secun-

449 2374 540 2410 dum
570 2373 661 2410 illud
690 2376 703 2410 I
726 2376 829 2411 Ioan.
856 2387 865 2411 1
891 2376 931 2412 *z
967 2377 1009 2412 Si
1034 2376 1242 2412 dixerimus
1275 2376 1363 2423 quia
1383 2374 1397 2405 β
1419 2388 1508 2424 pec-

448 2432 573 2463 catum
597 2439 672 2463 non
701 2428 892 2474 hahemus,
913 2441 981 2465 nos
1009 2429 1107 2477 ipsos
1133 2429 1364 2465 seducimus.-
1393 2441 1508 2465 omne

448 2486 576 2515 autern
605 2488 804 2527 peccatum
835 2493 879 2517 ex
913 2482 1037 2530 aliqua
1065 2481 1279 2518 inordinata
1307 2481 1509 2529 cupiditate

447 2532 629 2581 procedit.
669 2533 771 2580 Ergo
800 2533 836 2569 in
865 2534 937 2570 hac
962 2534 1041 2571 vita
1071 2534 1203 2571 caritas
1230 2534 1397 2583 perfecta
1427 2546 1508 2571 esse

448 2597 526 2621 non
555 2593 691 2633 potest.

504 2639 538 2674 3.
568 2639 806 2685 PRAETEREA,
836 2638 927 2676 illud
960 2640 1062 2687 quod
1093 2639 1169 2676 iam
1206 2639 1418 2687 perfectum
1456 2647 1511 2676 est

307 2698 324 2722 Υ
449 2703 525 2727 non
555 2692 669 2727 habet
687 2696 702 2719 Υ
721 2691 876 2728 ulterius
906 2704 1086 2729 crescere.
1118 2691 1194 2729 Sed
1225 2692 1359 2729 caritas
1378 2692 1418 2728 in
1436 2693 1510 2729 hac

212 2757 285 2777 ·Art·
301 2755 406 2782 praeced·
447 2744 525 2781 vita
546 2756 696 2793 semper
723 2752 848 2793 potest
875 2745 1014 2793 augeri,
1034 2753 1076 2781 ut
1101 2745 1240 2781 dictum
1271 2752 1327 2781 est
1345 2746 1375 2781 *.
1406 2745 1509 2792 Ergo

450 2797 583 2833 caritas
603 2798 641 2834 in
661 2798 732 2833 hac
750 2798 828 2834 vita
847 2810 926 2835 non
945 2805 1070 2847 potest
1090 2809 1172 2834 esse
1192 2798 1370 2846 perfecta.

503 2851 576 2886 SED
606 2862 751 2887 CONTRA
779 2863 845 2887 EST
872 2852 976 2899 quod
1005 2850 1238 2899 Augustinus
1266 2849 1369 2896 dicit,
1397 2861 1511 2898 super

449 2903 566 2939 Prim.
601 2904 778 2940 Canonic.
808 2905 916 2941 Ioan.
937 2903 977 2940 *ε
1013 2904 1160 2941 Caritas
1193 2915 1278 2940 cum
1299 2903 1425 2952 fuerit
1450 2915 1510 2940 ro—

310 2961 323 2986 ὀ
450 2955 600 3000 borata,
625 2956 840 3003 perficitur:
868 2968 953 2993 cum
973 2955 986 2978 ὅ
1014 2958 1065 2994 ad
1084 2957 1354 3005 perfectionem
1377 2967 1510 3004 perve-

450 3008 566 3053 nerit,
593 3008 694 3053 dicit,
729 3009 846 3056 Cupio
875 3009 1027 3046 dissolvi
1055 3016 1091 3046 et
1124 3021 1202 3046 esse
1233 3021 1318 3046 cum
1352 3009 1508 3046 Christo.

207 1958 216 1965 ⁸
231 1955 297 1977 Vers.
313 1961 342 1976 12.

207 2170 217 2179 ⁸
233 2168 272 2195 Qu
296 2175 373 2190 xxxvr.

210 2382 218 2390 ·
234 2381 299 2402 Vers.
310 2381 337 2421 33.

309 2422 322 2440 r)

213 2910 221 2917 ⁸
236 2908 311 2929 Tract.
328 2915 348 2929 v.

452 3061 528 3097 Sed
556 3061 630 3096 hoc
655 3061 834 3109 possibile
854 3069 910 3098 est
937 3062 975 3098 in
993 3063 1065 3098 hac
1092 3062 1187 3099 vita:
1218 3062 1314 3098 sicut
1334 3061 1372 3098 111
1391 3062 1510 3098 Ρ31110

213 3121 423 3176 :fig-tagam·
449 3112 519 3202 {uit
545 3112 576 3149 ³¹².
606 3114 708 3161 Ergo
738 3114 870 3150 caritas
899 3114 936 3150 in
964 3115 1034 3151 hac
1062 3115 1139 3152 vita
1163 3121 1288 3163 p0test
1316 3126 1398 3151 esse
1427 3126 1511 3163 per-

465 3173 557 3202 ecta.

504 3279 531 3310 α)
546 3279 684 3312 perfectio,
704 3279 777 3303 nulla
789 3279 930 3311 cupiditas.
948 3293 966 3298 —
981 3280 1110 3312 perfectio
1125 3281 1198 3304 nulla
1216 3280 1363 3311 cupiditas,
1383 3279 1427 3304 ubi
1445 3287 1509 3312 ergo

445 3315 569 3347 perfecta
587 3314 688 3339 caritas
714 3314 749 3339 ibi
768 3315 841 3338 nulla
864 3314 997 3346 cupiditas
1016 3314 1040 3345 1;
1058 3316 1104 3339 sed
1124 3316 1167 3340 ubi
1185 3318 1225 3340 est
1238 3315 1369 3348 perfectio
1387 3314 1510 3339 caritatis

451 3349 524 3374 nulla
542 3352 582 3374 est
599 3349 733 3381 cupiditas
754 3349 783 3374 Ρ.

506 3383 530 3416 β)
549 3384 621 3416 quia.
638 3398 658 3404 -
675 3384 747 3417 quod
765 3385 805 3409 ed.
825 3391 849 3414 a,
863 3385 987 3416 quoniam
1007 3384 1042 3415 P;
1062 3392 1109 3417 pro
1128 3392 1175 3409 nos
1195 3385 1273 3416 ipsos,
1293 3384 1466 3416 nosmetipsos
1479 3384 1510 3413 G,

452 3419 502 3450 ipsi
521 3426 568 3444 nos
587 3419 622 3450 P;
641 3427 689 3452 pro
707 3419 863 3449 seducimus,
883 3419 1069 3452 confundimus
1089 3421 1119 3450 A,
1133 3420 1290 3444 sedux-imus
1307 3420 1340 3445 Κ.
1356 3434 1375 3439 -
1393 3419 1444 3443 Pro
1462 3426 1504 3444 au·

452 3457 513 3485 tem,
533 3455 601 3479 enim
621 3454 677 3479 DG.

1614 1742 1839 1778 RESPONDEO
1877 1753 2061 1778 morannum
2098 1743 2204 1791 quod
2240 1744 2421 1792 perfectio
2459 1745 2621 1784 caritatis

1559 1801 1684 1843 potest
1716 1794 1867 1842 intelligi
1899 1794 2116 1843 dupliciter:
2153 1807 2231 1832 uno
2261 1798 2401 1844 modo,
2441 1810 2486 1835 ex
2513 1805 2621 1848 parte

1561 1846 1762 1894 diligibilis3
1784 1847 1856 1884 alio
1877 1847 2010 1894 modo,
2031 1859 2077 1884 ex
2094 1855 2199 1897 parte
2221 1849 2417 1897 diligentis.
2438 1851 2497 1891 Ex
2514 1858 2620 1900 parte

1560 1900 1718 1948 quidem
1743 1899 1928 1947 diligibilis
1947 1900 2117 1949 perfecta
2145 1909 2200 1938 est
2228 1902 2363 1940 caritas
2385 1911 2426 1940 ut
2445 1903 2620 1952 diligatur

1561 1952 1703 2000 aliquid
1731 1960 1916 2001 quantum
1946 1953 2119 2000 diligibile
2150 1961 2215 1991 est.
2245 1956 2351 1992 Deus
2384 1964 2512 1993 autem
2540 1964 2622 1994 tan-

1560 2013 1641 2042 tum
1672 2005 1858 2053 diligibilis
1892 2013 1948 2042 est
1985 2014 2170 2055 quantum
2205 2007 2330 2044 bonus
2367 2017 2433 2046 est.
2462 2009 2621 2047 Bonitas

1561 2065 1688 2095 autem
1723 2059 1802 2095 eius
1832 2065 1887 2095 est
1913 2058 2069 2095 infinita.
2108 2059 2220 2096 Unde
2256 2060 2401 2098 infinite
2436 2061 2622 2110 diligibilis

1562 2119 1627 2148 est.
1666 2111 1782 2148 Nulla
1811 2118 1938 2148 autem
1975 2119 2146 2149 creatura
2182 2120 2307 2161 potest
2339 2126 2429 2151 eum
2467 2114 2621 2163 diligere

1560 2163 1726 2201 infinite:
1766 2176 1854 2200 cum
1892 2164 2081 2212 quaelibet
2114 2165 2233 2202 virtus
2262 2174 2386 2203 creata
2422 2167 2469 2204 sit
2502 2167 2620 2206 finita.

1561 2217 1672 2254 Unde
1698 2229 1766 2265 per
1793 2217 1895 2253 hunc
1923 2217 2085 2254 modum
2105 2218 2243 2255 nullius
2267 2227 2460 2256 creaturae
2489 2220 2622 2258 caritas

1561 2277 1687 2318 potest
1715 2281 1795 2306 esse
1823 2269 2001 2318 perfecta,
2023 2270 2090 2307 sed
2119 2271 2243 2307 solum
2272 2271 2405 2308 caritas
2433 2272 2517 2320 Dei,
2545 2285 2623 2323 qua

1563 2323 1730 2371 seipsum
1762 2322 1889 2370 diligit.

1615 2377 1674 2412 Ex
1693 2382 1797 2424 parte
1817 2387 1911 2412 vero
1941 2374 2125 2422 diligentis
2151 2376 2283 2413 caritas
2303 2376 2438 2414 dicitur
2455 2378 2623 2426 perfecta

1563 2428 1718 2477 quando
1747 2427 1881 2476 aliquis
1909 2429 2121 2465 secundum
2150 2436 2411 2466 toturnsuum
2434 2442 2548 2478 posse
2567 2431 2622 2468 di-

1562 2481 1640 2528 ligit
1658 2486 1682 2517 ⁸.
1722 2480 1839 2527 Quod
1876 2480 2032 2528 quidem
2072 2481 2252 2530 contingit
2287 2482 2489 2531 tripliciter.
2532 2484 2620 2521 Uno

1563 2533 1704 2580 modo,
1743 2533 1796 2570 sic
1832 2533 1935 2582 quod
1972 2540 2094 2570 totum
2134 2546 2201 2571 eor
2227 2535 2394 2571 hominis
2429 2535 2623 2574 actualiter

1564 2598 1717 2635 semper
1744 2587 1884 2623 feratur
1912 2586 1949 2623 in
1976 2587 2117 2623 Deum.
2156 2587 2205 2623 Et
2233 2588 2329 2624 haec
2357 2595 2413 2625 est
2439 2588 2622 2638 perfectio

1565 2639 1725 2676 caritatis
1753 2639 1917 2687 patriae:
1948 2651 2046 2688 quae
2075 2651 2154 2676 non
2183 2647 2238 2676 est
2264 2640 2453 2689 possibilis
2481 2641 2520 2678 in
2547 2641 2620 2679 hac

1562 2692 1662 2738 vita,
1695 2692 1734 2728 in
1763 2704 1838 2740 qua
1865 2691 2096 2740 impossibile
2125 2699 2199 2737 est,
2238 2700 2395 2741 propter
2429 2694 2621 2732 humanae

1563 2745 1663 2781 vitae
1693 2744 1961 2790 infirmitatem,
1982 2753 2238 2792 semper-actu
2266 2745 2430 2793 cogitare
2459 2747 2506 2783 de
2535 2748 2620 2784 Deo

1563 2805 1599 2834 et
1626 2797 1776 2834 moveri
1806 2796 2004 2833 dilectione
2033 2796 2082 2833 ad
2109 2796 2247 2845 ipsum.
2268 2818 2292 2826 -
2312 2798 2399 2834 Alio
2428 2798 2559 2846 modo,
2579 2807 2623 2837 ut

1563 2851 1682 2887 homo
1703 2849 1869 2886 studium
1890 2861 2002 2886 suum
2032 2849 2187 2898 deputet
2213 2849 2262 2886 ad
2290 2850 2508 2888 vacandum
2536 2852 2622 2890 Deo

1564 2910 1600 2939 et
1619 2903 1732 2940 rebus
1757 2902 1906 2949 divinis,
1926 2902 2200 2950 praetermissis
2228 2903 2307 2940 aliis
2336 2903 2407 2940 nisi
2434 2912 2622 2953 quantum

1563 2955 1766 2993 necessitas
1794 2954 2001 3004 praesentis
2029 2955 2129 2992 vitae
2166 2955 2330 3004 requirit.
2374 2957 2423 2993 Et
2459 2956 2528 2994 ista
2565 2965 2622 2995 est

1563 3008 1745 3057 perfectio
1772 3008 1932 3045 caritatis
1961 3020 2059 3056 quae
2088 3015 2143 3045 est
2169 3008 2359 3056 possibilis
2378 3009 2416 3046 in
2434 3009 2514 3047 via:
2543 3022 2623 3048 non

1563 3069 1691 3098 tamen
1720 3068 1775 3097 est
1803 3060 2017 3098 communis
2046 3060 2225 3098 omnibus
2254 3062 2447 3098 caritatem
2475 3063 2622 3101 haben-

1563 3113 1675 3151 tibus.
1695 3134 1719 3142 -
1740 3114 1870 3151 Tertio
1891 3114 2022 3160 modo,
2041 3113 2091 3150 ita
2110 3114 2214 3162 quod
2234 3113 2471 3151 habitualiter
2489 3115 2623 3164 aliquis

1563 3174 1687 3204 totum
1708 3179 1773 3204 cor
1792 3179 1905 3204 suum
1933 3173 2051 3215 ponat
2078 3166 2116 3203 in
2145 3168 2250 3204 Deo:
2281 3167 2331 3204 ita
2359 3166 2498 3204 scilicet
2517 3166 2622 3216 quod

1615 3281 1642 3313 γ)
1661 3280 1748 3305 habet.
1765 3293 1784 3299 -
1798 3283 1888 3312 potest
1906 3279 1965 3312 PpC
1984 3284 2009 3304 et
2026 3287 2053 3305 n.

1615 3314 1640 3347 ὃ)
1659 3322 1727 3339 cum.
1744 3328 1762 3334 —-
1780 3323 1839 3340 cum
1857 3319 1946 3340 autem
1965 3315 1997 3347 1>;
2016 3323 2064 3348 pro
2072 3315 2234 3350 pervenerit,
2243 3316 2400 3347 pervenitur
2415 3315 2447 3346 D,
2461 3315 2563 3340 venerit
2574 3315 2638 3348 Pa„

1617 3351 1638 3382 ε)
1657 3350 1757 3374 car-itas
1777 3350 1902 3375 dicitur...
1921 3350 2017 3383 diligit.
2035 3364 2054 3369 -
2072 3354 2134 3376 tunc
2152 3354 2192 3376 est
2208 3351 2310 3376 caritas
2322 3352 2444 3384 perfecta
2462 3349 2568 3382 quando
2581 3350 2622 3375 di-

1562 3384 1623 3418 ligit
1642 3388 1744 3409 tantum
1764 3388 1891 3417 quantum
1908 3388 1997 3417 potest
2016 3386 2061 3410 Pa.

2643 780 2653 790 ⁸
2669 779 2706 802 Cf.
2720 785 2786 801 num.
2803 785 2854 806 xix,

2643 812 2681 828 xx.
