2892 4056
14 1391 17 1394 .
58 1384 195 1412 ‚vum

58 1489 193 1529 *Vq-„¹5-

81 1757 149 1781 vnn.
163 1764 185 1782 u
203 1765 255 1787 sqq.

59 2391 68 2401 ·
83 2390 131 2418 Qu.
140 2396 164 2417 x,
178 2393 220 2412 nrt.
235 2395 254 2418 5,

55 2501 66 2511 ’
81 2499 147 2522 Ver·-
162 2499 199 2527 ⁶7·

56 2607 67 2614 ·
83 2603 154 2636 *5³:¹2
165 2604 204 2635 ἦεν,

1011 182 1277 228 QUAESTIO
1306 183 1394 230 XII,
1423 184 1718 222 ARTICULUS
1748 185 1761 220 I

2401 186 2470 222 103

927 355 1342 431 QUAESTIO
1379 355 1856 412 DUODECIMA

1105 465 1146 504 D
1159 466 1198 505 E
1250 465 1290 505 A
1304 466 1338 505 P
1352 465 1391 505 o
1405 464 1485 506 ST
1498 466 1539 506 A
1551 465 1583 506 s
1596 466 1612 505 1
1626 466 1666 505 A

1118 570 1152 594 IN
1182 570 1275 596 DUOS
1301 571 1502 596 ARTICULOS
1530 571 1644 596 DIVISA

22 676 23 681 ,
62 657 269 684 manzanum.
300 654 490 737 Damni-3
520 645 838 683 considerandum
867 653 922 682 est
950 646 996 682 de
1026 647 1214 695 apostasia
1232 646 1263 684 ³¹².

383 698 431 734 Et
459 697 558 734 circa
585 698 660 735 hoc
688 705 923 746 quaeruntur
951 698 1040 734 duo.

352 750 504 809 Primo:
535 752 671 788 Utrum
699 750 888 799 apostasia
917 751 964 787 ad
992 751 1251 788 infidelitatem
1275 764 1357 800 per-

403 811 528 840 tineat.

1466 647 1667 684 Secundo:
1705 648 1841 685 Utrum
1879 657 2034 698 propter
2068 650 2298 698 apostasiam
2332 663 2354 687 a
2390 651 2467 688 fide

1519 700 1658 737 subditi
1679 701 1924 738 absolvantur
1942 714 1964 738 a
1985 701 2153 739 dominio
2174 702 2468 751 praesidentium

1518 761 1785 802 apostatarum.

1107 902 1423 945 ARTICULUS
1454 904 1658 946 PRIMUS

817 984 972 1015 UTRUM
996 985 1233 1016 APOSTASIA
1256 986 1502 1017 PERTINEAT
1527 987 1584 1018 AD
1609 987 1948 1019 INFIDELITATEM

408 1085 463 1109 „s
476 1088 478 1091 f
506 1075 530 1100 D
554 1075 692 1101 Palmum
715 1075 769 1100 Sic
798 1075 1039 1101 pnoeeurrun.
1065 1064 1224 1101 Videtur
1253 1065 1387 1112 quod
1414 1073 1520 1102 moto
1549 1074 1679 1103 autem
1706 1066 1906 1114 posteriori
1939 1074 2110 1104 remanet
2140 1068 2261 1115 prius,
2295 1069 2363 1105 sed
2390 1082 2469 1107 non

345 1162 349 1171 ἲ
356 1095 476 1177 ἔξω
488 1168 493 1172 ἢ
507 1116 697 1176 apostasia
716 1128 795 1154 non
813 1116 999 1165 pertineat
1018 1117 1067 1154 ad
1085 1117 1356 1155 infidelitatem.
1385 1106 1387 1159 i
1414 1119 1656 1156 convertitur.
1687 1119 1880 1167 Contingit
1903 1131 1992 1167 ergo
2021 1119 2188 1166 aliquem
2215 1129 2427 1169 apostatare
2446 1136 2469 1160 a

315 1198 430 1259 (ΑΨ
394 1217 447 1251 *⁴³¹2
463 1216 494 1257 K
508 1221 650 1272 cipium
669 1235 748 1260 non
762 1223 914 1261 videtur
932 1224 979 1260 ad
999 1223 1258 1261 infidelitatem
1273 1236 1358 1273 per-

295 1381 543 1432 principium:
573 1382 708 1420 dicitur
736 1382 838 1419 enim
869 1383 983 1419 Eccli.
1004 1395 1029 1419 x
1047 1381 1087 1418 *z
1115 1383 1270 1420 Initium
1296 1396 1358 1420 su-

290 1435 449 1485 perbiae
475 1435 637 1472 hominis
654 1440 868 1484 apostatare
886 1447 910 1471 a
929 1436 1035 1479 Deo‚·
1063 1442 1099 1471 et
1116 1443 1250 1483 postea
1270 1437 1358 1473 sub-

296 1487 396 1528 ditur
421 1487 463 1526 *z
500 1488 654 1526 Initium
693 1486 814 1524 omnis
843 1488 993 1536 peccati
1025 1488 1211 1536 superbia.
1255 1489 1357 1536 Ergo

296 1540 487 1590 apostasia
510 1553 592 1589 non
619 1540 782 1588 pertinet
810 1540 859 1577 ad
886 1540 1157 1577 infidelitatem.

349 1605 385 1631 α.
415 1593 653 1640 Pmmm,
684 1593 885 1630 infidelitas
903 1593 941 1630 in
960 1593 1149 1630 intellectu
1178 1594 1356 1631 consistit.

291 1646 374 1685 Sed
401 1646 592 1696 apostasia
625 1646 745 1694 magis
773 1646 925 1683 videtur
958 1646 1163 1683 consistere
1193 1647 1230 1684 in
1260 1654 1358 1684 exte-

292 1699 385 1746 firiori
404 1711 520 1749 opere
538 1700 602 1736 vel
620 1711 810 1746 sermone,
832 1707 897 1736 aut
916 1699 1029 1736 etiam
1049 1699 1087 1736 in
1106 1700 1272 1737 interiori
1289 1713 1356 1737 vo-

295 1752 455 1791 ltintate:
485 1752 619 1790 dicitur
647 1752 750 1790 enim
777 1753 890 1790 Prov.
910 1764 946 1789 vl
964 1753 1002 1789 *ε
1030 1753 1161 1790 Homo
1188 1759 1357 1801 apostata
1385 1779 1386 1799 ἶ

293 1806 355 1843 νίν
379 1806 532 1851 inutilis,
559 1805 739 1855 gradiens
767 1817 834 1842 ore
855 1817 1048 1854 perverso,
1069 1807 1202 1844 annuit
1229 1807 1356 1853 oculis,
1385 1803 1387 1846 ἓ

295 1859 381 1896 terit
390 1859 499 1907 pede,
519 1858 636 1908 digito
656 1859 830 1907 loquitur,
844 1861 970 1906 pravo
989 1860 1102 1897 corde
1119 1860 1359 1897 machinatur

256 1918 259 1922 '
295 1911 460 1958 malum,
498 1917 534 1948 et
559 1911 597 1948 in
626 1912 732 1949 omni
756 1917 922 1960 tempore
953 1912 1081 1963 iurgia
1107 1913 1277 1949 seminat.
1317 1913 1357 1950 Si

296 1964 381 2014 quis
401 1964 514 2002 etiam
533 1977 574 2001 se
594 1964 888 2011 circumcideret,
906 1965 966 2001 vel
985 1967 1201 2014 sepulcrum
1220 1966 1357 2002 Mahu-

295 2017 387 2059 meti
406 2018 582 2065 adoraret
601 2023 634 2064 α,
664 2024 835 2067 apostata
863 2025 1110 2066 reputaretur.
1141 2019 1243 2066 Ergo
1265 2031 1356 2067 apo-

294 2069 408 2109 stasia
435 2082 514 2107 non
542 2070 704 2118 pertinet
732 2070 871 2108 directe
900 2070 950 2107 ad
977 2070 1248 2108 infidelitatem.

349 2124 384 2160 3.
413 2123 656 2170 Palm-em,
688 2123 870 2170 haeresis,
899 2123 1000 2171 quia*
1017 2125 1065 2161 acl
1092 2123 1355 2161 infidelitatem

291 2175 474 2225 pertinet,
509 2183 565 2212 est
591 2176 783 2226 quaedam
817 2176 1067 2213 determinata
1099 2177 1245 2226 species
1273 2177 1356 2214 infi-

294 2228 465 2266 delitatis.
501 2228 542 2266 Si
570 2241 660 2278 ergo
689 2228 880 2279 apostasia
907 2229 955 2266 ad
983 2229 1243 2267 infidelitatem
1271 2242 1356 2279 per-

293 2281 448 2328 tineret,
486 2289 708 2329 sequeretur
741 2282 846 2331 quod
876 2290 974 2319 esset
1007 2283 1198 2332 quaedam
1234 2283 1355 2320 deter-

295 2332 439 2371 minata
471 2333 617 2382 species
648 2334 888 2372 infidelitatis.
927 2336 1045 2382 Quod
1076 2348 1156 2374 non
1182 2336 1355 2384 videtur,

295 2386 507 2423 secundum
534 2386 728 2434 praedicta
745 2387 776 2423 *.
806 2387 897 2423 Non
917 2398 1006 2434 ergo
1026 2389 1216 2435 apostasia
1235 2390 1283 2426 ad
1302 2389 1358 2426 in-

294 2438 517 2476 fidelitatem
544 2438 717 2486 pertinet.

350 2491 424 2528 SED
445 2501 590 2527 coum
609 2502 675 2527 EST
703 2490 809 2539 quod
835 2491 968 2528 dicitur
995 2492 1100 2527 Ioan.
1120 2491 1212 2526 V1*:
1241 2492 1359 2527 Multi

296 2556 346 2581 ex
363 2543 551 2592 discipulis
570 2542 584 2573 β
604 2545 681 2580 eius
709 2543 883 2580 abierunt
908 2549 1020 2588 retro,
1050 2542 1155 2591 quod
1183 2550 1238 2579 est
1266 2554 1357 2591 apo-

296 2604 444 2643 statare,
467 2597 514 2633 de
535 2596 671 2646 quibus
692 2609 806 2644 supra
825 2596 845 2618 ’¹‘
865 2596 1007 2633 dixerat
1025 2595 1234 2632 Dominus:
1264 2596 1359 2631 Sunt

295 2649 448 2698 quidam
467 2661 518 2685 ex
535 2649 639 2686 vobis
664 2650 730 2697 qui
751 2661 825 2686 non
851 2650 1016 2686 credunt.
1046 2649 1148 2696 Ergo
1169 2647 1357 2696 apostasia

295 2702 457 2752 pertinet
483 2702 532 2738 ad
560 2701 832 2739 infidelitatem.

349 2756 575 2792 Responnsso
608 2765 793 2791 DICENDUM
827 2754 933 2802 quod
962 2753 1151 2802 apostasia
1179 2753 1358 2801 importat

297 2807 612 2845 retrocessionem
640 2806 833 2856 quandam
864 2819 885 2843 a
907 2807 1003 2843 Deo.
1035 2807 1146 2852 Quae
1166 2811 1182 2833 Υ
1202 2805 1357 2854 quidem

299 2859 555 2897 diversimode
583 2860 642 2907 fit,
672 2860 883 2897 secundum
913 2859 1085 2896 diversos
1114 2858 1252 2895 modos
1278 2858 1359 2906 qui-

298 2913 370 2948 bus
387 2913 508 2949 homo
536 2913 621 2949 Deo
649 2913 899 2960 coniungitur.
930 2912 1061 2949 Primo
1080 2923 1248 2959 namque
1268 2923 1358 2948 con—

299 2964 463 3011 iungitur
498 2965 618 3001 homo
654 2966 739 3002 Deo
777 2977 845 3015 per
880 2966 1023 3012 fidem;
1061 2964 1252 3011 secundo,
1291 2975 1360 3012 per

300 3017 468 3054 debitam
488 3024 524 3053 et
543 3017 750 3054 subiectam
768 3019 1004 3055 voluntatem
1029 3019 1077 3055 ad
1097 3017 1357 3054 obediendum

300 3068 510 3118 praeceptis
542 3069 643 3115 eius;
681 3069 810 3116 tertio,
848 3083 917 3119 per
949 3070 1073 3120 aliqua
1106 3069 1281 3119 specialia
1309 3069 1358 3106 ad

301 3121 676 3171 supererogationem
707 3122 949 3170 pertinentia,
988 3123 1083 3160 sicut
1112 3136 1181 3172 per
1214 3123 1358 3171 religio·

301 3187 391 3212 nem
420 3182 457 3213 et
485 3173 744 3211 clericaturam
780 3175 843 3211 vel
875 3187 1024 3212 sacrum
1058 3176 1244 3216 ordinem.
1283 3177 1357 3213 Re-

355 3290 383 3322 α)
403 3289 539 3314 adoraret.
558 3303 577 3307 -
595 3287 738 3312 abhorreat
756 3286 965 3319 BGHLpACFK,
984 3288 1129 3314 honoraret
1147 3289 1215 3314 lsCK
1235 3294 1260 3314 et
1278 3297 1304 3314 x.

357 3323 382 3357 β)
402 3331 439 3349 ex
457 3323 603 3355 discipulis.
619 3336 638 3342 -·
657 3322 846 3353 discipulorum
865 3321 894 3346 P.

356 3361 383 3419 ἔ)
404 3360 524 3390 Quae.-
538 3367 600 3418 {uli-³,
605 3357 739 3389 ABEpr.

357 3395 382 3463 ε))
394 3398 572 3463 ἕῖξφίᾱίιξζι-
587 3436 637 3461 per
649 3428 733 3460 fidem
752 3426 882 3460 PDEpCK
895 3431 919 3451 et
937 3432 968 3456 ας
984 3425 1140 3459 perfidiae...
1155 3427 1292 3459 apostasia
1305 3435 1359 3453 om.

305 3465 398 3498 1pF.·
379 3465 467 3490 —Pro
482 3472 541 3497 per,
561 3464 704 3490 secundum
724 3462 804 3487 PCsK
824 3467 848 3487 et
866 3468 892 3486 a.

490 1169 604 1214 :Illud
625 1170 726 1207 enim
746 1169 853 1219 quod
873 1177 928 1206 est
952 1170 1077 1207 omnis
1096 1171 1240 1219 peccati
1260 1171 1359 1220 prin·
1385 1163 1387 1214 ζ
1413 1171 1497 1208 1)εο
1519 1172 1791 1209 retrocedendo
1813 1185 1835 1209 a
1853 1173 2034 1231 religione
2054 1185 2169 1221 quam
2188 1175 2380 1221 professus
2401 1183 2466 1222 est,

1385 1218 1386 1275 i
1411 1225 1474 1261 vel
1495 1225 1542 1261 ab
1563 1225 1695 1262 ordine
1716 1238 1831 1274 quem
1852 1225 2030 1275 suscepit:
2059 1233 2095 1262 et
2113 1226 2207 1262 haec
2227 1226 2360 1264 dicitur
2379 1240 2469 1277 apo-

279 1276 447 1318 sinere.
473 1276 562 1324 quia
590 1277 709 1313 multa
736 1283 892 1325 peccata
925 1276 1004 1314 sine
1037 1276 1256 1314 infidelitate
1285 1277 1358 1314 exi·
1385 1300 1386 1325 3
1413 1277 1525 1314 stasia
1553 1277 1742 1326 religionis
1770 1291 1838 1316 seu
1867 1279 2021 1316 ordinis.
2051 1278 2243 1327 Contingit
2271 1280 2383 1316 etiam
2408 1282 2470 1318 ali-

296 1336 409 1366 stunt.
449 1329 526 1366 Sed
555 1329 744 1378 apostasia
771 1329 922 1366 videtur
951 1341 1031 1366 esse
1061 1330 1185 1366 omnis
1213 1331 1358 1378 peccati
1385 1341 1386 1361 l

1413 1342 1529 1379 quem
1558 1339 1770 1379 apostatare
1799 1344 1822 1368 a
1849 1333 1934 1369 Deo
1962 1344 2031 1380 per
2058 1340 2226 1369 mentem
2259 1345 2469 1381 repugnan-

1385 1393 1386 1403 ¹
1413 1390 1489 1418 tem
1518 1383 1654 1420 divinis
1682 1385 1881 1422 mandatis.
1917 1385 2067 1431 Quibus
2096 1385 2244 1422 duabus
2272 1387 2469 1434 apostasiis

1385 1429 1674 1482 existentibus,
1709 1437 1834 1473 adhuc
1860 1444 1985 1485 potest
2012 1449 2209 1475 remanere
2237 1439 2356 1475 homo
2384 1441 2468 1476 Deo

1385 1511 1386 1539 l
1414 1487 1637 1525 coniunctus
1655 1501 1724 1536 per
1742 1489 1872 1526 fidem.
1899 1490 1975 1526 Sed
1995 1490 2026 1525 si
2045 1502 2067 1526 a
2085 1490 2161 1527 fide
2182 1491 2360 1536 discedat,
2381 1500 2471 1528 tunc

1385 1543 1387 1554 ²
1413 1540 1571 1577 omnino
1593 1553 1615 1577 a
1634 1541 1721 1577 Deo¹
1747 1541 1983 1578 retrocedere
2011 1542 2173 1578 videtur.
2203 1543 2252 1579 Et
2274 1543 2362 1580 ideo
2382 1544 2473 1581 sim-

1385 1628 1386 1636 ,
1412 1593 1559 1642 pliciter
1583 1601 1618 1630 et
1642 1594 1814 1631 absolute
1842 1602 1898 1631 est
1916 1592 1929 1615 ⁶
1949 1594 2138 1642 apostasia
2165 1607 2234 1643 per
2262 1607 2379 1643 quam
2408 1597 2472 1633 ali-

1412 1646 1495 1696 quis
1525 1646 1681 1684 discedit
1699 1659 1722 1684 a
1740 1648 1829 1694 fide,
1860 1659 1956 1696 quae
1985 1654 2144 1683 vocatur
2171 1649 2360 1696 apostasia
2387 1661 2471 1697 per·

1411 1699 1526 1736 fidiae
1541 1705 1565 1736 ⁸.
1591 1701 1641 1736 Et
1658 1712 1727 1748 per
1745 1701 1847 1737 hunc
1866 1700 2029 1737 modum
2048 1701 2238 1748 apostasia
2257 1701 2472 1750 simpliciter

1413 1752 1512 1789 dicta
1539 1753 1588 1790 ad
1617 1752 1876 1790 infidelitatem
1905 1753 2076 1801 pertinet.

1465 1807 1524 1842 An
1557 1818 1695 1843 PRIMUM
1726 1818 1824 1843 ERGO
1862 1818 2046 1843 mcENDUM
2082 1806 2188 1854 quod
2220 1806 2381 1843 obiectio
2411 1806 2472 1842 illa

1412 1859 1585 1907 procedit
1612 1859 1659 1896 de
1679 1859 1847 1896 secunda
1866 1859 2071 1907 apostasia,
2089 1870 2186 1906 quae
2206 1858 2386 1906 importat
2402 1871 2471 1894 vo-

1412 1912 1595 1948 luntatem
1624 1923 1647 1947 a
1674 1911 1862 1948 mandatis
1881 1911 1952 1947 Dei
1972 1911 2220 1955 resilientem,
2249 1921 2348 1957 quae
2368 1910 2473 1946 inve-

1412 1964 1513 2000 nitur
1539 1964 1578 2000 in
1606 1963 1712 2000 omni
1737 1971 1897 2012 peccato
1927 1963 2089 1999 mortali.

1464 2018 1524 2052 An
1547 2027 1738 2053 SECUNDUM
1757 2027 1941 2053 meantium
1961 2016 2064 2065 quod
2093 2014 2143 2050 ad
2170 2014 2289 2051 fidem
2314 2015 2475 2064 pertinet

1412 2081 1491 2106 non
1511 2069 1635 2106 solum
1657 2069 1857 2106 credulitas
1877 2068 2012 2115 cordis,
2035 2068 2101 2105 sed
2122 2066 2235 2104 etiam
2252 2069 2474 2117 protestatio

1411 2121 1599 2158 interioris
1618 2120 1631 2147 ζ
1657 2122 1749 2159 fidei
1767 2135 1837 2171 per
1856 2122 2041 2159 exteriora
2053 2120 2174 2158 verba
2195 2129 2231 2157 et
2249 2122 2362 2158 facta:
2383 2134 2473 2158 nam

1412 2175 1600 2212 confessio
1629 2183 1685 2212 est
1713 2183 1818 2213 actus
1846 2175 1948 2213 fidei.
1978 2176 2028 2212 Et
2046 2187 2116 2224 per
2133 2175 2236 2211 hunc
2257 2175 2370 2212 etiam
2390 2186 2474 2212 mo-

1412 2229 1506 2265 dum
1535 2229 1726 2277 quaedam
1756 2229 1939 2266 exteriora
1961 2229 2081 2265 verba
2100 2229 2162 2265 vel
2187 2240 2304 2276 opera
2323 2229 2372 2265 ad
2391 2228 2474 2265 infi-

1412 2281 1601 2318 delitatem
1628 2282 1837 2331 pertinent,
1867 2282 2093 2331 inquantum
2129 2289 2215 2318 sunt
2247 2281 2473 2319 infidelitatis

1411 2334 1534 2382 signa,
1563 2347 1633 2384 per
1660 2335 1822 2372 modurn
1855 2347 1932 2384 quo
1962 2336 2112 2383 signum
2141 2334 2307 2371 sanitatis
2335 2347 2471 2372 sanum

1412 2387 1545 2424 dicitur
1573 2393 1604 2424 '‘¹.
1633 2388 1849 2424 Auctoritas
1886 2395 2015 2424 autem
2048 2388 2216 2433 inducta,
2251 2387 2319 2424 etsi
2353 2387 2473 2435 possit

1411 2439 1561 2486 intelligi
1589 2440 1636 2475 de
1665 2440 1770 2476 omni
1798 2440 1999 2487 apostasia,
2018 2439 2214 2475 veri8sime
2234 2446 2364 2476 tamen
2384 2451 2472 2475 con-

1410 2490 1515 2525 venit
1547 2490 1585 2525 in
1614 2491 1803 2537 apostasia
1836 2503 1858 2526 a
1885 2491 1974 2526 fide.
2013 2491 2114 2536 Quia
2147 2491 2249 2527 enim
2285 2491 2381 2526 fides
2416 2498 2471 2525 est

1404 2541 1573 2587 primum
1582 2541 1877 2587 fundamentum
1891 2543 2164 2588 sperandarum
2180 2553 2319 2586 rerum,
2337 2549 2373 2576 et
2390 2542 2470 2577 sine

1399 2594 1483 2639 fide
1501 2592 1724 2640 impossihile
1742 2599 1796 2628 est
1808 2593 1960 2640 placere
1977 2594 2060 2628 Deo
2079 2593 2114 2637 *;
2140 2594 2285 2628 sublata
2303 2593 2391 2637 fide,

1411 2645 1460 2681 hil
1476 2652 1646 2681 remanet
1663 2644 1701 2680 in
1716 2645 1871 2681 homine
1892 2646 1996 2694 quod
2015 2645 2132 2692 possit
2152 2656 2232 2680 esse
2247 2644 2335 2680 utile
2351 2643 2398 2679 ad
2414 2656 2468 2679 sa-

1411 2699 1528 2734 lutem
1543 2705 1758 2743 aeternam;
1780 2705 1815 2733 et
1845 2705 2001 2746 propter
2019 2697 2093 2733 hoc
2125 2696 2248 2744 primo
2283 2693 2446 2732 dicitur⁶

1410 2751 1541 2787 Homo
1560 2756 1728 2798 apostata
1747 2750 1806 2786 vir
1830 2750 1977 2786 inutilis.
2008 2749 2120 2786 Fides
2142 2749 2281 2785 etiam‘
2302 2756 2356 2784 est
2389 2747 2467 2784 vita

1412 2803 1582 2840 animae:
1613 2804 1823 2839 secundum
1852 2803 1940 2839 illud
1959 2804 2070 2839 Rom.
2092 2801 2157 2838 1*:
2188 2803 2310 2837 Iustus
2329 2813 2378 2836 ex
2384 2801 2504 2847 fide
2519 2810 2586 2834 vm.
2601 2819 2631 2841 η.

1412 2857 1511 2893 vivit
1551 2856 1655 2892 Sicut
1683 2868 1790 2903 erg0,
1820 2856 1966 2892 sublata
1992 2854 2070 2891 vita
2099 2853 2304 2902 corporali,
2338 2853 2467 2890 omnia

1411 2909 1583 2946 membra
1613 2916 1648 2945 et
1675 2916 1799 2957 partes
1826 2908 1992 2945 hominis
2021 2920 2043 2943 a
2071 2907 2197 2943 debita
2222 2901 2467 2954 dispositione

1413 2962 1611 3007 recedunt;
1641 2962 1700 3007 ita,
1731 2962 1876 2998 sublata
1903 2960 1981 2997 vita
2008 2959 2178 3005 iustitiae,
2209 2971 2306 3007 quae
2326 2966 2382 2994 est
2399 2970 2468 3006 per

1412 3015 1542 3060 fidem,
1572 3022 1727 3063 apparet
1755 3013 1981 3050 inordinatio
2011 3013 2048 3049 in
2075 3011 2254 3048 omnibus
2273 3011 2466 3048 membris.

1413 3068 1460 3104 Et
1487 3067 1611 3116 primo
1641 3067 1794 3116 quidem
1822 3066 1861 3103 in
1890 3078 1967 3112 ore,
1987 3078 2056 3114 per
2080 3065 2184 3113 quod
2203 3064 2368 3100 maxime
2387 3075 2468 3100 ma-

1412 3121 1606 3158 nifestatur
1634 3132 1718 3165 cor;
1749 3119 1930 3166 secundo,
1960 3118 1997 3155 in
2026 3118 2162 3163 oculis;
2191 3116 2320 3163 tertio,
2349 3116 2386 3153 in
2414 3116 2468 3152 in-

1411 3173 1625 3211 strumentis
1645 3180 1770 3209 motus
1788 3178 1820 3216 ²;
1849 3179 1997 3221 quarto,
2018 3171 2055 3207 in
2074 3171 2279 3217 voluntate,
2302 3181 2399 3218 quae
2421 3169 2469 3205 ad

1465 3288 1518 3321 ζ)ι
1512 3288 1654 3312 interioris.
1671 3301 1691 3306 —
1710 3286 1853 3311 exterioris
1872 3286 1910 3310 Pa
1929 3290 1954 3310 et
1972 3285 2082 3315 codices,
2103 3285 2149 3309 sed
2168 3284 2223 3308 Gs
2211 3292 2239 3309 se
2258 3284 2368 3316 cori-igin

1465 3325 1492 3356 η)
1513 3323 1618 3348 dicitur.
1636 3322 1702 3347 -id
1699 3317 1781 3347 'catur
1798 3319 2058 3353 ABFHchK(px?).

1465 3357 1490 3391 θ)
1506 3359 1596 3392 primo
1616 3358 1755 3383 dicitur.-
1770 3357 1868 3382 dicitur
1882 3357 1973 3389 primo
1994 3356 2045 3384 Da,
2065 3355 2164 3381 dicitur
2182 3356 2261 3379 Ρνον.
2280 3363 2305 3379 vx
2325 3355 2378 3379 PG.

1466 3395 1484 3426 ι)
1507 3394 1598 3419 etiam.
1615 3407 1633 3412 -
1652 3393 1720 3418 enim
1742 3393 1768 3417 P.

1464 3429 1489 3461 κ)
1510 3432 1603 3454 motus.
1621 3443 1640 3448 -
1658 3428 1736 3453 motis
1755 3428 1804 3456 Gx.
1824 3427 1929 3452 motivis
1948 3426 1975 3451 P.

2602 1713 2613 1729 ε

2601 2123 2616 2152 ζ

2599 2399 2614 2421 η

2414 2592 2468 2628 ni·
2496 2602 2666 2629 “AdHelmxp-
2673 2607 2705 2627 ιι,

2495 2634 2554 2649 vers.
2570 2634 2585 2653 ι,
2601 2627 2623 2649 6.

2593 2700 2606 2726 θ
