2892 4056
177 751 227 773 ⁸Cs.
234 751 389 779 qu.x‚1mrod.

178 800 188 810 ⁸
211 800 234 821 1⁸
260 799 323 826 11⁸⁰,
349 805 388 827 qu.

177 832 254 848 Lxxvr.

178 1377 187 1386 ‘
202 1376 268 1397 Vers.
283 1382 315 1402 4¹-

176 1643 187 1653 ·
202 1643 269 1665 Vei-s.
285 1649 317 1665 10.

181 1911 189 1918 '
196 1909 232 1930 De
242 1908 300 1930 Vera
308 1909 391 1936 Relig„

180 1941 230 1962 cap.
246 1941 291 1957 xiv.

180 1971 187 1977 '
203 1968 259 1996 Cap.
275 1974 340 1990 xxm.

178 2068 190 2079 ⁴*
204 2068 271 2090 Vera.
286 2074 306 2095 7.

181 2282 189 2289 ·
206 2279 263 2310 Cap.
284 2286 342 2306 ην,
363 2280 391 2300 al.

180 2312 267 2331 xv11,1n
274 2309 320 2328 vet.
327 2312 391 2328 xxxi.

421 165 490 200 118

1124 167 1390 213 QUAESTIO
1418 168 1504 213 XV,
1536 167 1830 203 ARTICULUS
1860 168 1873 202 1

965 346 1378 422 QUAEsTlo
1421 345 2048 422 DECIMAQUINTA

739 457 822 496 DE
856 455 1203 497 CAECITATE
1236 457 1460 498 MENTIS
1494 457 1571 496 ET
1606 456 2001 509 HEBETUDINE
2034 453 2265 497 SENSUS

1243 563 1276 588 IN

419 647 607 729 DfflNDE
645 637 965 674 considerandum
995 646 1050 674 est
1087 638 1132 675 de
1160 637 1259 675 vitiis
1297 638 1479 687 oppositis
1505 656 1506 664 =

501 690 675 727 scientiae
705 698 741 726 et
776 690 978 726 intellectui
1003 690 1034 726 *.
1074 691 1122 727 Et
1160 690 1248 739 quia
1287 690 1333 727 de
1372 691 1506 739 igno-y

418 743 548 791 rantia,
576 755 674 791 quae
703 743 908 791 opponitur
936 743 1131 790 scientiae,
1162 743 1304 780 dictum
1334 751 1389 780 est
1417 756 1478 780 su·
1504 766 1505 778 2

416 808 485 844 pra
503 796 534 842 ²¹²,
557 807 644 833 cum
665 796 711 832 de
732 796 853 832 causis
872 803 1119 844 peccatorum
1140 804 1332 844 ageretur;
1363 809 1478 844 quae-

417 848 578 885 rendum
608 856 664 885 est
692 861 793 885 nunc
818 849 864 886 de
895 849 1072 885 caecitate
1093 849 1229 886 mentis
1259 857 1294 886 et
1321 850 1478 886 hebetu-
1504 879 1505 900 ἰ

417 901 502 938 dine
532 910 796 951 sensus,'quae
825 910 1071 951 opponuntur
1099 902 1202 940 dono
1230 903 1449 939 intellectus.
1504 907 1505 932 l

1305 563 1395 589 TRES
1423 563 1624 588 ARTICULOS
1652 563 1768 588 DIVISA

1534 639 1582 675 Et
1611 638 1709 674 circa
1736 638 1810 675 hoc
1838 645 2072 687 quaeruntur
2099 637 2180 674 tria.

1586 691 1738 727 Primo:
1767 698 1895 728 utrum
1925 691 2084 733 caecitas
2114 689 2252 727 mentis
2280 689 2325 726 sit
2351 697 2564 739 peccatum.

1587 744 1788 781 Secundo:
1817 752 1945 781 utrum
1964 743 2156 781 hebetudo
2178 754 2311 780 sensus
2327 743 2372 779 sit
2391 741 2492 779 aliud
2505 754 2592 791 pec-

1640 793 1765 833 ca'tum
1795 809 1817 834 a
1846 797 2022 834 caecitate
2051 796 2202 833 mentis.

1586 850 1737 886 Tertio:
1768 857 1894 887 utrum
1914 851 2008 887 haec
2026 850 2117 887 vitia
2146 862 2167 886 a
2195 848 2359 898 peccatis
2384 847 2594 885 carnalibus

1641 911 1819 940 oriantur.

1230 1003 1546 1046 ARTICULUS
1576 1003 1782 1046 PRIMUS

1047 1088 1203 1119 UTRUM
1227 1087 1439 1119 CAEClTAS
1462 1087 1622 1119 MENTts
1646 1088 1712 1118 SIT
1736 1087 1975 1119 PECCATUM

446 1179 510 1222 ἰδίῳ
535 1188 604 1229 μᾷ(
628 1177 650 1202 D
679 1177 816 1202 PRlMUM
845 1178 897 1203 εις
926 1178 1165 1204 PROCEDrrUR.
1186 1167 1344 1203 Videtur
1372 1165 1477 1214 quod

557 1217 604 1275 ’ᾗ
629 1218 789 1255 caecitas
808 1219 944 1255 mentis
969 1231 1047 1255 non
1076 1219 1121 1255 sit
1148 1226 1360 1267 peccatum.
1384 1218 1479 1255 Illud

434 1273 457 1319 ¹„
479 1287 554 1317 ,¹⁷3
573 1269 731 1308 enim
760 1272 865 1320 quod
898 1280 1050 1308 excusat
1078 1284 1099 1308 a
1128 1279 1284 1320 peccato
1319 1283 1397 1307 non
1424 1271 1479 1307 vi-

470 1299 532 1354 (ἒ
585 1316 736 1361 χκόεωτ
757 1336 837 1361 esse
857 1333 1070 1372 peccatum.
1102 1325 1178 1361 Sed
1204 1324 1363 1361 caecitas
1380 1328 1397 1345 α
1417 1336 1478 1360 ex-

418 1383 523 1412 cusat
542 1388 564 1412 a
583 1385 761 1424 peccato:
793 1377 926 1414 dicitur
950 1378 1051 1414 enim
1073 1379 1176 1414 Ioan.
1199 1389 1233 1414 1x
1252 1377 1291 1413 *ε
1313 1377 1355 1413 Si
1379 1378 1482 1414 caeci

417 1429 551 1475 essetz'S,
568 1441 642 1466 non
657 1431 841 1467 haberetis
848 1437 1059 1478 peccatum.
1082 1431 1183 1478 Ergo
1200 1431 1359 1467 caecitas
1375 1442 1481 1467 men—

417 1483 464 1519 tis
492 1494 570 1518 non
600 1490 654 1519 est
681 1492 895 1531 peccatum.

473 1547 507 1572 2.
538 1536 770 1583 PRAETEREA,
791 1549 917 1586 poena
938 1536 1062 1573 differt
1089 1549 1111 1572 a
1140 1537 1261 1585 culpa.
1292 1535 1369 1573 Sed
1398 1547 1480 1572 cae-

419 1587 509 1624 citas
546 1589 682 1626 mentis
718 1597 772 1626 est
808 1590 1001 1638 quaedam
1029 1601 1174 1638 poena:
1203 1597 1245 1626 ut
1276 1596 1378 1638 patet
1413 1601 1483 1638 per

418 1641 509 1678 illud
537 1642 642 1690 quod
670 1643 830 1679 habetur
856 1643 973 1679 Isaiae
1001 1642 1095 1678 V1*:
1125 1643 1302 1679 Excaeca
1331 1654 1398 1678 cor·
1410 1654 1481 1690 po-

415 1695 498 1743 puli
514 1695 642 1740 huius‚·
664 1707 742 1732 non
759 1696 861 1732 enim
878 1704 976 1732 esset
995 1708 1016 1732 a
1035 1696 1133 1742 Deo,
1151 1707 1239 1732 cum
1259 1695 1304 1732 sit
1323 1695 1480 1742 malurn,

419 1748 489 1785 nisi
518 1760 644 1795 poena
673 1757 781 1785 esset.
822 1749 923 1796 Ergo
955 1747 1115 1785 caecitas
1152 1748 1290 1784 mentis
1318 1761 1396 1785 non
1426 1755 1481 1785 est

418 1808 631 1850 peccatum.

475 1855 509 1891 3.
538 1855 770 1899 PRAETEREA,
789 1865 904 1890 omne
920 1860 1120 1902 peccatum
1140 1856 1197 1889 'est
1210 1853 1481 1901 voluntarium,

419 1914 460 1943 ut
479 1906 712 1955 Augustinus
733 1907 820 1943 dicit
839 1908 869 1943 ²³.
897 1906 974 1943 Sed
994 1906 1153 1943 caecitas
1173 1906 1311 1942 mentis
1330 1919 1408 1943 non
1428 1915 1483 1943 est

419 1960 649 1997 voluntaria:
676 1960 766 2008 quia
787 1967 826 1996 ut
839 1959 1071 2007 Augustinus
1091 1959 1190 2006 dicit,
1210 1960 1246 1995 X
1271 1959 1480 2007 Confe55.*,

420 2025 648 2063 cognoscere
674 2013 866 2049 veritatem
896 2013 1077 2050 lucentem
1106 2024 1235 2049 omnes
1267 2018 1419 2056 amant,·
1448 2020 1483 2049 et

418 2067 541 2103 Eccle.
571 2079 606 2102 in
632 2066 652 2087 ³²
681 2066 834 2102 dicitur:
864 2066 986 2103 Dulce
1023 2066 1169 2111 lumen,
1199 2071 1234 2102 et
1269 2065 1482 2102 delectabile

420 2120 535 2156 oculis
554 2119 680 2156 videre
698 2120 826 2156 solem.
857 2120 958 2168 Ergo
988 2119 1147 2156 caecitas
1167 2119 1304 2155 mentis
1326 2131 1404 2156 non
1429 2127 1483 2156 est

418 2180 631 2222 peccatum.

474 2227 548 2263 SED
578 2236 723 2262 CONTRA
752 2237 817 2262 EST
846 2225 950 2274 quod
984 2225 1209 2273 Gregorius,
1238 2225 1364 2261 XXXI
1393 2225 1481 2261 Mo-

420 2280 489 2316 ral.
510 2278 549 2326 *,
580 2278 799 2315 caecitatem
829 2278 964 2315 mentis
1000 2278 1106 2326 ponit
1138 2277 1233 2314 inter
1259 2277 1350 2314 vitia
1384 2289 1481 2326 quae

421 2340 622 2369 causantur
651 2343 694 2367 ex
722 2331 878 2368 luxuria.

474 2386 699 2421 RESPONDEO
728 2396 912 2421 monimum
941 2384 1046 2432 quod
1079 2383 1174 2420 sicut
1202 2382 1361 2422 caecitas
1400 2396 1479 2421 cor-

419 2438 560 2487 poralis
580 2445 635 2474 est
663 2437 824 2486 privatio
855 2437 934 2474 eius
955 2437 1057 2485 quod
1079 2443 1134 2473 est
1152 2436 1379 2485 principium
1401 2450 1481 2474 cor-

419 2491 557 2540 poralis
585 2490 755 2538 visionis,
776 2490 825 2527 ita
854 2490 966 2527 etiam
989 2489 1148 2526 caecitas
1177 2490 1313 2526 mentis
1334 2498 1389 2527 est
1409 2490 1481 2540 pri—

420 2545 522 2582 vatio
552 2544 631 2580 eius
661 2544 764 2592 quod
794 2551 849 2580 est
875 2542 1102 2591 principium
1126 2542 1298 2580 mentalis
1327 2543 1407 2581 sive
1428 2543 1482 2580 in-

420 2597 639 2634 tellectualis
658 2597 828 2634 visionis.
859 2596 976 2633 Cuius
996 2596 1152 2644 quidem
1180 2596 1407 2645 principium
1428 2605 1482 2633 est

421 2651 564 2699 triplex.
595 2650 723 2687 Unum
744 2650 900 2698 quidem
930 2657 985 2685 est
1007 2650 1138 2685 lumen
1166 2650 1344 2686 naturalis
1373 2650 1482 2686 ratio-

422 2704 490 2740 nis.
522 2704 569 2739 Et
596 2704 671 2739 hoc
708 2704 854 2749 lumen,
885 2715 973 2739 cum
1006 2702 1192 2751 pertineat
1229 2703 1277 2739 ad
1316 2702 1480 2751 speciem

422 2757 572 2793 animae
602 2756 807 2802 rationalis,
838 2767 1035 2803 nunquam
1064 2755 1233 2803 privatur
1261 2755 1308 2791 ab
1342 2755 1481 2792 anima.

423 2810 630 2858 Impeditur
658 2817 786 2846 tamen
808 2810 1040 2857 quandoque
1069 2820 1091 2844 a
1119 2808 1274 2856 proprio
1304 2816 1388 2845 actu
1417 2820 1485 2857 per

422 2862 696 2911 impedimenta
731 2862 871 2898 virium
907 2861 1148 2907 inferiorum,
1180 2861 1316 2909 quibus
1345 2861 1485 2909 indiget

423 2916 630 2952 intellectus
658 2916 850 2952 humanus
870 2915 917 2951 ad
954 2914 1258 2961 intelligendum,
1289 2914 1384 2950 sicut
1419 2927 1484 2963 pa-

478 3047 504 3078 α)
523 3047 645 3072 caecitas.
659 3061 678 3065 -
696 3047 791 3071 mentis
810 3047 907 3071 addunt
926 3047 983 3072 Pla.

1531 1173 1583 1202 tet
1610 1166 1648 1202 in
1687 1166 1902 1203 amentibus
1932 1174 1967 1203 et
1995 1166 2165 1212 furiosis,
2194 1173 2236 1203 ut
2263 1165 2301 1202 in
2338 1165 2466 1202 Primo
2494 1164 2514 1186 ’¹‘
2544 1164 2596 1201 di—

1533 1226 1636 1254 ctum
1667 1226 1734 1255 est.

1586 1270 1701 1307 Aliud
1729 1272 1856 1307 autem
1888 1271 2115 1319 principium
2153 1269 2411 1307 intellectualis
2438 1269 2597 1306 visionis

1534 1331 1589 1360 est
1617 1324 1772 1372 aliquod
1809 1324 1939 1360 lumen
1967 1323 2157 1360 habituale
2195 1322 2354 1359 naturali
2382 1321 2514 1358 lumini
2542 1334 2598 1358 ra-

1533 1377 1643 1414 tionis
1671 1377 1971 1425 superadditum.
2002 1377 2051 1413 Et
2078 1377 2152 1414 hoc
2190 1376 2345 1425 quidem
2379 1375 2510 1411 lumen
2544 1374 2598 1411 in-

1533 1430 1684 1467 terdurn
1713 1430 1884 1479 privatur
1912 1431 1959 1467 ab
1988 1430 2126 1467 anima.
2158 1430 2206 1466 Et
2238 1428 2320 1466 talis
2348 1427 2512 1476 privatio
2543 1433 2598 1464 est

1535 1483 1696 1520 caecitas
1724 1495 1822 1532 quae
1851 1490 1907 1520 est
1934 1495 2071 1532 poena,
2100 1482 2311 1519 secundum
2341 1480 2446 1530 quod
2473 1480 2599 1529 priva-

1534 1536 1584 1573 tio
1605 1536 1758 1573 luminis
1777 1536 1916 1584 gratiae
1937 1536 2127 1585 quaedam
2156 1547 2283 1585 poena
2302 1533 2464 1584 ponitur.
2486 1533 2598 1571 Unde

1535 1589 1671 1627 dicitur
1699 1590 1745 1626 de
1775 1589 2015 1638 quibusdam,
2037 1591 2125 1638 Sap.
2147 1602 2168 1626 11
2189 1588 2230 1625 *ε
2259 1587 2492 1625 Excaecavit
2518 1586 2599 1624 illos

1535 1642 1679 1679 malitia
1708 1655 1852 1679 eorum.

1589 1695 1763 1732 Tertium
1801 1695 2030 1745 principium
2058 1694 2216 1731 visionis
2252 1692 2507 1730 intellectualis
2545 1699 2601 1729 est

1537 1748 1690 1796 aliquod
1725 1747 1951 1797 intelligibile
1987 1747 2215 1797 principium
2248 1759 2317 1795 per
2345 1746 2451 1794 quod
2479 1747 2599 1783 homo

1536 1801 1704 1850 intelligit
1732 1801 1815 1838 alia.
1855 1801 1927 1838 Cui
1965 1800 2122 1848 quidem
2160 1799 2345 1849 principio
2383 1798 2601 1846 intelligibili

1537 1867 1646 1891 mens
1666 1854 1832 1891 hominis
1852 1861 1977 1902 potest
2000 1854 2193 1891 intendere
2213 1853 2275 1890 vel
2294 1864 2373 1889 non
2391 1852 2599 1889 intendere.

1536 1908 1586 1944 Et
1600 1907 1703 1956 quod
1720 1907 1754 1943 ei
1769 1919 1847 1944 non
1862 1906 2034 1945 intendat
2048 1906 2228 1954 contingit
2244 1905 2452 1955 dupliciter.
2469 1905 2602 1952 Quan-

1538 1960 1665 2009 doque
1703 1960 1858 2009 quidem
1889 1973 1933 1997 ex
1960 1961 2036 1997 hoc
2073 1961 2178 2008 quod
2217 1959 2332 1996 habet
2363 1960 2600 1996 voluntatem

1537 2021 1746 2062 spontanee
1784 2026 1824 2050 se
1862 2020 2098 2051 avertentem
2128 2025 2150 2049 a
2189 2012 2490 2050 consideratione
2518 2011 2600 2048 talis

1535 2066 1730 2116 principii:
1760 2068 1972 2104 secundum
1992 2066 2084 2103 illud
2112 2067 2252 2103 Psalm.
2276 2067 2312 2102 *ι
2341 2065 2478 2102 Noluit
2498 2063 2600 2101 intel-

1536 2120 1654 2170 ligere
1675 2125 1715 2156 ut
1740 2121 1833 2156 bene
1855 2125 1996 2169 ageret.
2027 2119 2113 2156 Alio
2134 2118 2266 2165 modo,
2287 2130 2361 2167 per·
2383 2117 2599 2167 occupatio-

1537 2185 1627 2210 nem
1656 2172 1793 2209 mentis
1822 2173 1918 2209 circa
1946 2172 2018 2209 alia
2052 2184 2150 2221 quae
2179 2171 2299 2219 magis
2327 2171 2444 2219 diligit
2462 2168 2488 2218 β,
2517 2170 2598 2219 qui—

1537 2227 1608 2263 bus
1637 2227 1684 2262 ab
1714 2226 1946 2274 inspectione
1975 2226 2087 2262 huius
2124 2224 2295 2274 principii
2323 2236 2432 2261 mens
2466 2223 2599 2261 averti-

1536 2287 1616 2316 tur:
1647 2279 1858 2316 secundum
1878 2278 1968 2316 illud
1987 2278 2127 2315 Psalm.
2148 2277 2187 2314 *z
2218 2277 2471 2326 Supercecidit
2487 2277 2598 2327 ignis,

1535 2332 1675 2369 scilicet
1712 2331 2061 2380 concupiscentiae,
2091 2337 2127 2367 et
2153 2342 2227 2367 non
2261 2331 2437 2367 viderunt
2469 2330 2597 2367 solem.

1535 2386 1585 2422 Et
1611 2393 1773 2434 utroque
1801 2385 1921 2422 modo
1952 2384 2110 2421 caecitas
2139 2383 2276 2421 mentis
2305 2392 2360 2421 est
2385 2390 2596 2432 peccatum.

1588 2440 1647 2475 An
1676 2450 1813 2475 patmum
1841 2449 1939 2474 ERGO
1968 2449 2153 2474 meramnum
2181 2437 2287 2486 quod
2315 2437 2474 2474 caecitas
2502 2447 2598 2485 quae

1536 2499 1689 2527 excusat
1717 2503 1738 2527 a
1766 2498 1922 2539 peccato
1954 2499 2009 2527 est
2033 2502 2130 2539 quae
2160 2490 2339 2538 contingit
2368 2502 2413 2527 ex
2442 2488 2599 2527 naturali

1537 2544 1685 2580 defectu
1714 2556 1792 2580 non
1819 2544 1982 2592 potentis
2009 2543 2155 2580 videre.

1589 2599 1648 2634 An
1677 2609 1866 2634 SECUNDUM
1894 2609 2078 2634 monimum
2108 2596 2212 2645 quod
2251 2596 2345 2633 ratio
2374 2595 2436 2632 illa
2469 2607 2601 2645 proce-

1537 2650 1589 2687 dit
1618 2651 1665 2687 de
1694 2650 1862 2687 secunda
1892 2650 2080 2695 caecitate,
2102 2661 2201 2697 quae
2231 2657 2286 2686 est
2313 2658 2451 2697 poena.

1589 2705 1648 2738 An
1676 2714 1835 2739 ‘rem-mm
1864 2714 2047 2739 mCENDUM
2085 2702 2190 2750 quod
2224 2701 2428 2749 intelligere
2463 2700 2600 2738 verita-

1536 2762 1613 2791 tem
1653 2755 1803 2791 cuilibet
1841 2764 1895 2791 est
1933 2755 2145 2792 secundum
2183 2767 2222 2791 se
2260 2754 2436 2792 amabile.
2471 2753 2601 2790 Potest

1536 2816 1666 2845 tamen
1693 2820 1761 2856 per
1789 2808 1965 2845 accidens
1995 2820 2077 2845 esse
2112 2807 2222 2844 alicui
2250 2807 2410 2854 odibile,
2440 2806 2600 2855 inquan-

1537 2869 1619 2897 tum
1657 2860 1795 2897 scilicet
1830 2873 1898 2909 per
1933 2862 2008 2898 hoc
2036 2862 2155 2898 homo
2194 2860 2396 2909 impeditur
2434 2860 2482 2896 ab
2520 2859 2600 2897 aliis

1539 2926 1636 2962 quae
1666 2914 1786 2961 magis
1815 2922 1930 2950 amat.

1596 3044 1621 3078 β)
1642 3045 1741 3078 diligit.
1753 3059 1771 3065 —-
1789 3045 1905 3078 diligunt
1924 3045 2046 3074 ΑΒΓ-Ἧι,
2066 3045 2216 3077 diliguntur
2235 3044 2264 3074 E,
2284 3043 2363 3076 diligi
2381 3043 2437 3076 pK:

1102 3125 1432 3159 Commentaria
1456 3116 1704 3158 Cardinialis
1727 3124 1926 3157 Caietam
1944 3128 1947 3131 ’

429 3206 474 3268 IN
498 3203 565 3227 tota
592 3196 776 3237 quaestione
806 3196 1038 3237 decimaquinta
1065 3196 1199 3227 dubium
1228 3206 1330 3226 unum
1360 3202 1483 3226 tantum

457 3240 600 3277 occurrit,
618 3240 697 3271 circa
721 3241 802 3270 duos
819 3241 934 3270 modos
949 3241 981 3270 in
997 3241 1097 3271 littera
1114 3240 1208 3281 primi
1228 3239 1348 3270 articuli
1363 3240 1484 3279 positos

426 3284 542 3324 quibus
565 3285 665 3315 homo
688 3285 901 3315 voluntariam
929 3285 1108 3315 caecitatem
1133 3285 1246 3314 mentis
1270 3284 1398 3315 incurrit
1420 3294 1485 3314 non

426 3327 619 3359 intendendo
643 3328 688 3358 illi
707 3328 893 3368 intelligibili
909 3329 1012 3368 primo
1028 3339 1094 3369 quo
1110 3329 1170 3359 alia
1186 3328 1345 3368 intelligit:
1372 3328 1487 3359 scilicet
1539 3328 1617 3359 sistit
1636 3326 1651 3342 *
1671 3328 1703 3358 in
1727 3328 1788 3358 hoc
1812 3328 1901 3368 quod
1924 3327 2043 3358 aversio
2074 3327 2258 3358 intentionis
2281 3327 2319 3357 ab
2345 3326 2399 3356 illo
2424 3325 2527 3366 priore
2554 3325 2602 3355 in·
2631 3336 2638 3343 ·

1537 3196 1624 3226 tione
1643 3195 1719 3226 boni
1743 3195 1838 3226 debiti
1855 3205 1920 3225 non
1936 3201 1983 3225 est
2005 3195 2063 3224 nisi
2079 3202 2208 3234 propter
2226 3194 2313 3224 aliud
2328 3194 2428 3234 magis
2443 3200 2601 3224 amatum:

1539 3246 1569 3270 et
1592 3240 1635 3270 sic
1658 3240 1799 3280 primum
1823 3240 2004 3270 membrum
2026 3239 2135 3269 incidit
2158 3239 2191 3269 in
2215 3239 2401 3269 secundum.

1595 3284 1645 3314 Ad
1660 3284 1722 3314 hoc
1742 3284 1853 3314 dicitur
1869 3284 1958 3324 quod
1982 3283 2139 3314 distinctio
2163 3284 2381 3313 membrorum
2397 3282 2514 3312 horum
2531 3291 2603 3312 con-

427 3373 516 3412 quod
540 3373 693 3413 contingit
720 3373 781 3403 hoc
804 3373 854 3403 vel
878 3379 1068 3412 spontanee;
1093 3373 1142 3403 vel
1165 3383 1221 3413 per
1244 3372 1487 3412 occupationem
1539 3372 1691 3412 telligibili
1711 3372 1760 3402 vel
1783 3371 1976 3412 principium
1993 3372 2105 3403 habeat
2121 3382 2138 3402 a
2153 3372 2326 3406 voluntate,
2343 3370 2426 3400 vela
2443 3369 2600 3409 passione.

428 3417 541 3447 mentis
566 3418 646 3448 circa
661 3417 722 3447 alia
737 3417 836 3456 magis
851 3416 971 3447 dilecta.
996 3417 1150 3447 Videntur
1166 3417 1251 3447 enirn
1267 3418 1409 3447 membra
1425 3417 1486 3446 dis-

427 3459 587 3492 tinctionis
611 3461 794 3492 coincidere.
820 3461 983 3498 Quoniam
1006 3461 1183 3491 voluntaria
1198 3461 1318 3491 aversio
1334 3462 1371 3491 ab
1389 3461 1487 3491 inten-

1540 3417 1584 3447 Ita
1608 3417 1697 3457 quod
1718 3423 1849 3457 utraque
1867 3416 1987 3446 aversio
2003 3415 2169 3446 conveniat
2184 3415 2216 3445 in
2233 3415 2295 3445 hoc
2310 3415 2398 3455 quod
2413 3421 2459 3444 est
2474 3420 2603 3454 propter

1540 3460 1661 3501 aliquid
1684 3460 1783 3500 magis
1807 3467 1958 3497 amatum,
1984 3467 2061 3500 puta
2085 3459 2267 3490 exercitium
2289 3459 2362 3490 artis
2382 3465 2441 3502 *aut
2463 3457 2602 3498 negotia-

2623 1172 2633 1182 ‘
2659 1171 2707 1199 Qu.
2734 1178 2831 1199 mxiv,

2623 1201 2665 1220 nrt.
2679 1204 2701 1226 7,
2716 1197 2738 1220 8.

2625 1597 2637 1609 ⁸
2650 1597 2717 1620 Ven-
2732 1603 2762 1619 αι.

2628 2071 2676 2093 Ῥε.
2683 2077 2839 2098 miram«,-

2727 2180 2742 2214 β

2626 2286 2634 2294 ”
2641 2284 2679 2306 Pu.
2686 2289 2838 2312 ινιιμιτας.

2663 3340 2710 3356 ιιοκ
2734 3334 2843 3356 consistit

2630 3361 2685 3382 Pan.
