2892 4056
1030 162 1295 209 QUAESTIO
1323 162 1390 209 v1,
1422 162 1715 200 ART1cuLus
1746 164 1758 199 1

2424 162 2468 198 61

989 367 1428 446 QUAESTIO
1477 369 1778 425 SEXTA

1099 487 1188 526 DE
1233 486 1463 528 CAUSA
1503 487 1687 527 FIDEI

1130 600 1164 625 IN
1194 601 1287 626 DUOS
1315 599 1515 627 ARTICULOS
1543 601 1658 626 DlVlSA

71 703 132 754 gg-
147 709 186 732 qu·
202 709 231 731 π,
243 703 282 725 11¹-
313 702 502 785 Damna
527 691 844 730 considerandum
868 699 924 728 est
951 692 998 729 de
1019 705 1134 729 causa
1156 693 1246 730 fidei
1261 694 1292 729 ²⁶.

126 745 133 752 '
395 746 444 782 Et
472 746 569 783 circa
595 747 671 783 hoc
698 751 932 794 quaeruntur
959 745 1048 781 duo.

1390 755 1392 768 l

1390 773 1392 795 l

1472 693 1620 730 Primo:
1650 701 1776 730 utrum
1797 693 1894 730 fides
1918 693 1963 730 sit
1989 692 2137 730 homini
2156 693 2278 730 infusa
2293 699 2310 715 ‘²
2338 706 2360 731 a
2379 694 2476 731 Deo.

1474 746 1672 783 Secundo:
1693 753 1819 782 utrum
1838 746 1934 783 fides
1954 746 2126 783 informis
2145 746 2190 783 sit
2210 748 2354 784 donum
2378 745 2405 783 β.

1123 860 1440 903 ARTICULUS
1471 861 1675 903 PRIMUS

936 951 1092 982 UTRUM
1115 951 1237 982 FinEs
1263 951 1329 982 sn·
1353 951 1510 983 HOMlNl
1534 954 1563 982 A
1586 952 1674 983 nno
1701 952 1853 983 1NFusA

478 1039 547 1064 Part.
566 1040 584 1069 Ι,
603 1046 647 1072 qu.
666 1046 716 1068 cxx,
736 1044 784 1064 art.
807 1047 828 1068 1,
847 1038 880 1063 ad

902 1046 930 1070 ¹3
949 1038 981 1063 111
1003 1039 1078 1064 Cont.
1099 1039 1186 1068 Gent„
1205 1046 1262 1071 cap.
1281 1046 1355 1070 cuv;
1375 1039 1416 1064 De
1439 1039 1528 1068 Verit„
1548 1047 1593 1072 qu.
1612 1047 1682 1070 xvm‚
1701 1044 1749 1065 art.
1768 1039 1796 1070 3,
1818 1040 1919 1065 Contra
1939 1041 2033 1065 Error.
2055 1041 2158 1071 Graec„
2177 1049 2234 1074 cap.
2251 1049 2311 1073 xxx3

1182 1083 1225 1108 Ad
1245 1083 1349 1115 Ephes„
1369 1091 1424 1116 cap.
1444 1091 1471 1114 11,
1490 1084 1549 1108 lect.
1568 1091 1605 1116 nl.

348 1179 405 1217 ης(
424 1180 496 1222 ‘fr-⁶<
521 1175 544 1200 n
565 1174 702 1200 PR1MUM
730 1174 783 1200 εις
812 1174 1051 1201 vaccam-run.
1080 1163 1240 1202 Videtur
1268 1165 1372 1213 quod

360 1198 492 1275 PAR?
521 1214 620 1253 fides
638 1228 717 1253 non
735 1215 782 1253 sit
799 1215 947 1254 homini
965 1215 1089 1259 infusa
1108 1229 1130 1254 a
1149 1216 1248 1254 Deo.
1273 1216 1373 1254 Dicit

328 1268 373 1318 ᾖ
378 1284 447 1314 ‚v
460 1254 511 1312 ‘f‘
522 1269 626 1307 enim
643 1268 888 1317 Augustinus,
913 1270 1002 1306 XIV
1019 1271 1066 1307 de
1088 1271 1124 1306 T
1120 1281 1190 1307 rm
1206 1270 1372 1319 *‚quod

332 1313 464 1356 Avari,
479 1313 512 1355 *x
533 1332 590 1359 er
615 1322 807 1359 scientiam
843 1322 1016 1372 gignitur
1048 1323 1085 1359 in
1120 1324 1225 1360 nobis
1255 1324 1371 1369 fides,

311 1374 484 1420 nutritur,
505 1375 715 1437 defenditur
733 1382 770 1412 et
786 1376 998 1414 roboratur.
1027 1375 1103 1412 Sed
1123 1387 1167 1413 ea
1187 1387 1286 1425 quae
1305 1388 1374 1426 per

311 1425 507 1465 scientiam
535 1428 575 1467 in
601 1428 712 1467 nobis
740 1427 943 1476 gignuntur
970 1427 1090 1476 magis
1108 1429 1286 1466 videntur
1313 1441 1373 1466 ac-

311 1479 447 1530 quisita
473 1491 577 1518 esse
576 1492 703 1529 quam
722 1478 871 1519 infusa.
885 1482 988 1529 Ergo
1011 1481 1108 1518 fides
1127 1494 1205 1519 non
1223 1481 1374 1519 videtur

309 1533 350 1570 in
377 1532 490 1570 nobis
517 1545 600 1571 esse
628 1545 674 1570 ex
701 1533 892 1571 infusione
919 1533 1059 1571 divina.

365 1596 400 1623 2.
431 1586 672 1634 pumma,
706 1586 796 1624 illud
824 1587 873 1624 ad
902 1587 1007 1635 quod
1043 1587 1162 1624 horno
1201 1586 1376 1636 pertingit

311 1637 503 1676 audiendo
547 1647 583 1676 et
613 1615 784 1677 videndo
821 1641 973 1679 videtur
1010 1651 1092 1677 esse
1134 1639 1182 1677 ab
1218 1640 1375 1677 homine

310 1687 548 1747 acquisitum.
565 1686 666 1732 Sed
701 1692 820 1730 homo
856 1693 1033 1743 pertingit
1064 1693 1114 1731 ad
1141 1693 1375 1731 credendum

311 1751 349 1793 fit
365 1745 535 1784 videndo
556 1745 739 1785 miracula
768 1753 804 1784 et
823 1746 1015 1785 audiendo
1034 1746 1125 1785 fidei
1145 1747 1374 1784 doctrinam.

312 1798 448 1837 dicitur
475 1799 577 1836 enim
606 1800 768 1837 Ioan.1v
781 1799 819 1835 *ε
853 1801 1041 1850 Cognovit
1059 1805 1174 1848 pater
1199 1801 1288 1848 quia
1312 1800 1375 1836 illa

312 1854 408 1891 hora
444 1858 529 1889 erat
553 1853 592 1888 in
611 1861 695 1901 qua
723 1852 822 1889 dixit
836 1854 873 1890 ei
888 1855 1005 1900 Iesus,
1025 1853 1144 1890 Filius
1161 1858 1246 1890 tuus
1264 1853 1375 1890 vivit.-

313 1912 349 1944 ει
374 1906 529 1943 credidit
560 1905 637 1954 ipse
664 1910 701 1942 et
725 1906 858 1943 domus
886 1907 966 1944 eius
994 1912 1092 1951 tota;
1121 1913 1158 1943 et
1185 1907 1299 1943 Rom.
1319 1918 1342 1943 x
1356 1905 1377 1927 *

314 1960 447 1998 dicitur
474 1959 579 2007 quod
595 1958 698 2006 fides
725 1964 780 1995 est
804 1971 854 1996 ex
881 1961 1020 1997 auditu.
1055 1960 1156 2007 Ergo
1185 1960 1282 1998 fides
1310 1960 1376 1996 ha-

313 2015 423 2052 betur
450 2012 499 2049 ab
526 2011 685 2048 homine
713 2018 896 2060 tanquam
925 2012 1117 2063 acquisita.

369 2067 402 2103 3.
433 2065 668 2112 PRAETEREA,
696 2064 788 2102 illud
816 2066 920 2114 quod
949 2065 1118 2104 consistit
1144 2065 1182 2102 in
1210 2063 1376 2102 hominis

312 2120 509 2157 voluntate
528 2119 577 2154 ab
596 2117 754 2155 homine
771 2126 898 2166 potest
912 2119 1065 2169 acquiri.
1088 2119 1165 2156 Sed
1183 2119 1275 2159 fides
1289 2130 1376 2155 con·

313 2173 405 2210 sistit
423 2172 460 2208 in
480 2171 707 2208 credentium
726 2171 936 2209 voluntate:
965 2181 1006 2210 ut
1024 2172 1256 2220 Augustinus
1277 2171 1375 2219 dicit,

314 2226 353 2264 in
385 2226 481 2262 libro
510 2225 556 2261 de
590 2225 730 2261 Praed.
770 2225 894 2262 Sanct.
924 2225 943 2246 ²⁸
976 2227 1078 2274 Ergo
1120 2226 1217 2263 fides
1253 2233 1378 2274 potest

311 2291 398 2323 esse
426 2278 474 2315 ab
502 2277 660 2315 homine
680 2277 881 2327 acquisita.

315 2372 321 2374 ,
369 2332 445 2373 San
477 2341 625 2370 CONTRA
656 2341 723 2367 EST
754 2331 860 2379 quod
897 2330 1031 2368 dicitur
1057 2330 1109 2367 ad
1133 2330 1375 2378 Ephes.11·⁶:

321 2382 455 2421 Gratia
483 2384 567 2420 estis
593 2380 731 2420 salvati
750 2395 823 2432 per
846 2384 983 2430 fidem,
1016 2389 1053 2419 et
1078 2394 1154 2419 non
1183 2395 1233 2421 ex
1262 2384 1378 2430 vobis,

219 2465 232 2479 ⁸,
318 2449 366 2476 ne
391 2438 474 2487 quis
500 2431 708 2486 glorietur:
735 2437 812 2477 Dei
836 2437 936 2474 enim
964 2436 1103 2472 donum
1131 2442 1196 2473 est.

371 2491 597 2528 Rsssponnsso
624 2501 808 2527 memnon
839 2489 945 2538 quod
979 2489 1028 2525 ad
1059 2488 1177 2525 fidem
1216 2488 1294 2525 duo
1322 2501 1378 2525 re-

318 2543 529 2593 quiruntur.
550 2543 727 2589 Quorum
746 2554 867 2580 unum
887 2550 944 2579 est
961 2549 1003 2579 ut
1019 2541 1168 2578 homini
1187 2540 1379 2578 credibilia

83 2621 104 2632 *f
170 2607 196 2638 5
317 2604 603 2646 proponantur:
623 2597 729 2645 quod
743 2595 943 2644 requiritur
953 2600 968 2622 Υ
983 2595 1031 2632 ad
1046 2595 1122 2632 hoc
1139 2595 1245 2642 quod
1258 2595 1378 2632 homo

78 2651 85 2674 ¹
116 2654 119 2658 '
318 2650 460 2699 aliquid
489 2648 660 2698 explicite
690 2649 828 2686 credat.
858 2647 970 2685 Aliud
991 2655 1118 2684 autem
1144 2646 1251 2695 quod
1269 2648 1317 2684 ad
1337 2648 1380 2685 fi-

92 2703 118 2714 “'
153 2725 157 2728 ·
314 2703 409 2743 dem
431 2703 632 2752 requiritur
659 2710 715 2749 est
743 2713 919 2739 assensus
939 2700 1124 2738 credentis
1141 2700 1192 2737 ad
1211 2712 1256 2737 ea
1284 2712 1381 2749 quae

315 2763 595 2806 proponuntur.
626 2755 824 2802 Quantum
841 2754 950 2802 igitur
969 2754 1019 2791 ad
1040 2754 1208 2802 primum
1227 2754 1380 2801 horum,

315 2821 474 2858 necesse
493 2817 550 2847 est
576 2809 690 2857 quod
709 2808 806 2846 fides
833 2808 879 2845 sit
906 2820 928 2844 a
948 2808 1045 2844 Deo.
1075 2808 1134 2844 Ea
1153 2806 1255 2844 enim
1283 2819 1381 2856 quae

313 2870 408 2901 *sunt
441 2863 532 2901 fidei
569 2862 755 2899 excedunt
788 2861 972 2898 rationem
1004 2861 1236 2897 humanam.
1277 2860 1381 2898 unde

179 2921 194 2947 δ
319 2928 409 2954 non
418 2914 585 2953 cadunt
576 2927 615 2952 m
635 2914 955 2963 contemplatione
973 2911 987 2935 ὅ
1015 2913 1180 2950 hominis
1205 2912 1276 2951 nisi
1295 2914 1381 2951 Deo

318 2969 524 3015 revelante.
554 2968 630 3007 Sed
659 2967 886 3017 quibusdam
904 2966 1062 3015 quidem
1082 2966 1322 3002 revelantur
1313 2978 1383 3003 im-

320 3021 491 3064 mediate
522 3033 546 3058 a
581 3021 688 3068 Deo,
730 3020 824 3058 sicut
865 3027 952 3058 sunt
989 3019 1154 3057 revelata
1189 3019 1382 3067 Apostolis

322 3082 359 3113 et
395 3073 608 3134 prophetis:
650 3073 883 3122 quibusdam
910 3080 1039 3110 autem
1066 3079 1333 3121 proponuntur
1359 3085 1382 3109 a

321 3129 408 3167 Deo
427 3128 598 3165 mittente
621 3126 716 3164 fidei
741 3126 1033 3176 praedicatores,
1054 3125 1266 3163 secundum
1294 3125 1383 3163 illud

320 3182 434 3219 Rom.
454 3193 478 3218 x
491 3181 527 3216 *z
561 3178 756 3222 Quomodo
778 3179 1053 3229 praedicabunt
1074 3178 1148 3215 nisi
1163 3177 1384 3216 mittantur?

376 3312 403 3343 α)
424 3311 522 3344 infusa.
534 3324 552 3329 -
570 3311 636 3351 om’.
651 3309 860 3342 ABCDEFIKpn.

375 3345 402 3415 33
422 3345 814 3414 ffggnzrnnnu-r·13e2n3ffffitd53
830 3350 940 3412 ἓῐῐῗΙι-ιίρΑ
959 3385 984 3404 et
1001 3387 1028 3404 x.

313 3426 322 3430 -
375 3416 402 3449 ὃ)
421 3416 649 3448 contemplatione.
663 3429 682 3435 -
697 3415 876 3448 cognitionem
896 3415 925 3440 P.

377 3452 399 3484 ε)
419 3459 518 3477 sumus.
530 3465 549 3470 -
566 3451 648 3476 simus
667 3450 801 3476 ABCFsK.
813 3464 832 3469 -
850 3450 899 3474 Pro
919 3450 1119 3479 consummatio,
1134 3449 1301 3482 confirmatio
1317 3449 1383 3474 ΑΒΕ

1478 1163 1674 1210 Quantum
1694 1176 1789 1201 vero
1813 1164 1861 1201 ad
1881 1164 2105 1212 secundum,
2134 1164 2273 1202 scilicet
2291 1166 2339 1203 ad
2358 1178 2483 1203 assen-

1425 1228 1511 1253 sum
1539 1216 1707 1254 hominis
1735 1217 1773 1254 in
1801 1229 1846 1254 ea
1873 1228 1971 1265 quae
1999 1225 2086 1254 sunt
2112 1217 2214 1266 fidei,
2242 1226 2367 1267 potest
2395 1231 2484 1256 con-

1426 1269 1582 1307 siderari
1610 1270 1749 1329 duplex
1777 1282 1901 1307 causa.
1939 1271 2024 1308 Una
2055 1270 2211 1320 quidem
2241 1271 2402 1309 exterius
2429 1273 2485 1309 in-

1427 1322 1590 1360 ducens:
1627 1323 1721 1359 sicut
1753 1322 1978 1360 miraculum
2007 1323 2154 1371 visum,
2188 1325 2250 1362 vel
2286 1325 2483 1374 persuasio

1425 1375 1590 1412 hominis
1618 1375 1829 1413 inducentis
1857 1377 1905 1414 ad
1937 1376 2066 1414 fidem.
2107 1377 2282 1438 Quorum
2310 1385 2485 1415 neutrum

1427 1434 1483 1464 est
1515 1428 1707 1465 sufficiens
1741 1441 1873 1466 causa:
1909 1429 2120 1467 videntium
2154 1430 2256 1467 enim
2292 1443 2414 1468 unum
2451 1439 2487 1468 et

1427 1479 1528 1518 idem
1558 1481 1796 1527 miraculum,
1826 1489 1863 1518 et
1885 1481 2119 1521 audientium
2149 1483 2310 1520 eandem
2338 1483 2486 1532 praedi-

1428 1532 1633 1580 cationem,
1671 1533 1830 1582 quidam
1859 1535 2018 1571 credunt
2054 1542 2090 1572 et
2117 1536 2274 1583 quidam
2302 1547 2380 1573 non
2408 1549 2486 1573 cre—

1429 1585 1522 1622 dunt
1541 1587 1571 1622 *.
1602 1587 1651 1622 Et
1677 1586 1764 1623 ideo
1785 1595 1934 1636 oportet
1951 1599 2095 1637 ponere
2123 1589 2233 1626 aliam
2261 1599 2415 1626 causam
2434 1590 2487 1626 in-

1428 1639 1630 1687 teriorem,
1677 1651 1776 1688 quae
1817 1648 1951 1677 movet
1995 1641 2192 1679 hominem
2237 1642 2390 1679 interius
2437 1641 2485 1680 ad

1429 1692 1712 1730 assentiendum
1743 1692 1800 1730 his
1837 1705 1934 1742 quae
1963 1701 2050 1732 sunt
2081 1694 2183 1732 fidei.
2222 1694 2331 1732 Hanc
2359 1702 2487 1733 autem

1430 1757 1584 1783 causam
1612 1745 1805 1794 Pelagiani
1832 1746 2026 1796 ponebant
2053 1749 2176 1785 solum
2205 1746 2367 1786 liberum
2390 1746 2488 1785 arbi-

1428 1798 1542 1835 trium
1577 1798 1764 1836 hominis:
1803 1806 1840 1836 et
1874 1808 2030 1849 propter
2060 1801 2134 1838 hoc
2171 1801 2347 1839 dicebant
2383 1802 2487 1850 quod

1429 1851 1575 1888 initium
1601 1852 1693 1889 fidei
1722 1860 1778 1889 est
1805 1863 1850 1888 ex
1873 1853 1996 1902 nobis,
2025 1854 2248 1903 inquantum
2277 1854 2415 1892 scilicet
2441 1866 2486 1891 ex

1402 1905 1539 1942 nobis
1569 1913 1624 1942 est
1660 1906 1763 1954 quod
1795 1905 1914 1954 parati
1943 1911 2100 1944 sumus⁸
2128 1906 2176 1944 ad
2205 1907 2487 1945 assentiendum

1430 1958 1487 1994 his
1520 1969 1618 2006 quae
1647 1966 1733 1995 sunt
1759 1958 1869 2005 fidei;
1909 1960 1976 1997 sed
2004 1960 2283 1998 consummatio
2315 1961 2405 1999 fidei
2434 1969 2488 1998 est

1429 2023 1452 2048 a
1479 2012 1585 2057 Deo,
1623 2023 1692 2060 per
1723 2023 1838 2059 quem
1873 2012 1983 2050 nobis
2015 2021 2280 2062 proponuntur
2308 2027 2352 2051 ea
2389 2026 2487 2063 quae

1429 2064 1582 2101 credere
1602 2063 1799 2101 debemus.
1831 2065 1908 2102 Sed
1926 2067 2000 2103 hoc
2020 2076 2076 2104 est
2093 2067 2240 2104 falsum.
2273 2067 2373 2114 Quia
2401 2079 2488 2104 cum

1429 2118 1565 2164 homo,
1595 2118 1836 2155 assentiendo
1864 2118 1922 2155 his
1950 2131 2050 2167 quae
2078 2127 2165 2156 sunt
2190 2120 2292 2167 fidei,
2322 2121 2490 2157 elevetur

1430 2183 1543 2219 supra
1572 2177 1744 2207 naturam
1773 2183 1900 2218 suam,
1930 2180 2086 2232 oportet
2108 2173 2212 2222 quod
2239 2174 2314 2210 hoc
2341 2172 2427 2210 insit
2454 2173 2489 2209 ei

1431 2234 1476 2260 ex
1495 2223 1768 2272 supernaturali
1782 2201 1967 2272 principio
1982 2225 2134 2263 interius
2150 2225 2162 2251 t
2177 2233 2369 2273 movente,
2385 2226 2489 2274 quod

1431 2284 1487 2315 est
1513 2277 1631 2314 Deus
1669 2277 1718 2313 Et
1736 2276 1823 2314 ideo
1842 2276 1940 2315 fides
1968 2287 2153 2326 quantum
2171 2279 2222 2316 ad
2241 2291 2438 2316 assensum
2457 2285 2488 2325 η,

1403 2329 1495 2378 qui
1520 2337 1576 2366 est
1602 2328 1817 2378 principalis
1845 2337 1950 2380 actus
1977 2331 2079 2380 fidei,
2109 2339 2164 2369 est
2189 2344 2212 2368 a
2230 2333 2316 2370 Deo
2334 2331 2490 2369 interius

1431 2390 1611 2420 movente
1640 2394 1710 2431 per
1736 2382 1905 2431 gratiam.

1482 2437 1542 2472 An
1570 2447 1708 2473 ramum
1736 2447 1834 2474 ERGO
1853 2447 2037 2474 memnon
2065 2436 2170 2486 quod
2197 2449 2266 2486 per
2293 2437 2489 2474 scientiam

1430 2488 1598 2547 gignitur
1627 2487 1724 2525 fides
1753 2497 1789 2525 et
1816 2488 1976 2527 nutritur
2010 2501 2079 2539 per
2106 2489 2268 2528 modum
2301 2489 2490 2527 exterioris

1433 2540 1698 2589 persuasionis,
1713 2552 1812 2600 quae
1826 2540 1868 2577 fit
1882 2541 1930 2578 ab
1946 2540 2071 2591 aliqua
2086 2542 2239 2580 scientia
2257 2540 2270 2564 ⁰
2274 2543 2377 2580 ‚Sed
2390 2543 2491 2591 prin-

1433 2594 1562 2643 cipalis
1582 2601 1619 2630 et
1636 2594 1788 2642 propria
1822 2606 1936 2631 causa
1953 2594 2043 2632 fidei
2072 2602 2128 2632 est
2149 2595 2187 2632 id
2215 2596 2320 2645 quod
2338 2596 2491 2633 interius

1433 2654 1566 2693 movet
1593 2647 1642 2684 ad
1670 2646 1965 2685 assentiendum.

1484 2688 1544 2741 An
1573 2711 1763 2737 SECUNDUM
1799 2711 1982 2737 memnon
2011 2699 2115 2749 quod
2149 2699 2264 2739 etiam
2301 2700 2395 2738 ratio
2429 2700 2490 2738 illa

1433 2752 1606 2802 procedit
1632 2754 1679 2789 de
1714 2765 1827 2790 causa
1853 2760 2091 2802 proponente
2130 2753 2290 2790 exterius
2319 2766 2364 2790 ea
2391 2765 2489 2802 quae

1434 2814 1520 2844 sunt
1534 2805 1636 2853 fidei,
1646 2806 1708 2843 vel
1723 2807 1973 2855 persuadente
1989 2806 2038 2843 ad
2053 2806 2284 2844 credendum
2294 2807 2357 2843 vel
2370 2807 2491 2844 verbo

1434 2860 1496 2896 vel
1523 2859 1634 2896 facto.

1486 2914 1545 2949 An
1564 2923 1724 2949 TERTIUM
1743 2923 1927 2949 ntcssunum
1955 2911 2060 2972 quod
2089 2911 2242 2949 credere
2269 2911 2426 2962 quidem
2454 2911 2491 2949 in

1435 2967 1628 3003 voluntate
1649 2963 1881 3002 credentium
1902 2964 2087 3002 consistit.
2116 2964 2184 3002 sed
2211 2972 2362 3014 oportet
2389 2965 2493 3024 quod

1435 3020 1612 3056 voluntas
1631 3018 1796 3054 hominis
1822 3025 2068 3067 praeparetur
2085 3030 2108 3055 a
2125 3019 2211 3056 Deo
2238 3030 2308 3067 per
2335 3018 2490 3066 gratiam

1436 3072 1484 3110 ad
1511 3073 1587 3109 hoc
1615 3071 1719 3120 quod
1749 3071 1916 3108 elevetur
1941 3070 1982 3108 in
2001 3083 2046 3108 ea
2073 3083 2171 3119 quae
2191 3079 2278 3108 sunt
2297 3083 2410 3120 supra
2428 3083 2493 3108 na-

1436 3133 1571 3171 turam,
1600 3132 1642 3161 ut
1669 3128 1822 3172 supra*
1809 3123 1994 3162 dictum
2024 3131 2090 3162 est.

1437 3309 1594 3334 EFGHKLa
1613 3315 1637 3333 et
1656 3317 1687 3332 sn

1437 3344 1555 3376 EFGIpK
1576 3349 1601 3368 et
1619 3351 1681 3367 xna.

1489 3379 1514 3411 ζ)
1534 3379 1652 3404 interius.
1664 3392 1684 3398 -
1701 3378 1812 3411 infer-Ius
1829 3377 1986 3409 ABELan.

1489 3416 1516 3445 η)
1536 3421 1679 3438 assensum.
1697 3427 1715 3432 —
1733 3413 1927 3438 assentiendum
1948 3413 1992 3437 Pa.

1489 3447 1512 3481 θ)
1532 3450 1565 3474 ab
1582 3449 1673 3481 aliqua
1691 3449 1809 3474 scientia.
1827 3462 1845 3467 -
1859 3455 1911 3480 per
1928 3447 2044 3480 aliquam
2063 3447 2198 3472 scientiam
2218 3446 2263 3471 ΒΚ.
2280 3450 2282 3452 ’

1694 3316 1700 3337 ;
1726 3316 1772 3339 pro
1791 3315 1874 3340 quem,
1895 3315 1973 3339 quam
1994 3307 2066 3335 ΡΕα;
2094 3315 2140 3339 pro
2158 3314 2232 3338 quae,
2250 3314 2300 3337 per
2318 3313 2384 3338 quae
2403 3306 2491 3330 ABCD

2520 3127 2568 3148 'In

2584 3133 2688 3155 corpore.
