2892 4056
122 384 131 393 ‘
139 383 195 410 Cap.
204 389 265 409 xux,
273 383 302 404 nl.

122 415 182 430 xxvii
191 425 197 435 ,
217 409 238 430 in
258 412 303 430 vet.

121 441 198 457 xxxvi.

12 511 15 515 .
0 403 21 487 ''ho-5
0 317 18 393 Τ
5 283 7 287 ⁴

120 491 329 546 astiterat-³

116 1385 212 1409 ⁶8:171.
229 1386 280 1408 leet.
295 1392 327 1408 iv.

1030 141 1295 187 QUAESTIO
1312 141 1444 204 (XLV,
1474 141 1769 178 ARTICULUS
1801 141 1847 177 111

356 224 482 267 potest
508 218 590 254 fieri
625 230 693 266 per
719 230 839 254 unum
881 219 1118 267 superfluum
1149 227 1245 256 esset
1264 218 1280 249 β
1307 220 1415 268 plura

356 282 511 319 ponere.
544 271 645 317 Ergo
676 283 753 307 non
783 279 838 307 est
866 271 902 308 in
932 272 1130 308 intellectu.

410 323 485 360 SED
515 333 660 359 CONTRA
692 335 759 360 EST
797 326 902 372 quod
931 325 1136 372 Gregorius
1173 325 1279 371 dicit,
1315 324 1353 360 in
1382 325 1414 360 Il

355 375 500 412 Moral.
529 375 560 420 ³⁸,
591 377 695 423 quod
729 377 914 425 sapientia
943 377 1193 414 contrariatur
1227 377 1415 414 stultitiae.

357 428 435 465 Sed
464 428 616 465 stultitia
645 436 701 465 est
727 429 765 466 in
794 430 995 466 intellectu.
1026 431 1128 477 Ergo
1158 438 1194 466 et
1221 430 1414 479 sapientia.

409 482 636 518 Responmzo
671 493 857 519 memnon
893 483 1018 531 quod,
1049 483 1144 518 sicut
1172 494 1286 531 supra
1313 483 1333 505 '¹‘
1361 483 1415 519 di-

357 539 460 570 ctum
489 542 555 580 est,
586 535 770 583 sapientia
798 535 978 584 importat
1005 536 1199 582 quandam
1227 535 1416 572 rectitudi-

356 596 446 623 nem
465 586 593 623 iudicii
611 588 824 625 secundum
845 588 1010 624 rationes
1030 587 1191 625 divinas.
1215 588 1415 625 Rectitudo

356 647 485 676 autem
519 640 647 677 iudicii
676 647 802 689 potest
837 640 1054 688 contingere
1087 641 1299 688 dupliciter:
1337 652 1415 677 uno

356 693 488 739 modo,
517 693 742 730 secundum*
758 693 968 742 perfeetum
997 705 1111 730 usum
1141 693 1312 738 rationis3
1341 694 1416 730 alio

354 746 486 792 modo,
515 746 672 794 propter
699 745 1050 783 connaturalitatem
1079 747 1274 794 quandam
1303 746 1351 782 ad
1371 758 1416 782 ea

357 798 405 835 de
423 798 562 847 quibus
589 799 665 835 iam
685 806 742 835 est
759 796 1018 836 iudicandum.
1050 797 1155 835 Sicut
1174 799 1221 835 de
1241 799 1299 835 his
1318 810 1415 846 quae

356 851 405 887 ad
431 851 640 888 castitatem
659 851 849 900 pertinent
873 862 943 899 per
961 851 1116 888 rationis
1134 851 1416 900 inquisitionem

356 911 456 940 recte
483 903 625 940 iudicat
652 901 713 940 ille
741 903 806 951 qui
826 903 956 940 didicit
982 903 1177 940 scientiam
1207 904 1415 940 moralem:

356 956 424 993 sed
438 968 507 1005 per
521 955 715 1005 quandam
731 955 1084 993 connaturalitatem
1105 957 1152 993 ad
1172 956 1254 1004 ipsa
1272 961 1288 984 Υ
1317 964 1416 992 recte

354 1008 497 1046 iudicat
529 1010 579 1046 de
607 1008 660 1046 eis
689 1009 750 1046 ille
776 1009 845 1058 qui
873 1010 989 1046 habet
1015 1009 1188 1046 habitum
1226 1009 1415 1046 castitatis.

357 1059 421 1098 Sic
454 1059 565 1109 igitur
593 1061 691 1099 circa
724 1074 783 1098 res
814 1061 963 1106 divinas
997 1074 1043 1099 ex
1070 1061 1226 1100 rationis
1264 1060 1418 1110 inquisi-

353 1114 457 1151 tione
478 1121 624 1152 rectum
644 1114 827 1152 iudicium
847 1115 990 1152 habere
1016 1116 1180 1164 pertinet
1199 1115 1248 1151 ad
1268 1115 1416 1163 sapien-

353 1166 446 1204 tiam
481 1180 581 1216 quae
610 1175 666 1204 est
696 1167 817 1205 virtus
851 1168 1127 1205 intellectualis:
1166 1167 1233 1204 sed
1270 1176 1415 1205 rectum

353 1219 536 1257 iudicium
555 1221 699 1258 habere
728 1221 776 1258 de
805 1220 856 1258 eis
876 1221 1088 1260 secundum
1108 1221 1304 1269 quandam
1328 1233 1431 1259 cou-v
1463 1252 1465 1254 .

353 1273 634 1322 naturalitatem
663 1272 678 1296 Β
710 1274 759 1311 ad
787 1274 870 1323 ipsa
907 1274 1070 1324 pertinet
1103 1274 1151 1312 ad
1189 1274 1414 1323 sapientiam

354 1322 567 1364 secundum
589 1326 696 1375 quod
717 1326 862 1364 donum
885 1322 946 1364 est'
969 1327 1130 1376 Spiritus
1151 1327 1301 1364 Sancti:
1323 1327 1419 1364 sicut

354 1379 561 1428 Dionysius
589 1379 688 1426 dicit,
709 1380 747 1417 in
776 1392 799 1417 11
829 1392 911 1428 cap.
939 1381 986 1417 de
1004 1381 1091 1417 Div.
1120 1380 1238 1417 Nom.
1258 1380 1289 1427 ⁸⁸,
1311 1381 1416 1429 quod

354 1432 585 1470 Hierotheus
619 1441 675 1470 est
707 1433 901 1481 perfectus
933 1433 971 1470 in
1009 1432 1146 1470 divinis
1184 1445 1258 1469 non
1295 1433 1416 1470 solum

353 1485 509 1532 discens,
532 1486 600 1522 sed
624 1491 661 1522 et
681 1486 829 1533 patiens
855 1485 995 1522 divina.
1026 1485 1259 1522 Huiusmodi
1287 1493 1415 1535 autem

407 1597 434 1631 β)
452 1601 528 1639 esset.
547 1611 566 1616 -
577 1601 624 1638 'est
642 1594 713 1622 ma.

405 1632 434 1702 ὃ)
449 1633 984 1694 Zssffimussssfsszeffilfffoffrffffimm
1004 1668 1058 1701 lpx.
1070 1682 1090 1688 -
1103 1669 1154 1693 Pro
1170 1669 1240 1701 ipsa,
1256 1669 1328 1701 ipsas
1347 1669 1418 1702 PGH

353 1704 423 1735 st;
440 1711 509 1736 quae
527 1706 567 1728 est
585 1703 698 1728 virtus...
716 1703 876 1735 sapientiam
895 1711 948 1728 om.
967 1704 998 1728 L.

2447 142 2515 187 341

1469 219 1685 267 compassio
1715 219 1794 255 sive
1824 219 2116 255 connaturalitas
2144 219 2192 254 ad
2221 230 2280 254 res
2310 218 2458 254 divinas
2482 219 2525 255 fit

1468 283 1538 320 per
1565 273 1781 319 caritatem,
1813 283 1911 320 quae
1940 271 2096 318 quidem
2125 271 2208 307 unit
2235 283 2305 307 nos
2334 271 2438 307 Deo:
2469 283 2526 307 se-

1469 325 1637 361 cundum
1667 325 1757 362 illud
1782 325 1867 362 lad
1893 326 1980 361 Cor.
2009 336 2044 361 νι
2063 323 2102 360 *ε
2136 323 2211 366 Qui
2235 325 2416 360 adhaeret
2441 325 2523 360 Deo

1469 389 1564 414 unus
1581 378 1731 426 spiritus
1749 383 1811 414 est.
1842 377 1904 414 Sic
1923 377 2034 424 igitur
2052 376 2236 425 sapientia
2255 389 2353 425 quae
2383 384 2438 412 est
2457 377 2524 413 do-

1468 443 1562 467 num
1591 442 1745 467 causam
1769 430 1925 478 quidem
1945 431 2061 467 habet
2087 430 2127 466 in
2148 430 2356 476 voluntate,
2387 429 2526 466 scilicet

1468 483 1676 520 caritatem:
1698 483 1765 520 secl
1785 483 1988 519 essentiam
2007 483 2122 520 habet
2140 482 2177 519 in
2197 483 2398 530 intellectu,
2419 482 2525 519 cuius

1467 544 1573 573 actus
1603 544 1658 572 est
1686 544 1785 573 recte
1813 536 1990 582 iudicare,
2020 543 2062 572 ut
2089 547 2202 584 supra
2221 535 2241 557 *
2266 536 2436 572 habitum
2457 543 2524 572 est.
2552 572 2619 586 mx
2644 572 2655 586 a

1521 591 1580 626 An
1607 601 1745 626 PRIMUM
1763 600 1861 625 ERGO
1881 600 2065 626 mensuum
2089 588 2192 637 quod
2220 588 2452 636 Augustinus
2470 589 2525 624 lo-

1468 642 1596 690 quitur
1629 642 1676 678 de
1705 641 1889 690 sapientia
1923 649 2107 690 quantum
2137 642 2186 678 ad
2213 653 2323 678 suam
2357 653 2524 678 causam.

1469 695 1526 731 Ex
1555 705 1630 743 qua
1650 694 1763 731 etiam
1793 694 1954 731 sumitur
1980 706 2125 731 nomen
2153 694 2372 742 sapientiae,
2393 706 2527 731 secun-

1469 748 1560 783 dum
1588 747 1693 795 quod
1720 759 1892 795 saporem
1921 747 2115 795 quendam
2143 747 2334 795 importat.

1521 800 1633 837 Unde
1661 807 1764 848 patet
1790 800 1988 847 responsio
2007 800 2055 837 ad
2084 799 2308 837 secundum.
2339 800 2378 836 Si
2396 808 2526 836 tamen

1468 852 1535 888 iste
1573 852 1620 888 sit
1647 852 1856 889 intellectus
1890 853 1986 890 illius
2013 853 2255 889 auctoritatis.
2294 853 2410 899 Quod
2447 865 2526 890 non

1468 903 1636 942 videtur:
1675 905 1766 952 quia
1801 905 1884 941 talis
1913 905 2098 954 expositio
2131 918 2209 942 non
2242 906 2420 943 convenit
2456 905 2527 942 nisi

1469 958 1681 993 secundum
1711 969 1855 993 nomen
1875 959 1979 1004 quod
2008 959 2123 994 habet
2151 958 2336 1006 sapientia
2354 959 2391 995 in
2413 958 2527 995 latina

1468 1010 1606 1057 lingua.
1638 1011 1679 1045 In
1707 1022 1844 1057 graeco
1874 1018 2001 1046 autem
2031 1023 2110 1047 non
2138 1011 2339 1059 competit;
2370 1019 2406 1048 et
2430 1012 2526 1048 forte

1468 1075 1540 1100 nec
1567 1062 1606 1100 in
1635 1062 1715 1099 aliis
1745 1062 1894 1110 linguis.
1924 1063 2036 1100 Unde
2065 1063 2192 1111 potius
2210 1064 2364 1101 videtur
2390 1077 2524 1101 nomen

1468 1115 1676 1164 sapientiae
1704 1115 1756 1151 ibi
1775 1115 1893 1164 accipi
1922 1128 1993 1164 pro
2014 1116 2094 1152 eius
2123 1117 2237 1163 fama,
2258 1129 2334 1164 qua
2353 1122 2365 1138 ⁸
2393 1130 2415 1154 a
2435 1130 2526 1154 cun-

1469 1169 1536 1205 ctis
1565 1168 1865 1205 commendatur.

1521 1223 1579 1259 An
1611 1232 1772 1267 TERTmM
1808 1233 1993 1259 mcennum
2032 1221 2136 1270 quod
2164 1221 2374 1258 intellectus
2411 1223 2526 1259 habet

1469 1274 1566 1311 duos
1595 1282 1718 1311 actus:
1749 1273 1890 1311 scilicet
1916 1274 2113 1323 percipere
2141 1273 2164 1321 ζ,
2195 1282 2231 1311 et
2258 1275 2437 1312 iudicare.
2466 1277 2524 1313 Ad

1468 1330 1633 1375 quorum
1653 1327 1821 1376 primum
1843 1327 2038 1365 ordinatur
2058 1328 2203 1364 donum
2232 1327 2457 1365 intellectus:
2478 1329 2526 1366 ad

1468 1377 1681 1417 secundum
1701 1387 1839 1427 autem,
1861 1381 2073 1417 secundum
2094 1379 2259 1417 rationes
2281 1381 2439 1429 divinas,
2461 1381 2527 1418 do-

1469 1445 1561 1470 num
1595 1433 1815 1481 sapientiae;
1850 1433 1918 1470 sed
1951 1434 2163 1471 secundum
2197 1434 2362 1471 rationes
2394 1436 2528 1471 huma-

1468 1497 1548 1534 nas,
1571 1486 1725 1536 donum
1755 1485 1945 1522 scientiae.

1496 1606 1499 1611 »
1526 1599 1548 1631 ε)
1567 1604 1630 1631 qua.
1648 1605 1666 1617 ¹—
1684 1604 1752 1631 quae
1770 1596 1929 1629 munseo,
1948 1605 2002 1623 om.
2019 1598 2070 1631 pG.

1524 1634 1550 1666 ζ)
1564 1634 1713 1666 percipere.
1731 1647 1750 1653 -
1763 1634 1921 1666 praecipere
1938 1634 2004 1664 PsA,
2019 1634 2187 1666 participare
2205 1634 2234 1658 B.

1027 1751 1363 1808 demente-xia
1386 1774 1639 1811 cardimus
1659 1775 1862 1808 Caietam

383 1843 552 1875 &articulo
569 1844 710 1874 secundo
726 1830 870 1874 eiusdem
885 1844 1080 1884 quaestionis
1096 1839 1232 1875 dubium
1248 1852 1303 1879 est.
1321 1854 1418 1886 quare
1442 1844 1446 1881 l
1470 1844 1541 1876 bilis
1564 1845 1604 1875 sit
1626 1855 1644 1875 a
1668 1844 1786 1885 Spiritu
1817 1845 1932 1876 Sancto
1960 1855 2016 1885 per
2043 1844 2228 1875 instinctum
2255 1844 2295 1874 ad
2324 1845 2530 1876 iudicandum

384 1887 463 1919 fides
484 1897 560 1919 cum
582 1888 710 1920 caritate
733 1897 800 1918 non
824 1887 941 1919 sufficit
963 1889 1003 1919 ad
1026 1889 1234 1920 iudicandum
1262 1899 1320 1929 per
1341 1899 1418 1920 con-

353 1933 588 1965 naturalitatem
609 1933 788 1964 secundum
806 1942 935 1964 causam
953 1932 1112 1964 divinam:
1137 1943 1210 1964 cum
1229 1932 1307 1965 fides
1330 1933 1418 1964 intel-

352 1976 460 2014 lectui,
473 1983 514 2017 *et
536 1976 646 2007 caritas
668 1976 826 2008 voluntati
849 1983 896 2017 sat
918 1977 958 2008 sit
979 1977 1021 2008 ad
1042 1976 1115 2008 hoc.
1139 1978 1182 2009 Ut
1205 1978 1283 2019 quid
1305 1978 1416 2009 multi-

310 2052 325 2065 „
353 2020 483 2064 plicatio
505 2021 583 2052 haec
607 2020 743 2058 entium,
768 2028 804 2052 ut
825 2028 974 2061 oporteat
1000 2022 1114 2053 addere
1145 2022 1268 2052 donum
1291 2022 1417 2063 sapien-

301 2066 310 2070 *
353 2062 435 2096 tiae?
456 2064 500 2095 Et
521 2064 624 2095 simile
647 2071 694 2096 est
717 2065 756 2096 de
780 2062 858 2095 a‘liis.
1357 2064 1360 2071 '

121 3219 318 3273 ἑιῗῖιὶιῖἷξῗῖἑὶῖ

120 3277 184 3294 ΙΧἾΙΙ
187 3277 203 3294 t.

406 2110 458 2140 Ad
480 2109 543 2140 hoc
566 2109 680 2140 dicitur
703 2109 792 2150 quod
814 2109 880 2139 iam
902 2116 1027 2140 ostensa
1051 2115 1098 2140 est
1124 2110 1292 2140 necessitas
1315 2110 1417 2140 dono-

353 2163 427 2185 rum
442 2153 524 2184 ultra
539 2153 669 2184 virtutes
691 2154 725 2184 in
741 2163 796 2194 qu.
813 2163 908 2184 vam
923 2153 941 2172 *
963 2154 1176 2194 praecedentis
1200 2154 1296 2185 Libri.
1328 2154 1418 2191 Quo-

1470 1888 1647 1920 secun'dum
1670 1898 1799 1920 emisam
1822 1889 2022 1920 altissimam:
2053 1895 2083 1920 et
2097 1889 2174 1920 haec
2197 1895 2243 1919 est
2261 1889 2384 1919 donum
2408 1889 2530 1929 sapien-

1470 1933 1540 1965 tiae.
1565 1933 1606 1964 Et
1628 1933 1682 1969 sic.
1697 1934 1735 1970 de
1757 1933 1836 1970 aliis,
1852 1940 1887 1964 ut
1909 1933 1953 1964 ibi
1966 1933 1984 1970 .*
2007 1932 2118 1964 diffuse
2142 1933 2335 1964 declaratum
2358 1940 2414 1964 est.

1525 1977 1567 2008 Et
1589 1987 1685 2009 :mne>
1704 1978 1828 2010 additur
1857 1977 1953 2009 etiarn
1984 1977 2059 2018 quia
2089 1984 2215 2017 oportet
2242 1977 2356 2008 habere
2386 1977 2528 2017 singulos

1470 2020 1595 2052 habitus
1611 2021 1716 2062 primo
1735 2021 1935 2064 respicientes
1954 2028 2042 2052 actus
2056 2021 2111 2062 qui
2127 2020 2312 2052 secundario
2332 2032 2349 2051 a
2364 2021 2530 2052 virtutibus

1470 2065 1681 2106 respiciuntur
1695 2066 1721 2096 *.
1758 2066 1850 2096 Unde
1873 2066 1998 2096 nullum
2022 2066 2145 2096 donum
2167 2065 2298 2106 ponitur
2316 2075 2375 2106 pro
2390 2075 2530 2102 assensu,

1469 2109 1525 2150 qui
1548 2109 1653 2151 primo
1677 2117 1724 2141 est
1745 2109 1834 2140 fidei:
1859 2110 1914 2140 sed
1936 2119 1996 2149 pro
2016 2110 2086 2142 aliis
2109 2110 2229 2141 actibus
2252 2110 2452 2141 secundariis.
2477 2110 2528 2141 Sic

1471 2154 1558 2184 enim
1579 2154 1686 2184 anima
1703 2154 1839 2194 perfecta
1861 2154 2001 2185 redditur
2015 2154 2055 2184 ad
2077 2163 2174 2194 opera
2189 2155 2438 2194 supernaturalia
2460 2164 2532 2194 pro-

354 2197 441 2230 niam
456 2197 574 2229 scilicet
588 2205 716 2238 oportet
730 2198 855 2230 animae
877 2198 986 2229 adesse
1002 2198 1246 2239 dispositionem
1266 2208 1330 2239 qua
1345 2207 1416 2228 mo·
1442 2214 1446 2238 l
1471 2198 1555 2229 xime
1579 2205 1610 2229 et
1633 2199 1800 2239 complete.

2097 2275 2122 2283 x

985 2380 987 2382 .
1153 2332 1472 2376 ARTICULUS
1501 2331 1730 2376 TERTIUS

674 2423 830 2455 UTRUM
854 2423 1080 2455 εΑΡιΕΝτΙΑ
1103 2424 1169 2455 εῖτ
1193 2424 1493 2456 SPECULATIVA
1516 2425 1723 2461 TANTUM,
1747 2426 1807 2455 AN
1830 2424 1968 2456 ETIAM
1990 2424 2210 2470 PRAGTICA

886 2502 955 2528 Part.
973 2503 991 2534 1,
1011 2510 1056 2535 qu.
1075 2510 1144 2532 ωιτν,
1164 2508 1212 2527 art.
1235 2510 1262 2533 13
1282 2502 1313 2526 111
1333 2502 1419 2531 Sent„
1440 2503 1501 2540 dist.
1517 2510 1589 2533 xxxvl,
1609 2510 1653 2535 qu.
1672 2510 1703 2534 u,
1723 2508 1769 2527 art.
1793 2511 1814 2532 1,
1833 2503 1882 2535 qu’
1903 2502 1928 2528 3.

396 2592 451 2625 ,fg-¹
477 2585 779 2637 ‚12‹‘DTERT1UM
798 2585 852 2610 stc
875 2573 1294 2625 paocED1TuR.Videtur
1312 2574 1416 2621 quod

399 2624 474 2681 ᾖς
508 2628 539 2672 '²4
568 2627 752 2676 sapientia
788 2639 866 2663 non
896 2627 941 2663 sit
968 2627 1153 2675 practica,
1184 2627 1250 2663 sed
1284 2637 1417 2674 specu—

415 2676 479 2685 Ἠ
516 2685 536 2720 f
551 2678 683 2718 lativa
702 2687 863 2717 tantum.
893 2681 1050 2716 Donum
1076 2679 1179 2715 enim
1209 2679 1418 2728 sapientiae

457 2734 471 2752 ‘⁴‘
540 2753 557 2768 *c
568 2740 625 2771 est
652 2733 895 2770 excellentius
923 2742 1040 2781 quam
1069 2732 1252 2781 sapientia
1285 2744 1419 2769 secun—

357 2787 451 2824 dum
479 2787 586 2834 quod
612 2794 670 2824 est
697 2786 956 2824 intellectualis
987 2785 1120 2822 virtus.
1160 2785 1237 2822 Sed
1272 2785 1420 2834 sapien-

356 2839 409 2888 tia
435 2840 648 2889 secundum
683 2840 788 2888 quod
822 2840 880 2875 est
914 2838 1174 2876 intellectualis
1209 2838 1328 2875 virtus
1365 2847 1420 2875 est

357 2892 592 2941 speculativa
617 2899 778 2931 tantum.
809 2893 913 2939 Ergo
941 2893 1062 2929 multo
1091 2891 1212 2939 magis
1235 2891 1419 2940 sapientia

357 2950 457 2995 quae
477 2952 534 2982 est
557 2946 705 2983 donum
735 2952 791 2982 est
810 2945 1052 2994 speculativa,
1080 2952 1116 2981 et
1138 2955 1216 2991 non
1241 2944 1417 2993 practica.

413 3007 448 3036 2.
483 2998 728 3046 Pumiles,
767 2997 956 3047 practicus
991 2998 1201 3034 intellectus
1237 3004 1294 3034 est
1323 2997 1420 3034 circa

359 3051 580 3099 operabilia‚
610 3063 709 3100 quae
729 3059 816 3088 sunt
844 3050 1109 3098 contingentia.
1141 3051 1216 3087 Sed
1237 3050 1419 3098 sapientia

360 3112 415 3141 est
443 3104 541 3141 circa
571 3103 719 3149 divina,
749 3116 848 3152 quae
877 3111 964 3140 sunt
1000 3111 1152 3140 aeterna
1182 3111 1218 3139 et
1246 3115 1418 3140 necessa-

359 3157 424 3194 ria.
454 3158 558 3204 Ergo
587 3157 772 3206 sapientia
800 3169 878 3193 non
906 3163 1031 3204 potest
1060 3168 1142 3192 esse
1171 3156 1354 3204 practica.

414 3211 449 3247 3.
470 3211 705 3257 Paternum,
726 3209 931 3257 Gregorius
961 3209 1058 3255 dicit,
1086 3209 1123 3245 in
1141 3209 1192 3245 Vl
1221 3209 1365 3245 Moral.
1385 3208 1417 3255 ³¹⁸,

359 3263 465 3312 quod
498 3263 535 3299 in
564 3262 874 3311 contemplatione
900 3262 1148 3310 principium,
1178 3262 1280 3310 quod
1313 3262 1418 3298 Deus

358 3322 422 3362 est,
452 3316 664 3364 quaeritur:
692 3316 729 3352 in
759 3315 976 3363 operatione
993 3320 1118 3351 autem
1137 3315 1205 3351 sub
1223 3315 1339 3364 gravi
1356 3326 1418 3350 ne-

1469 2573 1647 2610 cei-sitatis
1657 2574 1768 2622 fasce
1783 2578 1800 2594 ‘²
1817 2573 2025 2611 laboratur.
2048 2573 2124 2610 Sed
2145 2573 2193 2610 ad
2207 2573 2430 2621 sapientiam
2449 2586 2531 2622 per—

1469 2626 1562 2663 tinet
1581 2626 1799 2663 divinorum
1827 2626 1938 2672 visio,
1959 2627 2008 2663 ad
2035 2638 2152 2675 quam
2180 2638 2260 2662 non
2278 2627 2440 2675 pertinet
2458 2628 2529 2664 sub

1470 2679 1598 2727 aliquo
1619 2679 1720 2715 fasce
1739 2679 1934 2715 laborare:
1964 2679 2053 2727 quia
2080 2687 2122 2716 ut
2145 2678 2280 2716 dicitur
2303 2681 2391 2728 Sap.
2411 2692 2472 2717 vm
2491 2680 2529 2727 ¹⁸,

1471 2743 1545 2768 non
1583 2733 1696 2768 hahet
1727 2731 2019 2768 amaritudinem
2055 2732 2289 2769 conversatio
2329 2733 2428 2778 eius,
2463 2744 2531 2769 nec

1471 2785 1634 2822 taedium
1661 2785 1851 2821 convictus
1878 2784 1986 2822 illius.
2016 2785 2118 2832 Ergo
2147 2784 2329 2833 sapientia
2357 2792 2414 2822 est
2439 2797 2531 2823 eon-

1471 2838 1692 2886 templativa
1706 2844 1866 2884 tantum,
1882 2849 1961 2874 non
1975 2845 2104 2874 autem
2119 2837 2284 2886 practica
2297 2837 2379 2874 sive
2394 2838 2529 2875 activa.

1523 2891 1599 2927 SED
1618 2901 1766 2927 CONTRA
1784 2902 1850 2927 EST
1869 2891 1975 2939 quod
1994 2890 2129 2927 dicitur
2147 2891 2198 2928 ad
2220 2891 2358 2928 Coloss.
2375 2903 2411 2928 1v
2424 2890 2462 2928 *ε
2482 2892 2528 2928 In
2557 2900 2565 2907 ·
2605 2904 2615 2918 0

1470 2944 1651 2992 sapientia
1683 2943 1874 2981 ambulate
1902 2944 1954 2980 ad
1983 2955 2046 2980 eos
2081 2944 2147 2992 qui
2171 2944 2276 2992 foris·
2308 2949 2406 2981 sunt.
2444 2944 2531 2980 Hoc

1472 3004 1599 3033 autem
1626 2995 1787 3045 pertinet
1815 2997 1863 3033 ad
1882 2996 2084 3034 actionem.
2113 2997 2216 3044 Ergo
2245 2996 2428 3045 sapientia
2450 3008 2528 3034 non

1471 3051 1597 3087 solum
1627 3057 1681 3086 est
1708 3049 1952 3097 speculativa,
1981 3050 2049 3087 sed
2077 3049 2188 3086 etiam
2217 3049 2392 3098 practica.

1525 3104 1750 3139 RESPONDEO
1787 3114 1971 3139 morannum
2007 3102 2133 3151 quod,
2168 3102 2262 3139 sicut
2298 3101 2530 3150 Augustinus

2551 334 2561 343 ⁸
2578 333 2644 355 Vch.
2661 341 2690 361 ¹7·

2553 540 2561 549 ⁸
2587 540 2644 586 P'art.
2673 540 2696 565 l,
2723 546 2761 567 qu.

2659 573 2667 586 l‘
2715 582 2719 587 .

2558 1937 2566 1944 ·
2586 1936 2638 1956 Art.
2657 1936 2679 1956 6.
2701 1947 2710 1951 -
2731 1935 2770 1956 ef.

2558 1967 2636 2009 Ξὲἲρῐὲ,
2651 1968 2690 1987 qu.
2711 1967 2767 1987 vui,

2558 2075 2610 2096 ‘ct
2625 2079 2664 2096 art.
2683 2081 2768 2102 praec„

2543 2101 2688 2123 ‘Commenn
2700 2108 2722 2122 n.
2732 2107 2767 2123 ni.

2558 2689 2567 2698 ⁸
2583 2688 2648 2709 Vei-s.
2665 2689 2695 2709 16.

1473 3155 1576 3202 dicit,
1606 3155 1644 3191 in
1672 3155 1740 3191 XII
1771 3155 1816 3191 de
1847 3157 1883 3192 T
1879 3156 1950 3192 rin.
1979 3155 2011 3202 ³¹²,
2050 3155 2224 3204 superior
2258 3167 2346 3204 pars
2375 3155 2529 3192 rationis
2559 3165 2565 3172 ·
2604 3170 2615 3184 a
2656 3170 2691 3184 xn

1471 3208 1678 3257 sapientiae
1720 3207 1938 3256 deputatur,
1978 3208 2132 3245 inferior
2172 3215 2299 3245 autem
2338 3207 2528 3255 scientiae.

1473 3261 1657 3309 Superior
1685 3268 1812 3297 autern
1842 3261 1948 3308 ratio,
1976 3268 2018 3297 ut
2045 3261 2126 3310 ipse
2154 3261 2192 3297 in
2221 3261 2357 3297 eodem
2386 3259 2482 3296 libro
2510 3260 2530 3281 '¹‘
2558 3264 2567 3274 ⁸

1473 3313 1571 3360 dicit,
1601 3313 1758 3350 intendit
1777 3314 1981 3351 rationibus
2008 3314 2188 3362 supernis,
2218 3314 2357 3350 scilicet
2382 3312 2528 3360 divinis,

412 3430 440 3462 οι)
452 3430 538 3463 fasce.
550 3443 569 3449 —
581 3430 650 3463 falce
668 3429 826 3461 AHILpBC;
846 3429 879 3453 ita
892 3436 952 3453 mox
964 3428 1100 3460 AHILpB;
1113 3429 1161 3462 fle'
1175 3429 1260 3461 (false
1267 3428 1301 3459 5³)
1316 3434 1425 3460 utroque
1445 3429 1502 3452 loco
1517 3435 1559 3460 px.
