2892 4056
439 194 513 229 266

1081 196 1345 241 QUAESTIO
1375 199 1553 245 XXXIII,
1582 198 1877 235 ARTICULUS
1907 200 1957 236 IV

1215 314 1531 356 ARTICULUS
1562 314 1832 365 QUARTUS

867 404 1021 434 UTRUM
1044 404 1216 441 ALIQU1S
1240 405 1478 436 TENEATUR
1501 405 1748 436 CORRIGERE
1771 406 2037 437 PRAELATUM
2061 407 2179 438 SUUM

946 481 979 504 1v
999 481 1080 510 Seni„
1102 481 1160 506 dist.
1178 489 1228 512 xxx,
1247 490 1292 514 qu.
1310 489 1336 512 ιι,
1356 488 1402 507 art.
1423 490 1446 514 2,
1466 482 1516 515 qu*
1537 482 1563 512 3;
1585 483 1626 507 De
1650 482 1754 511 Virtut„
1775 490 1818 515 qu.
1837 491 1875 514 111,
1895 489 1942 509 art.
1965 491 1985 513 ι,
2005 484 2036 508 ad
2059 483 2099 508 18.

476 584 487 596 Ι
523 571 530 584 ι
556 588 570 598 Γ
587 580 594 587 2
649 562 671 586 D
690 561 861 592 QUARTUM
881 561 934 585 su:
954 560 1193 586 moenum-un.
1213 550 1373 587 Videtur
1390 552 1495 598 quod

574 597 626 653 ᾖ
647 602 780 650 aliquis
795 614 874 639 non
893 609 1065 638 teneatur
1081 602 1266 650 corrigere
1285 604 1494 652 praelatum

455 659 459 665 '
485 654 569 700 '‘j-«n
585 642 771 691 'suum.
801 654 947 691 Dicitur
967 653 1070 690 enim
1090 655 1213 692 Exod.
1230 655 1339 692 xix*:
1369 657 1495 693 Bestia

493 684 553 735 κζ’-4
605 700 743 754 &quae
780 707 941 755 tetigerit
975 712 1138 743 montem
1176 708 1422 756 lapidabitur:
1460 716 1496 744 et

435 762 466 796 II
486 760 582 807 Reg.
607 771 643 795 vl
668 758 688 780 ’¹‘
716 759 851 796 dicitur
888 759 992 807 quod
1027 759 1109 795 Oza
1145 771 1347 808 percussus
1385 768 1441 796 est
1473 773 1495 797 a

434 811 601 848 Domino
631 811 720 858 quia
749 811 865 859 tetigit
885 823 1026 847 arcam.
1058 812 1134 848 Sed
1161 824 1230 860 per
1258 820 1430 849 montem
1462 820 1497 850 et

433 876 559 902 arcam
593 863 822 911 significatur
853 864 1054 912 praelatus.
1093 865 1195 912 Ergo
1227 865 1384 914 praelati
1416 878 1495 903 non

433 925 519 954 sunt
547 916 757 964 corrigendi
785 930 807 953 a
836 916 1006 954 subditis.

486 981 520 1006 2.
551 970 783 1014 PRAETEREA,
808 970 891 1006 Gal.
917 981 953 1016 11,
980 981 1094 1017 super
1122 970 1214 1007 illud
1232 970 1263 1015 ²¹⁶,
1282 972 1329 1007 In
1344 972 1494 1019 faciem

432 1023 467 1059 ei
493 1022 617 1066 restiti,
639 1022 727 1059 dicit
755 1023 891 1059 Glossa
909 1022 945 1058 *t
976 1028 1017 1058 ut
1039 1033 1123 1070 par.
1153 1024 1267 1071 Ergo,
1289 1035 1378 1060 cum
1407 1025 1494 1061 sub-

432 1076 529 1113 ditus
557 1087 636 1112 non
664 1074 709 1111 sit
737 1087 805 1124 par
831 1075 1019 1124 praelato,
1049 1087 1127 1112 non
1156 1076 1270 1112 debet
1298 1089 1387 1113 eum
1412 1089 1494 1113 cor-

432 1129 563 1176 rigere.
1337 1143 1341 1147 ⁴

486 1181 520 1217 3.
543 1181 775 1226 PRAETEREA,
805 1180 1009 1228 Gregorius
1030 1179 1167 1216 dicit*:
1197 1181 1422 1217 Sanctorum
1440 1182 1493 1218 vi-

431 1240 508 1270 tam
532 1233 726 1282 corrigere
754 1244 830 1269 non
852 1239 1075 1281 praesumat
1101 1233 1174 1269 nisi
1198 1234 1264 1280 qui
1289 1234 1335 1269 de
1351 1245 1391 1269 se
1417 1246 1494 1270 me-

430 1287 527 1323 liora
546 1286 663 1322 sentit.
695 1285 772 1322 Sed
800 1285 933 1334 aliquis
963 1297 1041 1321 non
1066 1285 1179 1321 debet
1207 1285 1254 1321 de
1275 1297 1314 1321 se
1335 1281 1493 1323 meliora

431 1339 566 1376 sentire
595 1350 711 1387 quam
741 1339 787 1374 de
811 1339 979 1386 praelato
1000 1349 1083 1374 su0.
1113 1338 1215 1385 Ergo
1239 1338 1396 1386 praelati
1415 1351 1493 1375 non

431 1400 517 1429 sunt
545 1390 769 1438 corrigendi.

484 1446 558 1481 SED
579 1455 724 1481 CONTRA
743 1455 808 1479 EST
828 1443 932 1491 quod
960 1442 1194 1490 Augustinus
1224 1442 1323 1490 dicit,
1353 1443 1391 1480 in
1419 1445 1494 1481 Re-

396 1522 401 1531 ,
429 1498 521 1548 gula
543 1499 577 1533 *ε
607 1497 698 1533 Νοη
726 1496 846 1532 solum
874 1496 998 1542 vestri,
1017 1496 1084 1532 sed
1109 1496 1220 1532 etiam
1241 1496 1366 1544 ipsius,
1395 1497 1493 1534 idest

429 1550 596 1600 praelati,
617 1549 861 1595 miseremini,
891 1549 956 1596 qui
972 1549 1068 1585 inter
1085 1559 1153 1585 vos
1180 1554 1318 1596 quanto
1344 1549 1381 1585 in
1410 1550 1491 1587 loco

428 1604 631 1651 superiore,
652 1607 753 1638 tanto
773 1602 810 1638 in
825 1601 995 1650 periculo
1015 1602 1159 1638 maiore
1174 1607 1190 1622 ‘²
1209 1607 1392 1639 versatur.
1415 1604 1493 1640 Sed

431 1656 611 1694 correctio
647 1655 809 1691 fraterna
843 1662 897 1691 est
929 1667 1026 1702 opus
1055 1654 1350 1692 misericordiae.
1390 1656 1491 1703 Ergo

430 1709 542 1746 etiam
571 1707 727 1756 praelati
754 1714 840 1743 sunt
868 1707 1092 1754 corrigendi.

481 1763 705 1798 Resposmzo
734 1771 918 1796 DICENDUM
951 1759 1057 1807 quod
1094 1759 1277 1795 correctio
1310 1771 1407 1807 quae
1437 1768 1492 1797 est

427 1822 531 1852 actus
546 1813 705 1850 iustitiae
726 1823 793 1860 per
817 1812 1059 1848 coercionem
1079 1810 1094 1842 β
1117 1823 1265 1860 poenae
1284 1824 1363 1848 non
1387 1825 1491 1849 com-

426 1867 518 1917 petit
536 1866 692 1903 subditis
716 1871 890 1913 respectu
917 1865 1085 1913 praelati.
1116 1864 1193 1901 Sed
1213 1865 1395 1902 correctio
1420 1866 1492 1902 fra-

426 1928 544 1966 terna,
569 1931 668 1967 quae
688 1925 743 1954 est
762 1925 866 1954 actus
886 1917 1059 1964 caritatis,
1087 1917 1249 1966 pertinet
1275 1918 1324 1955 ad
1352 1930 1492 1955 unum-

427 1984 620 2021 quemque
649 1978 823 2019 respectu
852 1970 1049 2007 cuiuslibet
1079 1982 1266 2019 personae
1294 1971 1344 2007 ad
1372 1983 1489 2019 quam

428 2026 620 2062 caritatem
650 2024 763 2061 debet
789 2024 944 2070 habere,
973 2023 1004 2059 si
1031 2023 1070 2059 in
1090 2035 1137 2060 eo
1166 2023 1309 2072 aliquid
1337 2024 1489 2072 corrigi-

427 2078 500 2115 bile
529 2077 752 2115 inveniatur.
782 2078 899 2113 Actus
919 2076 1020 2112 enirn
1048 2088 1093 2112 ex
1121 2075 1249 2124 aliquo
1276 2076 1408 2113 habitu
1427 2077 1488 2114 vel

426 2131 594 2180 potentia
625 2129 837 2178 procedens
873 2141 915 2166 se
944 2129 1108 2166 extendit
1143 2129 1192 2166 ad
1225 2129 1356 2166 omnia
1389 2142 1487 2178 quae

428 2184 668 2221 continentur
700 2183 770 2219 sub
800 2182 950 2219 obiecto
979 2182 1075 2219 illius
1109 2182 1302 2230 potentiae
1329 2183 1392 2219 vel
1422 2184 1489 2220 ha-

427 2237 546 2274 bitus:
577 2236 671 2273 sicut
686 2235 785 2273 visio
805 2234 854 2272 ad
873 2234 1005 2272 omnia
1032 2247 1130 2283 quae
1157 2235 1398 2272 continentur
1417 2236 1487 2273 sub

428 2290 578 2327 obiecto
605 2289 724 2326 visus.

481 2342 558 2379 Sed
586 2342 676 2390 quia
695 2348 800 2377 actus
818 2339 1010 2376 virtuosus
1035 2339 1148 2376 debet
1166 2351 1248 2376 esse
1268 2341 1489 2378 moderatus

428 2395 563 2432 debitis
579 2393 877 2439 circumstantiis,
897 2393 985 2429 ideo
999 2393 1039 2428 in
1055 2392 1288 2429 correctione
1304 2405 1380 2441 qua
1401 2394 1489 2430 sub-

429 2448 493 2485 diti
530 2447 719 2494 corrigunt
750 2446 936 2494 praelatos
974 2445 1086 2482 debet
1120 2445 1260 2482 modus
1298 2458 1488 2494 congruus

428 2500 613 2538 adhiberi:
642 2507 684 2536 ut
701 2499 840 2535 scilicet
863 2510 943 2535 non
963 2510 1051 2534 cum
1071 2498 1264 2546 protervia
1285 2505 1320 2535 et
1339 2499 1487 2546 duritia,

428 2553 496 2590 sed
525 2565 612 2590 cum
633 2550 922 2589 mansuetudine
948 2557 983 2587 et
1010 2550 1221 2587 reverentia
1241 2551 1486 2598 corrigantur.

481 2667 507 2699 α)
527 2666 692 2698 superiore...
711 2666 819 2690 maiore.
838 2678 856 2683 -
873 2664 1035 2696 superiori...
1054 2664 1152 2689 maiori
1170 2664 1263 2689 Pena.
1305 2674 1308 2676 ·

481 2707 506 2741 β)
516 2708 688 2734 coercionem.
697 2720 716 2726 -
723 2706 913 2732 correctionem
927 2707 993 2736 PsA,
1003 2706 1190 2731 coercitionem
1206 2706 1258 2737 DF,
1268 2707 1453 2732 cohibitionem
1464 2715 1490 2732 ιι.

480 2751 506 2784 γ)
521 2750 621 2776 scribit.
630 2764 649 2769 -
658 2750 690 2774 de
702 2748 813 2774 subditis
826 2748 923 2773 addunt
936 2749 982 2772 Pa.
992 2762 1010 2767 -
1019 2748 1082 2772 Post
1096 2748 1231 2780 Archippo
1245 2748 1265 2772 P
1278 2748 1348 2773 addit
1360 2749 1491 2781 episcopo.

1549 550 1660 588 Unde
1687 553 1893 600 Apostolus
1922 553 2027 600 dicit,
2058 554 2072 589 1
2101 554 2153 589 ad
2182 554 2276 591 Tim.
2302 566 2326 592 v
2343 555 2380 592 *z
2415 557 2608 594 Seniorem

1549 616 1596 640 ne
1623 604 1886 652 increpaveris,
1913 606 1980 642 sed
2006 606 2160 642 obsecra
2189 611 2230 642 ut
2249 612 2411 655 patrem.
2445 609 2495 645 Et
2523 610 2610 646 ideo

1549 656 1755 704 Dionysius
1783 657 1803 679 ’¹‘
1837 657 2026 705 redarguit
2064 659 2339 707 Demophilum
2377 663 2610 699 monachum

1549 708 1638 756 quia
1657 710 1895 747 sacerdotem
1910 710 2160 747 irreverenter
2174 720 2399 760 correxerat,
2419 725 2508 750 eum
2527 726 2611 763 per-

1550 761 1693 798 cutiens
1722 769 1759 798 et
1786 763 1833 799 de
1862 763 2020 800 ecclesia
2049 763 2211 800 eiiciens.

1601 815 1660 850 An
1679 826 1816 851 PRIMUM
1836 826 1933 852 ERoo
1957 827 2143 853 manDUM
2171 816 2277 865 quod
2303 824 2394 853 tunc
2421 819 2611 865 praelatus

1548 866 1760 904 inordinate
1788 869 1889 915 tangi
1907 868 2057 906 videtur
2084 869 2238 917 quando
2266 869 2516 907 irreverenter
2544 872 2611 908 ob—

1547 919 1725 966 iurgatur,
1747 921 1809 957 vel
1829 920 1943 958 etiam
1972 921 2127 969 quando
2149 922 2183 958 ei
2212 921 2431 959 detrahitur.
2460 923 2510 960 Et
2536 924 2612 960 hoc

1548 972 1779 1019 significatur
1796 985 1864 1021 per
1878 981 2096 1011 contactum
2110 974 2250 1011 montis
2269 982 2306 1011 et
2323 986 2434 1011 arcae
2453 977 2612 1013 damna-

1547 1031 1630 1061 tum
1659 1037 1680 1061 a
1709 1026 1807 1062 Deo.

1599 1078 1659 1114 AD
1678 1089 1869 1115 SECUNDUM
1887 1090 2074 1115 mCENDUM
2094 1079 2198 1127 quod
2226 1079 2263 1115 in
2277 1079 2424 1130 faciem
2443 1080 2613 1117 resistere

1547 1141 1678 1166 coram
1697 1131 1869 1167 omnibus
1882 1130 1903 1152 *
1926 1130 2073 1168 excedit
2094 1131 2256 1168 modum
2275 1132 2461 1170 fraternae
2487 1145 2612 1170 corre-

1547 1181 1697 1218 ctionis:
1728 1190 1764 1218 et
1790 1182 1879 1219 ideo
1900 1183 1954 1219 sic
1972 1183 2113 1220 Paulus
2132 1184 2289 1220 Petrum
2308 1197 2388 1222 non
2406 1186 2612 1234 reprehen-

1547 1234 1662 1270 disset
1690 1234 1761 1270 nisi
1789 1234 1916 1282 aliquo
1945 1235 2065 1272 modo
2091 1247 2164 1283 par
2191 1244 2310 1284 esset,
2345 1246 2532 1286 quantum
2561 1239 2612 1276 ad

1546 1286 1637 1323 fidei
1666 1286 1941 1323 defensionem.
1982 1288 2060 1333 Sed
2091 1287 2131 1324 in
2159 1289 2307 1324 occulto
2337 1289 2547 1327 admonere
2575 1299 2613 1328 et

1547 1346 1777 1386 reverenter,
1797 1339 1871 1376 hoc
1898 1347 2023 1388 potest
2044 1339 2156 1376 etiam
2183 1341 2242 1377 ille
2267 1340 2331 1389 qui
2349 1354 2428 1378 non
2448 1350 2503 1379 est
2528 1355 2610 1391 par.

1546 1392 1656 1428 Unde
1695 1393 1926 1440 Apostolus,
1955 1393 2007 1429 ad
2037 1393 2177 1430 Coloss.
2210 1393 2277 1430 ult.
2305 1393 2346 1442 ²¹⁸,
2375 1394 2503 1431 scribit
2526 1401 2542 1423 Υ
2570 1403 2612 1432 ut

1544 1445 1758 1492 praelatum
1795 1457 1907 1481 suum
1945 1444 2199 1493 admoneant,
2234 1458 2323 1482 cum
2353 1447 2460 1484 dicit:
2489 1448 2613 1485 Dicite

1544 1498 1749 1546 Archippo,
1777 1498 2035 1534 Mnisterium
2063 1504 2169 1535 tuum
2197 1499 2320 1547 imple.

1599 1550 1808 1587 Sciendum
1836 1557 1966 1588 tamen
1989 1557 2046 1587 est
2072 1551 2179 1599 quod
2206 1551 2272 1588 ubi
2299 1551 2519 1589 immineret
2545 1565 2612 1602 pe-

1545 1603 1707 1639 riculum
1726 1602 1829 1647 fidei,
1851 1603 1964 1640 etiam
1986 1604 2138 1652 publice
2158 1611 2284 1641 essent
2306 1605 2464 1653 praelati
2483 1618 2505 1642 a
2523 1606 2612 1642 sub-

1546 1655 1630 1693 ditis
1658 1655 1851 1703 arguendi.
1882 1656 1992 1693 Unde
2013 1663 2050 1692 et
2077 1657 2229 1703 Paulus,
2251 1657 2317 1705 qui
2341 1665 2419 1694 erat
2437 1658 2611 1696 subditus

1544 1709 1670 1755 Petro,
1690 1716 1847 1757 propter
1864 1708 2067 1746 imminens
2083 1710 2306 1758 *periculum
2325 1710 2493 1748 scandali
2512 1711 2612 1749 circa

1544 1761 1675 1808 fidem,
1706 1762 1860 1797 Petrum
1886 1761 2036 1809 publice
2068 1762 2199 1810 arguit.
2235 1763 2285 1799 Et
2311 1763 2406 1800 sicut
2433 1763 2571 1802 Glossa
2590 1765 2611 1786 ⁸
2636 1770 2648 1780 ·

1543 1813 1743 1861 Augustini
1764 1813 1863 1860 dicit,
1883 1814 1934 1850 ad
1956 1814 2038 1851 Gal.
2060 1826 2083 1851 11
2098 1813 2128 1862 ²¹⁶,
2150 1815 2228 1863 ipse
2244 1816 2377 1852 Petrus
2395 1817 2610 1865 exemplum

1543 1866 1751 1903 maioribus
1771 1866 1951 1914 praebuit
1977 1872 2026 1913 ut,
2054 1867 2175 1904 sicubi
2186 1869 2297 1916 forte
2315 1874 2458 1906 rectum
2481 1869 2611 1907 tramit·

1542 1925 1616 1955 tem
1644 1919 1890 1967 reliquissent,
1921 1932 1996 1956 non
2026 1919 2276 1970 dedignentur
2302 1921 2414 1958 etiam
2441 1930 2466 1958 a
2487 1927 2613 1971 poste-

1543 1972 1706 2009 rioribus
1734 1972 1882 2021 corrigi
1893 1970 1918 2008 ὃ.
2548 1991 2552 1994 «
2604 1984 2606 1986 ’

1595 2026 1655 2061 Αι)
1674 2035 1836 2062 Tannum
1855 2036 2041 2063 DICENDUM
2070 2026 2174 2073 quod
2202 2037 2448 2074 praesumere
2467 2037 2508 2063 se
2527 2026 2613 2064 esse

1542 2077 1760 2126 simpliciter
1780 2077 1980 2114 meliorem
2008 2090 2126 2127 quam
2145 2079 2334 2127 praelatus
2353 2078 2400 2116 sit
2412 2084 2437 2126 ⁸,
2457 2079 2610 2117 videtur

1542 2143 1625 2167 esse
1647 2138 1987 2179 praesumptuosae
2007 2131 2219 2179 superbiae.
2250 2131 2327 2168 Sed
2347 2131 2548 2168 aestimare
2567 2143 2608 2170 se

1541 2183 1738 2220 meliorem
1768 2191 1954 2232 quantum
1983 2184 2032 2220 ad
2053 2183 2196 2231 aliquid
2222 2195 2301 2220 non
2329 2191 2385 2221 est
2411 2196 2610 2233 praesum-

1541 2236 1700 2284 ptionis:
1729 2235 1819 2284 quia
1846 2236 1972 2273 nullus
1997 2243 2052 2273 est
2079 2236 2118 2273 in
2146 2237 2218 2273 hac
2235 2236 2315 2274 vita
2342 2236 2408 2286 qui
2435 2249 2515 2274 non
2542 2238 2609 2275 ha-

1542 2289 1631 2325 beat
1658 2289 1825 2337 aliquem
1855 2289 2056 2326 defectum.
2092 2310 2116 2317 -
2145 2289 2194 2326 Et
2222 2289 2336 2326 etiarn
2365 2290 2611 2328 consideran-

1544 2341 1636 2378 dum
1664 2349 1719 2378 est
1747 2341 1854 2389 quod
1891 2353 1979 2378 cum
2008 2341 2141 2389 aliquis
2169 2342 2381 2390 praelatum
2416 2342 2611 2381 caritative

1542 2401 1696 2442 monet,
1725 2406 1803 2431 non
1831 2402 1987 2443 propter
2013 2395 2089 2431 hoc
2117 2407 2158 2431 se
2185 2394 2373 2432 maiorem
2401 2395 2611 2434 existimata

1542 2447 1611 2483 sed
1639 2446 1819 2483 auxilium
1853 2447 2065 2495 impartitur
2093 2447 2127 2483 ei
2160 2447 2245 2496 qui,
2284 2453 2424 2496 quanto
2455 2449 2493 2485 in
2526 2448 2609 2486 loco

1540 2499 1746 2547 superiori,
1775 2505 1877 2536 tanto
1906 2500 1944 2536 in
1971 2499 2143 2548 periculo
2170 2499 2312 2538 maiori
2341 2507 2534 2548 versatur,
2566 2509 2610 2539 ut

1541 2551 1773 2600 Augustinus
1803 2552 1901 2600 dicit,
1931 2552 1970 2589 in
1997 2553 2160 2602 Regula.

1595 2665 1620 2699 ὃ)
1639 2667 1751 2700 corrigi.
1768 2681 1787 2686 —
1804 2667 1875 2700 erigi
1893 2667 1990 2699 BHpK.

1597 2707 1620 2739 ε)
1639 2708 1684 2733 sit.
1701 2721 1720 2726 -
1737 2715 1802 2733 suus
1819 2708 1856 2732 sit
1873 2708 1992 2732 AEGlsC
2011 2712 2037 2732 et
2054 2715 2081 2739 x,
2100 2715 2153 2732 om.
2173 2708 2219 2733 Pa.

1099 2827 1433 2860 Commentariis
1455 2827 1709 2860 Cardinalis
1731 2826 1932 2860 Caietani

432 2908 479 2970 IN
503 2897 634 2928 articulo
658 2904 781 2938 quarto,
805 2897 837 2927 in
853 2897 1060 2938 responsione
1084 2898 1123 2927 ad
1148 2897 1334 2934 secundum,
1353 2897 1487 2927 dubium
1540 2897 1680 2937 aequalis
1709 2897 1861 2938 episcopo
1894 2907 1930 2928 ex
1960 2897 2101 2937 delegata
2131 2903 2287 2938 potestate
2317 2897 2509 2939 exequendi,
2540 2892 2607 2943 non

461 2951 613 2981 magnum
637 2948 696 2977 est,
721 2941 887 2982 quomodo
912 2941 1029 2972 Paulus
1053 2941 1113 2972 fuit
1135 2951 1192 2981 par
1215 2942 1308 2972 Petro
1331 2949 1487 2982 quantum

430 2986 470 3015 ad
491 2984 564 3015 fidei
588 2985 823 3021 defensionem,
849 2995 923 3015 cum
945 2986 1054 3016 Petrus
1084 2993 1166 3016 esset
1187 2985 1275 3016 solus
1304 2985 1488 3016 universalis

429 3035 546 3070 pastor,
567 3038 604 3059 ex
626 3036 760 3069 papatus
783 3028 888 3059 officio
913 3029 1063 3060 omnibus
1087 3036 1247 3070 praestans
1264 3029 1359 3060 etiam
1381 3029 1490 3069 quoad

429 3073 503 3103 fidei
525 3072 752 3109 defensionem,
777 3079 813 3103 ut
836 3081 930 3113 caput
953 3073 1113 3104 membris.

485 3117 536 3147 Ad
558 3116 620 3147 hoc
637 3116 749 3147 dicitur
764 3117 851 3158 quod
868 3124 1024 3158 quantum
1040 3118 1078 3147 ad
1095 3117 1168 3148 fidei
1183 3116 1402 3148 defensionem
1421 3126 1489 3146 exe—

431 3160 535 3192 cutive
556 3160 674 3191 Paulus
697 3167 762 3191 erat
784 3170 840 3200 par
855 3161 957 3191 Petro.
975 3161 1067 3192 Unde
1091 3161 1170 3192 etin
1191 3161 1293 3192 littera
1307 3160 1438 3201 ponitur
1458 3160 1489 3200 ly

431 3206 538 3245 aliquo
561 3205 672 3235 modo:
694 3204 784 3245 quasi
801 3204 917 3235 diceret
939 3206 1026 3245 quod
1050 3215 1115 3235 non
1137 3204 1319 3246 simpliciter
1333 3204 1366 3234 in
1384 3203 1490 3234 defen-

431 3249 520 3279 sione
543 3247 633 3284 fidei,
658 3248 713 3278 sed
740 3248 848 3289 aliquo
878 3249 977 3279 modo
1001 3249 1033 3279 in
1057 3249 1118 3279 hoc
1148 3255 1213 3280 erat
1228 3258 1300 3289 par.
1333 3247 1492 3288 Significat

431 3299 539 3323 autem
562 3292 677 3332 paritas
699 3293 776 3323 haec
799 3292 1007 3323 universalem
1039 3303 1147 3323 curam
1169 3293 1202 3323 in
1225 3299 1362 3333 utroque
1385 3291 1490 3322 defen-

433 3336 527 3367 dendi
558 3336 654 3367 fidem
677 3346 696 3366 a
717 3336 860 3367 Domino
883 3337 953 3367 Iesu
985 3337 1111 3368 Christo
1138 3337 1288 3367 habitam.
1319 3335 1406 3367 Cum
1427 3345 1492 3376 qua

433 3380 621 3421 aequalitate
644 3386 704 3410 stat
727 3390 852 3410 summa
872 3380 1040 3411 auctoritas
1064 3390 1100 3411 ex
1123 3380 1229 3411 officio
1254 3379 1441 3410 defendendi
1456 3378 1491 3409 fi-

434 3424 554 3455 demin
578 3424 647 3455 solo
664 3425 768 3455 Petro.
789 3424 875 3455 Sicut
894 3424 919 3454 si
942 3425 1026 3464 Papa
1043 3424 1253 3463 committeret
1272 3423 1490 3454 auctoritatem

434 3468 647 3509 episcopalem
674 3467 707 3498 in
731 3468 836 3509 aliqua
860 3467 995 3498 dioecesi
1025 3468 1309 3509 archipresbytero,
1333 3467 1385 3498 iIIe
1413 3473 1493 3498 esset

1540 2947 1647 2972 autem
1672 2951 1708 2971 ex
1732 2940 1849 2972 officio.

1596 2984 1634 3015 11.
1659 2985 1695 3015 ln
1719 2985 1830 3015 eadem
1862 2984 2070 3025 responsione
2093 2984 2132 3015 ad
2157 2985 2334 3015 secundum
2357 2985 2482 3016 adverte
2529 2984 2606 3022 uod,

1542 3038 1616 3059 cum
1639 3028 1780 3059 doctrina
1804 3028 1977 3069 apostolica
2000 3038 2065 3059 non
2090 3028 2160 3059 solo
2183 3029 2290 3066 verbo,
2314 3029 2369 3059 sed
2392 3029 2476 3060 facto
2499 2995 2607 3060 {cele-

1542 3072 1605 3102 siae
1628 3079 1842 3112 proponatur;
1867 3082 1904 3103 ex
1927 3072 2010 3104 facto
2034 3072 2124 3103 Pauli
2147 3073 2301 3103 doeemur
2323 3073 2423 3114 quod,
2448 3073 2502 3104 ubi
2525 3079 2606 3104 esset

1541 3116 1720 3156 periculum
1742 3115 1824 3153 fidei,
1842 3126 1907 3147 non
1923 3116 2068 3147 informis
2092 3116 2147 3147 sed
2163 3116 2325 3154 formatae,
2341 3116 2374 3147 in
2398 3117 2527 3148 ecclesia
2549 3116 2605 3149 ati-

1542 3169 1618 3202 qua;
1643 3167 1674 3191 et
1697 3167 1777 3191 esset
1791 3170 1862 3201 spes
1885 3159 2091 3191 subveniendi
2113 3160 2167 3191 tali
2181 3160 2323 3202 periculo
2347 3170 2413 3191 non
2428 3170 2484 3202 per
2506 3170 2605 3192 secre-

1542 3211 1608 3234 tam
1635 3204 1862 3240 monitionem,
1892 3204 1947 3234 sed
1977 3205 2083 3235 solum
2111 3213 2167 3244 per
2195 3204 2273 3241 hoc,
2303 3211 2407 3235 essent
2434 3202 2563 3246 praelati
2587 3213 2605 3238 a

1543 3248 1675 3279 subditis
1690 3248 1816 3289 publice
1828 3248 1990 3288 arguendi,
2007 3248 2087 3279 sicut
2098 3248 2225 3288 publice
2239 3255 2351 3280 errant.
2371 3248 2506 3279 Factum
2518 3247 2604 3279 enim

1544 3291 1625 3322 Petri
1641 3302 1707 3322 non
1725 3299 1789 3323 erat
1807 3299 1872 3323 tam
1895 3293 2012 3332 grande
2028 3299 2064 3323 ut
2086 3292 2215 3323 haberet
2230 3292 2325 3324 etiam
2339 3292 2496 3323 rationem
2514 3300 2603 3323 scan-

1544 3335 1607 3366 dali
1623 3336 1731 3373 activi3
1756 3343 1792 3367 ut
1814 3336 1944 3367 inferius
1965 3336 1999 3367 in
2023 3336 2209 3378 quaestione
2225 3336 2264 3367 de
2282 3336 2430 3367 scandalo
2445 3335 2463 3356 ¹⁸⁸
2482 3338 2605 3367 Auctor
2630 3347 2841 3395 :pamma-mo,

1545 3379 1628 3410 dicit.
1653 3380 1694 3410 Et
1716 3380 1895 3420 periculum
1910 3380 2043 3411 caritatis
2059 3379 2237 3420 periculum
2251 3380 2334 3411 vitae
2350 3386 2409 3411 est:
2433 3379 2509 3420 quia
2513 3379 2604 3421 fides

1543 3424 1613 3453 sine
1628 3423 1775 3463 operibus
1793 3429 1920 3455 mortua
1945 3429 1991 3455 est
2004 3424 2031 3455 *.
2056 3424 2097 3455 Et
2112 3433 2220 3454 rursus
2234 3430 2340 3455 totum
2363 3423 2521 3454 Ecclesiae
2537 3429 2602 3453 stu-
2629 3434 2639 3445 ·
2655 3433 2701 3456 ιιι.
2723 3439 2775 3462 σιμ.
2796 3440 2826 3462 n,

1545 3467 1635 3497 dium
1650 3474 1696 3498 est
1707 3467 1746 3497 ad
1758 3466 1853 3498 fidem
1865 3467 2035 3499 formatam
2045 3467 2278 3509 generandam,
2290 3467 2492 3499 nutriendam
2507 3471 2602 3507 atque
2628 3466 2688 3482 ven.
2703 3460 2740 3482 ²⁶·

2638 568 2646 577 ·
2661 567 2728 589 Vers.
2744 574 2760 589 1.

2639 673 2648 682 '
2663 672 2737 700 Epist,
2749 672 2812 694 vm.

2640 1142 2649 1152 ⁸
2665 1141 2700 1164 ef.
2716 1142 2760 1164 loc.
2775 1142 2814 1164 cit.
2825 1142 2848 1164 in

2639 1174 2696 1196 arg„
2707 1174 2767 1190 ven.
2776 1174 2802 1196 u,
2815 1174 2849 1196 14.

2639 1402 2649 1414 ⁸
2664 1401 2732 1425 Van.
2747 1409 2779 1431 17,

2638 1825 2777 1854 'Vct-14.
