2892 4056
210 394 219 403 ⁸
231 393 419 419 Qu.1.xx1x,art.

211 425 239 440 12.

211 452 220 461 ¹⁸
235 452 259 472 ln
275 457 379 478 corpore.

211 3332 219 3340 ⁸
235 3330 270 3352 Cf.
286 3337 343 3357 resp.
362 3330 389 3351 ad
403 3335 418 3350 ι.

452 200 527 246 354

502 279 560 314 Ao
581 290 718 317 PR1MUM
738 291 834 316 ERGO
855 291 1039 315 DICENDUM
1068 279 1172 327 quod
1198 279 1400 316 virtutibus
1427 291 1509 316 mo-

449 383 674 431 synderesis,
695 392 736 420 ut
754 385 792 420 in
812 384 940 420 Primo
957 383 976 404 ²³⁴
994 384 1166 419 habitum
1188 391 1258 420 est:
1282 397 1360 421 non
1380 392 1507 421 autem

447 436 659 484 prudentia,
690 437 834 473 ratione
862 436 937 472 iam
957 436 977 457 ³⁶
1006 436 1115 472 dicta.

501 489 550 524 Et
567 500 635 536 per
653 489 726 525 hoc
747 489 860 525 etiam
879 496 982 536 patet
1001 488 1198 536 responsio
1216 489 1261 525 ad
1283 489 1507 526 secundum.

500 543 558 577 An
588 553 747 578 TER-rum
775 552 959 577 DICENDUM
988 541 1093 588 quod
1121 541 1207 578 finis
1242 554 1320 578 non
1349 541 1537 590 pertinet

448 594 495 630 ad
523 594 679 630 virtutes
709 595 873 630 morales
911 601 1093 642 tanquam
1122 594 1227 642 ipsae
1263 594 1537 642 praestituant
1535 620 1537 631 ι

1105 201 1370 246 QUAESTIO
1400 202 1554 249 XLVII,
1583 202 1880 240 ARTICULUS
1908 203 1959 240 VI

1534 279 1536 314 ζ
1563 280 1703 316 finem:
1733 281 1800 317 sed
1829 281 1918 328 quia
1945 282 2105 318 tendunt
2133 282 2171 319 in
2190 283 2316 320 finem
2346 297 2367 321 a
2393 285 2536 321 ratione
2557 297 2624 322 na-

449 330 587 366 ralibus
602 331 810 379 praestituit
824 332 942 368 finem
958 331 1049 367 ratio
1066 331 1245 368 naturalis
1261 343 1359 379 quae
1376 331 1510 368 dicitur
1535 340 1536 343 ’

1563 332 1672 368 turali
1700 333 1974 392 praestitutum.
2014 334 2076 371 Ad
2102 335 2207 382 quod
2235 335 2414 373 iuvantur
2440 349 2508 385 per
2536 350 2636 386 pru-

1565 384 1752 431 dentiam,
1792 397 1890 433 quae
1924 386 1975 422 eis
2003 386 2108 422 viam
2145 395 2272 434 parat,
2313 388 2550 437 disponendo
2580 402 2625 426 ea

1564 449 1662 483 quae
1683 413 1770 474 sun't
1789 439 1837 475 ad
1856 438 1972 475 finem
1988 438 2018 475 ⁵¹³.
2048 439 2158 475 Unde
2178 440 2398 488 relinquitur
2417 443 2519 489 quod
2538 454 2626 490 pru-
2652 452 2661 460 ·

1563 489 1690 526 dentia
1710 490 1756 526 sit
1774 491 1938 528 nobilior
1952 490 2154 528 virtutibus
2173 493 2393 540 moralibus,
2414 502 2452 531 et
2470 503 2626 531 moveat

1565 553 1627 578 eas
1645 542 1674 578 *.
1698 543 1774 580 Sed
1800 543 2013 591 synderesis
2033 551 2166 581 movet
2184 545 2437 594 prudentiam,
2458 547 2552 583 sicut
2571 547 2626 584 in—

1563 595 1732 631 tellectus
1759 596 2032 644 principiorum
2059 597 2268 634 scientiam.

1119 689 1452 722 commentaria.
1472 688 1724 722 cardinalis
1745 690 1948 723 Caietani

449 778 495 839 IN
519 768 649 797 articulo
679 774 765 797 sexto
790 768 932 798 eiusdem
961 768 1155 809 quaestionis
1179 767 1509 808 quadragesimaesep-

476 812 579 847 timae,
605 818 681 842 nota
697 812 729 841 in
749 811 843 842 titulo
860 813 948 852 quod
970 812 1175 851 praestituere
1197 811 1295 842 finem
1311 812 1420 843 virtuti
1439 821 1510 842 mo-

444 856 500 885 rali
519 862 623 895 potest
643 855 809 895 dupliciter
826 856 968 896 intelligi.
992 856 1110 892 Primo,
1128 865 1186 897 pro
1202 863 1338 886 statuere
1358 863 1393 887 ut
1411 856 1510 886 virtus

444 900 572 929 moralis
596 900 703 930 tendat
725 899 758 930 in
774 901 871 931 talem
893 899 1000 931 finem.
1026 901 1066 931 Et
1081 900 1142 931 hoc
1165 907 1285 940 spectat
1308 901 1346 930 ad
1367 901 1510 932 datorem

444 950 590 974 naturae:
627 944 751 983 genitor
774 945 932 985 siquidem
956 945 1008 975 dat
1038 951 1184 975 naturam
1208 944 1448 975 determinatam
1471 945 1510 974 ad

444 988 538 1018 talem
562 987 669 1019 finem.
709 988 758 1018 Sic
789 998 855 1018 non
878 988 1042 1029 quaeritur
1062 989 1124 1019 hic.
1149 1003 1173 1012 ·-
1208 989 1282 1019 Alio
1307 998 1380 1028 ergo
1409 989 1509 1018 modo

444 1031 580 1062 sumitur
603 1042 661 1071 pro
685 1032 800 1063 dictare
817 1033 888 1073 quis
912 1040 959 1063 est
973 1032 1025 1063 ille
1041 1039 1177 1063 statutus
1191 1033 1271 1064 finis.
1297 1034 1338 1063 Et
1357 1033 1400 1063 sic
1415 1043 1510 1073 quae-

443 1076 520 1106 ritur
543 1076 576 1105 in
600 1076 766 1116 proposito
792 1087 831 1106 an
855 1077 1022 1116 prudentia
1046 1077 1151 1117 primo
1176 1077 1270 1108 dictet
1293 1077 1452 1107 evidenter
1474 1076 1509 1106 fi-

444 1128 516 1150 nem
548 1120 719 1150 moralium
742 1121 907 1152 virtutum.
947 1121 988 1151 Et
1018 1128 1064 1151 est
1094 1131 1197 1151 sermo
1222 1122 1260 1151 de
1283 1120 1345 1151 fine
1378 1121 1508 1160 proprio

443 1165 627 1194 earundem.
1233 1182 1237 1184 >

498 1209 534 1238 II.
554 1209 588 1238 In
613 1209 727 1239 eodem
743 1209 875 1239 articulo
896 1215 982 1238 sexto
1003 1208 1144 1238 eiusdem
1161 1209 1356 1248 quaestionis
1375 1208 1510 1238 dubium

443 1258 489 1282 est
513 1253 705 1292 simpliciter,
731 1259 760 1282 et
784 1253 823 1283 ad
848 1253 1021 1283 hominem.
1047 1252 1236 1293 Simpliciter
1259 1252 1404 1293 quidem,
1437 1262 1509 1292 pro-

443 1302 511 1336 pter
527 1297 664 1327 rationes
683 1296 791 1327 allatas
810 1307 827 1326 a
844 1296 950 1332 Scoto,
970 1296 1003 1326 in
1018 1306 1110 1326 xxxvr
1129 1296 1199 1326 dist.
1225 1296 1265 1326 111
1285 1296 1384 1334 Sem„
1404 1303 1460 1326 art.
1479 1306 1507 1333 2,

442 1340 559 1380 quibus
577 1340 671 1371 infert
686 1340 775 1380 quod
794 1340 961 1380 prudentia
981 1340 1076 1370 dictat
1096 1341 1133 1370 de
1153 1339 1214 1370 fine
1234 1340 1364 1381 proprio
1385 1339 1508 1371 virtutis

443 1385 581 1415 moralis.
599 1385 639 1415 Et
650 1385 765 1424 prim0‚
783 1385 836 1416 sic.
860 1384 967 1415 Virtus
984 1384 1123 1421 moralis,
1140 1391 1218 1425 puta
1234 1384 1366 1421 castitas,
1385 1394 1509 1424 semper

443 1429 594 1470 sequitur,
618 1435 747 1459 naturae
765 1429 884 1464 ordine,
910 1428 1112 1469 prudentiam
1128 1429 1277 1470 aliquam.
1301 1429 1386 1469 Ergo
1403 1428 1508 1470 sequi-

442 1480 493 1503 tur
508 1473 664 1503 dictamen
688 1472 809 1513 proprii
830 1472 912 1510 finis,
937 1473 992 1514 qui
1009 1472 1147 1512 eligitur:
1172 1473 1247 1514 quia
1262 1473 1360 1504 virtus
1379 1473 1508 1503 moralis

443 1524 610 1557 generatur
633 1527 670 1547 ex
694 1517 848 1548 electione
872 1517 993 1557 proprii
1017 1516 1099 1547 finis.

498 1562 660 1598 Secundo,
686 1561 760 1602 quia
783 1561 871 1591 aliter
893 1571 960 1591 non
984 1561 1155 1592 salvaretur
1178 1571 1242 1591 una
1270 1561 1438 1601 prudentia
1461 1570 1507 1590 re-

443 1607 603 1645 spondens
627 1606 683 1636 uni
705 1605 812 1636 virtuti
840 1605 966 1646 proprie
995 1612 1026 1636 et
1047 1615 1104 1646 per
1126 1615 1159 1635 se
1183 1605 1305 1636 morali.
1341 1605 1506 1636 Probatur.

443 1650 528 1686 Quia
542 1650 641 1680 virtus
665 1649 794 1680 moralis
819 1655 865 1679 est
880 1659 944 1679 una
967 1649 1086 1680 unitate
1103 1648 1184 1686 finis,
1210 1650 1248 1679 ad
1273 1649 1362 1679 cuius
1383 1649 1507 1679 electio-

442 1704 516 1724 nem
541 1694 754 1734 principaliter
775 1693 918 1723 inclinat:
944 1700 975 1724 et
997 1693 1022 1723 si
1041 1694 1081 1724 ad
1105 1693 1288 1724 dictandum
1313 1694 1350 1723 de
1373 1692 1428 1723 illo
1444 1691 1507 1723 fine

442 1739 529 1768 nulla
546 1745 625 1768 esset
641 1738 817 1777 prudentia,
835 1744 915 1777 quot
931 1744 1033 1767 essent
1061 1737 1230 1768 dictamina
1253 1737 1442 1773 mediorum,
1459 1743 1509 1768 tot

443 1789 545 1812 essent
569 1782 767 1822 prudentiae;
793 1781 867 1821 quia
891 1781 1016 1811 nullum
1040 1789 1120 1812 esset
1144 1782 1306 1811 obiectum
1329 1792 1346 1811 a
1366 1791 1431 1821 quo
1456 1791 1507 1811 su-

442 1833 580 1861 meretur
596 1826 699 1856 unitas
715 1832 764 1856 tot
779 1825 998 1862 dictaminum,
1017 1826 1141 1856 sublato
1158 1836 1176 1855 a
1192 1825 1323 1865 singulis
1339 1825 1508 1856 dictamine

443 1871 481 1900 de
505 1870 576 1900 fine.

498 1915 548 1944 Ad
571 1914 737 1944 hominem
762 1921 877 1949 autem,
903 1914 1020 1944 scilicet
1043 1913 1151 1944 divum
1174 1914 1348 1949 Thomam,
1373 1913 1507 1943 dubium

443 1966 489 1988 est
504 1958 658 1998 quoniam
681 1958 713 1988 in
736 1959 760 1987 1²³
778 1959 841 1994 11²⁶,
866 1968 921 1999 qu.
937 1969 1016 1994 var,
1042 1964 1097 1989 art.
1119 1959 1145 1995 3,
1163 1958 1202 1987 ad
1221 1958 1248 1994 3,
1274 1967 1416 1997 expresse
1433 1957 1508 1989 dicit

443 2003 531 2043 quod
548 2003 723 2042 prudentia
747 2002 860 2042 dirigit
883 2003 1015 2032 virtutes
1038 2003 1177 2032 morales
1199 2003 1293 2032 etiam
1318 2002 1350 2032 in
1369 2002 1507 2041 praesti-

443 2047 559 2077 tuendo
583 2047 698 2087 finem.
744 2046 784 2076 Et
811 2047 933 2086 probat,
960 2046 1035 2087 quia
1055 2046 1126 2076 finis
1151 2046 1273 2076 virtutis
1307 2046 1436 2085 moralis
1462 2054 1508 2078 est

443 2091 594 2131 attingere
620 2090 772 2126 medium,
798 2091 886 2131 quod
911 2090 1079 2130 prudentia
1103 2090 1338 2120 determinatur.

496 2135 547 2165 111.
565 2135 615 2165 Ad
640 2134 830 2165 evidentiam
858 2135 954 2165 huius
977 2135 1021 2164 rei
1046 2134 1237 2174 simpliciter,
1270 2134 1395 2164 adverte
1419 2135 1508 2175 quod

443 2179 611 2219 dupliciter
633 2178 711 2209 verti
738 2185 843 2218 potest
866 2179 898 2208 in
922 2178 1063 2209 dubium
1079 2178 1258 2219 propositio
1285 2178 1390 2208 dicens
1417 2179 1506 2219 quod

442 2223 611 2264 prudentia
636 2229 682 2254 est
704 2223 743 2254 de
759 2223 807 2254 his
826 2233 908 2263 quae
931 2230 1007 2254 sunt
1029 2223 1070 2253 ad
1084 2222 1192 2254 finem.
1216 2223 1335 2259 Primo,
1352 2223 1506 2254 absolute.

442 2268 484 2299 Et
507 2268 550 2298 sic
574 2267 746 2298 dicendum
779 2275 825 2298 est
848 2267 887 2297 de
909 2267 1080 2307 prudentia
1108 2273 1253 2306 respectu
1283 2276 1395 2297 eorum
1425 2260 1508 2308 quae

443 2320 518 2343 sunt
547 2312 586 2342 ad
609 2311 706 2342 finem
743 2311 823 2342 sicut
852 2312 890 2342 de
919 2311 1045 2342 scientia
1077 2317 1220 2350 respectu
1251 2310 1505 2342 conclusionum.

444 2355 580 2387 Scientia
618 2365 756 2396 namque
795 2365 920 2395 semper
948 2362 994 2385 est
1023 2354 1280 2385 conclusionum:
1317 2355 1370 2384 sed
1401 2362 1507 2385 tamen

443 2400 572 2430 scientia
592 2399 747 2430 secundae
764 2399 977 2429 conclusionis
993 2405 1040 2429 est
1057 2398 1258 2429 materialiter
1277 2398 1405 2429 scientia
1421 2399 1507 2439 prin-

444 2444 517 2484 cipii
541 2443 649 2474 tertiae
665 2443 896 2479 conclusionis;
921 2443 997 2484 quia
1019 2443 1139 2473 illamet
1154 2443 1332 2482 propositio
1348 2452 1431 2483 quae
1447 2442 1508 2473 fuit

444 2488 608 2520 conclusio
624 2488 780 2518 secundae
797 2495 844 2518 est
865 2487 1060 2527 principium
1086 2487 1193 2518 tertiae
1217 2486 1507 2523 demonstrationis,

444 2541 474 2564 et
497 2533 541 2563 sic
561 2533 599 2563 de
621 2532 701 2562 aliis.
725 2532 766 2562 Et
787 2531 929 2562 similiter
952 2531 1119 2572 prudentia
1143 2540 1268 2571 semper
1295 2538 1341 2561 est
1362 2538 1506 2572 respectu

444 2586 557 2608 eorum
571 2586 652 2617 quae
677 2583 750 2606 sunt
774 2576 813 2605 ad
836 2575 947 2606 finem:
975 2575 1029 2606 sed
1053 2585 1127 2606 cum
1154 2575 1216 2606 hoc
1239 2581 1299 2606 stat
1322 2575 1410 2616 quod
1433 2586 1506 2616 pru-

444 2620 548 2652 dentia
578 2626 721 2660 respectu
753 2619 848 2650 huius
879 2620 918 2650 ad
943 2619 1037 2650 talem
1061 2617 1159 2649 finem
1183 2619 1222 2649 sit
1244 2618 1445 2650 materialiter
1469 2620 1507 2650 de

442 2665 505 2696 fine
537 2671 680 2705 respectu
715 2664 842 2694 alterius
872 2662 1071 2694 subordinari
1105 2662 1150 2693 illi
1173 2663 1298 2699 medio,
1328 2671 1358 2694 et
1387 2662 1431 2694 sic
1454 2664 1507 2694 de—

443 2710 566 2749 inceps,
591 2715 688 2749 prout
710 2708 865 2748 contingit
886 2709 978 2747 plura
1006 2707 1205 2738 subordinari
1228 2707 1334 2738 media
1348 2708 1388 2737 ad
1404 2717 1507 2738 unum

442 2754 541 2784 finem
571 2753 787 2793 principalem.
823 2753 920 2789 Quod
950 2752 1037 2782 enim
1063 2751 1123 2782 fuit
1152 2753 1192 2782 ad
1221 2751 1318 2782 finem
1345 2752 1378 2782 in
1401 2752 1506 2792 primo

444 2798 587 2828 discursu
621 2797 656 2828 fit
679 2796 750 2827 finis
773 2797 806 2828 in
831 2797 971 2827 secundo
997 2796 1156 2832 discursu;
1182 2802 1213 2826 et
1236 2796 1279 2826 sic
1302 2796 1451 2836 deinceps
1474 2796 1508 2827 in

444 2841 536 2873 tertio
553 2849 583 2873 et
598 2841 736 2882 reliquis
748 2859 769 2864 -
782 2841 839 2872 Est
855 2841 950 2871 etiam
970 2851 1071 2872 unum
1091 2840 1176 2871 aliud
1195 2839 1246 2870 hic
1269 2840 1506 2877 advertendum,

445 2886 533 2926 quod
552 2885 632 2917 sicut
657 2885 785 2915 scientia
811 2884 923 2915 dicitur
945 2884 1191 2915 conclusionum
1214 2891 1339 2915 tantum
1364 2891 1400 2915 ut
1422 2884 1508 2915 scita-

445 2939 533 2965 rum,
560 2937 590 2960 et
615 2939 689 2960 cum
715 2930 777 2959 hoc
801 2935 861 2960 stat
883 2930 971 2969 quod
996 2935 1042 2959 est
1065 2928 1309 2968 praemissarum
1335 2933 1371 2958 ut
1400 2927 1507 2967 cogni-

444 2981 558 3010 tarum,
582 2974 682 3004 utitur
701 2973 786 3003 enim
811 2973 855 3003 eis
878 2979 914 3004 ut
933 2973 1076 3012 cognitis,
1102 2972 1293 3012 applicando
1315 2973 1356 3002 ad
1379 2972 1508 3003 conclu—

445 3018 585 3048 sionem:
620 3018 663 3048 ita
686 3018 852 3057 prudentia
875 3024 921 3048 est
943 3024 1068 3048 tantum
1092 3027 1203 3048 eorum
1223 3026 1306 3057 quae
1321 3022 1396 3047 sunt
1413 3016 1453 3046 ad
1475 3015 1510 3046 fi-

445 3072 520 3093 nem
544 3069 579 3092 ut
607 3071 713 3092 rerum
736 3067 976 3101 praeceptarum
999 3068 1030 3092 et
1053 3061 1237 3097 electarum;
1276 3067 1307 3092 et
1340 3070 1414 3091 cum
1447 3060 1510 3091 hoc

446 3113 521 3142 stat,
555 3106 657 3136 immo
691 3105 823 3145 exigitur
854 3106 943 3146 quod
973 3105 1012 3136 sit
1037 3104 1105 3135 finis
1129 3112 1165 3136 ut
1187 3104 1305 3145 aspecti
1328 3111 1359 3135 et
1381 3104 1508 3141 intenti;

446 3150 545 3181 utitur
573 3149 731 3191 siquidem
755 3149 921 3189 prudentia
942 3148 1023 3186 fine,
1054 3149 1244 3190 applicando
1269 3148 1378 3189 ipsum
1408 3148 1447 3178 ad
1477 3148 1510 3178 id

446 3194 536 3235 quod
559 3200 605 3224 est
627 3194 666 3224 ad
688 3192 797 3223 finem.

502 3238 661 3274 Secundo,
685 3243 790 3277 potest
812 3236 890 3268 verti
914 3237 946 3266 in
970 3237 1104 3267 dubium
1128 3243 1272 3276 respectu
1299 3235 1412 3267 finium
1437 3246 1510 3276 pro-

446 3283 591 3323 priorum
612 3282 767 3313 virtutum
793 3281 974 3311 moralium.
1013 3282 1054 3312 Et
1076 3281 1163 3311 iuxta
1184 3281 1271 3312 hunc
1296 3289 1427 3313 sensum
1449 3287 1508 3311 tra-

447 3333 547 3358 ctatur
557 3327 591 3357 in
604 3326 715 3362 littera,
729 3332 759 3356 et
773 3325 978 3366 impugnatur
994 3335 1011 3355 a
1028 3325 1135 3356 Scoto.
1151 3327 1273 3357 Auctor
1284 3324 1370 3357 enim
1388 3324 1482 3356 sentit
1492 3324 1509 3343 *

447 3371 536 3412 quod
557 3370 665 3402 virtuti
699 3369 812 3400 morali
840 3367 911 3399 finis
940 3369 1154 3409 praestituitur
1175 3379 1203 3399 a
1227 3368 1400 3410 synderesi:
1435 3367 1509 3410 quia

447 3414 596 3446 naturalis
626 3413 705 3444 ratio
730 3413 825 3444 dictat
848 3413 936 3454 quod
966 3413 999 3443 in
1022 3412 1189 3443 timoribus
1216 3414 1340 3444 bonum
1368 3412 1508 3448 rationis,

447 3466 477 3490 et
501 3458 643 3489 similiter
665 3458 697 3488 in
722 3456 999 3497 concupiscentiis,
1031 3463 1061 3487 et
1084 3456 1227 3488 similiter
1248 3457 1280 3487 in
1304 3457 1348 3487 ira
1378 3462 1409 3486 et
1431 3465 1509 3496 ope-

447 3502 620 3534 rationibus
641 3502 829 3533 sectandum
853 3507 908 3533 est.

1616 767 1668 798 1v.
1693 769 1744 799 Ad
1760 769 1896 809 primam
1915 780 1989 810 ergo
2013 771 2168 801 rationem
2183 770 2269 801 Scoti
2287 770 2305 790 *
2323 770 2436 802 dicitur
2451 772 2540 812 quod
2555 770 2663 803 licet

1561 811 1709 843 virtutem
1733 814 1887 845 moralem
1910 815 2075 854 praecedat
2097 815 2279 845 naturaliter
2294 814 2469 854 prudentia,
2493 825 2560 847 non
2581 824 2631 847 ta·—

1562 866 1636 886 men
1660 858 1827 897 prudentia
1845 858 1992 889 dictativa
2007 859 2046 889 de
2068 858 2146 889 fine.
2171 859 2226 889 sed
2249 858 2364 890 sufficit
2379 859 2527 890 naturalis
2546 859 2626 891 ratio

1563 900 1710 932 dictativa
1734 902 1772 933 de
1795 901 1867 939 fine,
1885 909 1915 933 et
1933 903 2101 943 prudentia
2121 902 2266 933 dictative
2283 903 2320 933 de
2337 903 2449 934 mediis
2465 904 2504 933 ad
2518 902 2624 934 finem.

1562 944 1711 975 Probatio
1736 951 1841 976 autem
1866 946 1981 983 dicens,
2013 947 2097 984 Quia
2115 948 2217 977 virtus
2240 947 2373 977 moralis
2390 951 2573 988 generatur
2586 957 2628 977 ex

1563 989 1715 1020 electione
1727 990 1821 1030 finis,
1849 990 1991 1030 implicat
2013 991 2046 1021 in
2069 990 2208 1021 adiecto:
2245 990 2319 1031 quia
2344 991 2454 1021 electio
2479 1000 2545 1021 non
2581 997 2628 1021 est

1562 1032 1643 1069 finis,
1668 1034 1722 1063 sed
1745 1043 1859 1064 eorum
1882 1044 1964 1075 quae
1987 1041 2063 1065 sunt
2085 1035 2125 1065 ad
2147 1034 2255 1065 finem.

1616 1077 1667 1107 Ad
1683 1078 1860 1108 secundum
1871 1085 1978 1108 autem
1994 1078 2106 1109 dicitur
2118 1079 2207 1119 quod
2223 1079 2262 1109 ad
2274 1079 2427 1109 unitatem
2443 1078 2628 1118 prudentiae

1562 1127 1705 1160 respectu
1729 1121 1876 1151 omniurn
1900 1122 2081 1152 mediorum
2104 1123 2144 1152 ad
2165 1122 2262 1153 finem
2285 1122 2401 1154 sufficit
2423 1122 2526 1153 unitas
2555 1122 2627 1153 finis

1562 1164 1679 1204 aspecti
1702 1175 1719 1194 a
1743 1165 1923 1204 prudentia:
1959 1173 1989 1196 et
2013 1175 2078 1196 non
2102 1166 2270 1206 requiritur
2293 1166 2396 1197 unitas
2426 1166 2497 1196 finis
2521 1166 2627 1197 dictati

1562 1208 1600 1238 ab
1624 1208 1686 1239 illa.
1707 1209 1848 1239 =Accidit
1877 1209 1964 1239 enim
1995 1209 2107 1240 unitati
2136 1209 2207 1239 finis
2237 1217 2380 1250 respectu
2410 1220 2523 1240 eorum
2546 1220 2627 1251 quae

2687 451 2722 472 Cf.
2751 455 2792 473 art.
2818 458 2862 479 vn,

2827 478 2863 500 Ex

2653 478 2786 499 Comment.
2797 494 2802 504 ‚

2651 504 2687 524 lus
2702 506 2786 525 autem.

2652 555 2711 578 *CL
2727 556 2783 578 ibid.

2677 774 2747 796 Nurn.
2763 781 2789 796 ιι.

1562 1260 1635 1283 sunt
1651 1253 1691 1283 ad
1706 1251 1812 1289 finem,
1829 1259 1860 1283 et
1876 1252 2014 1284 directivi
2031 1263 2143 1284 eorum
2158 1254 2190 1283 in
2205 1253 2306 1291 illum,
2320 1254 2409 1294 quod
2421 1254 2460 1286 sit
2475 1254 2627 1285 dictatum
2657 1255 2661 1257 “

1561 1297 1599 1326 ab
1623 1296 1686 1327 hoc
1708 1296 1759 1327 vel
1782 1297 1894 1327 altero:
1931 1295 2046 1327 sufficit
2068 1297 2154 1327 enim
2177 1298 2266 1338 quod
2294 1297 2333 1328 sit
2356 1304 2519 1338 aspectum
2542 1307 2560 1328 a
2583 1295 2627 1328 dii

1561 1340 1677 1371 rectivo
1701 1340 1882 1371 mediorum
1903 1340 1936 1371 in
1959 1340 2061 1371 illum.
2095 1343 2331 1381 Argumentum
2355 1348 2460 1372 autem
2484 1342 2628 1382 procedit

1561 1395 1596 1415 ac
1613 1385 1638 1415 si
1655 1384 1839 1415 directivum
1855 1384 2037 1416 mediorum
2057 1395 2122 1416 non
2145 1391 2356 1436 cognosceret.
2362 1384 2460 1416 finem
2475 1385 2515 1416 ad
2530 1393 2632 1426 quemv

1562 1429 1656 1460 dictat
1678 1429 1791 1460 media.
1809 1447 1829 1451 -
1849 1429 1894 1459 Et
1916 1429 1992 1460 haec
2016 1436 2064 1460 sat
2086 1436 2161 1460 sunt
2182 1429 2374 1470 argumentis
2398 1429 2492 1461 Scoti.

1616 1473 1648 1504 Si
1671 1473 1741 1514 quis
1766 1480 1872 1504 tamen
1895 1480 2058 1515 quaereret
2081 1483 2178 1515 quare
2193 1474 2227 1504 in
2249 1480 2336 1514 parte
2359 1473 2548 1504 intellectiva
2568 1482 2613 1514 po

1561 1524 1680 1548 nuntur
1703 1517 1784 1547 duae
1807 1517 1937 1548 virtutes
1961 1524 2104 1558 respectu
2127 1517 2222 1548 unius
2245 1518 2393 1548 materiae
2412 1517 2552 1554 moralis,
2569 1512 2633 1562 scs-‘V

1560 1561 1632 1592 licet
1655 1561 1830 1602 synderesis
1860 1567 1891 1591 et
1913 1562 2098 1602 prudentia,
2129 1562 2225 1592 altera
2248 1569 2391 1603 respectu
2414 1561 2502 1599 finis,
2532 1561 2628 1592 altera

1560 1612 1703 1646 respectu
1727 1615 1840 1636 eorum
1863 1615 1945 1646 quae
1968 1612 2043 1636 sunt
2065 1606 2103 1636 ad
2127 1605 2240 1643 finem;
2271 1606 2303 1636 in
2327 1612 2416 1647 parte
2443 1612 2550 1637 autem
2573 1615 2628 1649 ap-

1559 1649 1688 1690 petitiva
1703 1658 1764 1680 una
1780 1651 1905 1680 tantum
1928 1650 2059 1690 ponitur
2080 1650 2179 1681 virtus
2202 1656 2345 1690 respectu
2369 1649 2440 1680 finis
2464 1656 2495 1681 et
2515 1657 2633 1685 eomm.

1560 1703 1642 1735 quae
1658 1700 1731 1723 sunt
1747 1693 1786 1723 ad
1801 1692 1907 1730 finem,
1924 1701 2002 1744 puta
2017 1694 2156 1725 castitas:
2169 1712 2190 1717 —
2206 1694 2464 1734 respondendum
2480 1700 2526 1725 est
2539 1693 2631 1737 quod

1561 1747 1597 1767 ex
1620 1737 1683 1767 hoc
1706 1737 1795 1778 quod
1819 1738 1957 1777 cognitio
1981 1737 2141 1778 perficitur
2164 1738 2340 1769 secundum
2364 1738 2453 1788 quod
2482 1747 2530 1768 res
2553 1744 2631 1769 sunt

1560 1782 1592 1811 in
1616 1781 1730 1817 anima,
1755 1781 1897 1821 sequitur
1919 1782 2007 1822 quod
2031 1782 2091 1812 alia
2115 1782 2154 1812 sit
2175 1782 2274 1812 virtus
2297 1791 2360 1823 qua
2383 1782 2489 1812 anima
2510 1778 2629 1813 iudicat

1560 1825 1665 1866 aliqua
1689 1826 1863 1855 secundum
1890 1826 2001 1865 seipsa,
2027 1833 2056 1856 et
2080 1826 2138 1856 alia
2155 1836 2218 1866 qua
2241 1826 2358 1856 iudicat
2381 1826 2487 1866 aliqua
2510 1836 2566 1866 per
2581 1836 2628 1856 re-

1560 1869 1753 1900 solutionem
1773 1869 1806 1899 in
1823 1870 1896 1900 alia:
1922 1870 2010 1900 aliter
2032 1869 2190 1910 siquidem
2206 1877 2332 1910 oportet
2356 1880 2421 1900 esse
2438 1870 2629 1910 dispositum

1560 1913 1640 1944 circa
1672 1913 1749 1944 haec
1783 1920 1814 1944 et
1837 1914 1918 1944 circa
1939 1914 2006 1950 illa,
2041 1921 2076 1944 ut
2105 1921 2190 1954 patet
2221 1924 2257 1944 ex
2281 1914 2456 1944 diversitate
2486 1913 2626 1945 luminis.

1560 1958 1601 1988 Et
1624 1964 1791 1998 propterea
1813 1964 1879 1988 tam
1901 1957 1940 1988 in*
1958 1957 2117 1989 intellectu
2148 1958 2286 1998 practico
2310 1968 2408 1999 quam
2431 1958 2626 1998 speculativo

1560 2002 1620 2032 alia
1644 2009 1689 2032 est
1705 2002 1803 2032 virtus
1827 2008 1969 2041 respectu
1994 2002 2234 2042 principiorum,
2259 2009 2290 2032 et
2312 2002 2372 2032 alia
2388 2009 2532 2042 respectu
2552 2012 2627 2033 con-

1561 2046 1752 2077 clusionum.
1787 2046 1835 2076 Ex
1852 2046 1915 2076 hoc
1934 2053 2042 2077 autem
2061 2047 2150 2087 quod
2168 2046 2320 2087 appetitio
2340 2045 2499 2087 perficitur
2517 2057 2627 2078 secun-

1562 2091 1640 2121 dum
1665 2090 1758 2131 quod
1781 2090 1886 2121 anima
1917 2090 2016 2120 tendit
2044 2091 2084 2120 ad
2106 2100 2171 2126 res,
2203 2089 2345 2132 sequitur
2366 2091 2456 2130 quod
2491 2089 2572 2128 sicut
2593 2091 2627 2121 in

1561 2135 1654 2165 rebus
1677 2143 1733 2174 per
1755 2134 1889 2164 eandem
1920 2142 2066 2165 naturam
2097 2134 2217 2174 aliquid
2247 2134 2393 2164 movetur
2414 2135 2456 2165 ad
2477 2134 2627 2177 medinm

1561 2185 1591 2209 et
1606 2178 1788 2214 terminum,
1813 2185 1848 2208 ut
1869 2185 1957 2217 patet
1979 2178 2011 2208 in
2026 2178 2172 2217 gravibus
2196 2185 2228 2208 et
2241 2178 2379 2214 levibu33
2402 2178 2447 2210 ita
2464 2178 2627 2221 appetitas

1561 2233 1616 2263 per
1639 2222 1773 2253 eandem
1796 2222 1944 2254 virtutem
1966 2223 2075 2253 tendat
2096 2222 2130 2253 in
2152 2221 2249 2254 finem
2273 2228 2309 2255 ut
2331 2222 2539 2262 terminum,
2539 2220 2627 2272 flgiti

1561 2267 1649 2307 quod
1672 2273 1720 2297 est
1742 2266 1781 2297 ad
1804 2265 1901 2297 finem
1924 2273 1958 2297 ut
1982 2266 2134 2304 medium.
2539 2230 2600 2295 Ὗ·

1615 2311 1667 2342 Ad
1690 2310 1824 2341 dubium
1848 2317 1955 2341 autem
1970 2311 2009 2341 ad
2031 2301 2206 2346 hominem,
2232 2309 2341 2340 dicta
2333 2319 2366 2343 ln
2381 2305 2486 2341 Prima
2506 2304 2633 2355 Secun

1559 2354 1645 2385 dae*
1660 2353 1814 2395 approbo,
1832 2353 1986 2385 adiunctis
2003 2353 2162 2384 dicendis
2154 2363 2186 2383 in
2200 2353 2308 2384 hecet
2321 2354 2464 2395 sequenti
2482 2342 2633 2386 artictssf).

1613 2398 1653 2429 V.
1674 2398 1709 2428 In
1729 2398 1936 2438 responsione
1955 2398 1995 2428 ad
2012 2397 2151 2434 tertium,
2168 2398 2293 2428 adverte
2311 2396 2378 2428 tria.
2403 2397 2520 2434 Primo,
2534 2396 2631 2440 qued

1560 2442 1702 2473 formalis
1725 2442 1891 2482 responsio
1915 2442 1954 2472 ad
1976 2448 2202 2481 argumentum
2223 2441 2367 2473 consistit
2388 2441 2422 2472 in
2444 2442 2517 2479 hoc,
2536 2450 2580 2484 qu
2559 2443 2633 2480 und>

1559 2486 1726 2526 prudentia
1749 2496 1816 2517 non
1838 2486 1989 2526 praecipit
2007 2486 2114 2517 virtuti
2132 2485 2248 2517 morali
2270 2485 2462 2526 simpliciter,
2486 2487 2553 2519 sed
2560 2487 2630 2522 dier

1555 2531 1704 2571 ponendo
1728 2540 1765 2560 ea
1789 2540 1871 2571 quae
1892 2536 1968 2561 sunt
1990 2530 2032 2561 ad
2044 2530 2161 2571 finem.
2611 2557 2613 2568 ,

1619 2575 1777 2611 Secundo,
1796 2574 1887 2615 quod
1907 2585 1943 2605 ex
1958 2575 2072 2605 eodem
2093 2573 2199 2604 medio
2219 2580 2343 2614 poterat
2362 2573 2451 2613 argui
2471 2584 2488 2604 e
2506 2560 2627 2613 contra,

1559 2618 1794 2650 subsumendo:
1819 2617 1880 2649 Sed
1898 2619 1997 2650 virtus
2017 2617 2145 2649 moralis
2164 2624 2211 2648 est
2229 2618 2268 2648 de
2283 2616 2358 2648 fine.
2384 2626 2458 2658 ergo
2475 2610 2627 2661 praecipit

1560 2660 1754 2704 prudentiae,
1772 2671 1808 2693 ex
1824 2672 1890 2703 quo
1907 2661 1975 2703 ipsa
1990 2672 2056 2693 non
2077 2668 2123 2692 est
2138 2662 2177 2692 de
2192 2661 2272 2692 fine:
2297 2668 2328 2692 et
2345 2670 2382 2692 ex
2397 2661 2460 2693 hoc
2484 2662 2629 2704 sequitur

1560 2707 1650 2748 quod
1671 2707 1771 2737 virtus
1793 2707 1923 2737 moralis
1945 2713 1993 2737 est
2014 2706 2153 2737 nobilior
2176 2705 2369 2756 prudentia.
2384 2706 2451 2737 Nec
2473 2706 2627 2744 evadiuar,

1560 2759 1596 2783 ut
1618 2751 1651 2782 in
1673 2750 1778 2781 Prima
1801 2750 1966 2782 Secundae
1980 2750 1998 2771 *
2021 2750 2192 2787 dicebatur,
2214 2749 2292 2791 ‚quia
2317 2750 2490 2790 prudentia
2513 2750 2627 2792 dirigit
2651 2760 2661 2770 ⁴·

1561 2797 1592 2827 in
1617 2794 1861 2845 praestituendo
1881 2795 1997 2835 finem.
2035 2794 2110 2825 Ideo
2133 2796 2262 2825 ‘Auctor
2291 2793 2368 2824 ha'ec
2391 2800 2501 2825 tractat
2522 2794 2556 2825 in
2578 2804 2625 2826 re-

1560 2839 1733 2880 sponsione
1757 2838 1825 2869 hac.

1615 2882 1741 2918 Tertio,
1766 2881 1855 2922 quod
1877 2881 1954 2913 haec
1977 2881 2143 2912 difficultas
2174 2881 2212 2911 de
2236 2880 2454 2921 superioritate
2482 2887 2514 2912 et
2535 2876 2625 2913 nohi-

1559 2927 1645 2958 litate
1668 2926 1749 2957 inter
1768 2926 1916 2957 virtutem
1939 2926 2094 2956 moralem
2108 2932 2140 2955 et
2161 2924 2371 2966 prudentiam,
2396 2926 2530 2956 obscura
2553 2934 2626 2967 pro-

1560 2978 1666 3012 pterea
1681 2971 1756 3011 quia
1773 2970 1873 3001 virtus
1896 2970 2026 3000 moralis
2049 2971 2095 3000 est
2117 2970 2156 2999 de
2179 2968 2252 3006 fine,
2269 2969 2437 3008 prudentia
2458 2971 2626 3002 aute-uide

1561 3015 1609 3046 his
1623 3024 1706 3056 quae
1722 3021 1796 3046 sunt
1809 3014 1852 3045 ad
1865 3013 1972 3052 finem,
1988 3014 2022 3044 in
2037 3013 2235 3054 praecedenti
2253 3013 2345 3049 libro,
2361 3014 2435 3044 loco
2451 3013 2625 3055 allegamss3

1561 3059 1665 3090 soluta
1700 3066 1746 3089 est
1769 3058 1950 3098 dupliciter:
1986 3057 2108 3098 primo,
2141 3057 2217 3098 quia
2249 3057 2418 3098 prudentia
2456 3065 2502 3089 est
2531 3057 2626 3096 etiam

1562 3104 1600 3134 de
1623 3102 1686 3133 fine
1709 3101 1873 3143 applicite;
1907 3102 2065 3139 secundo,
2092 3101 2167 3142 quia
2188 3101 2287 3132 virtus
2319 3100 2447 3131 moralis
2468 3111 2544 3142 ‘non
2580 3098 2627 3134 est

1561 3147 1599 3178 de
1632 3145 1694 3177 fine
1727 3147 1845 3187 absque
1875 3145 2107 3176 mendicatione
2142 3154 2159 3175 a
2189 3144 2365 3186 prudentia.
2405 3144 2447 3176 Et
2480 3144 2626 3187 quamvis

1561 3198 1733 3232 utrumque
1757 3191 1874 3221 horum
1898 3190 1938 3221 sit
1958 3199 2070 3220 verum
2094 3190 2127 3220 in
2149 3199 2192 3226 se,
2217 3196 2248 3220 et
2270 3189 2416 3220 nonnihil
2437 3190 2627 3230 responden

1562 3235 1752 3271 difficultati:
1789 3234 1907 3266 solutio
1931 3241 2037 3265 tamen
2060 3233 2250 3265 difficultatis
2273 3233 2455 3273 simpliciter
2477 3233 2551 3266 hinc
2573 3244 2625 3265 su-

1561 3280 1676 3310 menda
1699 3287 1754 3316 est,
1770 3278 1861 3319 quod
1878 3278 2027 3309 virtutem
2049 3277 2191 3319 aliquam
2214 3287 2280 3308 esse
2302 3276 2375 3311 finis
2390 3277 2499 3309 contin
2499 3278 2545 3319 git
2565 3278 2626 3312 du-

1562 3323 1695 3364 pliciter:
1719 3322 1836 3354 scilicet
1860 3322 2028 3358 execufive,
2044 3329 2074 3353 et
2089 3320 2315 3353 auctoritative.
2339 3320 2446 3353 Virtus
2468 3321 2523 3354 illa
2534 3331 2625 3373 que?

1562 3335 1608 3398 epst
1641 3361 1679 3397 de
1709 3366 1770 3397 fine
1794 3366 1952 3398 executive
1990 3376 2045 3406 per
2074 3365 2211 3396 modum
2242 3364 2424 3405 exequentis
2457 3365 2558 3397 tendit
2591 3364 2624 3396 in

1560 3411 1662 3447 illum,
1687 3418 1722 3441 ut
1737 3417 1823 3451 patet
1838 3410 1871 3440 in
1887 3409 2038 3441 omnibus
2057 3409 2226 3440 executivis
2242 3408 2376 3439 artibus:
2399 3408 2498 3440 virtus
2518 3406 2625 3440 autem

1561 3455 1614 3486 illa
1637 3464 1718 3495 quae
1748 3461 1794 3485 est
1817 3454 1856 3485 de
1878 3453 1941 3485 fine
1971 3454 2187 3485 auctoritative
2220 3452 2355 3484 intendit
2384 3453 2489 3493 primo
2522 3453 2623 3489 illum,

1562 3506 1592 3529 et
1611 3499 1690 3529 circa
1709 3498 1798 3529 illum
1819 3505 1960 3529 versatur
1978 3505 2049 3529 ante
2069 3507 2199 3528 omnem
2222 3496 2419 3528 electionem.
2442 3496 2625 3529 Differentia

2652 2360 2718 2408 c,Qu
2723 2365 2785 2386 uvi.
2796 2364 2838 2382 nrt.
2843 2366 2864 2389 3,

2653 2386 2786 2408 C.omment
2794 2393 2862 2408 num.

2652 2419 2686 2434 xit
2700 2419 2752 2441 sqq.

2679 2758 2716 2781 Cf.
2731 2764 2794 2781 num.
2812 2765 2837 2780 ιι.

2651 3017 2793 3045 'comment
2799 3023 2862 3041 num.

2651 3049 2705 3067 mv.
