2892 4056
386 201 460 237 336

384 286 630 327 praeceptum
659 278 822 327 impletY
861 277 950 313 nihil
987 283 1117 312 contra
1146 275 1316 312 divinam
1354 275 1443 312 dile-

386 331 552 368 ctionem
581 343 709 378 agens,
739 342 817 367 non
845 337 977 377 peccat
1005 327 1221 364 mortaliter.

438 386 496 420 An
525 395 683 420 TERTmM
719 394 903 419 D1CEND1JM
933 381 1052 429 quod,
1083 380 1178 416 sicut
1210 380 1443 427 Augustinus

386 436 485 482 dicit,
516 436 552 472 in
572 437 667 472 libro
692 436 737 471 de
754 435 910 481 Peffect.
931 433 1048 469 Iustit.
1069 432 1108 468 *z
1144 433 1223 469 Cur
1241 445 1314 469 non
1329 444 1442 480 prae-

980 197 1244 244 QUAESTIO
1274 197 1415 244 XLIV,
1444 195 1738 233 ARTICULUS
1765 195 1847 242 VII,
1867 195 1953 231 VIII

1496 276 1680 322 ciperetur
1706 273 1851 310 homini
1881 273 1949 309 ista
1972 274 2169 321 perfectio,
2199 275 2370 323 quamvis
2402 287 2486 312 eam
2515 276 2552 312 in

1496 329 1568 363 h'ac
1586 326 1662 363 vita
1691 337 1799 362 nemo
1819 324 1986 362 haheat?
2013 325 2104 363 Non
2133 326 2232 363 enim
2258 333 2358 364 recte
2378 328 2554 374 curritur,

1496 380 1530 415 si
1555 390 1628 426 quo
1657 378 1885 414 currendum
1914 383 1968 414 est
1985 378 2182 415 nesciatur.
2216 379 2410 420 Quomodo
2429 387 2555 418 autem

1469 420 1471 481 2
1496 432 1665 476 sciretur,
1694 431 1728 467 si
1754 430 1864 467 nullis
1886 431 2096 479 praeceptis
2124 432 2403 469 ostenderetur?

439 549 465 582 γ)
485 548 584 579 implet.
601 561 619 566 -
638 553 689 571 non
705 546 795 577 implet
809 545 953 570 PDGHRsx
971 549 996 568 et
1008 551 1041 573 a;
1061 549 1121 577 post
1133 544 1199 569 nihil
1212 552 1244 569 sx
1257 544 1326 569 addit
1338 547 1444 573 tamem·
1463 551 1575 576 sequens
1596 550 1646 568 non
1667 550 1719 567 om.
1738 544 1769 568 Α.

1559 611 1602 618 Ν-

1163 669 1481 712 ARTICULUS
1511 669 1778 712 SEPTIMUS

682 763 837 794 UTRUM
861 762 1203 794 CONVENIENTER
1225 762 1374 793 DETuR
1396 761 1689 793 PRAECEPTUM
1713 762 1770 793 DE
1793 762 2058 795 DILECT-IONE
2082 762 2261 794 PROXIMI

695 841 737 866 De
757 841 842 866 Duob.
862 841 955 865 Praec.
977 840 1062 865 Carit.
1081 845 1138 871 etc„
1158 848 1214 873 cap.
1232 848 1276 872 vn,
1294 848 1354 872 vm;
1374 841 1416 865 De
1433 840 1546 873 Per-fect.
1567 840 1642 865 Vitae
1660 841 1763 872 Spirit„
1784 848 1839 873 cap.
1857 848 1902 866 xm
1909 849 1917 873 ;
1938 841 1967 866 In
1986 841 2094 871 Matth„
2115 849 2171 875 cap.
2189 848 2256 872 xx11;

1046 876 1090 900 Ad
1106 876 1194 905 Rom„
1213 883 1269 909 cap.
1287 883 1340 907 xm,
1359 876 1416 901 lect.
1433 883 1468 907 113
1482 876 1526 900 Ad
1547 876 1645 904 Galat„
1665 883 1721 908 cap.
1738 883 1763 907 v,
1782 876 1840 901 lect.
1858 884 1895 902 m.

594 958 615 982 D
631 957 810 983 ΞΕΡτιΜυΜ
829 958 883 983 310
902 957 1143 984 PROCEDITUR.
1163 946 1322 983 Videtur
1336 946 1440 995 quod

469 1033 497 1047 ,Δ
521 999 571 1048 ,3
594 999 907 1036 inconvenienter
926 999 1035 1036 detur
1053 1007 1301 1048 praeceptum
1321 1000 1369 1037 de
1388 999 1440 1037 di-

402 1083 423 1099 „
446 1050 503 1095 ,Η
530 1037 581 1096 ''ff‘'
591 1051 754 1088 lectione
782 1051 957 1100 proximi.
993 1051 1154 1102 Dilectio
1181 1052 1282 1089 enim
1312 1052 1439 1089 carita-

397 1097 535 1141 51534'4‘)
549 1097 579 1137 Na«
591 1105 639 1141 tis
660 1105 708 1142 ad
729 1117 863 1142 omnes
883 1104 1060 1142 homines
1081 1105 1301 1152 extenditur,
1327 1105 1440 1142 etiam

384 1158 432 1195 ad
448 1158 643 1203 inimicos;
664 1165 709 1194 -ut
726 1165 829 1207 patet
847 1158 980 1195 Matth.
1001 1170 1025 1193 v
1045 1158 1076 1194 ³⁶.
1103 1157 1180 1194 Sed
1199 1169 1340 1195 nomen
1354 1170 1442 1206 pro-

383 1211 471 1247 ximi
510 1210 690 1259 importat
727 1210 921 1259 quandam
960 1210 1305 1258 propinquitatem,
1342 1222 1441 1258 quae

384 1276 461 1300 non
494 1263 644 1300 videtur
679 1263 811 1300 haberi
848 1263 896 1300 ad
929 1274 1065 1299 omnes
1108 1263 1295 1299 homines.
1339 1263 1440 1310 Ergo

382 1317 532 1353 videtur
561 1317 664 1364 quod
694 1315 1005 1353 inconvenienter
1040 1315 1148 1352 detur
1182 1316 1258 1352 hoc
1289 1327 1442 1364 praece-

383 1377 504 1418 ptum.

438 1434 472 1459 2.
502 1422 734 1468 PRAETEREA,
765 1421 976 1458 secundum
1003 1420 1295 1470 Philosophum,
1324 1421 1362 1458 in
1391 1422 1442 1458 IX

501 987 509 995 .,
531 970 569 1013 τ<

191 1488 202 1503 ³
228 1488 356 1530 „ph-¹¹3¹}
382 1475 502 1512 Ethic.
519 1477 550 1521 ⁹⁹,
566 1474 780 1511 amicabilia
795 1486 892 1522 quae
909 1479 996 1510 sunt
1018 1474 1069 1511 ad
1086 1474 1244 1510 alterum
1263 1480 1445 1511 venerunt

230 1525 259 1556 ec'
277 1541 307 1561 w,
333 1541 356 1556 ¹¹·
384 1540 433 1564 ex
460 1527 718 1564 amicabilibus
745 1538 842 1575 quae
872 1533 959 1564 sunt
987 1527 1039 1563 ad
1063 1527 1246 1575 seipsum:
1292 1539 1337 1563 ex
1365 1539 1442 1575 quo

382 1580 532 1618 videtur
551 1581 656 1629 quod
676 1580 823 1617 dilectio
853 1580 909 1616 sui
937 1579 1054 1627 ipsius
1073 1579 1119 1616 sit
1136 1579 1366 1628 principium
1384 1579 1444 1617 di-

384 1634 551 1671 lectionis
579 1633 752 1682 proximi.
801 1632 877 1669 Sed
905 1632 1132 1682 principium
1160 1632 1285 1681 potius
1315 1639 1370 1668 est
1398 1644 1443 1669 eo

385 1687 489 1735 quod
527 1694 582 1722 est
615 1699 659 1722 ex
686 1685 885 1734 principio.
932 1686 1035 1733 Ergo
1069 1697 1148 1722 non
1177 1685 1288 1722 debet
1323 1686 1443 1722 homo

385 1739 537 1787 diligere
566 1738 784 1787 proximu-m
813 1738 908 1774 sicu-t
936 1737 1115 1786 seipsum.

439 1794 473 1829 3.
495 1793 728 1838 PRAETEREA,
756 1791 877 1827 homo
897 1790 1064 1839 seipsum
1085 1789 1198 1838 diligit
1216 1790 1443 1838 naturaliter,

384 1857 462 1881 non
477 1852 605 1881 autem
620 1844 856 1892 proximum.
879 1843 1197 1880 Inconvenienter
1213 1843 1326 1891 igitur
1339 1855 1446 1880 man-

384 1899 494 1935 datur
508 1898 612 1947 quod
631 1898 750 1934 homo
767 1896 893 1944 diligat
910 1896 1131 1945 proximum
1151 1895 1245 1932 sicut
1264 1896 1443 1946 seipsum.

438 1952 512 1987 SED
541 1961 687 1987 CONTRA
701 1961 771 1986 EST
790 1950 894 1999 quod
910 1949 1048 1986 dicitur
1067 1949 1201 1986 Matth.
1221 1961 1293 1985 xxn
1312 1948 1352 1986 *τ
1382 1950 1444 1985 Se-

382 2004 547 2041 cundum
569 2009 813 2051 praeceptum
841 2008 896 2039 est
910 2002 1031 2039 simile
1053 2003 1160 2039 huic.-
1189 2002 1334 2052 Diliges
1354 2013 1445 2050 pro-

382 2057 530 2093 ximum
559 2062 663 2093 tuum
691 2056 784 2092 sicut
811 2056 978 2104 teipsum.

434 2110 663 2146 Rssposnno
678 2120 862 2146 mCENDUM
878 2110 982 2156 quod
1002 2108 1076 2145 hoc
1093 2115 1339 2156 praeceptum
1357 2120 1445 2144 con-

382 2162 580 2199 venienter
603 2161 782 2198 traditur:
825 2161 988 2209 tangitur
1017 2161 1119 2199 enim
1157 2161 1195 2198 in
1224 2173 1270 2197 eo
1301 2167 1337 2197 et
1366 2160 1446 2198 dili-

383 2215 497 2263 gendi
525 2214 618 2252 ratio
649 2222 686 2251 et
713 2214 921 2252 dilectionis
949 2214 1102 2251 modus.
1148 2213 1260 2250 ‘Ratio
1290 2213 1445 2262 quidem

385 2268 563 2316 diligendi
590 2267 752 2316 tangitur
772 2273 790 2289 α
818 2279 863 2304 ex
891 2279 936 2303 eo
965 2267 1069 2316 quod
1092 2267 1293 2316 proximus
1325 2266 1446 2303 nomi-

385 2329 514 2358 natur:
555 2327 712 2369 propter
747 2321 822 2357 hoc
860 2320 962 2357 enim
1001 2331 1045 2356 ex
1079 2319 1232 2356 caritate
1262 2319 1447 2356 debemus

439 2435 465 2467 α)
485 2434 618 2467 tangitur.
635 2448 654 2452 —
673 2434 793 2458 traditur
811 2432 1092 2463 ABCEFGHIKLxsm
1107 2441 1154 2466 pro
1173 2440 1210 2458 ex
1227 2440 1257 2458 eo
1273 2433 1351 2465 quod,
1365 2440 1403 2458 ex
1415 2439 1446 2457 eo

385 2471 447 2503 quia
465 2470 558 2498 ABFa,
578 2470 604 2495 in
623 2477 654 2495 eo
673 2470 745 2502 quod
763 2469 796 2494 G.

1494 945 1587 982 alios
1607 945 1773 994 diligere,
1800 947 1893 994 quia
1920 953 2007 984 sunt
2034 946 2148 984 nobis
2174 946 2339 996 proximi
2367 954 2404 984 et
2426 959 2560 985 secun-

1495 998 1588 1036 dum
1618 1000 1830 1039 naturalem
1858 999 1931 1036 Dei
1959 999 2166 1047 imaginem
2196 1006 2232 1036 et
2259 1001 2473 1037 secundum
2498 1012 2559 1038 ca-

1493 1051 1695 1100 pacitatem
1715 1052 1868 1099 gloriae.
1898 1053 1982 1088 Nec
2010 1053 2122 1089 refert
2148 1059 2274 1089 utrum
2305 1052 2448 1089 dicatur
2467 1065 2559 1102 pro-

1494 1104 1622 1140 ximus
1648 1105 1711 1141 vel
1735 1106 1888 1152 frater,
1916 1112 1958 1141 ut
1990 1105 2152 1142 habetur
2180 1106 2194 1142 1
2224 1106 2329 1142 Ioan.
2359 1117 2395 1142 iv
2417 1105 2454 1152 *;
2496 1107 2559 1144 vel

1495 1157 1659 1202 amicus,
1689 1163 1731 1192 ut
1756 1157 1919 1194 habetur
1947 1158 2037 1193 Lev.
2057 1157 2170 1194 xix*:
2213 1157 2303 1205 quia
2328 1170 2400 1206 per
2427 1159 2558 1197 omnia

1495 1209 1592 1245 haec
1621 1208 1758 1245 eadem
1786 1209 1949 1246 affinitas
1977 1209 2203 1257 designatur.

1549 1261 1693 1298 Modus
1720 1269 1849 1298 autem
1879 1261 2088 1299 dilectionis
2115 1261 2277 1309 tangitur
2296 1274 2385 1299 cum
2412 1262 2557 1312 dicitur,

1494 1314 1591 1350 sicut
1616 1314 1783 1362 teipsum.
1814 1314 1932 1361 Quod
1959 1326 2038 1351 non
2067 1322 2122 1351 est
2139 1314 2423 1362 intelligendum
2442 1328 2560 1364 quan-

1496 1374 1579 1403 tum
1608 1368 1655 1404 ad
1683 1367 1758 1403 hoc
1787 1367 1891 1416 quod
1928 1367 2062 1416 aliquis
2097 1367 2316 1416 proximum
2354 1369 2561 1416 aequaliter

1497 1419 1568 1456 sibi
1586 1417 1601 1448 β
1630 1419 1772 1467 diligat3
1802 1420 1870 1457 sed
1889 1419 2060 1457 similiter
2077 1419 2160 1457 sibi.
2189 1421 2240 1457 Et
2257 1421 2332 1457 hoc
2355 1420 2558 1469 tripliciter.

1497 1472 1627 1509 Primo
1657 1473 1823 1521 quidem,
1854 1485 1899 1509 ex
1925 1480 2032 1521 parte
2059 1473 2167 1510 finis:
2196 1480 2237 1510 ut
2260 1473 2399 1510 scilicet
2427 1474 2560 1523 aliquis

1499 1524 1626 1573 diligat
1643 1526 1862 1574 proximum
1881 1533 2038 1575 propter
2060 1527 2201 1573 Deum,
2222 1526 2316 1563 sicut
2335 1534 2372 1563 et
2390 1526 2559 1576 seipsum

1497 1585 1654 1627 propter
1679 1580 1808 1616 Deum
1838 1579 1951 1615 debet
1979 1579 2153 1626 diligere3
2187 1586 2230 1615 ut
2257 1579 2310 1616 sic
2337 1579 2383 1616 sit
2410 1579 2560 1617 dilectio

1497 1631 1661 1679 proximi
1688 1637 1830 1669 sancta.
1851 1652 1875 1659 -
1905 1632 2097 1679 Secundo,
2127 1643 2173 1668 ex
2199 1639 2306 1681 parte
2334 1634 2486 1680 regulae
2506 1633 2560 1670 di-

1498 1683 1693 1721 lectionis:
1735 1692 1778 1721 ut
1815 1684 1955 1721 scilicet
1991 1684 2126 1734 aliquis
2163 1697 2242 1722 non
2280 1685 2562 1723 condescendat

1498 1737 1675 1785 proximo
1712 1737 1751 1774 in
1779 1737 1906 1785 aliquo
1935 1737 2059 1785 malo,
2098 1738 2166 1775 sed
2202 1738 2327 1774 solum
2362 1738 2402 1775 in
2434 1739 2559 1786 bonis,

1499 1790 1595 1826 sicut
1632 1797 1670 1826 et
1705 1802 1796 1827 suae
1824 1790 2012 1827 voluntati
2040 1789 2252 1827 satisfacere
2288 1791 2403 1828 debet
2438 1792 2560 1829 homo

1499 1843 1624 1879 solum
1643 1842 1682 1879 in
1701 1842 1833 1888 bonis;
1861 1850 1904 1879 ut
1923 1842 1976 1879 sic
1995 1842 2040 1879 sit
2059 1842 2208 1879 dilectio
2228 1843 2390 1891 proximi
2415 1844 2559 1881 iusta.-

1499 1895 1652 1942 Tertio,
1683 1908 1728 1932 ex
1755 1903 1861 1944 parte
1899 1895 2054 1932 rationis
2084 1895 2311 1932 dilectionis:
2354 1903 2395 1933 ut
2421 1895 2563 1935 scilicet

1499 1961 1578 1986 non
1607 1948 1734 1996 diligat
1761 1947 1895 1997 aliquis
1930 1948 2149 1997 proximum
2178 1956 2335 1998 propter
2365 1948 2562 2001 propriam

1498 2001 1695 2038 utilitatem
1722 2002 1785 2038 vel
1805 2001 2108 2049 delectationem,
2138 2001 2206 2039 sed
2226 2014 2271 2038 ea
2289 2001 2436 2039 ratione
2455 2002 2562 2053 quod

1498 2054 1588 2091 velit
1606 2054 1783 2103 proximo
1812 2055 1972 2101 bonum,
1991 2054 2090 2091 sicut
2102 2055 2188 2091 vult
2206 2055 2354 2092 bonum
2378 2054 2453 2092 sibi
2472 2054 2560 2105 ipsi3

1498 2115 1541 2144 ut
1569 2107 1620 2144 sic
1649 2107 1795 2144 dilectio
1824 2107 1987 2156 proximi
2015 2107 2061 2144 sit
2087 2119 2190 2144 vera.
2225 2108 2328 2144 Nam
2358 2119 2446 2144 cum
2476 2108 2564 2158 quis

1500 2160 1616 2208 diligit
1633 2160 1853 2209 proximum
1881 2168 2037 2209 propter
2060 2172 2170 2197 suam
2196 2159 2393 2198 utilitatem
2413 2161 2476 2198 vel
2497 2161 2562 2198 d'e-

1498 2213 1751 2261 lectationem,
1782 2225 1860 2250 non
1887 2225 1978 2250 vere
2006 2212 2123 2260 diligit
2149 2213 2380 2263 proximum,
2410 2213 2478 2251 sed
2506 2225 2564 2251 se-

1499 2278 1639 2315 ipsum.
1882 2279 1887 2284 ·
2147 2285 2150 2288 ⁴

1550 2319 1602 2356 ‘Et
1629 2330 1698 2367 per
1720 2319 1805 2355 ¹hoc
1823 2326 1930 2367 patet
1957 2318 2156 2368 responsio
2185 2319 2242 2359 ad,
2261 2317 2423 2356 obiecta.

1471 2432 1474 2497 Ι
1553 2431 1578 2464 β)
1597 2433 1745 2464 aequaltter
1762 2432 1820 2457 sibi.
1838 2446 1857 2451 -
1875 2432 2024 2457 carnaliter
2047 2432 2098 2457 sibi
2120 2432 2328 2464 ABEFKLpr,
2348 2432 2398 2458 sibi
2416 2432 2565 2465 aequaliter

1499 2468 1627 2492 PDGHsn
1646 2473 1671 2493 et
1689 2475 1714 2497 a,
1734 2467 1880 2493 carnaliter
1899 2474 1943 2500 pn.

1158 2597 1477 2642 ARTICULUS
1508 2597 1780 2641 OCTAVUS

914 2691 1071 2722 UTRUM
1095 2691 1217 2722 oano
1241 2690 1473 2746 οΑ111τᾼτ13
1497 2690 1646 2722 CA‘DAT
1670 2691 1748 2722 suss
1771 2690 2029 2722 PRAECEPTO

954 2769 984 2793 111
1005 2769 1087 2798 Sent„
1108 2769 1166 2794 dist.
1184 2776 1248 2800 xxm,
1268 2774 1315 2794 art.
1338 2777 1358 2801 1,
1379 2769 1411 2794 ad
1431 2768 1461 2800 5;

419 2852 481 2889 {ss}
505 2861 574 2902 JK<
595 2851 618 2877 1)
638 2851 809 2876 OCTAVUM
828 2851 882 2876 slc
902 2851 1141 2876 euocanrrua.
1162 2840 1322 2876 Videtur
1340 2840 1445 2888 quod

419 2891 570 2951 '3¹1⁰
597 2893 691 2929 ordo
713 2892 873 2929 caritatis
897 2905 974 2929 non
995 2892 1105 2929 cadat
1133 2893 1203 2929 sub
1222 2899 1443 2941 praeceptO.

435 2941 438 2948 Δ
544 2945 841 2993 (Quicumque
870 2946 971 2982 enirn
999 2945 1270 2993 transgreditur
1292 2957 1446 2994 praece-

554 2989 703 3047 ptum
733 2998 907 3034 iniuriam
936 2998 1033 3035 facit.
1065 2998 1142 3035 Sed
1171 2999 1201 3035 si
1234 2998 1367 3048 aliquis
1393 2998 1447 3035 di-

386 3050 474 3098 ligat
501 3050 665 3098 aliquem
694 3058 879 3098 quantum
910 3052 1032 3098 debet,
1064 3059 1100 3088 et
1127 3052 1286 3088 alterum
1312 3063 1446 3100 quern-

387 3115 552 3152 cumque
584 3103 668 3151 plus
697 3103 836 3151 diligat,
867 3104 956 3140 nulli
990 3105 1076 3141 facit
1106 3104 1295 3141 iniuriam.
1343 3104 1445 3151 Ergo

387 3168 464 3192 non
484 3156 753 3203 transgreditur
772 3165 1029 3205 praeceptum.
1053 3158 1159 3194 Ordo
1181 3169 1270 3205 ergo
1286 3156 1447 3195 caritatis

387 3221 465 3245 non
493 3208 594 3245 cadit
621 3209 691 3245 sub
719 3217 935 3257 praecepto.

442 3273 477 3298 2.
503 3262 740 3308 PRAETEREA,
771 3274 815 3298 ea
848 3274 945 3310 quae
975 3262 1113 3299 cadunt
1141 3264 1211 3300 sub
1243 3269 1447 3311 praecepto

388 3314 616 3351 sufficienter
651 3315 763 3351 nobis
797 3315 996 3352 traduntur
1032 3315 1069 3351 in
1103 3328 1209 3352 sacra
1241 3315 1446 3363 Scriptura.

389 3368 464 3404 Sed
485 3368 580 3404 ordo
597 3368 756 3405 caritatis
775 3368 840 3417 qui
855 3380 968 3416 supra
983 3368 1002 3389 ²⁸
1021 3369 1166 3416 positus
1183 3376 1242 3404 est
1255 3380 1447 3416 nusquam

387 3421 542 3457 traditur
569 3421 679 3457 nobis
699 3421 737 3458 in
757 3433 862 3459 sacra
892 3421 1095 3469 Scriptura.
1126 3422 1228 3468 Ergo
1252 3433 1330 3458 non
1350 3421 1448 3457 cadit

387 3474 457 3510 sub
486 3481 701 3522 praecepto.

1482 2769 1522 2794 De
1543 2769 1648 2798 Virtut„
1669 2776 1714 2801 qu.
1732 2776 1760 2800 11,
1779 2773 1826 2794 art.
1845 2776 1870 2802 9,
1888 2769 1922 2794 ad
1945 2776 1984 2794 11.

1554 2841 1587 2876 3.
1626 2840 1868 2886 Paternum,
1912 2839 2008 2876 ordo
2048 2839 2328 2876 distinctionem
2367 2839 2562 2889 quandam

1498 2892 1687 2941 importat.
1719 2892 1796 2929 Sed
1815 2891 2030 2929 indistincte
2048 2892 2280 2940 praecipitur
2298 2891 2447 2930 dilectio
2475 2904 2564 2942 pro·-

1498 2945 1600 2989 ximi,
1631 2957 1717 2982 cum
1748 2945 1898 2982 dicitur:
1928 2945 2075 2995 Diliges
2097 2945 2320 2994 proximum
2341 2951 2445 2982 tuum
2470 2946 2567 2983 sicut

1499 2999 1654 3046 teipsum
1667 2998 1698 3035 ’¹‘.
1721 2999 1822 3046 Ergo
1843 2998 1938 3035 ordo
1964 2997 2124 3035 caritatis
2144 3009 2222 3034 non
2243 2998 2343 3035 cadit
2366 2999 2436 3036 sub
2455 3005 2564 3047 prue-

1501 3059 1623 3099 cepto.

1555 3104 1628 3140 SED
1648 3115 1794 3140 CONTRA
1812 3115 1879 3140 EST
1897 3104 2003 3153 quod
2028 3103 2119 3140 illud
2139 3103 2244 3152 quod
2264 3104 2371 3140 Deus
2394 3104 2433 3141 in
2452 3104 2564 3141 nobis

1500 3156 1585 3193 facit
1619 3168 1688 3205 per
1715 3156 1896 3205 gratiam,
1926 3157 2073 3193 instruit
2104 3168 2173 3206 per
2204 3156 2300 3204 'Iegis
2337 3164 2562 3205 praeceptat

1500 3209 1712 3246 secundum
1732 3209 1823 3246 illud
1843 3211 1975 3246 Ierem.
1996 3221 2078 3246 xxxi
2097 3209 2138 3245 *ε
2167 3210 2279 3246 Dabo
2297 3209 2419 3259 legem
2434 3220 2563 3246 meam

1501 3262 1537 3298 in
1567 3263 1740 3299 cordibus
1772 3274 1916 3299 eorum.
1966 3263 2041 3299 Sed
2079 3263 2185 3299 Deus
2222 3270 2353 3299 causat
2385 3262 2424 3299 in
2450 3262 2563 3299 nobis

1501 3315 1674 3351 ordinem
1695 3315 1876 3352 caritatis:
1906 3315 2118 3352 secundum
2139 3315 2230 3352 illud
2252 3316 2360 3352 Cant.
2382 3327 2405 3352 11
2423 3314 2460 3351 *z
2491 3315 2563 3352 07(-

1500 3368 1642 3404 dinavit
1669 3369 1705 3404 in
1734 3380 1794 3404 me
1821 3368 2025 3405 caritatem.
2056 3369 2159 3415 Ergo
2179 3367 2276 3405 ordo
2303 3367 2463 3404 caritatis
2491 3368 2561 3404 sub

1500 3427 1705 3468 praecepto
1734 3421 1824 3468 legis
1854 3421 1964 3458 cadit.

1472 3468 1476 3519 Ι
1555 3474 1779 3510 ΒΕεΡοΝυΕο
1808 3486 1991 3511 01οΕΝοοΜ
2020 3474 2138 3522 quod,
2164 3473 2258 3510 sicut
2286 3473 2426 3510 dictum
2455 3479 2512 3509 est
2529 3471 2561 3520 *,

2586 1115 2596 1126 ⁸
2610 1115 2676 1137 νει-3.
2692 1121 2729 1143 20,
2743 1121 2772 1137 21.

2586 1173 2595 1183 ⁶
2610 1171 2678 1193 Vcrn.
2693 1171 2726 1193 18.

2592 3019 2801 3048 ·Matt1=.cap.xxu,

2590 3051 2650 3068 ven.
2664 3052 2700 3075 39.

2590 3225 2718 3274 gygas:
2728 3225 2757 3247 cr.
2765 3225 2800 3247 aa

2591 3277 2623 3300 ¹⁶·
2641 3267 2647 3273 .
2681 3257 2800 3279 panero-

2589 3327 2600 3338 ⁸
2615 3326 2682 3350 Vera.
2695 3334 2719 3354 4.

2589 3481 2598 3490 ⁸
2608 3480 2659 3501 Art.
2669 3486 2693 3506 4,
2708 3480 2736 3501 nd
2751 3486 2767 3502 1.
