2892 4056
148 448 161 472 ’ὀ

50 553 58 561 ”
74 552 101 572 D·
116 557 164 579 543·

49 661 58 671 ⁸
73 660 128 681 Loc.
144 659 182 680 cit.

0 967 3 1007 ξ
49 974 59 986 ·
72 974 174 1001 111111,
193 980 232 1002 qu.

0 1009 3 1018 :
48 1006 128 1022 mlv-

147 1028 164 1058 t

5 1097 6 1101 =
50 1084 60 1096 ⁸
74 1084 167 1106 Comm.
182 1084 209 1111 in
226 1083 260 1114 ‚2-

5 1123 7 1126 ·
48 1111 202 1165 ’θῖιῇαὲἴὲ
214 1110 262 1163 {¹33

49 1169 109 1187 ven.
124 1169 146 1191 9.

943 201 1209 248 QUAESTIO
1238 201 1396 247 XXXII,
1426 198 1721 236 ARTICULUS
1750 197 1818 234 VII

285 283 440 334 proprie
457 288 619 320 vocatur
637 287 744 329 turpe
766 281 926 318 lucrum.
956 281 1073 328 Quod
1093 280 1195 317 enim
1216 280 1351 316 mulier

285 334 542 374 meretricium
572 341 762 381 exerceat,
791 334 947 383 turpiter
975 333 1049 381 agit
1078 341 1114 370 et
1142 340 1272 370 contra
1299 333 1351 369 le-

285 401 373 438 gem
393 387 486 426 Dei:
516 386 584 424 sed
603 386 641 423 in
662 399 708 423 eo
733 387 838 435 quod
857 386 1002 435 accipit,
1023 399 1102 423 non
1120 385 1256 422 iniuste
1277 385 1352 432 agit

286 454 358 479 nec
381 448 514 478 contra
540 440 665 487 legem
681 438 706 476 ὃ.
735 439 847 477 Unde
876 440 982 488 quod
1010 439 1204 476 51611116116
1224 438 1352 486 acqui-

286 495 400 532 situm
429 500 485 530 est
521 492 674 529 retineri
702 499 848 541 potest,
888 499 924 528 et
951 493 998 529 de
1028 503 1074 527 eo
1108 492 1353 539 eleemosyna

285 547 371 584 fieri
389 546 421 583 ⁸⁸.

338 601 397 636 An
425 609 563 635 prunum
595 609 694 634 ERGO
723 607 908 634 oicENDUM
940 595 1066 644 quod,
1102 596 1197 632 sicut
1224 598 1354 643 Augu-

286 652 405 690 stinus
433 651 533 698 dicit,
562 651 600 687 in
629 651 726 688 libro
754 650 800 686 de
828 649 936 686 Verb.
957 650 1071 685 Dom.
1088 648 1120 695 ³⁸,
1148 649 1241 686 illud
1268 661 1354 686 ver-

285 707 380 742 bum
408 704 565 741 Domini
593 703 748 752 quidam
780 702 881 738 male
908 701 1166 750 intelligendo,
1202 702 1358 749 rapiunt

285 769 346 794 res
363 757 519 802 alienas,
539 762 576 792 et
592 755 736 804 aliquid
753 754 850 791 inde*
861 754 1094 801 pauperihus
1120 754 1353 804 largiuntur,

286 816 321 847 et
341 815 482 859 putant
505 821 545 846 se
566 810 699 855 facere
725 807 828 856 quod
845 812 1092 854 praeceptum
1113 812 1176 843 est.
1205 807 1355 843 Intelle-

286 869 366 900 ctus
380 863 447 899 iste
461 861 710 911 corrigendus
724 865 787 897 est.
810 859 887 896 Sed
902 870 1032 895 omnes
1050 859 1203 895 divitiae
1221 859 1356 907 iniqui-

286 916 370 953 tatis
384 920 397 936 ⁸
425 915 611 960 dicuntur,
632 921 672 950 ut
700 913 790 951 dicit
815 911 855 948 in
882 911 978 948 libro
999 912 1045 948 de
1067 911 1357 953 Quaestionibus

286 968 492 1018 Evangelii
507 967 547 1012 *,
575 967 664 1014 quia
688 978 763 1003 non
790 969 877 1001 sunt
902 963 1080 1000 divitiaet
1100 964 1173 1000 nisi
1199 964 1354 1012 iniquis,

287 1021 354 1070 qui
369 1021 407 1057 in
427 1021 479 1056 eis
494 1031 600 1067 spem
622 1019 861 1055 constituunt.
876 1037 902 1045 -
916 1017 999 1064 Vel,
1021 1016 1235 1053 secundum
1263 1018 1357 1052 Am-

287 1073 460 1111 brosium
479 1071 519 1119 *‚
549 1072 719 1119 iniquum
751 1081 972 1107 mammona
1000 1070 1097 1106 dixit
1122 1069 1210 1118 quia
1238 1070 1357 1106 variis

287 1126 503 1164 divitiarum
522 1123 704 1161 illecebris
723 1129 869 1160 nostros
887 1127 1030 1159 tentat*
1049 1121 1219 1172 affectus.
1241 1143 1265 1150 -
1283 1122 1356 1159 Vel

288 1178 378 1229 quia
396 1178 434 1214 in
447 1177 623 1226 pluribus
635 1176 1000 1225 praedecessoribus,
1021 1175 1154 1224 quihus
1170 1175 1357 1224 patrimo-

288 1232 350 1269 nio
366 1230 547 1276 succedis,
567 1230 703 1278 aliquis
721 1231 909 1278 reperitur
926 1229 993 1276 qui
1009 1229 1143 1265 iniuste
1162 1229 1360 1276 usurpavit
1381 1235 1382 1253 1

287 1284 435 1330 aliena,
473 1283 645 1332 quamvis
673 1289 711 1319 tu
741 1283 907 1327 nescias;
942 1289 984 1318 ut
1011 1281 1171 1318 Basilius
1200 1281 1301 1318 dicit.
1331 1302 1356 1310 -

270 1336 359 1374 ‘Vel
389 1348 526 1373 omnes
555 1336 707 1373 divitiae
736 1336 915 1373 dicuntur
934 1335 1148 1382 iniquitatis,
1177 1333 1275 1371 idest
1302 1335 1357 1371 in—

289 1389 546 1439 aequalitatis,
584 1388 674 1438 quia
706 1400 786 1425 non
819 1388 1026 1437 aequaliter
1057 1394 1145 1424 sunt
1177 1387 1357 1424 omnibus

291 1441 532 1488 distributae,
561 1454 638 1478 uno
667 1447 803 1489 egente
835 1448 872 1477 et
904 1440 978 1477 alio
1007 1439 1355 1488 superabundante.

343 1497 402 1533 An
430 1506 621 1532 SECUNDUM
649 1505 834 1530 01611111)οΜ
863 1493 968 1540 quod
997 1493 1044 1529 de
1073 1492 1259 1541 acquisito
1287 1504 1358 1540 per

289 1547 547 1585 meretricium
565 1547 642 1583 iarn
655 1547 675 1568 *
694 1546 838 1583 dictum
859 1553 914 1582 est
933 1545 1093 1593 qualiter
1112 1545 1357 1593 eleemosyna

289 1601 372 1638 fieri
392 1599 514 1648 possit
527 1597 552 1636 θ,
583 1599 675 1635 Νο-11
695 1606 823 1635 31116111
842 1599 886 1635 fit
910 1598 957 1634 de
978 1610 1024 1634 eo
1045 1597 1275 1634 sacrificium
1294 1598 1358 1634 vel

290 1653 434 1690 oblatio
463 1651 512 1689 ad
540 1652 677 1699 altare,
705 1659 788 1688 tum
815 1658 974 1701 propter
1000 1651 1244 1696 scandalum3
1274 1658 1356 1687 tum

288 1712 446 1755 propter
474 1717 673 1742 sacrorum
700 1704 954 1742 reverentiam
970 1703 1001 1740 ³⁸.
1030 1724 1054 1732 -
1083 1705 1142 1740 De
1165 1715 1212 1739 eo
1243 1703 1357 1740 etiam

289 1758 396 1808 quod
424 1765 482 1794 est
514 1770 583 1806 per
610 1757 815 1794 simoniam
853 1756 1081 1805 acquisitum
1117 1763 1244 1805 potest
1274 1756 1359 1793 fieri

291 1812 557 1858 eleemosyna:
587 1810 676 1858 quia
705 1823 784 1847 non
809 1817 865 1847 est
892 1809 1064 1847 debitum
1085 1808 1120 1845 ei
1148 1809 1213 1857 qui
1241 1809 1357 1856 dedit,

290 1864 358 1902 sed
377 1870 546 1901 meretur
562 1863 655 1900 illud
676 1863 862 1900 amittere.
883 1885 908 1891 -
928 1862 1040 1899 Circa
1058 1862 1120 1898 illa
1139 1873 1234 1898 vero
1260 1874 1359 1910 quae

343 1975 368 2009 ὃ)
388 1977 484 2010 legem.
502 1989 522 1996 ·-
541 1977 595 2002 Dei
613 1977 713 2002 addunt
731 1977 827 2002 BDLR.

343 2011 366 2044 ε)
387 2011 547 2044 iniquitatis.
564 2026 581 2030 —
601 2019 753 2036 mammona
773 2011 922 2044 iniquitatis
942 2012 975 2037 G.

311 2082 317 2088 .
343 2046 369 2079 ζ)
389 2047 509 2072 divitiae.
522 2047 621 2071 -istae
640 2047 751 2072 divitiae
769 2046 912 2072 secundum
927 2045 1106 2080 Augustinum
1125 2046 1177 2076 Pa;
1195 2046 1302 2078 iniquae
1317 2046 1361 2070 ad-

293 2083 330 2107 da
343 2089 390 2151 ὦκ’
391 2120 487 2142 tentat.
504 2131 523 2136 —
540 2119 647 2142 tentant
665 2116 763 2142 PAGa.

344 2148 370 2185 0)
383 2152 480 2184 possit.
499 2166 518 2171 —
532 2155 623 2184 potest
640 2152 687 2176 Pas

2395 199 2469 245 257

1402 289 1472 326 per
1487 278 1589 314 aleas
1609 276 1854 325 acquiruntur
1868 273 2020 311 videtur
2041 286 2122 310 esse
2142 274 2283 322 aliquid
2302 274 2471 313 illicitum

1403 342 1449 366 ex
1476 330 1555 366 iure
1586 329 1737 366 divino:
1767 327 1907 365 scilicet
1935 327 2040 375 quod
2069 327 2202 375 aliquis
2229 327 2395 364 lucretur
2422 330 2471 365 ab

1403 383 1461 420 his
1481 383 1546 440 qui
1567 394 1649 418 rem
1669 393 1780 418 suam
1800 381 1967 417 alienare
1986 391 2066 416 non
2084 387 2257 428 possunt,
2274 380 2369 416 sicut
2389 389 2475 418 sunt

1405 436 1573 472 minores
1603 442 1640 471 et
1667 433 1799 470 furiosi
1820 441 1856 470 et
1875 432 2119 478 huiusmodi;
2149 440 2186 469 et
2214 433 2319 481 quod
2340 433 2475 482 aliquis

1404 489 1527 526 trahat
1546 487 1661 524 alium
1683 499 1728 523 ex
1749 486 1952 535 cupiditate
1979 485 2150 522 lucrandi
2178 486 2227 522 ad
2255 486 2409 532 ludum3
2441 494 2476 522 et

1405 541 1511 590 quod
1540 541 1796 577 fraudulenter
1824 539 1871 575 ab
1902 550 1948 574 eo
1978 539 2154 575 lucretur.
2184 539 2233 575 Et
2261 538 2299 575 in
2327 539 2386 575 his
2416 552 2475 575 ca-

1405 594 1509 631 sibus
1537 601 1687 630 tenetur
1715 592 1763 628 ad
1788 591 2083 628 restitutionem:
2115 599 2151 628 et
2179 591 2232 628 516
2252 591 2300 628 de
2321 603 2367 628 60
2397 604 2476 628 11011

1404 654 1532 696 potest
1546 647 1833 693 eleemosynam
1854 645 1990 681 facere.
2010 644 2166 691 Aliquid
2182 651 2311 681 autern
2325 644 2478 681 videtur

1406 712 1488 736 esse
1509 699 1665 736 ulterius
1683 697 1855 734 illicitum
1876 709 1921 733 ex
1940 697 2021 733 iure
2039 697 2206 746 positivo
2228 697 2341 744 civili,
2371 697 2476 745 quod

1405 752 1584 800 prohibet
1610 750 1874 788 universaliter
1893 750 1966 786 tale
1985 750 2135 786 lucrum
2154 750 2185 786 ³¹⁶.
2213 750 2291 786 Sed
2310 750 2400 798 quia
2419 750 2477 787 ius

1408 805 1516 842 civile
1546 817 1624 841 non
1645 804 1786 850 obligat
1815 814 1963 848 omnes,
1985 802 2053 839 sed
2083 814 2149 839 eos
2173 803 2277 839 solos
2297 803 2360 851 qui
2391 810 2479 840 sunt

1405 857 1465 894 his
1502 857 1650 904 legibus
1688 855 1864 901 subiecti3
1901 862 1937 891 et
1972 854 2110 891 iterum
2147 867 2217 903 per
2252 855 2479 893 dissuetudi-

1407 922 1498 946 nem
1533 908 1709 956 abrogari
1737 915 1883 956 potest:
1919 907 2007 944 ideo
2042 908 2146 956 apud
2177 908 2261 944 11105
2289 908 2356 956 qui
2392 916 2480 946 sunt

1405 962 1628 999 huiusmodi
1652 960 1799 1008 legibus
1820 960 2000 1006 obstricti,
2016 967 2194 997 tenentur
2212 961 2481 998 universaliter

1407 1015 1456 1051 ad
1490 1013 1767 1050 restitutionem
1802 1012 1867 1060 qui
1900 1013 2112 1058 lucrantur3
2149 1013 2220 1049 nisi
2257 1013 2354 1050 forte
2390 1026 2481 1051 con-

1407 1067 1520 1104 traria
1541 1066 1780 1103 consuetudo
1808 1066 2049 1114 praevaleat3
2079 1073 2144 1101 aut
2171 1065 2242 1102 nisi
2262 1066 2396 1114 aliquis
2425 1068 2480 1103 lu-

1407 1128 1533 1157 cratus
1553 1122 1599 1156 sit
1628 1119 1675 1155 ab
1697 1131 1743 1154 eo
1766 1118 1833 1167 qui
1851 1117 1961 1154 traxit
1981 1129 2070 1154 eum
2091 1118 2139 1155 ad
2159 1118 2307 1155 ludum.
2338 1121 2380 1156 In
2401 1132 2479 1169 quo

1408 1186 1499 1210 casu
1519 1185 1599 1210 non
1618 1178 1810 1208 teneretur
1824 1176 1832 1192 ²
1851 1170 2062 1218 restituere,
2083 1171 2172 1219 quia
2192 1171 2251 1207 ille
2271 1172 2336 1219 qui
2356 1173 2482 1210 amisit

1407 1239 1487 1263 non
1505 1233 1563 1262 651
1582 1225 1718 1273 dignus
1739 1224 1929 1272 recipere3
1950 1236 2021 1260 nec
2039 1231 2166 1272 potest
2186 1224 2284 1260 licite
2305 1225 2480 1273 retinere,

1406 1280 1470 1316 tali
1485 1280 1565 1316 iure
1584 1278 1749 1327 positivo
1771 1277 1948 1323 durante;
1969 1278 2072 1313 unde
2093 1277 2207 1314 debet
2227 1277 2274 1314 de
2293 1278 2368 1314 hoc
2385 1279 2482 1315 elee-

1407 1343 1614 1380 mosynam
1644 1331 1769 1367 facere
1797 1330 1836 1366 in
1864 1330 1940 1366 1106
1970 1342 2073 1366 casu.

1460 1387 1519 1422 Αι)
1548 1393 1709 1420 TERTlUM
1738 1395 1925 1420 DICENDUM
1958 1383 2063 1431 quod
2094 1382 2133 1419 in
2163 1395 2253 1420 casu
2290 1391 2482 1420 extremae

1407 1436 1641 1475 necessitatis
1666 1436 1798 1472 omnia
1824 1443 1911 1472 sunt
1929 1435 2163 1472 communia.
2193 1436 2306 1473 Unde
2335 1437 2421 1473 licet
2449 1437 2484 1473 ei

1407 1491 1473 1539 qui
1496 1490 1612 1526 talem
1632 1488 1898 1525 necessitatem
1926 1488 2065 1536 patitur
2085 1489 2258 1537 accipere
2289 1490 2335 1526 de
2357 1490 2482 1526 alieno

1407 1543 1456 1580 ad
1485 1542 1542 1579 sui
1572 1541 1909 1587 sustentationem,
1944 1540 1976 1576 si
2004 1553 2084 1577 non
2111 1541 2283 1578 inveniat
2317 1543 2382 1590 qui
2411 1542 2483 1579 sibi

1408 1595 1499 1634 dare
1527 1594 1630 1632 velit.
1667 1595 1716 1630 Et
1745 1594 1882 1630 eadem
1912 1593 2058 1629 ratione
2096 1593 2182 1630 licet
2209 1595 2352 1631 habere
2372 1601 2389 1616 ἰ
2419 1596 2484 1631 ali-

1407 1648 1502 1699 quid
1518 1648 1565 1685 de
1581 1647 1706 1684 alieno
1723 1654 1759 1683 et
1779 1647 1826 1683 de
1840 1647 1917 1683 hoc
1932 1646 2220 1695 eleemosynam
2243 1648 2351 1684 dare:
2373 1648 2484 1696 quin-

1406 1703 1529 1739 immo
1551 1708 1588 1737 et
1606 1700 1800 1748 accipere,
1831 1699 1861 1735 si
1890 1699 1997 1736 aliter
2029 1700 2226 1736 subveniri
2254 1713 2334 1737 non
2362 1702 2485 1749 possit

1407 1754 1676 1792 necessitatem
1704 1752 1874 1801 patienti.
1907 1752 1947 1788 Si
1975 1760 2105 1789 tamen
2134 1753 2218 1789 fieri
2246 1761 2374 1802 potest
2402 1754 2483 1791 sine

1408 1807 1592 1858 periculo,
1623 1807 1737 1844 debet
1765 1803 1972 1853 requisita*
1996 1805 2143 1842 domini
2161 1807 2360 1843 voluntate
2388 1820 2483 1855 pau-

1409 1861 1490 1910 peri
1519 1859 1725 1909 providere
1754 1865 1967 1894 extremam
2004 1858 2270 1896 necessitatem
2311 1860 2481 1908 patienti.

1465 1975 1484 2007 ι)
1504 1977 1650 2000 teneretur.
1667 1987 1686 1992 -
1705 1977 1810 2002 tenetur
1829 1973 1974 1998 PEGHLR.

1464 2011 1490 2042 κ)
1509 2010 1646 2034 habere.—
1663 2009 1771 2034 habenti
1794 2009 1876 2039 DGR,
1895 2009 1987 2034 haberi
2006 2009 2144 2039 EFLsAC,
2165 2009 2189 2034 si
2211 2010 2320 2035 haberet
2338 2009 2363 2041 15
2382 2017 2431 2043 pro
2449 2014 2484 2041 et,

1412 2050 1439 2071 et
1452 2047 1544 2078 potest
1564 2045 1610 2073 Pa,
1630 2052 1684 2068 om.
1702 2044 1745 2068 AF
1748 2044 1791 2069 Gl.

1465 2080 1493 2113 λ)
1514 2080 1590 2105 debet
1608 2079 1746 2112 requisita.
1759 2092 1779 2098 —
1792 2079 1825 2103 de
1840 2079 1969 2111 requisita
1982 2080 2023 2104 vel
2038 2087 2068 2104 re
2085 2080 2206 2112 quaesita
2218 2080 2484 2113 ABEFHILpCDKx,

1413 2117 1446 2141 de
1466 2123 1495 2141 re
1513 2116 1646 2148 acquisita
1664 2121 1694 2144 113
1714 2115 1790 2139 debet
1810 2120 1869 2139 ante
1884 2115 2002 2146 pauperi
2020 2116 2092 2147 ponit
2111 2116 2140 2140 Ρ.

969 2222 1306 2255 Commentario.
1328 2222 1582 2256 cardinalis
1605 2221 1811 2255 Caietani

297 2306 344 2370 In
367 2296 502 2328 articulo
526 2296 679 2336 septime,
704 2296 785 2327 circa
807 2296 1046 2328 distinctionem
1069 2298 1108 2327 de
1131 2298 1239 2329 illicite
1255 2298 1363 2339 acqui-

325 2341 397 2377 sito,
421 2340 558 2371 dubium
576 2340 712 2372 occurrit
733 2351 831 2380 penes
854 2341 934 2381 quid
952 2342 1123 2372 attenditur
1145 2342 1298 2373 iniustitia
1313 2353 1363 2373 36-

295 2384 451 2426 ceptionis
475 2391 506 2414 et
529 2384 666 2415 dationis
695 2385 873 2415 secundum
895 2395 938 2422 se,
962 2393 999 2416 ut
1021 2386 1225 2426 distinguitur
1254 2393 1364 2417 contra

293 2427 446 2460 iniustam
477 2428 696 2468 acceptionem
724 2429 776 2459 vel
807 2429 971 2459 dationem
1000 2440 1067 2460 non
1101 2431 1279 2461 secundum
1311 2441 1361 2467 se,

295 2473 351 2504 sed
374 2472 553 2503 secundum
584 2482 727 2509 causam,
752 2478 788 2502 ut
811 2472 849 2502 de
872 2473 958 2513 turpi
981 2473 1072 2504 lucro
1096 2474 1221 2504 dicitur.
1253 2474 1294 2505 Et
1317 2481 1365 2504 651

295 2517 376 2548 13110
400 2516 491 2547 dubii
514 2516 590 2557 quia
621 2516 707 2547 datio
733 2516 785 2546 vel
808 2515 949 2556 acceptio
979 2518 1156 2548 secundum
1183 2527 1216 2547 se
1240 2524 1295 2548 aut
1317 2525 1363 2548 at-

295 2560 438 2592 tenditur
467 2570 564 2601 penes
595 2560 760 2591 materiam
783 2566 946 2600 acceptam
968 2561 1019 2591 vel
1042 2561 1164 2597 datam;
1189 2567 1245 2592 aut
1267 2571 1365 2601 penes

295 2604 462 2636 materiam
484 2614 543 2645 pro
567 2615 632 2645 qua
655 2605 748 2635 datur
769 2605 820 2635 vel
842 2604 1003 2645 accipitur.
1029 2605 1061 2635 Si
1077 2606 1249 2636 attenditur
1267 2614 1365 2645 penes

296 2649 462 2680 materiam
485 2659 567 2690 quae
591 2649 684 2679 datur
705 2649 756 2680 vel
778 2648 945 2689 accipitur,
970 2649 1014 2680 sic
1037 2650 1125 2679 nulla
1154 2650 1295 2690 acceptio
1319 2656 1366 2680 est

296 2692 405 2731 illicita
429 2692 490 2722 nisi
514 2693 604 2723 cadat
618 2702 715 2732 super
736 2692 911 2724 indebitam
933 2693 1108 2730 materiam,
1124 2701 1202 2734 puta
1225 2694 1366 2724 alienum

296 2736 398 2770 invito
422 2735 566 2773 domino,
589 2743 626 2767 ut
649 2736 804 2776 contingit
826 2737 858 2767 in
881 2737 1000 2777 rapina,
1026 2737 1121 2774 furto,
1138 2748 1243 2769 usura.
1268 2738 1309 2768 Et
1325 2738 1365 2768 si-

298 2779 415 2812 militer
436 2780 526 2811 nulla
549 2780 635 2811 datio
660 2787 706 2811 est
727 2781 836 2811 illicita
858 2781 919 2811 nisi
943 2781 1034 2811 detur
1056 2781 1196 2812 indebita
1226 2782 1366 2818 materia,

297 2830 377 2865 puta
398 2825 549 2857 alienum.
573 2825 614 2855 Et
629 2824 683 2861 sic,
699 2834 773 2855 cum
795 2824 829 2855 in
853 2824 990 2855 simonia
1005 2831 1036 2856 et
1051 2826 1255 2856 subversione
1278 2826 1367 2856 iusti-

297 2869 359 2905 tiae
389 2869 477 2899 datio
501 2875 531 2900 et
553 2869 697 2908 acceptio
721 2869 812 2899 cadat
834 2879 930 2910 super
953 2869 1056 2900 debita
1083 2870 1222 2906 materia,
1251 2870 1368 2900 scilicet

298 2912 434 2954 pecunia
456 2912 594 2953 propria,
610 2913 798 2949 voluntarie,
815 2919 884 2949 etc.;
909 2923 975 2943 11011
991 2913 1048 2944 erit
1071 2914 1156 2945 datio
1173 2921 1204 2945 et
1226 2914 1367 2954 acceptio

300 2955 480 2998 secundum
503 2966 536 2986 se
559 2956 688 2988 iniusta.

355 2998 388 3031 Si
412 3005 520 3030 autem
543 3000 715 3031 attenditur
728 3010 825 3040 penes
848 3001 1013 3031 materiam
1032 3011 1091 3041 pro
1116 3012 1190 3042 qua,
1206 3001 1250 3032 sic
1273 3001 1368 3032 6113111

301 3053 360 3084 pro
384 3043 578 3079 meretricio,
601 3053 660 3083 pro
684 3043 840 3075 adulterio
870 3051 901 3076 et
923 3045 1109 3076 huiusmodi
1133 3046 1206 3076 dare
1236 3051 1267 3076 et
1289 3045 1367 3076 acci-

301 3096 375 3128 pere
399 3087 458 3118 erit
479 3088 658 3118 secundum
682 3098 714 3118 se
737 3088 904 3124 iniustum,
929 3089 1010 3120 sicut
1032 3089 1106 3120 dare
1129 3100 1188 3129 pro
1211 3089 1368 3120 beneficio

303 3131 512 3162 ecclesiastico
535 3131 586 3162 vel
609 3131 813 3163 subversione
834 3132 985 3163 iustitiae:
1017 3133 1188 3174 utrobique
1210 3133 1375 3174 siquidem.

303 3176 395 3206 datur
418 3181 448 3205 et
470 3174 623 3215 accipitur
644 3185 704 3215 pro
728 3183 799 3206 actu
822 3176 951 3216 peccati.

357 3218 394 3250 ΙΙ.
419 3219 471 3249 Ad
494 3219 555 3249 hoc
579 3218 693 3250 dicitur
724 3219 814 3260 quod
837 3220 923 3251 datio
946 3220 998 3251 vel
1020 3221 1163 3261 acceptio
1196 3231 1256 3260 pro
1279 3228 1368 3252 tanto

304 3262 418 3293 dicitur
433 3263 610 3293 secundum
625 3273 657 3293 se
680 3262 796 3300 illicita,
814 3264 889 3304 quia
913 3271 958 3294 est
972 3264 1042 3304 lege
1057 3264 1232 3304 prohibita;
1257 3272 1288 3296 et
1302 3275 1369 3296 non

302 3313 434 3347 propter
458 3305 623 3337 materiam
650 3317 709 3347 pro
734 3317 798 3347 qua
821 3315 877 3338 3111
903 3317 984 3348 quae
1017 3308 1110 3338 datur
1131 3307 1181 3339 vel
1205 3309 1367 3350 accipitur.

303 3351 396 3381 Unde
420 3350 495 3391 quia
519 3361 555 3381 ex
578 3351 764 3387 meretricio,
788 3351 947 3382 lenocinio
972 3358 1002 3382 et
1020 3352 1088 3382 aliis
1103 3352 1288 3384 huiusmodi
1302 3364 1369 3384 non

305 3401 351 3425 est
373 3394 532 3435 prohibita
556 3395 640 3425 datio
657 3395 707 3425 vel
730 3395 880 3436 acceptio,
896 3395 968 3426 ideo
991 3406 1058 3426 non
1075 3396 1222 3428 dicuntur
1243 3397 1368 3429 illicitae

305 3439 365 3468 nisi
385 3439 561 3469 secundum
585 3449 693 3469 causas
710 3449 792 3470 suas.
819 3439 853 3469 ln
877 3439 1013 3470 simonia
1032 3447 1139 3471 autern
1163 3447 1193 3472 et
1216 3441 1283 3472 eius
1302 3451 1367 3472 me-

306 3483 489 3519 diatoribus,
515 3489 545 3513 61
567 3483 599 3512 111
615 3482 726 3513 iudicis
751 3483 968 3523 corruptione,
989 3484 1064 3525 quia
1080 3485 1152 3515 dare
1177 3491 1207 3516 et
1230 3486 1368 3526 accipere

447 3544 557 3568 sunam
576 3543 676 3568 Tumor..
695 3543 728 3568 D.
740 3543 854 3568 Tnoimss
873 3544 906 3569 Τ.
925 3544 957 3569 V.

1412 2305 1459 2329 est
1481 2296 1690 2339 prohibitum,
1707 2297 1780 2327 ideo
1797 2297 1911 2328 dicitur
1934 2298 2023 2338 quod
2047 2304 2113 2328 tarn
2137 2298 2210 2328 dare
2227 2307 2326 2338 quam
2345 2297 2486 2337 accipere

1414 2349 1462 2373 est
1483 2342 1643 2372 illicitum.

1468 2387 1531 2417 Sed
1553 2386 1632 2416 haec
1658 2385 1840 2425 responsio,
1863 2385 1938 2416 licet
1961 2392 2070 2425 posset
2099 2385 2214 2415 habere
2246 2385 2357 2416 locum
2381 2385 2414 2415 in
2437 2385 2486 2415 his

1414 2440 1497 2471 quae
1520 2437 1596 2461 sunt
1626 2430 1711 2460 mala
1733 2430 1810 2470 quia
1832 2430 2010 2470 prohibita,
2035 2432 2116 2461 nou‘
2125 2437 2232 2460 tamen
2259 2431 2354 2460 habet
2376 2430 2486 2460 locum

1413 2474 1446 2504 in
1469 2474 1638 2514 prohibitis
1661 2474 1737 2514 quia
1761 2474 1854 2504 mala.
1879 2474 1973 2504 Unde
1997 2481 2125 2514 oportet
2140 2481 2196 2504 aut
2215 2474 2318 2504 dicere
2334 2474 2424 2514 quod
2439 2474 2487 2503 in-

1414 2524 1462 2548 ter
1487 2518 1561 2547 dare
1586 2523 1616 2547 et
1643 2517 1786 2557 accipere
1808 2517 1842 2547 in
1869 2518 2008 2548 simonia
2031 2525 2062 2548 et
2085 2518 2118 2548 in
2141 2518 2320 2548 meretricio
2351 2528 2418 2547 non
2441 2524 2489 2548 est

1415 2560 1590 2591 differentia
1617 2560 1678 2590 nisi
1707 2560 1784 2601 quia
1806 2561 1887 2591 illud
1911 2568 1958 2592 est
1987 2561 2187 2602 prohibitum
2211 2569 2242 2592 et
2264 2562 2327 2592 hoc
2350 2570 2430 2591 non:
2457 2568 2488 2592 et

1415 2615 1471 2645 per
1490 2605 1551 2635 hoc
1566 2611 1717 2635 neutrum
1740 2611 1787 2635 est
1803 2615 1839 2635 ex
1862 2611 1975 2635 natura
1998 2615 2056 2635 sua
2075 2605 2199 2635 malurn
2223 2605 2395 2636 moraliter.
2420 2607 2488 2636 Aut

1417 2655 1590 2690 utrumque
1613 2648 1701 2679 fateri
1725 2648 1857 2685 malum,
1882 2650 1936 2679 sed
1960 2649 2096 2679 alterum
2117 2649 2327 2689 prohibitum,
2351 2649 2488 2680 alterum

1416 2693 1619 2733 permissum.
1638 2695 1714 2728 Aut,
1731 2693 1866 2723 refutata
1879 2693 2086 2733 responsione
2102 2693 2196 2732 dicta,
2212 2694 2348 2724 alterum
2364 2693 2487 2723 malum

1417 2745 1448 2768 et
1463 2737 1598 2767 alterum
1621 2747 1689 2766 non
1705 2737 1827 2767 malum
1850 2737 1949 2773 fateri,
1967 2744 2002 2767 ut
2024 2737 2126 2768 littera
2142 2737 2292 2774 insinuat,
2309 2745 2340 2768 et
2359 2747 2488 2768 causam

1417 2791 1516 2822 quam
1539 2781 1722 2822 quaerimus
1747 2781 1934 2812 diversitatis
1956 2781 2096 2812 reddere.

1474 2825 1527 2855 111.
1545 2825 1644 2855 Aliter
1659 2835 1734 2864 ergo
1754 2825 1867 2855 dicitur
1882 2825 1971 2866 quod
1986 2825 2140 2856 iniustitia
2153 2825 2341 2855 huiusmodi
2357 2832 2488 2856 actuum

1417 2869 1591 2909 accipiendi
1616 2876 1646 2900 et
1669 2869 1765 2899 dandi
1788 2870 1962 2900 attenditur
1984 2879 2082 2909 penes
2106 2869 2271 2900 materiam
2294 2879 2377 2910 quae
2395 2870 2488 2899 datur

1417 2914 1468 2944 vel
1490 2913 1656 2953 accipitur:
1682 2914 1736 2943 sed
1759 2920 1888 2953 oportet
1908 2913 2038 2953 vigilem
2055 2923 2122 2944 esse
2146 2921 2182 2944 111
2204 2913 2289 2944 actui
2309 2914 2486 2950 communi,

1418 2964 1497 2998 puta
1521 2958 1593 2988 dare
1616 2958 1666 2987 vel
1699 2956 1848 2997 accipere,
1874 2957 2049 2998 assignetur
2071 2958 2203 2988 materia
2232 2957 2487 2998 proportionata,

1419 3009 1498 3042 puta
1513 3012 1609 3032 suum
1632 3001 1679 3031 vel
1701 3001 1850 3038 alienum,
1876 3002 2054 3032 voluntarie
2076 3002 2126 3032 vel
2149 3002 2363 3033 involuntarie
2371 3011 2380 3038 ;
2405 3002 2489 3032 actui

1418 3056 1494 3076 vero
1519 3045 1662 3086 speciali,
1693 3052 1771 3086 puta
1799 3055 1903 3076 emere
1927 3052 1957 3077 et
1979 3046 2128 3082 vendere,
2153 3046 2329 3086 assignetur
2358 3046 2489 3076 materia

1420 3090 1671 3130 proportionata,
1696 3096 1772 3129 puta
1795 3089 1961 3120 vendibilis
1984 3091 2034 3121 vel
2056 3100 2123 3121 non
2142 3090 2318 3127 vendibilis,
2340 3096 2371 3121 et
2390 3089 2433 3120 sic
2449 3090 2488 3119 de

1420 3134 1498 3164 aliis.
1518 3134 1559 3164 Et
1582 3141 1617 3164 ut
1639 3133 1771 3173 intelligi
1794 3133 1916 3164 facilius
1932 3134 2034 3174 possit
2049 3134 2179 3171 solutio,
2200 3134 2278 3165 scito
2295 3135 2383 3175 quod
2400 3140 2488 3164 actus

1420 3185 1526 3218 potest
1541 3188 1608 3209 esse
1624 3178 1727 3208 malus
1744 3177 1923 3217 dupliciter:
1947 3188 2015 3209 uno
2030 3179 2141 3219 modo,
2159 3179 2334 3209 secundum
2351 3187 2399 3213 se;
2425 3177 2488 3207 alio

1420 3223 1530 3259 modo,
1555 3229 1591 3253 ut
1613 3223 1787 3262 imperatus
1812 3229 1859 3253 est
1880 3223 1920 3252 ab
1943 3223 2053 3263 aliquo
2069 3223 2144 3254 alio.
2168 3223 2362 3263 Exemplum
2381 3221 2487 3261 primi,

1421 3266 1561 3307 accipere
1589 3266 1729 3296 alienum
1759 3266 1858 3297 invito
1892 3266 2042 3297 domino:
2067 3267 2251 3307 exemplum
2281 3265 2427 3301 secundi,
2452 3271 2488 3295 ut

1421 3310 1562 3350 accipere
1590 3317 1741 3341 mutuum
1764 3317 1800 3340 ut
1824 3311 1876 3341 det
1898 3311 2063 3342 meretrici.
2097 3311 2132 3341 ln
2155 3310 2322 3351 proposito
2351 3320 2417 3340 non
2442 3315 2489 3339 est

1422 3364 1526 3384 sermo
1558 3355 1596 3384 de
1620 3354 1739 3385 malitia
1767 3361 1854 3385 actus
1883 3361 1919 3385 ut
1941 3362 1987 3386 est
2009 3355 2182 3396 imperatus
2210 3355 2248 3385 ab
2273 3354 2380 3394 aliquo
2414 3352 2487 3388 alio,

1422 3399 1477 3428 sed
1500 3399 1538 3428 de
1562 3398 1681 3428 malitia
1705 3405 1792 3428 actus
1815 3399 1992 3429 secundum
2016 3409 2059 3429 se.
2083 3400 2124 3430 Et
2147 3399 2282 3429 dicimus
2306 3398 2395 3438 quod
2411 3403 2488 3427 tunc

1421 3449 1508 3473 actus
1533 3443 1646 3479 dandi,
1671 3442 1854 3482 accipiendi,
1878 3443 2013 3479 emendi,
2033 3443 2189 3474 vendendi
2213 3449 2243 3473 et
2266 3441 2418 3472 similium
2443 3447 2488 3470 est

1421 3487 1598 3517 secundum
1623 3497 1654 3516 se
1678 3486 1814 3523 illicitus,
1832 3488 1960 3528 quando
1985 3497 2032 3517 res
2056 3487 2127 3517 data
2149 3487 2199 3517 vel
2218 3493 2334 3527 empta,
2352 3492 2421 3521 etc„
2442 3490 2488 3514 est

2310 3546 2341 3571 33

2505 756 2515 766 ⁸
2529 755 2588 777 Cod.
2598 755 2638 782 111,
2648 762 2715 782 xun,

2505 782 2534 803 de
2547 782 2619 803 Aleae
2629 783 2682 804 lusu
2693 784 2718 804 et

2504 809 2579 829 Aleat.
