2892 4056
174 862 253 883 ’ine
282 862 342 889 aug.

174 888 198 909 S.
231 888 278 909 Cha

173 915 231 961 2¹5¹„
196 915 251 936 unffi
269 959 272 963 .
263 922 313 962 cair
298 905 382 962 n'fflffg‘
410 910 559 955 liorum,
582 918 618 947 et
637 910 782 959 largitio
813 912 1159 959 eleemosynarum,
1190 912 1382 950 multoties
1406 925 1475 962 po-

227 948 383 993 <swam-¹
409 971 480 999 test
508 964 758 1011 praetermitti
786 965 890 1001 salva
918 964 1052 1013 triplici
1074 965 1234 1002 veritate
1262 966 1474 1014 praedicta:

170 1925 273 1946 'Homih
283 1925 334 1946 vll.

414 199 487 235 328

412 289 488 314 vos.
520 278 622 324 Ergo
644 279 790 315 bonum
810 278 1000 327 spirituale
1022 287 1078 315 est
1097 278 1366 316 dimittendum
1387 292 1474 328 pro-

413 339 495 378 pter
523 331 757 368 scandalum.

469 385 502 419 3.
525 384 766 430 PRAETEREA,
797 383 977 419 correctio
998 383 1174 430 fraterna,
1196 396 1283 420 cum
1303 385 1349 421 sit
1369 394 1474 421 actus

414 436 586 483 caritatis,
609 444 663 472 est
682 436 878 484 quoddam
908 435 1098 483 spirituale
1129 437 1286 473 bonum.
1319 438 1395 474 Sed
1420 438 1471 474 in-

414 489 561 525 terdum
592 501 636 525 ex
666 489 815 524 caritate
845 488 1053 534 dimittitur,
1075 489 1123 525 ad
1142 489 1341 526 vitandum
1367 503 1474 527 scan-

413 595 487 630 Dei
503 594 534 630 ²³⁵.
570 594 671 641 Ergo
702 594 848 630 bonum
878 593 1070 642 spirituale
1101 601 1155 631 est
1183 602 1340 643 propter
1367 608 1475 632 scan-

414 647 541 683 dalum
574 646 856 683 dimittendum.

464 712 499 745 4.
532 700 771 745 PRAETEREA,
803 699 1062 747 Hieronymus
1093 699 1180 736 dicit
1216 701 1318 749 quod
1351 700 1474 738 dimit-

411 752 568 788 tendum
598 759 653 788 est
679 759 835 800 propter
863 752 1087 789 scandalum
1124 756 1239 789 omne
1275 754 1378 802 quod
1406 766 1474 802 po-

411 812 481 840 test
518 805 764 852 praetermitti
801 805 907 841 salva
942 804 1077 854 triplici
1113 806 1297 853 veritate,
1336 806 1476 843 scilicet

359 869 383 909 ig
409 858 518 902 vitae,
540 857 698 894 iustitiae
725 863 760 894 et
777 858 969 895 doctrinae
986 858 1017 894 ²¹².
1049 859 1125 895 Sed
1149 858 1320 908 impletio
1351 860 1474 897 consi-

410 1016 577 1065 alioquin
615 1014 770 1066 semper
802 1026 1006 1066 peccarent
1043 1030 1179 1055 omnes
1214 1019 1280 1068 qui
1307 1027 1475 1068 praeter-

410 1069 572 1105 mittunt.
606 1071 656 1106 Et
673 1078 803 1107 tamen
830 1071 926 1107 haec
948 1079 1036 1108 sunt
1063 1071 1232 1109 maxima
1254 1072 1351 1110 inter
1369 1073 1475 1121 spiri-

408 1122 522 1158 tualia
551 1135 681 1171 opera.
712 1125 814 1171 Ergo
835 1124 1042 1172 spiritualia
1062 1137 1179 1174 opera
1207 1125 1349 1162 debent
1368 1138 1475 1175 prae-

408 1175 563 1212 termitti
590 1184 747 1225 propter
775 1177 1012 1214 scandalum.
1213 1196 1217 1198 >

466 1230 497 1265 5.
528 1229 774 1275 PRAETEREA,
817 1230 946 1267 vitatio
990 1229 1190 1267 cuiuslibet
1230 1231 1377 1278 peccati
1419 1238 1474 1267 est

408 1281 605 1330 quoddam
635 1282 826 1331 spirituale
855 1284 1020 1320 bonum:
1051 1283 1139 1332 quia
1169 1282 1367 1330 quodlibet
1386 1296 1474 1331 pec-

409 1343 534 1371 catum
555 1336 665 1372 affert
683 1336 855 1383 peccanti
876 1335 1031 1384 aliquod
1051 1336 1244 1385 spirituale
1270 1336 1474 1373 detrimen-

407 1396 500 1424 tum.
546 1389 621 1425 Sed
658 1389 811 1425 videtur
848 1390 952 1438 quod
985 1401 1055 1438 pro
1092 1390 1272 1426 scandalo
1310 1389 1474 1439 proximi

407 1441 565 1477 vitando
600 1441 738 1478 debeat
774 1442 909 1492 aliquis
947 1442 1181 1492 quandoque
1218 1455 1379 1492 peccare
1407 1456 1474 1480 ve-

409 1494 573 1541 nialiter,
610 1502 701 1544 puta
731 1508 820 1533 cum
852 1496 1050 1545 peccando
1079 1495 1278 1533 venialiter
1315 1496 1475 1545 impedit

407 1555 607 1596 peccatum
646 1549 805 1585 mortale
843 1549 1019 1586 alterius:
1059 1549 1174 1586 debet
1211 1548 1314 1586 enirn
1351 1550 1471 1587 homo

408 1601 593 1650 impedire
623 1602 909 1639 damnationem
938 1602 1103 1652 proximi
1133 1611 1321 1651 quantum
1346 1611 1473 1652 potest

408 1654 488 1691 sine
518 1654 746 1692 detrimento
775 1655 951 1705 propriae
981 1655 1131 1701 salutis,
1157 1667 1268 1710 quae
1296 1668 1376 1693 non
1403 1658 1473 1694 tol-

407 1707 493 1744 litur
511 1720 580 1756 per
598 1716 799 1757 peccatum
829 1709 991 1745 veniale.
1022 1710 1125 1757 Ergo
1146 1697 1303 1758 aliquod
1323 1709 1470 1747 bonum

406 1760 598 1809 spirituale
615 1761 728 1797 debet
741 1761 862 1798 homo
878 1762 1178 1810 praetermittere
1193 1769 1352 1811 propter
1366 1775 1472 1800 scan—

408 1813 536 1850 dalum
565 1813 779 1850 vitandum.

462 1867 536 1903 SED
571 1878 717 1904 CONTRA
750 1879 817 1904 EST
845 1867 949 1916 quod
979 1867 1187 1915 Gregorius
1227 1867 1329 1914 dicit,
1359 1872 1473 1916 super

405 1921 539 1968 Ezech.
561 1919 597 1956 *ε
627 1921 669 1956 Si
694 1921 740 1956 de
767 1921 922 1957 veritate
947 1920 1168 1957 scandalum
1197 1921 1373 1967 sumitur,
1404 1923 1471 1958 uti-

406 1973 478 2009 lius
507 1974 612 2009 nasci
632 1974 863 2022 permittitur
889 1973 1110 2010 scandalum
1149 1985 1262 2022 quam
1301 1975 1438 2011 veritas
1457 1974 1472 2004 β

407 2026 651 2074 relinquatur.
692 2027 767 2063 Sed
795 2027 898 2063 bona
927 2026 1134 2076 spiritualia
1167 2027 1333 2064 maxime
1361 2028 1472 2077 perti-

407 2087 498 2116 nent
531 2080 578 2116 ad
614 2079 826 2117 veritatem.
870 2081 972 2129 Ergo
1011 2081 1113 2117 bona
1151 2079 1357 2128 spiritualia
1393 2093 1471 2118 non

407 2140 494 2170 sunt
522 2141 678 2182 propter
706 2133 927 2170 scandalum
959 2133 1195 2170 dimittenda.

459 2186 686 2223 RESPONDEO
724 2198 910 2223 DtcENDuM
948 2187 1077 2235 quod,
1123 2198 1210 2222 cum
1250 2186 1390 2235 duplex
1427 2186 1472 2224 sit

406 2239 648 2285 scandalum,
679 2239 847 2276 activum
877 2239 1016 2276 scilicet
1046 2247 1081 2276 et
1108 2239 1328 2288 passivum,
1358 2252 1472 2288 quae-

407 2292 476 2329 stio
507 2293 575 2329 ista
605 2305 683 2330 non
711 2293 827 2329 habet
858 2293 986 2329 locum
1025 2292 1072 2329 de
1110 2292 1288 2329 scandalo
1324 2293 1471 2330 activo:

407 2345 495 2394 quia
524 2358 610 2382 cum
641 2346 864 2382 scandalum
893 2346 1059 2382 activum
1090 2345 1135 2382 sit
1164 2343 1306 2382 dictum
1334 2346 1397 2382 vel
1420 2347 1471 2382 fa-

408 2407 511 2436 ctum
532 2399 658 2435 minus
680 2406 837 2444 rectum,
855 2398 946 2435 nihil
966 2406 1022 2435 est
1042 2410 1130 2435 cum
1149 2399 1330 2436 scandalo
1347 2399 1472 2437 activo

407 2452 638 2489 faciendum.
661 2473 684 2479 -
704 2452 830 2488 Habet
849 2460 977 2488 autem
998 2453 1126 2488 locum
1163 2452 1334 2500 quaestio
1364 2452 1394 2488 si
1418 2452 1472 2489 in-

406 2505 592 2553 telligatur
630 2506 676 2542 de
711 2505 891 2542 scandalo
930 2505 1096 2554 passiVO.
1137 2504 1470 2542 Considerandum

408 2565 464 2595 est
486 2558 598 2606 igitur
625 2557 715 2606 quid
743 2558 790 2595 sit
818 2557 1083 2595 dimittendum
1113 2570 1162 2594 ne
1191 2557 1286 2595 alius
1315 2558 1472 2596 scanda-

405 2611 545 2649 lizetur.
583 2612 651 2648 Est
683 2619 811 2648 autem
845 2611 883 2647 in
916 2611 1171 2660 spiritualibus
1205 2611 1315 2648 bonis
1345 2610 1473 2649 distin-

405 2665 612 2712 guendum.
639 2665 741 2701 Nam
763 2666 953 2713 quaedam
975 2665 1114 2701 horum
1131 2669 1146 2692 Υ
1166 2671 1254 2701 sunt
1273 2664 1320 2701 de
1341 2677 1472 2702 neces-

406 2718 512 2754 sitate
542 2717 681 2763 salutis,
712 2730 810 2766 quae
838 2717 1085 2766 praetermitti
1114 2730 1193 2754 non
1212 2726 1374 2766 possunt
1393 2718 1472 2754 sine

404 2778 563 2819 peccato
583 2771 745 2808 mortali.
776 2771 1020 2808 Manifestum
1043 2778 1099 2808 est
1116 2774 1244 2807 autem
1265 2771 1371 2820 quod
1391 2772 1473 2807 nul-

405 2824 462 2860 lus
483 2823 597 2861 debet
615 2824 824 2860 mortaliter
851 2837 1011 2873 peccare
1039 2832 1080 2861 ut
1099 2823 1251 2862 alterius
1269 2830 1470 2872 peccatum

405 2877 607 2925 impediat:
638 2877 725 2926 quia
746 2879 958 2915 secundum
989 2877 1164 2915 ordinem
1197 2876 1358 2914 caritatis
1386 2878 1471 2926 plus

406 2930 519 2967 debet
547 2931 667 2967 homo
701 2943 809 2967 suam
848 2931 1005 2968 salutem
1045 2930 1279 2980 spiritualem
1318 2929 1471 2977 diligere

406 2995 522 3032 quam
551 2983 714 3021 alterius.
751 2984 801 3021 Et
828 2983 915 3021 ideo
946 2997 989 3021 ea
1018 2996 1119 3032 quae
1148 2991 1236 3021 sunt
1265 2984 1311 3021 de
1342 2995 1471 3020 neces-

407 3036 513 3073 sitate
559 3036 688 3073 salutis
733 3037 979 3085 praetermitti
1018 3049 1095 3074 non
1138 3037 1279 3074 debent
1315 3044 1472 3086 propter

406 3089 627 3126 scandalum
656 3089 869 3126 vitandum.

460 3144 502 3180 In
540 3142 598 3179 his
636 3150 764 3179 autem
803 3142 1058 3192 spiritualibus
1100 3141 1212 3179 bonis
1250 3153 1348 3191 quae
1390 3154 1468 3178 non

406 3203 494 3232 sunt
513 3195 560 3232 de
581 3195 804 3233 necessitate
829 3196 957 3232 salutis
975 3195 1126 3233 videtur
1145 3195 1467 3243 distinguendum.

408 3248 508 3296 Quia
536 3248 758 3286 scandalum
788 3248 894 3297 quod
924 3261 967 3285 ex
1003 3248 1055 3285 eis
1084 3248 1202 3285 oritur
1234 3248 1468 3297 quandoque

408 3314 453 3339 ex
481 3301 624 3339 malitia
657 3301 849 3352 procedit,
890 3314 976 3339 cum
1016 3301 1156 3338 scilicet
1192 3301 1305 3351 aliqui
1333 3302 1469 3338 volunt

461 3405 487 3438 β)
505 3406 615 3432 veritas.
633 3420 653 3425 -
671 3406 743 3440 quod
761 3406 862 3431 veritas
880 3406 926 3431 Pa.

459 3442 486 3474 γ)
507 3442 610 3466 horum.
627 3456 646 3461 -
664 3442 760 3467 harum
780 3442 914 3474 ABEpr.

460 3475 484 3506 Β)
504 3484 567 3502 esse.
585 3491 603 3497 -
621 3481 661 3502 est
680 3478 712 3508 H,
725 3476 800 3509 ,esset
819 3478 902 3510 1pr;
923 3485 969 3509 pro
990 3477 1121 3502 Dominus
1141 3478 1223 3506 docet,
1244 3481 1272 3502 ut
1291 3481 1369 3509 patet
1389 3477 1421 3508 H,
1441 3480 1470 3501 ut

408 3512 484 3537 docet
504 3512 521 3543 l,
542 3513 673 3538 Dominus
692 3513 758 3538 dicit
778 3513 805 3537 Ρ.

1069 200 1334 246 QUAESTIO
1364 202 1501 248 XLIII,
1532 203 1826 239 ARTICULUS
1856 203 1923 239 VII

1527 280 1712 328 impedire
1747 280 1968 318 huiusmodi
2007 282 2213 330 spiritualia
2249 286 2372 333 bona,
2410 286 2589 324 scandala

1529 333 1775 370 concitando:
1806 341 1842 369 et
1860 334 1935 370 hoc
1956 342 2010 371 est
2034 336 2256 373 scandalum
2276 339 2586 386 Pharisaeorum,

1529 386 1591 433 qui
1621 385 1667 422 de
1697 386 1867 422 doctrina
1892 387 2049 423 Domini
2077 389 2440 429 scandalizabantur.
2471 392 2589 438 Quod

1529 442 1634 475 6556Ο
1623 436 1975 476 contemnendum
1991 440 2181 477 Dominus
2197 441 2319 490 docet,
2331 445 2464 481 Matth.
2477 456 2524 480 xv
2538 445 2587 472 *-

1500 501 1501 515 ³
1528 491 1773 550 Quandoque
1791 504 1886 528 vero
1917 492 2140 530 scandalum
2168 471 2339 542 procedit
2366 508 2412 533 ex
2431 496 2588 533 infirmi-

414 542 542 578 dalum
573 542 755 586 aliorum;
785 549 825 577 ut
844 541 1075 588 Augustinus
1103 541 1201 588 dicit,
1231 542 1269 578 in
1290 544 1302 578 Ι
1323 544 1369 579 de
1393 544 1472 580 Civ.
1500 548 1501 555 ¹

1527 550 1602 580 tate
1621 545 1683 580 vel
1707 544 1938 592 ignorantia:
1969 553 2005 582 et
2032 546 2253 584 huiusmodi
2282 556 2338 585 est
2365 549 2588 586 scandalum

1527 597 1765 645 pusillorum.
1795 598 1957 647 Propter
1986 598 2091 647 quod
2110 606 2198 635 sunt
2221 598 2425 647 spiritualia
2444 607 2588 650 opera‘

1527 651 1589 685 vel
1618 650 1863 698 occultanda,
1896 652 1958 687 vel
1987 650 2100 688 etiam
2134 651 2324 689 interdum
2356 653 2588 702 differenda,

1528 702 1592 738 ubi
1621 703 1832 750 periculum
1861 716 1939 741 non
1973 703 2166 751 imminet,
2196 716 2414 754 quousque,
2444 706 2589 745 reddita

1528 755 1691 803 ratione,
1726 755 1945 794 huiusmodi
1972 757 2194 794 scandalum
2223 765 2353 795 cesset.
2393 758 2433 796 Si
2460 767 2589 797 autern

1527 815 1615 857 post
1631 808 1816 846 redditam
1837 809 2022 847 rationem
2040 810 2261 847 huiusmodi
2281 811 2504 849 scandalum
2523 811 2590 850 du-

1529 869 1603 908 ret,
1634 861 1710 898 iam
1738 862 1889 900 videtur
1917 875 1960 900 ex
1989 863 2130 900 malitia
2159 875 2260 900 esse:
2291 872 2327 901 et
2355 864 2408 901 sic
2435 873 2592 914 propter

1527 914 1653 963 ipsum
1682 927 1761 952 non
1791 923 1877 953 sunt
1903 916 2122 954 huiusmodi
2156 916 2361 964 spiritualia
2389 929 2508 966 opera
2537 918 2591 955 di-

1527 968 1724 1005 mittenda.

1579 1023 1638 1057 An
1667 1032 1805 1058 ptumum
1828 1033 1926 1058 ERGO
1945 1033 2131 1060 mesanum
2158 1022 2264 1071 quod
2291 1034 2508 1071 poenarum
2536 1023 2590 1060 in-

1526 1073 1642 1110 flictio
1661 1086 1740 1111 non
1762 1081 1817 1110 est
1844 1082 2000 1123 propter
2027 1087 2067 1111 se
2097 1075 2323 1124 expetenda,
2353 1075 2421 1112 sed
2440 1088 2590 1124 poenae

1527 1126 1748 1174 infliguntur
1774 1134 1817 1162 ut
1844 1127 2056 1164 medicinae
2094 1128 2285 1176 quaedam
2323 1129 2372 1165 ad
2409 1129 2591 1166 cohiben-

1527 1180 1620 1215 dum
1636 1177 1648 1204 ζ
1662 1186 1831 1227 peccata.
1853 1179 1902 1215 Et
1921 1179 2008 1216 ideo
2028 1179 2215 1216 intantum
2241 1181 2384 1218 habent
2402 1182 2590 1219 rationem

1524 1231 1686 1267 iustitiae
1714 1231 1943 1279 inquantum
1971 1244 2041 1281 per
2069 1244 2133 1269 eas
2160 1241 2316 1281 peccata
2351 1235 2589 1272 cohibentur.

1527 1283 1567 1320 Si
1587 1291 1716 1320 autem
1735 1296 1804 1332 per
1827 1283 2075 1321 inflictionem
2103 1297 2315 1333 poenarum
2345 1287 2590 1325 manifestum

1526 1337 1572 1373 sit
1591 1338 1699 1385 plura
1720 1344 1756 1373 et
1774 1336 1918 1374 maiora
1945 1344 2103 1386 peccata
2123 1338 2243 1387 sequi,
2264 1346 2354 1375 tunc
2377 1351 2591 1388 poenarum

1525 1390 1682 1427 inflictio
1711 1402 1790 1427 non
1819 1390 2072 1427 continebitur
2100 1392 2170 1427 sub
2199 1391 2349 1428 iustitia.
2380 1392 2430 1429 Et
2456 1393 2493 1430 in
2517 1393 2592 1431 hoc

1527 1456 1616 1480 casu
1644 1443 1812 1490 loquitur
1839 1443 2088 1491 Augustinus,
2109 1444 2265 1492 quando
2295 1445 2439 1482 scilicet*
2455 1458 2500 1483 ex
2529 1458 2592 1484 ex-

1523 1496 1872 1533 communicatione
1893 1497 2110 1546 aliquorum
2131 1502 2150 1525 η
2174 1497 2349 1534 imminet
2375 1498 2590 1547 periculum

1515 1550 1759 1590 schismatis:
1788 1557 1878 1587 tunc
1902 1550 2004 1586 enim
2035 1550 2473 1589 excommunicationem
2494 1553 2591 1590 ferre

1524 1616 1602 1640 non
1631 1601 1867 1652 pertineret⁰
1888 1603 1936 1640 ad
1964 1603 2164 1640 veritatem
2193 1603 2382 1642 iustitiae.·

1577 1659 1636 1693 AD
1665 1668 1856 1693 SECUNDUM
1885 1667 2072 1693 DICENDUM
2104 1657 2209 1705 quod
2245 1657 2343 1694 circa
2375 1658 2589 1696 doctrinam

1525 1710 1603 1746 duo
1633 1716 1720 1746 sunt
1749 1708 2046 1746 consideranda:
2076 1710 2219 1748 scilicet
2243 1710 2382 1748 veritas
2401 1723 2502 1760 quae
2522 1711 2590 1749 do-

1525 1770 1651 1807 cetur3
1682 1769 1719 1798 et
1745 1762 1826 1810 ipse
1859 1769 1965 1798 actus
1994 1762 2170 1800 docendi.
2207 1763 2387 1810 Quorum
2419 1764 2589 1813 primum

1525 1823 1581 1851 est
1610 1814 1658 1852 de
1687 1814 1909 1852 necessitate
1939 1815 2086 1852 salutis:
2115 1823 2157 1852 ut
2185 1816 2326 1853 scilicet
2354 1818 2588 1855 contrarium

1523 1867 1672 1905 veritati
1691 1880 1770 1904 non
1791 1867 1938 1915 doceat,
1959 1868 2027 1905 sed
2045 1868 2245 1905 veritatem
2267 1870 2479 1907 secundum
2502 1875 2592 1908 con—

1524 1921 1737 1970 gruentiam
1762 1921 1946 1969 temporis
1975 1929 2013 1958 et
2038 1933 2292 1970 personarum
2320 1931 2514 1972 proponat
2528 1923 2591 1961 'ille

1525 1974 1585 2011 cui
1612 1973 1799 2011 incumbit
1827 1974 1991 2011 docendi
2021 1974 2205 2012 officium.
2240 1976 2290 2012 Et
2317 1975 2407 2013 ideo
2433 1978 2592 2026 propter

1524 2028 1672 2064 nullum
1713 2027 1935 2064 scandalum
1977 2028 2081 2076 quod
2123 2028 2231 2077 sequi
2267 2028 2442 2066 videatur
2478 2029 2593 2068 debet

1523 2081 1656 2128 homo,
1678 2080 1943 2129 praetermissa
1969 2080 2141 2129 veritate,
2167 2081 2367 2118 falsitatem
2395 2083 2548 2120 docere.
2563 2102 2589 2112 -

1526 2133 1603 2171 Sed
1622 2133 1704 2182 ipse
1730 2141 1836 2170 actus
1865 2133 2030 2171 docendi
2058 2133 2156 2170 inter
2183 2134 2395 2183 spirituales
2424 2136 2591 2173 eleemo-

1524 2199 1639 2236 synas
1666 2193 1918 2236 computatur,
1939 2194 1980 2223 ut
1999 2198 2113 2235 supra
2132 2186 2152 2209 ‘³
2171 2187 2315 2225 dictum
2337 2195 2403 2225 est.
2433 2189 2483 2225 Et
2500 2189 2589 2226 ideo

1525 2241 1663 2277 eadem
1691 2241 1787 2276 ratio
1820 2247 1876 2276 est
1903 2241 1950 2277 de
1981 2239 2153 2276 doctrina
2185 2248 2222 2277 et
2251 2241 2298 2277 de
2329 2241 2409 2278 aliis
2443 2241 2591 2279 miseri-

1525 2293 1677 2330 cordiae
1707 2293 1900 2341 operibus,
1930 2292 1977 2329 de
2007 2292 2145 2342 quibus
2173 2301 2307 2342 postea
2325 2293 2346 2316 *
2366 2293 2522 2332 dicetur.

1577 2348 1636 2383 An
1664 2357 1824 2383 TER‘rmM
1847 2357 2032 2382 melerinum
2061 2345 2167 2393 quod
2196 2346 2380 2383 correctio
2407 2347 2590 2397 fraterna,

1524 2399 1622 2436 sicut
1649 2411 1764 2447 supra
1782 2398 1803 2420 ’¹‘
1826 2399 1967 2436 dictum
1998 2405 2073 2446 est,
2110 2398 2308 2436 ordinatur
2335 2401 2383 2437 ad
2413 2403 2592 2439 emenda-

1522 2453 1668 2489 tionem
1689 2451 1821 2488 fratris.
1852 2452 1901 2488 Et
1920 2451 2007 2488 ideo
2037 2451 2224 2489 intantum
2256 2454 2516 2502 computanda
2537 2461 2593 2492 est

1522 2505 1620 2542 inter
1647 2504 1854 2553 spiritualia
1891 2505 1994 2541 bona
2031 2504 2256 2554 inquantum
2292 2506 2368 2542 hoc
2405 2507 2591 2556 consequi

1522 2565 1659 2608 potest.
1681 2557 1798 2604 Quod
1818 2569 1896 2594 non
1918 2557 2100 2606 contingit
2114 2557 2145 2594 si
2160 2570 2206 2595 ex
2222 2559 2458 2596 correctione
2479 2560 2592 2598 frater

1523 2610 1813 2649 scandalizetur.
1848 2611 1897 2648 Et
1923 2610 2012 2648 ideo
2033 2610 2064 2648 si
2081 2618 2239 2661 propter
2266 2611 2489 2650 scandalum
2509 2625 2591 2651 cor-

1523 2664 1640 2702 rectio
1661 2663 1882 2712 dimittatur,
1903 2676 1981 2700 non
2003 2663 2200 2702 dimittitur
2218 2665 2411 2714 spirituale
2429 2666 2589 2705 bonum.

1576 2720 1636 2753 An
1666 2728 1838 2758 QUARTUM
1867 2729 2053 2754 DICENDUM
2087 2719 2191 2766 quod
2220 2719 2257 2754 in
2285 2718 2442 2755 veritate
2470 2719 2587 2766 vitae,

1523 2771 1715 2807 doctrinae
1739 2775 1775 2806 et
1798 2770 1956 2806 iustitiae
1984 2782 2062 2806 non
2091 2771 2216 2808 solum
2247 2771 2589 2819 comprehenditur

1523 2823 1560 2860 id
1590 2823 1696 2871 quod
1726 2830 1781 2860 est
1809 2822 1856 2859 de
1886 2822 2110 2859 necessitate
2138 2823 2281 2869 salutis,
2312 2824 2379 2860 sed
2409 2824 2523 2861 etiam
2552 2824 2590 2862 id

1522 2888 1593 2924 per
1620 2875 1725 2925 quod
1755 2875 1956 2923 perfectius
1984 2876 2205 2924 pervenitur
2237 2877 2286 2913 ad
2320 2878 2502 2914 salutem:
2532 2889 2589 2914 se-

1524 2929 1695 2966 cundum
1732 2928 1824 2966 illud
1853 2929 1867 2965 I
1896 2929 1948 2965 ad
1979 2929 2066 2965 Cor.
2086 2928 2188 2966 x11*:
2216 2930 2477 2967 Aemulamini
2501 2930 2589 2968 cha-

1523 2983 1679 3019 rismata
1708 2981 1877 3018 meliora.
1915 2981 2027 3020 Unde
2057 2981 2170 3019 etiam
2204 2982 2361 3020 consilia
2394 2995 2473 3020 non
2503 2990 2590 3020 sunt

1522 3035 1746 3084 simpliciter
1772 3035 2118 3084 praetermittenda,
2140 3047 2211 3072 nec
2240 3035 2351 3073 etiam
2376 3035 2591 3073 misericor-

1523 3088 1607 3125 diae
1636 3099 1770 3137 opera,
1800 3095 1958 3138 propter
1985 3088 2231 3126 scandalum:
2265 3086 2343 3126 sed‘
2362 3097 2450 3127 sunt
2474 3088 2589 3127 inter·

1523 3141 1615 3179 dum
1636 3141 1863 3178 occultanda
1878 3142 1940 3192 vel
1961 3141 2171 3179 differenda
2189 3149 2347 3192 propter
2366 3141 2589 3180 scandalum

1522 3194 1761 3244 pusillorum,
1781 3202 1823 3231 ut
1841 3194 1984 3232 dictum
2015 3203 2070 3232 est
2087 3194 2119 3232 ²⁸.

1575 3247 1820 3295 Quandoque
1854 3255 1984 3284 tamen
2023 3248 2268 3285 consiliorum
2297 3246 2513 3285 observatio
2550 3253 2589 3284 et

1519 3300 1688 3349 impletio
1718 3312 1880 3350 operum
1910 3300 2193 3338 misericordiae
2222 3309 2310 3338 sunt
2338 3300 2385 3338 de
2423 3299 2588 3337 necessi-

1579 3408 1601 3437 ε)
1621 3413 1711 3438 opera.
1729 3421 1748 3426 -
1767 3408 1835 3431 bona
1855 3406 1927 3432 PGa.

1578 3440 1602 3473 ζ)
1622 3442 1804 3466 cohibendum.
1823 3456 1841 3460 -
1859 3442 2032 3467 coercendum
2052 3443 2083 3471 G,
2103 3442 2248 3467 cohibenda
2267 3442 2296 3467 P.

1578 3478 1604 3507 η)
1624 3477 1783 3508 aliquorum.
1801 3491 1819 3496 -
1837 3478 1950 3502 aliorum
1971 3477 2242 3507 ABGDFGHKana,
2263 3478 2378 3502 aliarum
2398 3477 2416 3502 1.

1577 3510 1601 3544 θ)
1617 3512 1774 3544 pertineret.
1793 3525 1811 3532 ›—
1826 3513 1944 3544 per-tinet
1964 3513 2080 3544 liGHna,
2095 3512 2234 3544 pertinent
2251 3513 2280 3538 Ρ.

2616 2198 2826 2227 ’Qu.xxx11‚an.2.

2617 2299 2626 2310 ’
2642 2297 2712 2325 Βιψ-
2726 2298 2754 2320 nd
2767 2305 2791 2326 4.

2617 2404 2826 2432 ·Qu.mnx,nn.1.

2617 2939 2626 2948 ⁸
2641 2937 2706 2960 Vern.
2721 2944 2753 2967 3¹·

2615 3194 2625 3204 ⁸
2639 3193 2665 3215 Iu
2680 3198 2788 3221 eoi-pore.
