2892 4056
997 148 1264 194 QUAESTIO
1294 148 1418 195 XXV,
1447 148 1743 186 ARTICULUS
1773 149 1785 184 1
2406 160 2476 197 197

810 354 1224 431 QUAESTIO
1262 354 1974 430 VIGESIMAQUINTA

1022 465 1106 505 DE
1140 465 1401 505 ossffiCTo
1437 464 1760 506 CARITATIS

1077 571 1111 596 ΙΝ
1139 571 1325 596 DUODECIM
1354 570 1556 597 ARTICULOS
1585 571 1701 596 DIVISA

1466 656 1630 703 Quinto:
1660 664 1789 694 utrum
1819 668 1959 705 corpus
1987 656 2200 705 proprium.

1467 710 1603 746 Sexto:
1632 717 1761 746 utrum
1789 717 2009 758 peccatores
2038 710 2111 746 sint
2139 721 2184 746 ex
2214 709 2366 746 caritate
2396 708 2476 746 dili-

1519 761 1644 808 gendi.

381 667 489 692 EINDE
517 656 839 693 considerandum
879 664 935 692 est
972 657 1019 692 de
1049 655 1200 692 obiecto
1231 656 1362 693 carita-

380 709 426 745 tis
445 709 476 745 *.
517 709 628 746 Circa
665 709 771 757 quod
805 709 882 746 duo
917 709 1196 746 consideranda
1229 722 1360 746 occur-

296 769 402 798 runt:
433 761 556 810 primo
578 761 733 810 quidem
754 762 802 798 de
821 762 879 798 his
908 773 1006 810 quae
1031 769 1118 798 sunt
1142 774 1186 798 ex
1207 762 1360 799 caritate

58 706 136 754 ing}
145 712 184 734 qu.
204 711 269 733 xxm,

49 1848 142 1872 ’νει-ι.
156 1854 187 1871 ιι.

133 2276 260 2320 ’,Ψ-,ἐπ

22 2274 23 2279 ’
48 2270 127 2320 §.effi

49 2637 60 2648 ³
73 2637 172 2660 bruun.

48 2664 72 2676 ⁸·
84 2663 152 2686 Vm.
165 2669 186 2686 2.

48 2742 140 2766 ’Vm
153 2749 174 2772 5.

46 2902 58 2914 ·
71 2901 140 2925 Ven.
153 2908 184 2925 τη.

49 3062 58 3070 ”
72 3060 95 3082 1·
117 3059 176 3086 11⁸⁶,
191 3065 231 3087 qu.

14 3116 21 3120 v
46 3092 92 3112 uv.
106 3090 148 3108 an.
162 3092 182 3114 3.

58 819 69 829 ⁸
83 819 130 846 Qu·
145 824 208 840 ω’·
296 813 501 862 diligenda;
522 814 705 860 secundo,
727 814 774 850 de
793 814 927 851 ordine
949 814 1229 860 diligendorum
1249 814 1280 851 ²².
1467 814 1662 862 Septimo:
1690 822 1819 850 utrum
1847 822 2070 862 peccatores
2099 813 2244 863 seipsos
2272 814 2438 863 diligant.

255 873 260 876 ⁴
295 866 406 904 Circa
434 867 602 916 primurn
632 874 868 914 quaeruntur
896 866 1115 904 duodecim.
1466 867 1638 904 Octavo:
1668 875 1795 904 utrum
1832 867 1974 903 inimici
2013 867 2086 904 sint
2122 879 2166 904 ex
2205 868 2356 904 caritate
2396 867 2475 904 dili—

347 919 499 956 Primo:
531 926 659 956 utrum
686 920 791 956 solus
819 921 924 956 Deus
953 919 997 956 sit
1026 931 1070 955 ex
1099 919 1251 956 caritate
1281 919 1361 956 dili·
1518 918 1645 966 gendi.

398 973 564 1020 gendus‚
592 972 655 1008 vel
685 972 799 1009 etiam
826 973 1038 1021 proximus.
1466 972 1600 1008 Nono:
1638 978 1767 1007 utrum
1805 971 1877 1007 sint
1916 971 1967 1008 eis
2006 972 2111 1019 signa
2148 972 2334 1009 amicitiae
2373 973 2475 1011 exhi-

300 1025 301 1028 ’
346 1023 547 1063 secundo:
589 1031 718 1062 utrum
756 1025 890 1062 caritas
925 1025 972 1063 sit
1009 1037 1055 1062 ex
1092 1025 1243 1062 caritate
1282 1025 1361 1062 dili·
1518 1023 1657 1060 benda.
2451 1072 2453 1074 ι

396 1077 534 1125 genda.
1464 1076 1644 1113 Decimo:
1683 1083 1810 1113 utrum
1848 1077 1969 1124 angeli
2010 1077 2083 1114 sint
2121 1090 2165 1114 ex
2205 1078 2356 1115 caritate
2395 1078 2475 1117 dili-

344 1130 498 1167 Terti0:
532 1138 661 1167 utrum
697 1139 890 1169 creaturae
919 1131 1157 1168 irrationales
1177 1136 1194 1152 ²
1213 1131 1288 1168 sint
1314 1142 1359 1167 ex
1517 1129 1644 1177 gendi.

398 1183 551 1220 caritate
581 1183 810 1232 diligendae.

345 1236 516 1283 Quarto:
554 1244 684 1274 utrum
720 1237 856 1287 aliquis
891 1237 1013 1287 possit
1046 1249 1091 1274 ex
1121 1236 1274 1274 caritate
1303 1248 1360 1273 se-

266 1334 269 1335 ⁷
298 1327 352 1337 Α
389 1289 523 1338 ipsum
536 1288 718 1339 ailigere.

1463 1182 1700 1220 Undecimo:
1730 1189 1859 1219 utrum
1890 1182 2112 1219 daemones.

1463 1234 1727 1272 Duodecimo:
1754 1235 1800 1272 de
1822 1236 2108 1273 enumeratione
2129 1236 2405 1284 diligendorum
2429 1243 2489 1273 ex'

1519 1288 1684 1325 caritate.

1101 1388 1417 1431 ARTICULUS
1450 1388 1655 1432 PRIMUS

418 1483 574 1515 UTRUM
597 1482 804 1514 mmm-10
829 1481 1061 1513 CARITATIS
1083 1481 1234 1512 SISTAT
1258 1481 1301 1511 IN
1324 1480 1424 1517 nno,
1448 1481 1508 1511 AN
1532 1481 1580 1512 SE
1604 1481 1842 1512 EXTENDAT
1866 1482 2003 1513 ETIAM
2027 1483 2085 1514 An
2114 1483 2345 1517 PRoxnva

936 1553 978 1586 De
995 1561 1102 1591 Vir-tut„
1122 1568 1166 1593 qu.
1185 1567 1212 1591 rr,
1233 1565 1278 1585 art.
1297 1567 1323 1592 4,
1343 1559 1372 1592 83
1391 1560 1436 1586 Ad
1454 1561 1540 1590 Rom„
1563 1568 1619 1594 cap.
1637 1569 1695 1592 1111,
1716 1562 1774 1586 lect.
1794 1568 1822 1586 11.

285 1627 305 1655 2³
321 1639 385 1679 fle*
406 1648 473 1693 ⁵12⁴«
499 1641 522 1667 D
550 1642 688 1668 PRIMUM
717 1643 771 1668 sm
799 1642 1041 1668 moen-mma.
1062 1630 1221 1667 Videtur
1249 1630 1352 1678 quod

284 1733 287 1735 -
318 1680 404 1734 Ὕζὸ,
422 1682 475 1741 ἐμ
500 1683 651 1720 dilectio
682 1683 844 1721 caritatis
873 1683 978 1720 sistat
1005 1684 1043 1720 in
1073 1684 1180 1732 Deo,
1211 1691 1247 1720 et
1276 1695 1354 1720 non

293 1741 425 1785 dver-
448 1741 467 1775 ἢ
500 1748 540 1774 se
569 1737 747 1775 extendat
773 1737 823 1774 ad
849 1737 1084 1786 proximum.
1116 1737 1221 1773 Sicut
1249 1738 1352 1774 enim

287 1782 440 1821 -³!l‘'''³'⁵’**
457 1780 485 1822 X<
498 1790 584 1829 Deo
605 1789 792 1828 debemus
817 1802 1004 1837 amorem,
1025 1790 1075 1828 ita
1101 1798 1137 1826 et
1154 1789 1352 1827 timorem:

285 1841 503 1880 secundum
530 1842 624 1880 illud
650 1843 762 1880 Deut.
786 1855 810 1880 x
828 1843 867 1880 *τ
897 1844 948 1880 Et
974 1855 1084 1888 nunc,
1109 1843 1244 1888 Israel,
1265 1843 1354 1891 quid

285 1894 474 1932 Dominus
501 1895 607 1932 Deus
636 1897 734 1944 petit
758 1895 774 1926 β
807 1897 879 1933 nisi
912 1902 953 1933 ut
980 1897 1112 1933 timeas
1149 1902 1186 1933 et
1215 1897 1353 1947 diligas

284 1956 372 1984 eum
385 1946 408 1984 P
446 1948 523 1985 Sed
542 1948 637 1985 alius
657 1957 714 1986 est
731 1949 847 1986 timor
866 1962 943 1998 quo
963 1949 1116 1986 timetur
1134 1950 1265 1996 homo,
1287 1949 1352 1997 qui

287 1999 424 2051 dicitur
451 2001 567 2038 timor
593 2002 807 2048 humanus3
837 2011 873 2039 et
901 2003 994 2039 alius
1013 2003 1128 2039 timor
1147 2014 1223 2050 quo
1244 2002 1353 2041 time-

284 2060 347 2094 vtur
372 2053 498 2100 Deus,
528 2053 593 2103 qui
622 2062 679 2092 est
706 2056 768 2092 vel
795 2055 941 2092 servilis
968 2057 1031 2092 vel
1064 2055 1208 2101 filialis3
1238 2064 1279 2093 ut
1307 2068 1352 2092 ex

24 2090 172 2147 v‘Qu-1112,
183 2121 260 2141 nrm.
283 2106 512 2156 supradictis
536 2106 557 2129 *
583 2115 699 2156 patet.
742 2109 845 2156 Ergo
875 2109 987 2145 etiam
1021 2109 1116 2145 alius
1152 2116 1207 2146 est
1242 2121 1352 2146 amor

282 2159 460 2207 caritatis,
477 2171 554 2208 quo
575 2160 737 2209 diligitur
755 2162 877 2207 Deus;
900 2169 935 2198 et
955 2161 1049 2198 alius
1069 2170 1125 2198 est
1143 2174 1255 2198 amor
1273 2174 1350 2211 quo

286 2211 451 2261 diligitur
477 2213 687 2262 proximus.

285 2260 291 2266 '
341 2276 376 2302 2.
396 2266 632 2313 PRAETEREA‚
648 2266 904 2317 Philosophus
919 2267 1019 2315 dicit,
1036 2267 1074 2304 in
1084 2267 1171 2304 VIII
1187 2268 1308 2304 Ethic.
1319 2267 1350 2313 ²¹⁶,

286 2317 393 2368 quod
410 2319 540 2356 amari
555 2325 611 2356 est
625 2319 820 2357 honorari.
849 2321 927 2358 Sed
947 2320 1041 2358 alius
1062 2329 1118 2357 est
1140 2321 1266 2358 honor
1285 2321 1350 2369 qui

286 2371 450 2409 debetur
476 2372 579 2418 Deo,
608 2371 674 2420 qui
704 2379 759 2408 est
785 2373 912 2410 honor
938 2373 1086 2419 latriae3
1117 2381 1155 2410 et
1182 2374 1276 2410 alius
1297 2382 1353 2411 est

285 2424 412 2461 honor
440 2424 505 2472 qui
534 2424 695 2462 debetur
724 2433 928 2472 creaturae,
959 2426 1024 2474 qui
1046 2434 1102 2462 est
1129 2427 1255 2463 honor
1283 2428 1351 2464 du—

285 2476 372 2514 liae.
393 2477 495 2525 Ergo
517 2477 629 2514 etiam
651 2477 746 2515 alius
762 2486 818 2514 est
835 2490 944 2515 amor
959 2491 1036 2527 quo
1058 2478 1218 2526 diligitur
1231 2480 1350 2526 Deus,

286 2537 324 2567 et
351 2542 430 2578 quo
450 2535 466 2558 Υ
486 2530 650 2578 diligitur
676 2531 886 2579 proximus.

341 2583 376 2620 3.
407 2584 640 2630 Palmum,
660 2595 743 2631 spes
760 2589 922 2633 generat
937 2584 1152 2628 caritatem‚·
1175 2591 1217 2620 ut
1234 2584 1351 2621 habe-

285 2643 347 2673 tur
368 2635 407 2672 in
427 2635 564 2673 Glossa
583 2636 615 2683 *,
636 2637 770 2673 Matth.
793 2649 802 2673 1
821 2636 872 2673 **.
904 2636 979 2674 Sed
1006 2649 1092 2685 spes
1118 2637 1169 2673 ita
1188 2637 1350 2674 habetur

286 2689 335 2726 de
363 2689 449 2726 Deo
483 2689 588 2738 quod
621 2690 952 2737 reprehenduntur
988 2697 1183 2738 sperantes
1215 2690 1252 2726 in
1281 2690 1350 2726 ho-

285 2741 409 2784 mine:
439 2742 653 2780 secundum
681 2742 773 2780 illud
802 2744 936 2780 Ierem.
963 2754 1035 2780 xvn
1053 2742 1093 2779 *2
1121 2742 1349 2780 Maledictus

283 2791 397 2842 ¹homo
414 2795 483 2843 qui
498 2795 652 2844 confidit
677 2795 715 2834 in
733 2796 896 2833 homine.
925 2796 1028 2844 Ergo
1049 2795 1182 2832 caritas
1210 2795 1260 2832 ita
1285 2796 1349 2833 de-

223 2847 226 2852 '
284 2846 396 2893 betur
412 2847 500 2885 Deo
523 2848 630 2898 quod
649 2848 698 2886 ad
716 2849 937 2898 proximum
957 2861 1036 2886 non
1055 2861 1094 2885 se
1116 2848 1302 2886 extendat.

339 2899 414 2938 San
433 2912 580 2939 com-R».
598 2913 664 2939 EST
683 2901 789 2950 quod
809 2901 942 2939 dicitur
971 2903 983 2938 1
1015 2903 1119 2939 Ioan.
1140 2914 1175 2939 1v
1194 2901 1229 2937 *:
1258 2901 1349 2939 Hoc

285 2952 507 2991 mandatum
534 2954 715 2991 habemus
733 2966 757 2991 a
776 2955 872 3001 Deo,
903 2960 942 2991 ut
968 2955 1034 3003 qui
1059 2954 1182 3005 diligit
1203 2955 1346 3001 Deum,

284 3005 420 3055 diligat
444 3011 483 3043 et
496 3006 668 3054 fratrem
694 3019 818 3044 suum.

338 3059 565 3096 Rssspounsso
584 3070 770 3097 memnon
789 3058 907 3108 quod,
927 3059 1024 3096 sicut
1042 3071 1157 3108 supra
1170 3059 1190 3081 '¹‘
1205 3059 1346 3097 dictum

285 3118 354 3158 est,
381 3110 534 3150 habitus
562 3124 641 3149 non
670 3111 972 3151 diversificantur
989 3111 1059 3149 nisi
1085 3124 1129 3150 ex
1149 3112 1223 3149 hoc
1242 3113 1350 3162 quod·

283 3162 408 3203 variat
425 3162 438 3186 ὅ
466 3163 634 3213 speciem
663 3172 788 3202 actus:
818 3176 954 3203 omnes
983 3165 1084 3203 enim
1104 3172 1208 3202 actus
1235 3165 1347 3204 unius

1405 1636 1483 1666 tem
1513 1630 1659 1678 species
1687 1638 1793 1667 actus
1813 1642 1856 1667 ex
1878 1631 2027 1668 obiecto
2057 1639 2230 1669 sumatur
2257 1634 2472 1672 secundum

1402 1682 1608 1720 ¹formalem
1629 1683 1815 1720 rationem
1835 1683 1964 1732 ipsius,
1987 1696 2143 1721 necesse
2169 1693 2225 1722 est
2244 1687 2349 1735 quod
2368 1687 2471 1725 idem

1382 1735 1532 1785 'specie
1562 1736 1607 1772 sit
1636 1744 1741 1773 actus
1778 1736 1843 1786 qui
1871 1737 1988 1774 fertur
2023 1737 2061 1774 in
2089 1738 2277 1776 rationem
2311 1740 2470 1789 obiecti,

1406 1797 1441 1826 et
1459 1789 1526 1838 qui
1543 1789 1661 1826 fertur
1679 1789 1717 1826 in
1738 1789 1932 1826 obiectum
1961 1791 2032 1827 sub
2061 1791 2123 1828 tali
2148 1791 2292 1828 ratione
2311 1792 2346 1830 *ε
2377 1794 2472 1831 sicut

1405 1849 1460 1879 est
1481 1843 1617 1879 eadem
1636 1842 1763 1890 specie
1782 1842 1880 1879 visio
1909 1855 1984 1891 qua
2001 1843 2154 1880 videtur
2173 1845 2317 1892 lumen,
2339 1853 2375 1882 et
2394 1858 2471 1894 qua

1403 1895 1555 1932 videtur
1583 1896 1690 1932 color
1717 1897 1930 1933 secundum
1959 1896 2112 1933 luminis
2131 1897 2320 1935 rationem
2340 1898 2372 1936 *.
2397 1900 2472 1937 Ra-

1403 1947 1456 1984 tio
1494 1955 1623 1984 autem
1663 1948 1841 1997 diligendi
1879 1949 2099 1997 proximum
2137 1951 2244 1987 Deus
2282 1959 2358 1988 est:
2396 1953 2471 1990 hoc

1405 2000 1507 2037 enim
1537 2000 1730 2038 debemus
1761 2001 1800 2039 in
1827 2002 2004 2050 proximo
2034 2002 2209 2050 diligere,
2249 2011 2290 2040 ut
2316 2003 2355 2041 in
2384 2006 2469 2043 Deo

1404 2053 1460 2091 sit.
1490 2053 1601 2091 Unde
1623 2054 1867 2092 manifestum
1889 2063 1944 2092 est
1963 2055 2068 2104 quod
2094 2055 2196 2093 idem
2217 2056 2342 2105 specie
2363 2066 2470 2096 actus

1404 2115 1459 2143 est
1478 2119 1555 2155 quo
1576 2107 1739 2156 diligitur
1765 2109 1883 2154 Deus,
1905 2115 1942 2144 et
1965 2120 2042 2157 quo
2072 2108 2235 2156 diligitur
2257 2110 2468 2158 proximus.

1404 2160 1452 2196 Et
1478 2167 1635 2209 propter
1672 2162 1747 2197 hoc
1774 2161 1925 2198 habitus
1957 2161 2121 2198 caritatis
2158 2174 2235 2199 non
2272 2164 2398 2201 solum
2427 2177 2468 2202 se

1403 2213 1570 2250 extendit
1598 2213 1646 2250 ad
1677 2214 1918 2251 dilectionem
1948 2214 2032 2262 Dei,
2059 2214 2126 2251 sed
2157 2215 2270 2252 etiam
2299 2217 2348 2253 ad
2378 2217 2469 2254 dile-

1404 2266 1569 2303 ctionem
1599 2267 1776 2315 proximi.

1455 2321 1514 2356 ΑΒ
1534 2331 1672 2357 ptumum
1687 2331 1786 2358 ERGO
1802 2331 1987 2357 mcENDUM
2005 2320 2111 2370 quod
2130 2321 2328 2368 proximus
2342 2330 2470 2371 potest

1401 2372 1525 2409 timeri
1546 2372 1755 2421 dupliciter,
1776 2373 1871 2410 sicut
1895 2381 1932 2409 et
1955 2373 2086 2410 amari.
2115 2373 2202 2410 Uno
2228 2375 2360 2422 modo,
2380 2388 2468 2424 pro-

1402 2433 1485 2473 pter
1505 2425 1541 2461 id
1562 2426 1666 2474 quod
1687 2433 1743 2462 est
1761 2426 1831 2462 sibi
1860 2426 2060 2474 proprium
2073 2439 2097 2462 :¹
2111 2434 2204 2474 puta
2225 2439 2311 2463 cum
2334 2428 2467 2476 aliquis

1402 2478 1510 2514 timet
1538 2485 1744 2525 tyrannum
1781 2486 1938 2526 propter
1973 2478 2054 2515 eius
2083 2479 2365 2526 crudelitatem,
2403 2483 2466 2519 vel

1402 2541 1490 2566 cum
1510 2537 1614 2566 amat
1632 2530 1757 2578 ipsum
1786 2538 1942 2579 propter
1969 2531 2214 2580 cupiditatem
2244 2533 2465 2581 acquirendi

1401 2582 1541 2631 aliquid
1561 2583 1608 2620 ab
1630 2595 1689 2620 eo.
1715 2584 1764 2620 Et
1782 2583 1864 2620 talis
1883 2583 1996 2620 timor
2014 2584 2208 2621 humanus
2228 2585 2467 2633 distinguitur

1394 2638 1423 2672 'a
1451 2635 1585 2672 timore
1622 2635 1714 2682 Dei,
1755 2643 1790 2672 et
1826 2635 1997 2673 similiter
2033 2649 2154 2673 amor.
2175 2638 2304 2674 -Alio
2345 2640 2463 2676 modo

1401 2689 1553 2726 timetur
1572 2689 1691 2725 homo
1713 2696 1749 2725 et
1775 2696 1924 2725 amatur
1950 2697 2107 2738 propter
2124 2689 2162 2727 id
2195 2691 2299 2739 quod
2320 2699 2375 2728 est
2393 2693 2465 2729 Dei

1401 2742 1439 2779 in
1471 2742 1574 2791 ipso:
1613 2741 1707 2778 sicut
1744 2754 1833 2778 cum
1876 2742 2078 2779 saecularis
2110 2750 2278 2791 potestas
2310 2744 2465 2782 timetur

1399 2802 1554 2844 propter
1579 2794 1828 2832 ministerium
1849 2793 2022 2831 divinum
2042 2795 2148 2844 quod
2167 2796 2284 2834 habet
2310 2797 2360 2835 ad
2378 2798 2462 2836 vin-

1401 2848 1540 2885 dictam
1561 2847 1861 2894 malefactorum,
1879 2854 1914 2884 et
1928 2855 2077 2885 amatur
2094 2856 2252 2898 propter
2269 2849 2461 2889 iustitiam.

1400 2902 1449 2938 Et
1476 2901 1557 2938 talis
1584 2901 1699 2937 timor
1726 2900 1893 2937 hominis
1921 2913 1999 2948 non
2028 2900 2268 2950 distinguitur
2285 2915 2307 2940 a
2326 2903 2462 2942 timore

1401 2953 1494 3001 Dei,
1524 2953 1618 2991 sicut
1646 2966 1716 2990 nec
1744 2965 1865 2990 amor.
1943 2949 1950 2957 ⁸

1451 3008 1511 3044 AD
1531 3018 1720 3044 SECUNDUM
1740 3018 1925 3044 mcENDUM
1953 3007 2058 3056 quod
2087 3019 2198 3045 amor
2224 3008 2376 3058 respicit
2394 3011 2462 3047 bo-

1400 3072 1493 3098 num
1522 3059 1559 3096 in
1589 3059 1903 3106 communi‚·sed
1929 3059 2056 3098 honor
2083 3060 2235 3110 respicit
2260 3061 2459 3111 proprium

1401 3113 1548 3150 bonurn
1577 3112 1773 3149 honorati:
1813 3112 1980 3150 defertur
2007 3113 2108 3150 enim
2137 3114 2248 3151 alicui
2284 3114 2323 3151 in
2359 3116 2460 3153 testi-

1401 3166 1575 3204 monium
1595 3165 1771 3214 propriae
1798 3165 1956 3203 virtutis.
1986 3167 2036 3203 Et
2062 3166 2149 3204 ideo
2177 3179 2288 3204 amor
2305 3180 2383 3204 non
2404 3168 2459 3205 di-

284 3215 424 3270 speciei
451 3217 500 3255 ad
528 3217 693 3255 eundern
721 3217 893 3256 habitum
920 3217 1118 3266 pertinent.
1153 3218 1253 3256 Cum
1282 3231 1346 3256 au·
1372 3218 1376 3257 1
1401 3218 1636 3256 versificatur
1663 3217 1788 3267 specie
1815 3226 1972 3268 propter
2000 3219 2187 3257 diversam
2212 3220 2458 3268 quantitatem

337 3369 365 3402 α)
385 3363 564 3395 irratIonales.
581 3384 600 3389 -
617 3370 770 3402 spirituales
788 3370 1015 3395 ABCEFHKan.

338 3404 363 3438 β)
384 3405 456 3430 Deus
470 3405 550 3437 petit.
569 3420 587 3424 —-
607 3406 680 3430 Deus
699 3409 761 3431 tuus
775 3406 845 3438 petit
863 3406 929 3434 Dua,
945 3409 1006 3431 tuus
1019 3407 1090 3439 petit
1109 3407 1140 3437 G,
1157 3407 1229 3432 Deus
1243 3407 1314 3439 petit
1325 3414 1342 3432 a

285 3443 310 3465 te
328 3440 365 3472 111,
386 3441 459 3466 Deus
477 3444 539 3466 tuus
554 3441 623 3473 petit
640 3449 658 3466 a
677 3444 702 3466 te
721 3441 749 3466 P.

1448 3372 1475 3404 γ)
1494 3379 1553 3404 quo.
1573 3386 1590 3390 —
1609 3371 1679 3396 alius
1697 3379 1748 3404 quo
1767 3372 1812 3400 Pa,
1831 3372 1901 3397 alius
1920 3375 1960 3397 est
1968 3374 2055 3397 'amor
2073 3379 2124 3405 quo
2143 3380 2168 3396 n.

1448 3406 1474 3438 ὃ)
1494 3407 1590 3432 variat.
1609 3421 1627 3426 -
1645 3407 1753 3432 variant
1778 3407 1942 3440 PACIKLpG
1961 3412 1987 3432 et
2004 3415 2030 3432 a.
2048 3421 2066 3426 -
2085 3408 2134 3432 Pro
2157 3413 2290 3432 omnes...
2306 3407 2455 3438 pertinent,

1395 3443 1508 3468 omnis...
1518 3443 1655 3474 pertinent
1674 3443 1797 3475 BFlec,
1816 3443 1927 3468 omnis...
1939 3443 2058 3475 pertinet
2077 3442 2206 3467 PGHKsC
2225 3447 2250 3466 et
2268 3449 2313 3468 xa.

2498 1805 2508 1815 ¹·
2522 1805 2550 1826 D.
2565 1805 2605 1831 46.

2498 1906 2508 1915 ¹·
2522 1905 2549 1926 D.
2565 1911 2612 1933 359.
