2892 4056
410 270 485 306 240

1075 285 1081 292 ,
1108 252 1373 300 QUAEs‘no
1404 251 1526 296 xxx,
1555 246 1848 285 ARTICULUS
1879 247 1892 282 1

1021 448 1432 528 QUAESTIO
1495 443 1950 501 TRIGESIMA

1220 559 1303 600 DE
1337 554 1774 612 MISERICORDIA

1167 667 1201 692 IN
1245 665 1418 696 QUATUOR
1459 661 1663 689 ARTICULOS
1704 661 1823 687 DIVISA

171 753 382 801 {nfifi-‚dqffifflfflr
494 760 600 786 ElNDE
629 745 951 784 considerandum
985 751 1040 781 est
1068 744 1115 780 de
1148 741 1410 780 misericordia
1437 740 1468 777 ²⁸.

495 803 542 838 Et
569 801 670 837 circa
697 800 771 836 hoc
798 805 1033 846 quaeruntur
1052 804 1227 844 quatuor.

463 854 612 891 Primo:
642 860 769 889 utrum
799 851 943 888 malurn
971 850 1018 886 sit
1046 862 1160 887 causa
1188 848 1470 886 misericordiae

271 924 287 940 α
515 919 560 943 ex
588 913 693 955 parte
723 905 801 941 eius
828 903 937 941 cuius
965 903 1192 940 miseremur
1216 907 1244 939 α,

1576 739 1778 776 Secundo:
1791 786 1797 789 .
1809 749 1974 785 quorum
2002 737 2047 773 sit
2075 735 2261 774 misereri.

1578 820 1729 859 Tertio:
1758 829 1886 858 utrum
1914 819 2173 857 misericordia
2201 818 2247 856 sit
2273 818 2405 855 virtus.

1579 904 1747 950 Quarto:
1776 911 1905 940 utrum
1933 903 1979 939 sit
2006 902 2172 939 maxima
2198 901 2394 939 virtutum.

1224 1003 1541 1046 ARTICULUS
1572 1004 1776 1047 PRIMUS

840 1088 997 1119 UTRUM
1019 1087 1176 1119 MALUM
1200 1087 1266 1118 srr
1290 1087 1472 1118 PROPRIE
1495 1088 1703 1121 MOTIVUM
1726 1088 1784 1119 AD
1808 1087 2154 1119 MisemcoRDiAM

437 1188 595 1285 ξε..
621 1167 1471 1269 ωιηέιιῖἳὲἱῖἱξυὲοἶῖζῖῗΐέἓέἳῗ

172 1308 254 1334 pm,
277 1297 297 1329 u'.
306 1313 381 1333 mu
428 1262 589 1339 ,quaer'f
563 1274 877 1314 sericordiam.
908 1274 958 1310 Ut
978 1274 1080 1310 enim
1101 1273 1250 1321 supra¹¹e
1273 1280 1471 1309 ostensum

172 1339 214 1356 ³¹³-
230 1334 252 1356 ⁶
259 1314 273 1335 q
430 1324 530 1366 Α(1μῖ
543 1341 556 1364 τ’
580 1322 613 1364 Χ
622 1336 689 1375 est,
704 1329 813 1376 culpa
828 1335 883 1364 est
898 1326 1017 1373 magis
1037 1326 1183 1363 malum
1199 1338 1315 1385 quam
1330 1337 1469 1385 poena.

410 1382 487 1419 Sed
516 1381 627 1430 culpa
654 1393 732 1418 non
770 1388 826 1417 est
858 1378 1154 1428 provocativum
1184 1380 1231 1416 ad
1260 1378 1472 1415 misericor-

410 1435 525 1480 diam,
554 1434 621 1471 sed
650 1433 769 1481 magis
788 1434 836 1470 ad
856 1432 1168 1479 indignationem.
1199 1432 1301 1480 Ergo
1326 1433 1471 1468 malum

409 1500 488 1524 non
517 1494 573 1523 est
600 1486 882 1523 misericordiae
910 1485 1219 1534 provocativum.

271 1536 285 1569 β
465 1552 499 1577 2.
520 1541 753 1586 PRAETEREA,
779 1552 824 1576 ea
844 1551 942 1587 quae
966 1546 1052 1575 sunt
1073 1538 1240 1575 crudelia
1265 1550 1332 1574 seu
1362 1538 1443 1576 dira
1458 1536 1473 1567 β

409 1594 585 1631 videntur
612 1593 806 1641 quendam
845 1604 1042 1628 excessum
1082 1592 1170 1628 mali
1197 1592 1351 1628 habere.
1396 1591 1473 1629 Sed

174 1649 250 1676 ⁸0⁸⁹·
263 1655 382 1676 V¹¹¹1¹¹·¹²·
411 1647 666 1695 Philosophus
696 1646 794 1691 dicit,
824 1645 862 1681 in
891 1646 923 1681 11
952 1646 1061 1682 Rhet.
1080 1645 1112 1691 ³⁸,
1135 1645 1238 1693 quod
1267 1645 1393 1681 dirum
1422 1651 1476 1681 est

410 1701 515 1738 aliud
549 1712 572 1736 a
605 1698 829 1743 miserabili,
867 1703 902 1734 et
936 1698 1173 1746 expulsivum
1210 1699 1472 1735 miserationis.

410 1754 512 1801 Ergo
534 1753 691 1798 malum,
713 1752 938 1799 inquantum
957 1751 1191 1798 huiusmodi,
1212 1764 1291 1788 non
1316 1760 1372 1788 est
1391 1764 1474 1788 mo-

411 1807 531 1843 tivum
561 1806 610 1842 ad
639 1804 952 1842 misericordiam.

466 1860 500 1896 3.
531 1859 763 1904 PRAETEREA,
793 1857 899 1904 signa
927 1857 1119 1893 malorum
1153 1869 1231 1893 non
1267 1869 1359 1904 vere
1387 1865 1475 1894 sunt

172 1282 238 1309 Qu.
249 1284 348 1308 11x‚.art
360 1287 377 1306 ις

271 1924 287 1950 τ
411 1913 522 1949 mala.
554 1911 630 1948 Sed
650 1911 754 1958 signa
782 1911 973 1947 malorum
994 1917 1208 1958 provocant
1226 1914 1241 1937 Υ
1261 1910 1310 1946 ad
1330 1910 1475 1946 miseri-

174 1974 266 1999 qma„
283 1973 348 1995 n-16·
412 1965 599 2010 cordiam3
629 1972 670 2000 ut
693 1971 795 2015 patet
813 1976 883 2012 per
910 1963 1202 2038 Philosophum,
1224 1962 1262 1999 in
1279 1964 1310 1999 11
1330 1964 1439 2001 Rhet.
1455 1963 1475 1985 ’¹‘

274 2018 288 2043 ὅ
412 2020 514 2066 Ergo
552 2019 696 2054 malum
733 2029 811 2054 non
851 2024 906 2053 est
941 2016 1094 2065 proprie
1127 2013 1473 2064 ⁶provocativum

412 2071 710 2108 misericordiae.

466 2126 539 2161 SED
577 2135 723 2160 CONTRA
759 2133 825 2158 EST
852 2121 956 2169 quod
994 2122 1260 2158 Damascenus
1295 2121 1402 2168 dicit,
1436 2122 1475 2159 in

175 2176 383 2230 {‚bfliffg‘pf’ffh·
412 2179 443 2214 11
470 2178 533 2214 lib.
554 2176 585 2223 *,
615 2177 721 2224 quod
749 2174 1008 2212 misericordia
1038 2182 1093 2211 est
1121 2175 1266 2223 species
1295 2174 1474 2213 tristitiae.

413 2231 487 2268 Sed
518 2229 708 2267 motivum
738 2229 786 2265 ad
805 2228 988 2265 tristitiam
1010 2236 1065 2264 est
1083 2228 1240 2264 malurn.
1271 2229 1372 2276 Ergo
1394 2241 1475 2265 mo-

411 2285 534 2320 tivum
564 2283 613 2319 ad
641 2281 943 2319 misericordiam
974 2288 1030 2317 est
1058 2281 1217 2317 malum.

465 2338 690 2373 RESPONDEO
728 2346 912 2372 DICENDUM
945 2333 1070 2381 quod,
1110 2333 1205 2381 sicut
1242 2333 1476 2381 Augustinus

176 2391 184 2399 ”
200 2389 256 2416 ‘³⁸¹‘-
272 2396 294 2411 ν·
414 2389 512 2435 dicit,
544 2389 596 2424 IX
628 2389 673 2426 de
705 2388 784 2425 Civ.
805 2388 879 2424 Dei
904 2386 935 2432 ²¹²,
965 2387 1224 2423 misericordia
1251 2392 1307 2423 est
1330 2387 1478 2424 alienae

413 2442 586 2478 miseriae
614 2442 650 2477 in
681 2446 806 2477 nostro
835 2441 947 2477 corde
974 2440 1200 2487 compassio,
1229 2451 1304 2488 qua
1334 2441 1475 2500 utique,

276 2499 287 2515 ⁵
412 2495 446 2532 si
453 2499 686 2543 possumus⁵,
701 2494 900 2530 subvenire
922 2493 1199 2541 compellimur:
1224 2492 1475 2530 diciturenim

414 2547 674 2585 misericordia
703 2559 747 2583 ex
777 2559 823 2582 eo
850 2546 953 2594 quod
983 2546 1117 2605 aliquis
1146 2546 1262 2582 habet
1297 2547 1475 2583 miserum

273 2599 287 2628 ζ
414 2599 510 2637 εον·ζ
538 2613 652 2649 super
681 2599 830 2636 miseria
858 2599 1022 2635 alterius.
1058 2588 1213 2635 Miseria
1241 2606 1369 2635 autem
1399 2599 1477 2635 feli-

415 2654 513 2690 citati
533 2653 749 2702 opponitur.
771 2654 839 2689 Est
858 2660 986 2688 autern
1007 2651 1054 2688 de
1070 2651 1216 2688 ratione
1236 2652 1477 2689 beatitudinis

274 2716 290 2739 η
415 2707 495 2744 sive
524 2706 704 2743 felicitatis
732 2714 772 2742 ut
800 2705 933 2753 aliquis
961 2700 1126 2753 potiatur
1146 2717 1192 2741 eo
1213 2705 1319 2753 quod
1338 2706 1420 2742 vult
1438 2711 1476 2742 ηε

203 2763 259 2790 0⁸⁹·
416 2772 505 2797 nam
535 2760 629 2797 sicut
656 2758 890 2806 Augustinus
919 2758 1017 2804 dicit,
1047 2759 1134 2794 XIII
1164 2758 1210 2794 de
1233 2758 1300 2794 T
1264 2771 1336 2794 rm
1357 2757 1388 2806 ³²,
1417 2759 1477 2795 he-

279 2811 291 2836 ⁰
417 2819 498 2850 atus
517 2810 530 2833 θ
568 2814 633 2861 qui
657 2813 769 2849 habet
802 2812 929 2848 omnia
958 2823 1055 2860 quae
1082 2811 1177 2856 vult,
1208 2816 1244 2847 et
1269 2811 1362 2847 nihil
1388 2811 1482 2847 mali

416 2866 505 2903 vult.
551 2867 600 2902 Et
627 2866 714 2902 ideo
744 2878 764 2901 e
794 2864 983 2901 contrario
1013 2864 1060 2901 ad
1090 2863 1284 2900 miseriam
1318 2864 1480 2912 pertinet

416 2927 458 2956 ut
474 2919 593 2955 homo
614 2918 774 2967 patiatur
788 2930 886 2967 quae
907 2930 985 2954 non
1003 2918 1096 2954 vult.
1118 2916 1332 2965 Tripliciter
1351 2924 1479 2953 autern

419 2971 553 3020 aliquis
572 2973 654 3008 vult
672 2971 824 3018 aliquid.
855 2971 941 3007 Uno
963 2970 1119 3018 quidem
1149 2971 1281 3017 modo,
1311 2969 1480 3018 appetitu

420 3024 597 3061 naturali:
636 3024 730 3060 sicut
768 3035 903 3059 omnes
940 3023 1115 3060 homines
1149 3024 1285 3060 volunt
1324 3035 1406 3059 esse
1445 3031 1481 3059 et

419 3076 563 3114 vivere.
597 3077 683 3112 Alio
712 3077 830 3113 modo
859 3077 978 3113 homo
1015 3077 1098 3113 vult
1138 3075 1280 3125 aliquid
1311 3087 1380 3124 per
1409 3076 1480 3112 ele—

422 3129 586 3166 ctionem
617 3141 660 3165 ex
681 3129 805 3176 aliqua
825 3129 1174 3176 praemeditatione.
1209 3127 1340 3165 Tertio
1361 3128 1480 3165 modo

422 3183 540 3219 homo
560 3182 641 3218 vult
659 3182 799 3230 aliquid
819 3194 896 3218 non
917 3182 1127 3219 secundum
1146 3194 1198 3228 se,
1220 3181 1287 3218 sed
1308 3181 1346 3217 in
1366 3193 1480 3217 causa

477 3295 503 3327 α)
524 3295 687 3320 miseremur.
705 3309 723 3314 —
742 3295 882 3319 miseretur
902 3295 948 3319 Pa.

477 3329 502 3362 β)
522 3330 591 3355 dira.
604 3344 623 3349 —
637 3331 706 3354 dura
720 3330 998 3362 PABDEFGHleCK
1012 3335 1036 3354 et
1050 3337 1119 3358 imm
1137 3337 1198 3354 mox
1210 3337 1258 3362 pro
1273 3329 1369 3359 dirum,
1385 3329 1481 3354 durum

424 3366 693 3397 PADFGHleCst
713 3370 738 3390 et
755 3372 782 3390 α.

477 3402 503 3433 γ)
519 3403 678 3432 provocant.
695 3414 714 3419 -
732 3400 818 3433 magis
832 3403 982 3432 provocant
1000 3401 1044 3424 Pa.

477 3435 501 3468 ὃ)
517 3436 636 3467 proprie.
654 3449 672 3454 —
687 3436 828 3467 proprium
848 3435 1016 3466 BCEFLsrm,
1035 3436 1082 3460 sed
1100 3436 1130 3467 D,
1150 3435 1293 3460 secundum
1313 3434 1351 3467 (se
1364 3443 1417 3459 om.
1436 3434 1482 3467 px)

420 3471 562 3503 proprium
582 3471 636 3503 Ipx,
655 3478 708 3496 orn.
728 3471 821 3502 Aflpn.

478 3506 499 3538 ε)
519 3506 542 3531 si
560 3513 711 3538 possumus.
727 3518 747 3525 -
764 3506 788 3530 si
804 3512 944 3538 possemus
963 3505 1004 3530 ed.
1023 3513 1040 3530 a
1063 3510 1088 3530 et
1111 3506 1211 3530 codices
1237 3510 1340 3537 excepta
1364 3512 1405 3534 εκ,
1419 3512 1482 3537 pos-

425 3548 515 3566 sumus
535 3542 562 3565 P.

1523 1179 1613 1203 sua:
1642 1175 1752 1216 puta,
1782 1167 1846 1215 qui
1872 1168 1956 1204 vult
1983 1167 2188 1204 comedere
2217 1167 2372 1216 nociva,
2401 1168 2590 1217 quodam-

1523 1221 1644 1256 modo
1665 1220 1825 1256 dicimus
1843 1231 1934 1256 eum
1954 1220 2050 1256 velle
2070 1220 2266 1257 infirmari.
2297 1220 2360 1258 Sic
2379 1220 2490 1270 igitur
2508 1233 2591 1259 mo-

1524 1271 1647 1308 tivum
1676 1271 1960 1309 misericordiae
1990 1281 2066 1320 est,
2095 1280 2281 1321 tanquam
2316 1273 2366 1311 ad
2397 1272 2591 1313 miseriam

1524 1324 1731 1373 pertinens,
1758 1324 1885 1373 primo
1905 1324 2063 1373 quidem
2090 1325 2183 1362 illud
2210 1327 2318 1373 quod
2341 1327 2593 1366 contrariatur

1524 1378 1709 1426 appetitui
1738 1377 1897 1415 naturali
1917 1378 2081 1415 volentis
2099 1383 2127 1415 ⁸:
2157 1378 2300 1415 scilicet
2330 1380 2433 1416 mala
2466 1392 2593 1417 corm-

1525 1431 1630 1479 ptiva
1658 1439 1694 1468 et
1715 1431 1982 1479 contristantia,
2004 1443 2170 1479 quorum
2200 1432 2388 1469 contraria
2415 1432 2593 1470 homines

1525 1484 1744 1521 naturaliter
1771 1492 1966 1533 appetunt.
1996 1484 2108 1521 Unde
2137 1484 2396 1533 Philosophus
2425 1485 2525 1533 dicit,
2553 1486 2594 1523 in

1527 1538 1559 1573 II
1579 1538 1686 1574 Rhet.
1707 1537 1739 1585 ²⁸,
1759 1538 1865 1585 quod
1884 1538 2143 1574 misericordia
2162 1543 2216 1574 est
2241 1538 2387 1575 tristitia
2406 1539 2593 1587 quaedam

1525 1601 1639 1638 super
1652 1591 1850 1639 apparenti
1868 1590 1969 1627 malo
1985 1591 2200 1639 corruptivo
2214 1591 2275 1628 vel
2291 1592 2592 1629 contristatum.-

1528 1644 1720 1690 Secundo,
1740 1643 1962 1680 huiusmodi
1990 1644 2111 1692 magis
2136 1643 2353 1681 efficiuntur
2372 1645 2422 1681 ad
2451 1645 2595 1682 miseri-

1527 1697 1699 1734 cordiam
1718 1697 1969 1745 provocantia
1983 1697 2014 1733 si
2029 1697 2102 1746 sint
2121 1704 2253 1734 contra
2265 1698 2506 1735 voluntatem
2522 1698 2596 1736 ele-

1528 1749 1673 1786 ctionis.
1703 1749 1815 1787 Unde
1844 1757 1880 1786 et
1898 1750 2156 1798 Philosophus
2183 1750 2327 1787 ibidem
2342 1750 2362 1773 *
2382 1750 2470 1788 dicit
2489 1751 2595 1800 quod
2621 1756 2632 1768 “

1526 1803 1588 1839 illa
1617 1803 1719 1839 mala
1747 1810 1835 1839 sunt
1875 1803 2105 1839 miserabilia
2146 1815 2308 1851 quorum
2341 1805 2502 1851 fortuna
2543 1810 2599 1842 est

1527 1867 1666 1893 causa:
1685 1863 1778 1904 puta
1797 1867 1882 1892 cum
1902 1855 2057 1904 aliquod
2074 1857 2218 1893 malum
2237 1852 2386 1894 eveniat
2399 1857 2497 1894 unde
2513 1869 2595 1906 spe-

1527 1910 1686 1946 rabatur
1705 1909 1856 1945 bonum.
1873 1929 1897 1936 -
1914 1909 2046 1945 Tertio
2062 1917 2203 1956 autern,
2224 1917 2310 1946 sunt
2329 1909 2456 1947 adhuc
2474 1910 2596 1958 magis

1528 1962 1758 1999 miserabilia
1778 1962 1808 1998 si
1827 1969 1914 1998 sunt
1934 1969 2065 1999 contra
2083 1970 2204 1999 totam
2223 1963 2484 2000 voluntatem:
2500 1959 2597 2012 ‘puta

1528 2016 1558 2052 si
1587 2015 1721 2063 aliquis
1750 2027 1902 2063 semper
1930 2023 2092 2052 sectatus
2130 2023 2186 2052 est
2214 2017 2317 2052 bona
2350 2023 2387 2053 et
2415 2016 2598 2054 eveniunt

1528 2069 1562 2105 ei
1590 2069 1701 2105 mala.
1750 2068 1799 2104 Et
1832 2067 1920 2105 ideo
1957 2068 2213 2117 Philosophus
2247 2068 2350 2116 dicit,
2387 2068 2426 2106 in
2455 2069 2595 2106 eodem

1527 2122 1625 2158 libro
1639 2121 1671 2168 ²⁸,
1693 2121 1798 2170 quod
1817 2121 2076 2158 misericordia
2095 2122 2265 2159 maxime
2285 2127 2341 2159 est
2354 2133 2469 2170 super
2486 2122 2596 2160 malis

1529 2175 1608 2212 eius
1635 2175 1702 2223 qui
1727 2174 1904 2224 indignus
1925 2175 2082 2222 patitur.

1580 2230 1640 2265 An
1659 2239 1798 2264 PRIMUM
1820 2239 1919 2264 ERGO
1939 2239 2124 2264 memnon
2143 2228 2248 2276 quod
2276 2227 2324 2264 de
2354 2227 2500 2265 ratione
2521 2228 2597 2265 cul-

1527 2293 1600 2330 pae
1630 2288 1687 2317 est
1713 2280 1819 2328 quod
1839 2280 1885 2317 sit
1911 2280 2139 2317 voluntaria.
2170 2281 2220 2317 Et
2238 2288 2425 2330 quantum
2452 2281 2502 2318 ad
2521 2282 2598 2318 hoc

1528 2345 1607 2372 non
1635 2333 1751 2370 habet
1771 2334 1957 2370 rationem
1987 2333 2222 2380 miserabilis,
2243 2333 2311 2370 sed
2341 2333 2461 2381 magis
2485 2334 2598 2371 ratio-

1527 2399 1617 2424 nem
1645 2385 1841 2435 puniendi.
1873 2387 1950 2423 Sed
1980 2387 2068 2435 quia
2089 2387 2200 2435 culpa
2218 2394 2345 2435 potest
2364 2399 2449 2424 esse
2469 2387 2596 2436 aliquo

1529 2439 1649 2478 modo
1687 2451 1836 2488 poena,
1873 2439 2100 2487 inquantum
2139 2439 2280 2476 scilicet
2306 2440 2423 2476 habet
2456 2440 2598 2488 aliquid

1528 2505 1722 2531 annexum
1751 2492 1857 2540 quod
1887 2499 1942 2528 est
1971 2500 2102 2529 contra
2129 2493 2369 2530 voluntatem
2389 2493 2596 2542 peccantis,

1529 2546 1743 2584 secundum
1771 2546 1846 2582 hoc
1870 2553 1997 2594 potest
2023 2545 2166 2582 habere
2194 2546 2382 2583 rationem
2403 2546 2599 2584 miserabi-

1529 2600 1585 2636 lis.
1617 2600 1666 2635 Et
1693 2598 1907 2635 secundum
1932 2599 2007 2635 hoc
2036 2598 2266 2636 miseremur
2285 2607 2321 2636 et
2341 2601 2599 2649 compatimur

1529 2652 1794 2702 peccantibus:
1838 2651 1934 2688 sicut
1971 2652 2178 2699 Gregorius
2212 2652 2317 2700 dicit,
2351 2652 2389 2690 in
2428 2653 2597 2702 quadam

1529 2705 1686 2742 homilia
1704 2704 1735 2752 ²¹⁸,
1770 2705 1875 2753 quod
1894 2716 1986 2741 vera
2014 2705 2152 2742 iustitia
2181 2717 2255 2742 non
2284 2706 2396 2742 habet
2417 2706 2597 2756 dedigna—

1530 2759 1680 2804 tionem,
1701 2757 1840 2794 scilicet
1869 2758 1918 2794 ad
1942 2765 2175 2805 peccatores,
2196 2759 2262 2795 sed
2287 2760 2596 2807 compassionem.

1532 2812 1581 2848 Et
1600 2810 1734 2847 Matth.
1753 2822 1786 2847 ix
1801 2810 1821 2831 ’¹‘
1849 2810 2006 2847 dicitur:
2038 2811 2173 2847 Videns
2191 2812 2298 2847 Iesus
2316 2812 2446 2848 turbas
2467 2812 2598 2848 miser-

1532 2870 1590 2900 tus
1608 2869 1663 2900 est
1678 2863 1748 2899 eis:
1767 2863 1856 2911 quia
1875 2868 1986 2900 erant
2001 2864 2141 2910 vexati,
2161 2869 2198 2900 et
2214 2864 2375 2901 iacentes
2397 2865 2495 2901 sicut
2511 2876 2600 2902 oves

1533 2929 1607 2954 non
1636 2917 1811 2953 habentes
1833 2921 2039 2963 pastorem.

1586 2971 1645 3006 An
1679 2980 1869 3006 SECUNDUM
1902 2980 2091 3005 mcENDuM
2126 2969 2231 3017 quod
2264 2969 2354 3017 quia
2385 2969 2600 3007 misericor-

1534 3022 1595 3060 dia
1625 3029 1679 3059 est
1707 3021 1923 3070 compassio
1953 3021 2127 3058 miSeriae
2156 3021 2319 3069 alterius,
2348 3023 2502 3072 proprie
2531 3023 2599 3060 mi-

1534 3075 1738 3112 sericordia
1759 3082 1815 3111 est
1834 3075 1881 3111 ad
1902 3075 2075 3111 alterum:
2097 3087 2174 3111 non
2201 3083 2329 3112 autem
2349 3076 2398 3113 ad
2418 3076 2599 3125 seipsum,

1534 3128 1605 3165 nisi
1633 3127 1846 3165 secundum
1874 3128 2071 3176 quandam
2101 3127 2411 3174 similitudinem,
2441 3129 2537 3166 sicut
2564 3136 2602 3166 et

1535 3181 1684 3227 iustitia,
1714 3180 1926 3218 secundum
1964 3181 2070 3228 quod
2097 3180 2135 3218 in
2163 3182 2321 3218 homine
2360 3182 2601 3220 consideran-

1586 3295 1610 3327 ζ)
1631 3295 1757 3320 miserum
1775 3302 1831 3320 cor.
1848 3309 1867 3314 —
1885 3294 2096 3320 misericordiam
2116 3295 2398 3328 ABDEFGHIKLpr
2418 3301 2444 3320 et
2461 3302 2487 3320 a.

1586 3331 1612 3361 η)
1632 3331 1697 3355 vult.
1715 3344 1734 3349 -
1752 3333 1777 3355 et
1796 3330 1867 3362 quod
1881 3330 2000 3362 pertinet
2018 3330 2055 3355 ad
2074 3330 2204 3355 iustitiam
2234 3331 2331 3355 addunt
2349 3330 2387 3355 Pa
2394 3337 2403 3359 ,·
2422 3338 2441 3355 x
2459 3330 2549 3356 habet:
2570 3333 2600 3355 ut

1534 3365 1631 3397 aliquis
1650 3366 1794 3397 patiuntur
1817 3365 1928 3398 (marg.:
1948 3373 1978 3390 eo
2001 3365 2073 3398 quod
2097 3366 2154 3390 vult
2176 3366 2321 3398 patiatur)
2340 3366 2413 3398 quod
2427 3365 2547 3398 pertinet
2563 3365 2602 3390 ad

1535 3400 1665 3425 iustitiam
1690 3404 1719 3424 ut
1735 3401 1901 3433 Augustinus
1920 3401 1992 3426 dicit.

1589 3433 1612 3466 θ)
1633 3436 1733 3460 beatus.
1751 3450 1769 3454 -
1787 3439 1826 3460 est
1843 3436 1941 3460 addunt
1960 3436 2097 3461 PDEGxn.
2115 3449 2134 3455 -
2153 3436 2203 3461 Pro
2223 3436 2294 3466 mali,
2315 3436 2383 3461 male
2402 3436 2430 3461 Ρ.

1590 3470 1608 3502 ι)
1628 3471 1749 3495 uolentis.
1766 3484 1784 3489 -
1802 3471 1947 3496 voluntatis
1966 3471 2044 3502 PGH,
2064 3471 2163 3496 volenti
2181 3472 2213 3497 D.

2619 1545 2630 1557 “
2639 1544 2695 1567 hoc.
2711 1544 2759 1572 eit„
2773 1550 2796 1566 n.
2809 1550 2830 1567 ο.

2646 1755 2718 1778 Num.
2733 1755 2756 1782 8,
2771 1761 2804 1777 ιο.

2622 2129 2633 2139 ·
2640 2127 2697 2150 Loe-
2708 2127 2756 2154 cit„
2766 2132 2789 2148 n.
2801 2126 2833 2149 16.

2883 1586 2892 1859 i

2890 2458 2892 2465 .
2887 2415 2889 2418 Α
2889 2369 2892 2394 „.-
2882 2018 2892 2363 *Qu—.-

2623 2713 2727 2736 ’Homih
2737 2711 2838 2734 XXXIV
2891 2709 2892 2712 ’

2623 2741 2649 2762 iu
2662 2739 2756 2768 Evam.

2626 2826 2634 2834 ”
2648 2822 2717 2845 Van.
2730 2822 2768 2852 36.
