2892 4056
180 253 189 261 ·
204 250 270 272 Vere.
280 254 305 272 ‘a-

179 306 189 315 ’
204 303 286 326 Ordin.

179 406 188 414 ·
203 405 253 425 Art.
267 409 283 425 1.

181 770 192 780 ‘
207 771 254 798 Qu.
269 777 292 797 x,
307 774 348 792 art.
359 777 380 798 3.

187 1823 198 1834 ⁵
211 1823 262 1844 Ast.
285 1828 305 1849 1,
327 1822 397 1844 Com-

188 1852 257 1870 ment.
279 1854 343 1870 num.
362 1855 398 1875 vt,

423 179 494 204 110

471 246 546 282 San
575 257 719 282 CONTRA
742 256 807 281 Εετ
826 245 929 292 quod
950 244 1067 280 Isaiae
1086 255 1181 290 xvm,
1202 256 1315 292 super
1334 245 1423 282 illud
1438 245 1469 292 ²¹⁸,

417 298 480 334 Ad
490 298 673 347 populum
693 297 893 333 terribilem
914 304 995 343 etc.,
1017 296 1104 332 dicit
1129 296 1263 333 Glossa
1284 298 1320 333 *z
1354 297 1472 334 Omne

411 356 621 398 peccatum,
649 350 898 397 blasphemiae
925 353 1196 395 comparatum,
1221 348 1336 385 levius
1355 355 1417 385 est.

471 403 695 439 Respomo
716 413 898 438 met-:unum
918 400 1032 448 quod,
1050 400 1145 437 sicut
1164 412 1276 449 supra
1290 401 1309 422 ²¹⁸
1329 401 1472 438 dictum

419 462 490 501 est,
520 454 755 502 blasphemia
790 453 994 501 opponitur
1027 453 1253 490 confessioni
1286 453 1386 490 fidei.
1425 454 1473 489 Et

419 507 504 543 ideo
525 508 639 543 habet
657 506 695 542 in
715 518 755 541 se
774 505 994 552 gravitatem
1014 505 1253 550 infidelitatis.
1278 506 1326 542 Et
1346 517 1473 553 aggra-

418 566 528 595 vatur
553 566 753 607 peccatum
781 557 811 593 si
844 557 1084 605 superveniat
1116 558 1311 595 detestatio
1339 559 1473 594 volun-

419 611 520 656 tatis;
548 618 585 646 et
613 611 738 646 adhuc
776 609 894 656 magis
932 609 962 646 si
998 617 1222 658 prorumpat
1257 610 1293 646 in
1330 611 1471 655 verba3

420 663 514 699 sicut
542 670 577 698 et
600 663 681 698 laus
700 662 789 699 fidei
808 669 964 709 augetur
982 674 1050 710 per
1070 662 1308 699 dilectionem
1331 669 1366 698 et
1385 674 1474 698 con-

421 715 635 751 fessionem.
652 714 775 760 Unde,
788 719 875 750 cum
891 714 1091 751 infidelitas
1102 715 1147 751 sit
1161 714 1372 751 maximum
1388 726 1475 762 pec-

420 775 545 803 catum
575 766 785 803 secundum
814 779 926 803 suum
955 779 1085 814 genus,
1114 768 1208 804 sicut
1241 779 1355 816 supra
1373 766 1392 788 ’¹‘
1421 766 1473 803 di-

421 826 521 855 ctum
551 827 617 866 est,
648 831 884 867 consequens
909 827 964 856 est
983 820 1088 867 quod
1108 820 1220 856 etiarn
1239 819 1475 868 blasphemia

420 871 465 907 sit
491 879 691 919 peccatum
712 872 933 919 maximum,
955 873 1003 909 ad
1023 872 1124 909 idem
1146 885 1265 920 genus
1284 871 1475 921 pertinens

421 932 456 960 et
484 924 609 972 ipsum
638 936 858 972 aggravans,

472 977 530 1013 AD
559 988 695 1013 ptumum
722 989 820 1015 ERGO
840 989 1024 1014 memnon
1047 978 1152 1027 quod
1170 977 1420 1014 homicidium
1441 983 1476 1013 et

420 1029 655 1077 blasphemia
675 1029 705 1065 si
725 1037 992 1079 comparentur
1005 1035 1021 1058 Υ
1040 1030 1251 1068 secundum
1272 1030 1420 1067 obiecta
1438 1030 1476 1066 in

421 1093 520 1128 quae
547 1089 736 1130 peccatur,
765 1082 1006 1120 manifestum
1033 1090 1088 1119 est
1105 1083 1210 1131 quod
1229 1082 1475 1131 blasphemia,

421 1145 519 1182 quae
535 1141 590 1170 est
605 1134 743 1171 directe
763 1143 962 1183 peccatum
981 1135 1019 1172 in
1038 1137 1178 1182 Deum,
1199 1135 1478 1184 praeponderat

420 1186 641 1234 homicidio,
666 1189 771 1234 quod
801 1196 856 1225 est
883 1196 1081 1236 peccatum
1109 1188 1147 1224 in
1175 1187 1405 1236 proximum.
1437 1187 1475 1223 Si

422 1246 550 1276 autem
580 1248 848 1289 comparentur
872 1241 1083 1277 secundum
1103 1241 1280 1277 effectum
1301 1239 1475 1286 nocendi,

422 1291 475 1327 sic
503 1291 753 1329 homicidium
780 1293 1079 1341 praeponderat:
1109 1293 1193 1341 plus
1222 1292 1324 1328 enim
1354 1291 1476 1328 homi-

424 1343 563 1380 cidium
592 1352 704 1381 nocet
739 1345 914 1393 proximo
953 1357 1068 1393 quam
1105 1344 1342 1393 blasphemia
1377 1345 1474 1381 Deo.

475 1473 502 1505 γ)
521 1476 719 1504 comparentur.
737 1488 755 1492 —
772 1474 941 1507 conserentur
965 1474 1094 1504 ABFHL,
1118 1476 1292 1507 conferantur
1311 1474 1344 1505 C,
1362 1473 1480 1499 conside-

423 1510 517 1531 rentur
535 1508 588 1538 ΕΚ,
607 1512 799 1540 comparantur
817 1509 849 1539 G,
868 1510 1053 1542 conferrentur
1072 1510 1112 1534 ed.
1131 1517 1157 1534 α.

476 1541 501 1574 δ)
516 1543 643 1574 peccatis.
660 1557 679 1562 -
693 1544 788 1575 poenis
807 1544 1062 1577 PABCFGHIKLpE
1082 1549 1107 1568 et
1124 1552 1168 1569 xa.

1094 168 1359 213 QUAESTIO
1390 169 1497 215 XIII,
1526 168 1821 204 ARTICULUS
1851 169 1900 204 111

1524 244 1602 281 Sed
1638 244 1726 292 quia
1762 244 1798 279 in
1835 244 2015 291 gravitate
2053 246 2185 294 culpae
2222 248 2342 295 magis
2379 247 2579 285 attenditur

1523 296 1678 333 intentio
1705 296 1908 332 voluntatis
1935 308 2137 344 perversae
2166 310 2281 346 quam
2313 299 2469 337 effectus
2489 312 2579 349 ope·
2607 327 2609 329 ·

1525 348 1585 394 ris,
1605 355 1647 384 ut
1674 359 1718 384 ex
1737 347 1960 396 supradictis
1979 348 1999 370 ²¹⁴
2025 356 2147 396 patet3
2177 349 2276 399 ideo,
2297 364 2384 388 cum
2405 353 2579 401 blasphe-
2605 360 2615 371 ⁶
2638 359 2662 381 1⁸
2689 359 2748 386 11²⁶»
2777 365 2792 388 a

1526 413 1610 437 mus
1630 400 1797 437 intendat
1816 408 2091 438 nocumentum
2115 401 2249 439 inferre
2277 404 2415 442 honori
2435 405 2578 452 divino,

1526 452 1742 501 simpliciter
1777 453 1970 501 loquendo
2007 453 2158 500 gravius
2193 464 2326 503 peccat
2359 469 2475 505 quam
2512 458 2581 493 ho-

1526 505 1675 542 micida.
1705 505 1965 542 Homicidium
1984 513 2112 542 tamen
2138 507 2305 555 primum
2328 509 2456 545 locum
2480 516 2581 546 tenet

1524 558 1563 594 in
1599 557 1761 606 peccatis
1785 556 1798 579 δ
1826 558 1921 595 inter
1958 566 2112 607 peccata
2148 558 2187 595 in
2222 560 2439 608 proximum
2477 573 2580 598 com·
2711 568 2725 593 ὃ

1526 622 1653 647 missa.

1579 664 1637 698 AD
1675 674 1864 700 SECUNDUM
1897 674 2079 700 mcENDUM
2116 663 2220 712 quod
2258 676 2372 713 super
2407 665 2498 703 illud
2533 667 2584 703 ad

1525 716 1660 763 Ephes.
1686 727 1721 751 ιν
1747 714 1787 761 *‚
1824 715 2064 763 Blasphemia
2100 715 2251 752 tollatur
2284 728 2309 752 a
2340 718 2465 763 vobis,
2495 718 2583 756 dicit

1528 768 1664 804 Glossa
1682 767 1717 803 *z
1746 768 1855 804 Peius
1882 774 1936 804 est
1961 768 2219 816 blasphemare
2237 780 2351 817 quam
2364 770 2539 818 peierare
2557 776 2580 807 ‘.

1528 819 1604 866 Qui
1635 819 1735 857 enim
1763 820 1907 868 peierat
1933 832 2012 857 non
2041 820 2128 857 dicit
2149 827 2213 857 aut
2231 821 2342 858 sentit
2360 821 2500 870 aliquid
2517 822 2583 860 fal-

1528 884 1613 909 sum
1642 873 1688 910 de
1715 874 1812 920 Deo,
1833 873 1928 909 sicut
1954 873 2217 922 blasphemus:
2247 873 2314 910 sed
2333 874 2460 912 Deum
2479 874 2584 912 adhi-

1528 926 1592 962 bet
1610 933 1744 962 testem
1763 924 1911 962 falsitati
1930 937 2009 962 non
2028 934 2209 976 tanquam
2234 926 2437 964 aestimans
2456 927 2584 964 Deum

1530 990 1612 1014 esse
1640 978 1777 1014 falsum
1805 985 1956 1025 testem,
1985 978 2051 1015 sed
2079 986 2262 1027 tanquam
2297 991 2452 1028 sperans
2481 979 2585 1029 quod

1529 1031 1634 1067 Deus
1662 1042 1775 1078 super
1801 1031 1876 1068 hoc
1903 1043 1983 1068 non
2010 1031 2228 1068 testificetur
2247 1044 2316 1081 per
2334 1032 2488 1081 aliquod
2508 1032 2585 1070 evi-

1531 1083 1624 1120 dens
1652 1082 1813 1130 signum.
2422 1130 2430 1140 Ι

1581 1137 1640 1171 An
1658 1146 1818 1171 martum
1837 1146 2020 1172 mensuum
2039 1136 2143 1184 quod
2159 1137 2349 1174 excusatio
2363 1137 2512 1186 peccati
2532 1146 2587 1174 est

1530 1188 1719 1235 quaedam
1754 1187 2031 1224 circumstantia
2063 1200 2271 1236 aggravans
2304 1201 2419 1226 omne
2452 1197 2586 1239 pecca-

1529 1245 1628 1285 tum,
1646 1238 1758 1275 etiam
1785 1238 1908 1287 ipsam
1926 1239 2217 1288 blasphemiam.
2247 1241 2296 1278 Et
2318 1254 2388 1290 pro
2407 1250 2511 1279 tanto
2532 1243 2587 1280 di-

1530 1291 1624 1327 citur
1660 1303 1742 1327 esse
1777 1291 1988 1328 maximum
2024 1300 2244 1341 peccatum,
2275 1294 2364 1341 quia
2393 1294 2589 1343 quodlibet

1530 1343 1617 1380 facit
1642 1343 1776 1380 maius.

2609 726 2617 735 '
2632 724 2700 747 Vere.
2714 730 2744 753 3¹·

2610 775 2617 783 ·
2634 772 2691 795 Ord.
2706 773 2766 800 Aug.

1586 1472 1609 1505 ε)
1623 1473 1756 1505 peierare.
1773 1486 1792 1492 -
1804 1462 1955 1504 Ρενὶιινανε
1973 1473 2077 1498 PHLsE
2103 1479 2127 1498 et
2151 1481 2220 1505 xna;
2239 1482 2300 1499 mox
2312 1475 2439 1507 periurat
2463 1476 2545 1502 PHaE
2564 1482 2591 1502 et

1533 1515 1596 1533 aaa.

1105 1613 1432 1646 commentaria
1455 1612 1702 1645 cardinalis
1725 1612 1922 1645 Caietam
2572 1612 2590 1626 '²

453 1701 473 1720 N
489 1691 620 1722 articulo
638 1692 728 1722 tertio
745 1692 887 1722 eiusdem
905 1693 1152 1723 decimaetertiae
1168 1693 1373 1733 quaestionis,
1390 1703 1480 1732 prae-

427 1703 598 1765 Itermisso
622 1736 772 1771 secundo,
789 1735 923 1766 dubium
939 1737 1083 1772 occurrit,
1101 1737 1268 1776 quomodo
1285 1736 1480 1776 blasphemia

424 1778 537 1809 habeat
558 1779 591 1808 in
614 1789 647 1809 se
670 1779 853 1818 gravitatem
875 1779 1065 1810 infidelitatis
1089 1789 1259 1819 aggravans
1278 1779 1390 1820 ipsam,
1407 1790 1481 1810 cum

425 1821 488 1852 iam
505 1822 521 1841 *
544 1822 664 1853 dictum
688 1823 727 1853 sit
750 1823 838 1863 quod
854 1823 1047 1863 blasphemia
1066 1823 1246 1864 frequenter
1260 1822 1295 1854 fit
1311 1824 1395 1854 salva
1409 1823 1480 1860 fide,

426 1872 456 1896 et
479 1867 566 1906 quod
591 1876 656 1896 non
680 1874 726 1897 est
749 1867 787 1897 de
810 1867 931 1898 ratione
949 1867 1163 1908 blasphemiae
1186 1867 1345 1898 dissensus
1368 1867 1481 1898 consti—

425 1916 517 1940 tuens
540 1909 766 1941 infidelitatem.
792 1911 967 1948 Quomodo
991 1921 1066 1951 ergo
1090 1918 1171 1942 stant
1194 1911 1270 1942 haec
1293 1909 1410 1942 simul?

481 1954 532 1984 Ad
555 1954 616 1984 hoc
639 1954 752 1985 dicitur
775 1955 863 1995 quod
886 1956 925 1985 de
948 1955 1068 1986 ratione
1090 1955 1313 1996 blasphemiae,
1329 1956 1400 1986 licet
1415 1965 1481 1986 non

426 1996 466 2028 sit
488 1998 601 2028 sentire
623 1997 739 2029 falsum
763 1999 801 2028 de
822 1999 899 2034 Deo,
916 2006 962 2029 est
977 2006 1082 2030 tamen
1099 1999 1200 2030 dicere
1215 1999 1332 2030 falsum
1347 2000 1386 2030 de
1401 2000 1481 2030 Deo.

426 2041 478 2071 Ad
500 2041 689 2072 infidelitatis
713 2049 819 2072 autem
834 2052 933 2082 genus
950 2050 1068 2082 spectat
1083 2053 1149 2073 non
1169 2043 1275 2074 solum
1294 2044 1407 2075 sentire
1424 2044 1481 2074 fal-

427 2094 499 2114 sum
523 2086 562 2115 de
585 2085 671 2121 Deo,
696 2086 750 2116 sed
775 2086 869 2116 etiam
899 2086 999 2117 dicere
1028 2087 1105 2117 salsa
1128 2087 1166 2117 de
1191 2088 1319 2118 eodem:
1345 2097 1410 2118 non
1440 2088 1483 2119 ita

426 2129 515 2168 quod
538 2129 733 2170 blasphemia
756 2130 795 2160 sit
818 2130 935 2170 species
958 2130 1165 2167 infidelitatis;
1190 2132 1244 2162 sed
1263 2132 1337 2173 quia
1352 2138 1398 2162 est
1413 2142 1483 2172 spe-

427 2172 489 2203 cies
512 2180 645 2212 cognata
667 2173 722 2210 illi,
746 2181 777 2204 et
799 2174 932 2205 naturali
956 2175 1066 2205 ordine
1089 2176 1127 2205 ab
1150 2175 1203 2206 illa
1226 2186 1386 2206 emanans.
1418 2176 1483 2213 Qui

427 2216 512 2246 enim
540 2217 750 2257 blasphemat,
775 2218 920 2258 quamvis
942 2228 1008 2248 non
1032 2219 1144 2249 sentiat
1166 2229 1278 2250 verum
1300 2230 1366 2251 esse
1395 2221 1483 2260 quod

427 2260 511 2296 dicit,
536 2261 668 2292 dicendo
692 2268 797 2292 tamen
820 2262 923 2292 induit
946 2272 1115 2302 personam
1131 2263 1290 2294 sentientis
1306 2264 1350 2294 sic
1367 2274 1433 2294 esse
1449 2271 1484 2295 ut

428 2303 516 2334 dicit:
540 2304 615 2335 dicit
638 2305 723 2335 enim
746 2312 898 2346 tanquam
921 2305 947 2335 si
970 2307 1107 2337 crederet
1130 2307 1174 2337 sic
1197 2317 1263 2338 esse
1287 2315 1341 2338 aut
1359 2307 1402 2338 sic
1418 2318 1483 2338 esse

427 2347 586 2387 possibile,
610 2356 705 2388 prout
729 2349 937 2379 diversimode
961 2349 1044 2380 dicit.

482 2392 519 2422 II.
544 2392 584 2422 Et
607 2392 760 2432 quoniam
783 2393 883 2423 littera
907 2403 972 2423 non
990 2394 1064 2424 dicit
1079 2394 1167 2434 quod
1182 2395 1376 2435 blasphemia
1391 2395 1484 2427 habet

427 2434 461 2464 in
485 2445 517 2465 se
540 2435 766 2473 infidelitatem,
783 2437 837 2467 sed
852 2436 945 2467 habet
960 2437 993 2467 in
1009 2447 1041 2467 se
1055 2440 1248 2478 gravitatem
1269 2439 1463 2480 infidelitatis
1471 2448 1484 2478 ;

428 2478 506 2509 scito
530 2480 628 2520 quod,
653 2481 925 2520 quemadmodum
949 2481 1061 2512 sentire
1085 2481 1200 2512 falsum
1216 2483 1254 2512 de
1270 2483 1348 2519 Deo,
1366 2490 1401 2514 ut
1416 2483 1484 2514 infi-

429 2522 506 2552 delis
529 2523 631 2560 sentit,
656 2531 702 2554 εει
724 2531 811 2555 actus
832 2525 1007 2555 secundum
1023 2535 1055 2555 se
1075 2526 1176 2556 malus
1206 2526 1280 2566 quia
1296 2527 1377 2557 cadit
1392 2537 1486 2567 super

428 2567 558 2597 materia
580 2567 727 2604 indebita,
752 2575 782 2598 et
805 2568 967 2599 constituit
989 2568 1178 2600 infidelitatis
1202 2577 1368 2610 peccatum
1383 2571 1415 2601 in
1431 2571 1484 2602 tali

428 2611 545 2649 gradu:
569 2611 611 2641 ita
634 2611 736 2642 dicere
750 2611 866 2642 falsum
882 2613 920 2642 de
936 2613 1015 2648 Deo,
1032 2619 1067 2643 ut
1084 2613 1285 2653 blasphemus
1305 2614 1390 2651 dicit,
1407 2625 1484 2645 con-

429 2654 529 2685 stituit
543 2655 755 2694 blasphemiae
775 2662 939 2695 peccatum
954 2656 985 2686 in
1001 2656 1054 2687 tali
1071 2658 1169 2696 gradu
1196 2658 1271 2697 quia
1287 2658 1387 2689 dicere
1404 2659 1486 2690 cadit

429 2707 524 2738 super
546 2698 675 2729 materia
697 2699 844 2730 indebita.
869 2700 909 2730 Et
924 2700 999 2741 quia
1014 2701 1141 2731 materia
1158 2701 1243 2737 haec,
1260 2708 1342 2742 quae
1358 2708 1404 2733 est
1418 2712 1484 2733 ma-

429 2742 505 2772 teria
521 2743 599 2773 circa
615 2753 722 2783 quam,
739 2753 821 2784 quae
838 2743 997 2775 bbiectum
1012 2751 1067 2781 est,
1084 2745 1195 2775 eadem
1211 2751 1271 2781 est3
1288 2755 1485 2786 consequens

430 2792 476 2816 est
499 2793 534 2816 ut
556 2786 688 2826 gravitas
705 2797 768 2817 una
783 2788 832 2818 sit.
856 2788 895 2818 Et
911 2795 1075 2828 propterea
1090 2788 1122 2818 in
1145 2789 1246 2819 littera
1270 2789 1382 2819 dicitur
1397 2790 1485 2830 quod

430 2829 523 2860 habet
546 2830 727 2870 gravitatem
750 2831 950 2868 infidelitatis,
967 2838 998 2862 et
1013 2832 1102 2872 quod
1124 2839 1288 2872 peccatum
1311 2833 1485 2864 maximum

431 2880 477 2904 est
499 2883 535 2904 ex
557 2883 670 2914 genere
685 2885 744 2905 suo
761 2875 842 2906 sicut
856 2882 885 2906 et
899 2875 1075 2908 infidelitas.
1099 2876 1140 2907 Et
1154 2884 1382 2917 consequenter
1397 2878 1485 2918 quod

431 2924 576 2957 aggravat
594 2917 776 2958 gravitatem
799 2919 832 2949 in
855 2929 918 2960 qua
934 2920 1148 2951 communicat
1164 2931 1238 2952 cum
1253 2919 1444 2960 infidelitate,
1461 2921 1486 2952 si

431 2961 630 3001 superveniat
652 2961 815 2994 detestatio
839 2963 1019 2995 voluntatis
1044 2964 1198 3001 Quamvis
1214 2965 1299 2995 enim
1314 2975 1438 3006 semper
1453 2965 1485 2996 in

431 3004 625 3045 blasphemia
641 3005 816 3037 inveniatur
830 3007 976 3038 voluntas
997 3008 1194 3039 consentiens
1213 3008 1246 3038 in
1261 3007 1322 3039 hoc
1338 3009 1426 3049 quod
1441 3016 1486 3040 est

1533 1691 1648 1722 falsum
1671 1691 1772 1722 dicere
1797 1692 1834 1722 de
1858 1693 1927 1722 Deo
1951 1690 2059 1734 (aliter
2090 1700 2255 1733 peccatum
2278 1704 2345 1725 non
2364 1693 2487 1737 esset),
2510 1696 2592 1729 sicut

1534 1745 1658 1774 semper
1679 1735 1713 1764 in
1734 1735 1917 1766 infidelitate
1939 1742 1985 1766 est
2000 1737 2147 1767 voluntas
2163 1738 2361 1769 consentiens
2377 1739 2411 1769 in
2425 1739 2487 1771 hoc
2502 1741 2592 1780 quod

1534 1786 1580 1809 est
1603 1778 1714 1809 sentire
1737 1779 1852 1810 falsum
1871 1780 1909 1810 de
1925 1780 2011 1816 Deo;
2037 1790 2103 1810 non
2117 1787 2223 1811 tamen
2239 1791 2362 1822 semper
2376 1782 2463 1814 adest
2478 1783 2591 1814 volun-

1533 1828 1579 1852 tas
1594 1822 1700 1852 affecta
1719 1823 1758 1852 ad
1775 1823 2003 1859 detestandum,
2020 1833 2101 1864 quae
2118 1824 2150 1854 in
2168 1824 2270 1855 littera
2285 1825 2398 1856 dicitur
2413 1836 2590 1867 aggravare,

1534 1866 1666 1905 Propter
1689 1866 1804 1896 dictam
1827 1874 1935 1898 autem
1964 1867 2170 1898 differentiam
2196 1869 2278 1900 inter
2299 1869 2415 1900 sentire
2436 1877 2474 1901 eta
2491 1870 2593 1902 dicere

1534 1909 1650 1940 falsum
1673 1910 1712 1940 de
1734 1910 1824 1946 Deo,
1842 1910 1875 1940 in
1898 1911 2104 1951 responsione
2127 1913 2167 1942 ad
2190 1914 2368 1944 secundum
2390 1915 2448 1945 sub
2472 1912 2592 1946 disiusr'a

1535 1953 1639 1983 ctione
1662 1953 1775 1984 dicitur
1789 1955 1878 1994 quod
1893 1955 1949 1995 qui
1965 1955 2103 1994 periurat
2117 1965 2180 1987 non
2195 1957 2273 1988 dicit
2287 1963 2346 1988 aut
2359 1959 2456 1990 sentit
2470 1959 2594 2000 aliquid

1524 1996 1654 2037 falsum
1678 1997 1718 2027 de
1738 1998 1818 2036 Deo,
1843 1999 1926 2029 sicut
1940 1999 2148 2039 blasphemus.
2517 2028 2535 2041 ,v
2657 2033 2659 2035 ,

1590 2041 1642 2071 111.
1672 2041 1704 2071 Si
1733 2042 1804 2082 quis
1832 2049 1939 2072 autem
1968 2044 2138 2085 contendat
2164 2043 2334 2084 perfectam
2364 2045 2592 2086 blasphemiam
2625 2044 2628 2046 ’

1535 2094 1790 2124 praesupponere
1813 2092 1844 2116 et
1872 2085 2015 2117 claudere
2042 2086 2276 2124 infidelitatem,
2301 2088 2523 2129 distinguendo
2553 2087 2593 2120 de

1534 2128 1729 2168 blasphemia
1745 2129 1920 2160 secundum
1942 2130 2112 2169 perfectam
2126 2131 2176 2161 vel
2194 2131 2412 2172 imperfectam
2435 2134 2592 2164 rationem

1534 2172 1762 2212 blasphemiae,
1788 2183 1846 2212 pro
1870 2183 1908 2204 eo
1931 2174 2020 2214 quod
2050 2174 2208 2206 confessio
2231 2175 2305 2207 fidei
2326 2176 2468 2216 perfecta
2493 2176 2591 2208 fidem

1535 2216 1764 2256 praesupponit
1786 2224 1816 2247 et
1839 2217 1973 2254 claudit;
1997 2218 2136 2249 advertat
2159 2219 2274 2259 primo,
2299 2221 2388 2260 quod
2411 2221 2594 2262 bonumex

1536 2269 1635 2290 causa
1658 2261 1796 2301 integra,
1814 2261 1933 2292 malum
1957 2267 2062 2293 autem
2087 2272 2128 2293 ex
2137 2264 2335 2303 particulari
2357 2266 2523 2306 consurgit
2537 2265 2593 2305 ’ὀρ-ι

1526 2302 1621 2343 fectu
1638 2303 1663 2334 *.
1688 2305 1735 2334 Ac
1757 2314 1813 2344 per
1835 2304 1912 2341 hoc,
1937 2305 2082 2346 quamvis
2113 2306 2151 2336 ad
2174 2306 2345 2347 perfectam
2374 2306 2447 2349 fidei
2472 2307 2592 2340 confes-

1536 2347 1660 2378 sionem
1675 2347 1814 2387 exigatur
1832 2347 1918 2384 fides,
1936 2349 2010 2389 quia
2026 2349 2113 2379 aliter
2128 2349 2267 2381 virtuosa
2283 2360 2349 2381 non
2365 2358 2424 2388 est;
2448 2348 2596 2393 blasphe‘s

1537 2391 1600 2421 mia
1623 2399 1728 2422 tamen
1751 2398 1798 2422 est
1819 2392 1930 2422 vitiosa
1953 2393 2072 2433 absque
2091 2393 2280 2425 infidelitate.
2590 2398 2594 2403 ’

1590 2436 1741 2466 Advertat
1763 2436 1913 2472 secundo,
1937 2437 2026 2476 quod
2049 2437 2244 2477 blasphemia
2267 2438 2434 2478 perfectior
2455 2447 2502 2471 est
2517 2450 2592 2471 cum

1537 2488 1574 2508 ex
1596 2478 1769 2510 intentione
1793 2479 1949 2519 profertur
1967 2480 1999 2510 in
2020 2481 2125 2511 Deum
2141 2491 2239 2522 quam
2262 2492 2336 2513 cum
2351 2492 2389 2514 ex
2402 2483 2594 2523 ignorantia:

1537 2522 1691 2562 quoniam
1714 2530 1789 2553 tunc
1812 2530 1858 2554 est
1877 2523 2073 2564 blasphemia
2098 2534 2136 2556 ex
2151 2533 2283 2566 utraque
2299 2533 2402 2566 parte,
2425 2526 2543 2558 scilicet
2558 2538 2596 2559 ex

1537 2572 1624 2606 parte
1642 2565 1700 2596 Dei
1724 2573 1755 2597 et
1776 2577 1812 2597 ex
1831 2574 1918 2607 parte
1933 2568 2117 2609 blasphemi.
2143 2569 2280 2606 Quando
2296 2576 2403 2601 autem
2417 2578 2484 2602 non
2495 2571 2596 2603 credit

1537 2610 1609 2650 quis
1632 2617 1740 2640 contra
1763 2611 1868 2641 Deum
1884 2621 1916 2642 se
1932 2612 2042 2648 dicere,
2059 2613 2254 2653 blasphemia
2269 2621 2316 2644 est
2330 2614 2437 2645 solum
2452 2625 2488 2645 ex
2505 2622 2592 2655 parte

1537 2653 1596 2684 Dei
1618 2654 1834 2695 blasphemati.
1860 2655 1993 2686 Constat
2011 2663 2118 2686 autem
2134 2658 2222 2697 quod
2238 2657 2434 2697 blasphemia
2449 2668 2515 2690 non
2531 2669 2594 2690 cre—

1538 2697 1638 2728 dentis
1668 2698 1701 2727 in
1724 2697 1887 2728 Christum
1914 2706 1960 2729 est
1987 2699 2093 2730 solum
2121 2701 2315 2740 blasphemia
2342 2702 2519 2732 secundum
2542 2712 2592 2733 se:

1537 2741 1732 2780 blasphemia
1753 2748 1861 2772 autem
1884 2742 2092 2774 credentisin
2115 2743 2278 2776 Christum
2296 2752 2342 2775 est
2365 2752 2396 2776 et
2418 2746 2595 2777 secundum

1537 2794 1570 2814 se
1594 2791 1624 2815 et
1647 2785 1821 2815 secundum
1848 2785 2119 2826 blasphemantem
2141 2788 2346 2828 blasphemia.
2379 2792 2426 2819 Ac
2450 2799 2505 2829 per
2529 2790 2591 2820 hoc

1537 2827 1731 2868 blasphemia
1755 2828 1922 2868 perfectior
1944 2837 1991 2861 est
2013 2830 2078 2861 sine
2102 2830 2284 2862 infidelitate
2306 2842 2404 2873 quam
2427 2843 2502 2864 cum
2525 2833 2594 2864 infi-

1539 2871 1674 2902 delitate.

1593 2915 1633 2946 Et
1656 2915 1859 2947 confirmatur
1881 2916 2065 2948 auctoritate
2088 2918 2114 2948 11
2138 2918 2203 2949 Pet.
2221 2930 2243 2950 11
2258 2918 2290 2949 *;
2315 2920 2435 2952 Melius
2457 2922 2596 2953 erat-vis
2620 2933 2629 2943 ·
2644 2933 2710 2956 Vm.
2725 2939 2758 2956 n.

1539 2960 1702 2990 veritatem
1719 2969 1781 2990 non
1798 2970 1989 3001 cognoscere
2011 2971 2106 3002 quam
2125 2966 2200 3003 post
2222 2965 2367 3004 agnitam
2385 2965 2541 2997 retroire:
2562 2972 2595 3004 et

1539 3003 1642 3034 multo
1665 3003 1774 3044 magis,
1798 3003 1947 3036 iniuriari.
2578 3027 2579 3030 =

2605 391 2682 413 uam,
2697 389 2738 407 art.
2771 401 2778 408 .

2621 2319 2628 2327 “
2642 2317 2712 2340 Dion.
2729 2317 2760 2340 de
2775 2317 2829 2340 [κν.

2620 2342 2832 2394 ²s”'.⁰1'-“2..5‘.3t¹1'=·n'.

2641 2404 2741 2419 ..μ’-ν’..ζνξ
2771 2402 2798 2417 Γιι
