2892 4056
945 183 1210 229 QUAESTIO
1240 182 1399 229 XXXV,
1429 183 1724 220 ARTICULUS
1754 183 1818 230 III,
1840 183 1890 219 lV

2433 183 2507 231 287

1137 282 1350 325 ARTICU
1357 281 1454 324 LUS
1484 282 1712 324 TERTIUS

953 367 1108 398 UTRUM
1131 367 1294 398 ACEDIA
1317 366 1383 397 SIT
1407 365 1646 396 PECCATUM
1670 366 1883 397 MORTALE

1234 437 1275 462 De
1293 436 1376 466 Malo,
1397 443 1442 468 qu.
1459 443 1494 464 xl,
1513 440 1559 460 art.
1580 434 1603 460 3.

355 519 388 536 ‚¹2
398 516 424 530 xxv

358 547 361 554 s

464 518 517 555 fax(
541 508 563 533 n
582 508 742 535 TERTIUM
766 510 819 535 stc
838 509 1078 535 raom-:mrum
1105 494 1266 535 Videtur
1285 498 1391 546 quod

415 557 419 589 ἶ
435 585 444 596 ,Δ
469 549 517 597 {3²
541 550 673 587 acedia
692 563 771 588 non
787 551 834 587 sit
846 557 1047 599 peccatum
1067 551 1238 587 mortale.
1262 552 1390 588 Omne

380 594 385 602 ‘
412 600 421 602 “
478 586 644 642 'f‘enim
686 611 888 652 peccatum
934 604 1095 640 mortale
1143 604 1392 640 contrariatur

497 646 744 705 Kpraecepto
780 656 871 703 legis
899 655 983 692 Dei.
1029 656 1105 692 Sed
1139 656 1270 693 acedia
1302 657 1392 693 nulli

327 713 533 756 praecepto
554 708 771 745 contrariari
789 708 957 746 videtur:
986 716 1028 744 ut
1045 716 1150 757 patet
1169 709 1393 746 discurrenti

326 769 398 806 per
417 758 562 806 singula
579 767 784 810 praecepta
813 760 995 808 decalogi.
1025 762 1126 809 Ergo
1157 761 1289 798 acedia
1313 774 1391 798 non

329 819 385 847 est
412 819 612 860 peccatum
640 813 815 850 mortale.

383 875 418 900 2.
445 865 682 913 PRAETEREA,
710 873 912 915 peccatum
940 865 1067 914 operis
1095 866 1133 902 in
1162 866 1312 902 eodem⁴
1331 878 1393 914 ge-

327 927 418 953 nere
439 929 517 954 non
537 926 593 955 est
616 918 743 955 minus
772 930 889 967 quam
918 925 1120 966 peccatum
1148 918 1393 955 cordis.'Sed

327 969 506 1006 recedere
527 982 644 1019 opere
663 972 712 1007 ab
732 971 859 1020 aliquo
880 970 1062 1019 spirituali
1082 971 1185 1007 bono
1207 972 1243 1007 in
1264 971 1392 1007 Deum

328 1021 490 1059 ducente
509 1034 587 1060 non
609 1030 665 1060 est
682 1031 884 1072 peccatum
905 1024 1083 1060 mortale:
1104 1023 1273 1072 alioquin
1292 1036 1393 1060 mor-

326 1074 449 1111 taliter
468 1083 646 1123 peccaret
674 1076 907 1126 quicumque
937 1075 1094 1113 consilia
1113 1089 1191 1114 non
1212 1077 1394 1114 observa-

325 1133 393 1165 ret.
423 1127 526 1175 Ergo
547 1129 727 1166 recedere
753 1131 868 1167 corde
896 1142 966 1178 per
993 1129 1179 1166 tristitiam
1199 1130 1247 1166 ab
1266 1129 1394 1167 huius-

325 1179 432 1217 modi
469 1179 728 1229 spiritualibus
767 1183 948 1232 operibus
985 1195 1064 1219 non
1097 1190 1154 1220 est
1191 1190 1393 1232 peccatum

325 1233 499 1272 mortale.
530 1234 622 1272 Non
642 1247 731 1284 ergo
752 1236 885 1274 acedia
914 1243 970 1273 est
996 1243 1197 1285 peccatum
1221 1237 1393 1273 mortale.

324 1327 338 1331 κ
380 1287 417 1323 3.
433 1286 668 1335 PRA‘E‘rEREA,
685 1289 831 1326 nullum
851 1297 1052 1338 peccatum
1072 1289 1231 1325 mortale
1251 1289 1289 1326 in
1303 1289 1394 1326 viris

282 1331 286 1333 Δ
324 1339 501 1388 perfectis
527 1339 732 1379 invenitur.
763 1342 840 1379 Sed
869 1342 1002 1380 acedia
1029 1342 1222 1379 invenitur
1249 1342 1288 1379 in
1305 1341 1395 1379 viris

84 1502 96 1513 ·
109 1490 202 1530 opii.

86 1659 97 1670 ⁸
111 1657 180 1681 Vm.
195 1664 229 1681 ιο.

85 1819 96 1831 ’
109 1817 168 1842 thid.

86 1923 297 1952 ⁸1⁸11²‘‚qu.uxu‚

83 1953 298 2004 fffiffiff'ffl'

85 2297 276 2326 ¹!Qn.xxv1u,m.
282 2304 298 2320 ι.

85 3215 273 3244 'Quaexxmart-
277 3222 299 3244 5-

323 1391 518 1443 perfectis:
550 1393 640 1431 dicit
664 1394 766 1432 enim
793 1395 1016 1442 Cassianus,
1045 1395 1085 1432 in
1113 1394 1176 1431 lib.
1206 1395 1242 1431 X
1269 1395 1314 1431 de
1331 1396 1395 1431 In-

323 1445 457 1482 stitutis
480 1446 758 1484 Coenobiorum
778 1447 809 1495 ²¹²,
841 1449 946 1496 quod
974 1447 1107 1485 acedia
1136 1455 1192 1484 est
1219 1447 1396 1484 solitariis

325 1497 451 1547 magis
481 1505 660 1547 experta,
699 1505 734 1536 et
759 1500 796 1537 in
825 1512 952 1537 eremo
991 1500 1313 1537 commorantibus
1341 1500 1395 1537 in-

318 1550 455 1597 festior
482 1552 596 1588 hostis
623 1564 671 1589 ac
699 1554 893 1602 frequens.
932 1554 1035 1602 Ergo
1065 1552 1199 1590 acedia
1232 1565 1311 1590 non
1341 1560 1397 1590 est

322 1610 527 1654 peccatum
555 1605 728 1642 mortale.

339 1703 341 1705 ι
379 1656 454 1693 SED
482 1668 629 1694 CONTRA
657 1669 724 1695 EST
752 1658 859 1706 quod
888 1658 1024 1696 dicitur
1051 1660 1084 1696 II
1109 1659 1162 1696 ad
1184 1660 1272 1696 Cor.
1294 1658 1393 1695 vn*:

327 1708 493 1746 Tristitia
511 1711 656 1748 saeculi
672 1717 832 1748 mortem
854 1717 1045 1760 operatur.
1076 1712 1154 1749 Sed
1173 1710 1397 1749 huiusmodi

325 1769 382 1799 est
395 1762 545 1800 acedia:
565 1776 646 1803 non
666 1764 768 1801 enim
790 1772 846 1802 est
866 1765 1014 1802 tristitia
1032 1766 1236 1802 secundum
1256 1765 1394 1810 Deum,

315 1815 423 1864 'quae
457 1823 590 1853 contra
623 1817 809 1854 tristitiam
846 1819 987 1855 saeculi
1022 1818 1201 1855 dividitur
1226 1817 1266 1865 ⁹¹²,
1297 1829 1395 1866 quae

325 1875 490 1906 mortem
511 1873 529 1890 ²
549 1877 740 1918 operatur.
771 1870 875 1918 Ergo
905 1879 961 1908 est
987 1878 1190 1920 peccatum
1219 1871 1395 1907 mortale.

378 1922 606 1959 Responnzo
625 1935 812 1960 manDuM
832 1924 949 1972 quod,
972 1923 1068 1961 sicut
1087 1937 1202 1973 supra
1216 1923 1237 1945 '¹‘
1253 1923 1396 1960 dictum

325 1981 400 2021 est,
436 1983 639 2023 peceatum
668 1977 830 2013 mortale
860 1976 995 2015 dicitur
1028 1978 1134 2026 quod
1169 1975 1263 2014 tollit
1291 1976 1398 2025 spiri-

322 2027 467 2064 tualem
486 2028 620 2076 vitam,
642 2041 740 2077 quae
769 2037 826 2066 est
852 2042 923 2078 per
952 2029 1159 2077 caritatem,
1182 2029 1397 2067 secundum

320 2091 440 2130 ,quam
470 2081 576 2118 Deus
606 2094 677 2118 nos
705 2082 911 2119 inhabitat:
940 2083 1043 2120 unde
1071 2083 1164 2120 illud
1190 2090 1395 2132 peccatum

324 2144 370 2171 ex
393 2145 464 2170 suo
493 2141 632 2181 genere
662 2142 719 2172 est
746 2136 906 2172 mortale
927 2133 942 2164 β
961 2135 1067 2185 quod
1098 2136 1145 2173 de
1174 2148 1231 2182 se,
1262 2148 1397 2172 secun-

324 2185 418 2233 dum
452 2186 650 2236 propriam
687 2188 903 2235 rationem,
947 2188 1198 2226 contrariatur
1240 2188 1396 2226 caritati.

322 2238 558 2277 Huiusmodi
585 2248 715 2278 autem
744 2247 801 2278 est
829 2241 974 2279 acedia.
1005 2243 1108 2278 Nam
1137 2241 1315 2290 proprius
1346 2241 1397 2278 ef-

323 2293 442 2329 fectus
464 2293 628 2330 caritatis
648 2301 703 2330 est
721 2294 905 2342 gaudium
927 2294 974 2332 de
993 2295 1093 2343 Deo,
1110 2302 1153 2331 ut
1172 2307 1288 2344 supra
1302 2294 1322 2316 *
1343 2294 1398 2332 di-

324 2352 428 2382 ctum
451 2353 526 2382 est:
552 2346 686 2384 acedia
706 2354 835 2384 autem
856 2355 913 2384 est
922 2346 1078 2385 tristitia
1100 2348 1146 2385 de
1167 2348 1273 2384 bono
1289 2347 1397 2397 spiri-

322 2398 414 2435 tuali
430 2398 658 2448 inquantum
675 2407 731 2436 est
745 2400 893 2437 bonum
911 2399 1100 2437 divinum.
1125 2400 1240 2437 Unde
1260 2413 1397 2437 secun-

325 2451 418 2488 dum
448 2464 563 2488 suurn
591 2464 712 2500 genus
741 2453 874 2490 acedia
904 2460 959 2489 est
987 2460 1190 2501 peccatum
1218 2454 1394 2490 mortale.

377 2571 406 2604 α)
425 2579 494 2605 quae
512 2574 633 2597 mortem.
651 2585 671 2590 -
687 2575 736 2597 aut
754 2579 822 2604 quae
846 2575 959 2596 mortem
978 2571 1010 2602 G,
1029 2574 1055 2596 et
1074 2572 1154 2596 etiam
1174 2570 1287 2596 mortem
1307 2571 1350 2600 sC,
1370 2574 1396 2595 et

323 2611 436 2633 mortem
455 2608 532 2632 ceteri
550 2612 576 2632 et
594 2607 645 2637 Pa,·
664 2610 691 2632 et
708 2607 822 2632 salutem
841 2607 944 2639 aliquae
962 2607 1098 2632 editiones.

377 2641 403 2675 β)
422 2643 544 2668 mortale.
562 2656 582 2662 -
595 2646 739 2675 peccatum
759 2643 874 2667 mor-tale
891 2643 939 2668 Pa.

375 2679 402 2712 γ)
422 2681 521 2704 autem.
539 2691 560 2697 —
577 2678 648 2703 enim
669 2678 707 2703 Pa
726 2683 752 2703 et
771 2678 885 2703 codices.

1418 2704 1421 2742 Ι

1499 497 1578 534 Sed
1607 497 1927 535 considerandum
1968 504 2024 534 est
2059 497 2097 534 in
2130 496 2310 533 omnibus
2345 496 2510 545 peccatis

1446 562 1544 598 quae
1565 557 1651 587 sunt
1670 551 1881 587 secundum
1911 562 2024 587 suum
2051 562 2172 597 genus
2201 549 2376 586 mortalia
2405 549 2510 597 quod

1446 614 1524 639 non
1553 610 1640 639 sunt
1668 603 1842 640 mortalia
1876 603 1946 639 nisi
1976 602 2130 652 quando
2167 614 2276 639 suam
2310 602 2511 651 perfectio-

1446 667 1534 692 nem
1556 663 1854 703 consequuntur.
1876 657 1944 692 Est
1963 654 2408 692 autem'fconsummatio
2424 667 2512 703 pec-

1446 708 1517 744 cati
1543 707 1582 745 in
1612 721 1801 745 consensu
1835 708 2011 746 rationis:
2048 709 2242 757 loquimur
2277 707 2380 744 enim
2409 720 2513 744 nunc

1447 760 1493 797 de
1513 768 1671 809 peccato
1700 762 1886 808 humano,
1917 761 2021 810 quod
2049 761 2087 797 in
2115 769 2201 798 actu
2228 761 2399 797 humano
2421 773 2512 797 con-

1446 813 1558 860 sistit,
1590 813 1696 850 cuius
1724 814 1954 862 principium
1985 820 2040 850 est
2067 814 2173 850 ratio.
2202 813 2315 850 Unde
2335 814 2366 850 si
2394 813 2439 850 sit
2459 813 2513 850 in-

1447 865 1597 902 choatio
1616 867 1762 914 peccati
1782 866 1819 903 in
1839 867 1920 903 sola
1945 862 2199 914 sensualitate,
2222 873 2257 902 et
2276 878 2355 903 non
2372 866 2513 915 pertin-

1445 924 1507 964 gat
1525 930 1647 966 usque
1667 919 1716 955 ad
1744 931 1974 956 consensum
2004 918 2170 966 rationis,
2199 926 2356 967 propter
2374 919 2514 968 imper-

1447 969 1650 1007 fectionem
1679 978 1784 1008 actus
1818 980 1873 1008 est
1905 973 2106 1020 peccatum
2138 971 2302 1008 veniale.
2343 972 2449 1008 Sicut
2474 971 2514 1008 in

1445 1034 1582 1070 genere
1603 1023 1775 1066 adulterii
1800 1024 2110 1073 concupiscentia
2130 1036 2228 1073 quae
2254 1023 2450 1061 consistit⁶
2475 1024 2514 1061 in

1447 1075 1791 1113 sola'sensualitate
1821 1084 1877 1114 est
1902 1085 2105 1126 peccatum
2133 1077 2301 1123 veniale;
2332 1078 2362 1114 si
2383 1085 2514 1114 tamen

1445 1128 1669 1177 pervenitur
1689 1142 1811 1179 usque
1831 1130 1880 1167 ad
1901 1141 2133 1167 consensum
2154 1130 2322 1177 rationis,
2344 1138 2399 1167 est
2426 1142 2515 1180 pec-

1447 1188 1573 1218 catum
1594 1183 1767 1220 mortale.
1790 1184 1844 1220 Ita
1860 1183 1977 1220 etiam
1998 1190 2034 1220 et
2051 1190 2180 1219 motus
2209 1183 2364 1220 acediae
2378 1184 2419 1220 in
2434 1183 2516 1220 sola

1446 1234 1688 1272 sensualitate
1708 1236 1943 1286 quandoque
1964 1243 2030 1283 est,
2051 1243 2210 1285 propter
2228 1233 2516 1285 repugnantiam

1448 1287 1571 1324 carnis
1591 1288 1639 1324 ad
1659 1288 1851 1336 spiritum:
1881 1297 1917 1327 et
1934 1297 2025 1326 tunc
2053 1296 2109 1325 est
2131 1296 2333 1337 peccatum
2351 1289 2514 1326 veniale.

1448 1340 1695 1389 Quandoque
1723 1354 1818 1379 vero
1846 1342 2025 1391 pertingit
2042 1347 2055 1363 ⁶
2074 1354 2196 1389 usque
2231 1342 2279 1379 ad
2309 1342 2515 1389 rationem,

1447 1406 1547 1442 quae
1576 1394 1765 1431 consentit
1791 1394 1831 1431 in
1854 1396 1982 1444 fugam
2014 1403 2050 1432 et
2068 1395 2270 1432 horrorem
2301 1403 2338 1432 et
2357 1395 2518 1432 detesta-

1446 1446 1593 1482 tionem
1623 1447 1716 1483 boni
1745 1447 1884 1495 divini,
1920 1459 2033 1485 carne
2062 1447 2220 1485 omnino
2250 1456 2382 1485 contra
2410 1447 2517 1496 spiri-

1447 1506 1528 1535 tum
1556 1500 1803 1548 praevalente
1824 1500 1848 1538 t·
1869 1502 1919 1538 Et
1946 1508 2037 1537 tunc
2066 1500 2310 1537 manifestum
2331 1509 2387 1537 est
2410 1500 2517 1549 quod

1448 1552 1582 1589 acedia
1611 1560 1667 1588 est
1694 1561 1897 1601 peccatum
1926 1553 2102 1590 mortale.

1500 1606 1559 1642 An
1579 1616 1717 1642 PRIMUM
1737 1617 1836 1643 ERGO
1857 1618 2042 1644 memnon
2070 1606 2176 1654 quod
2205 1605 2339 1643 acedia
2368 1613 2517 1643 contra-

1449 1657 1565 1695 riatur
1583 1665 1788 1707 praecepto
1810 1659 1857 1696 de
1877 1658 2176 1696 sanctificatione
2196 1659 2355 1707 sabbati,
2370 1659 2409 1696 in
2426 1671 2515 1708 quo,

1448 1712 1663 1748 secundum
1691 1712 1798 1761 quod
1827 1719 1884 1749 est
1909 1719 2159 1762 praeceptum
2190 1713 2348 1759 morale,
2373 1712 2517 1761 praeci-

1448 1764 1549 1813 pitur
1567 1763 1676 1812 quies
1696 1765 1834 1802 mentis
1863 1765 1901 1802 in
1929 1767 2027 1812 Deo,
2059 1764 2119 1801 cui
2139 1770 2156 1791 η
2178 1765 2428 1802 contrariatur
2455 1765 2516 1802 tri-

1448 1817 1547 1854 stitia
1575 1817 1713 1854 mentis
1744 1817 1791 1854 de
1821 1819 1924 1855 bono
1955 1818 2097 1856 divino.

1502 1873 1561 1907 An
1590 1882 1781 1908 SECUNDUM
1809 1883 1994 1909 mCENDUM
2031 1870 2138 1918 quod
2176 1870 2309 1908 acedia
2344 1883 2424 1908 non
2461 1879 2516 1908 est

1450 1935 1623 1960 recessus
1651 1923 1827 1961 mentalis
1856 1937 1878 1961 a
1907 1935 2153 1974 quocumque
2182 1923 2364 1972 spirituali
2393 1924 2515 1972 bono,

1450 1976 1518 2013 sed
1547 1989 1569 2012 a
1597 1977 1702 2013 bono
1732 1976 1885 2024 divino,
1922 1977 1982 2014 cui
2011 1983 2161 2025 oportet
2188 1983 2358 2013 mentem
2387 1977 2516 2014 inhae-

1451 2041 1531 2066 rere
1562 2041 1607 2066 ex
1635 2030 1872 2069 necessitate.
1916 2031 2027 2068 Unde
2056 2029 2087 2066 si
2115 2028 2249 2078 aliquis
2278 2030 2518 2067 contristetur

1450 2083 1498 2120 de
1525 2083 1601 2119 hoc
1629 2083 1735 2131 quod
1768 2083 1901 2132 aliquis
1939 2083 2038 2131 cogit
2075 2094 2164 2119 eum
2201 2082 2361 2131 implere
2399 2095 2516 2132 opera

1447 2135 1595 2173 virtutis
1624 2148 1722 2185 quae
1751 2136 1876 2173 facere
1904 2148 1983 2172 non
2011 2142 2171 2182 tenetur,
2192 2147 2271 2172 non
2301 2143 2356 2172 est
2382 2148 2517 2185 pecca-

1447 2196 1531 2225 tum
1552 2189 1727 2226 acediae:
1757 2189 1825 2226 sed
1845 2190 2001 2237 quando
2023 2188 2262 2225 contristatur
2281 2189 2317 2225 in
2338 2189 2396 2226 his
2416 2202 2516 2238 quae

1450 2242 1483 2278 ei
1511 2241 1711 2278 imminent
1739 2242 1914 2278 facienda
1941 2249 2097 2291 propter
2125 2242 2266 2278 Deum.

1501 2297 1560 2331 AD
1589 2307 1750 2331 TERT1UM
1778 2306 1963 2332 DICENDUM
1992 2295 2096 2342 quod
2126 2294 2163 2330 in
2182 2294 2274 2331 viris
2303 2295 2441 2331 sanctis
2460 2294 2515 2331 in-

1447 2347 1654 2384 veniuntur
1687 2347 1805 2396 aliqui
1840 2347 2050 2396 imperfecti
2079 2355 2207 2384 motus
2237 2347 2412 2395 acediae,
2451 2349 2515 2396 qui

1446 2408 1576 2437 tamen
1604 2413 1682 2437 non
1710 2401 1929 2450 pertingunt
1955 2413 2081 2449 usque
2103 2400 2161 2453 ‘ad
2195 2412 2427 2438 consensum
2457 2413 2515 2438 ra-

1448 2461 1573 2489 tionis.

1499 2569 1524 2602 ὂ)
1544 2570 1676 2596 consistit.
1694 2585 1714 2589 -
1730 2570 1803 2596 sistit
1823 2571 1874 2594 BF.
1892 2583 1911 2588 -
1930 2570 1980 2594 Pro
1997 2570 2023 2595 si
2041 2567 2138 2599 tamen,
2157 2571 2206 2596 sed
2224 2574 2313 2596 tamen
2329 2571 2380 2601 EF,
2393 2572 2441 2596 sed
2452 2578 2512 2596 cum

1448 2605 1556 2630 DHLsC
1575 2611 1600 2630 et
1618 2613 1667 2636 xm
1686 2613 1734 2638 pro
1741 2605 1908 2637 pervenitur,
1918 2605 2095 2637 perveniatur
2108 2605 2187 2631 ΑΒΚ.

1500 2641 1522 2672 ε)
1537 2641 1681 2674 pertingit.
1699 2654 1718 2660 —
1735 2641 1870 2673 contingit
1888 2641 1939 2665 PB.

1497 2676 1523 2709 ἵ)
1539 2677 1722 2708 praevalente.
1739 2689 1758 2695 ·-
1771 2676 1926 2708 praeliante
1945 2680 1971 2701 et
1985 2676 2162 2708 praevalente
2180 2677 2212 2701 D.

1498 2712 1525 2743 η)
1544 2712 1598 2736 cui.
1615 2725 1634 2730 —
1651 2712 1696 2737 cui
1713 2712 1795 2737 etiam
1814 2712 1843 2736 P.

1107 2834 1424 2876 ARTICULUS
1455 2834 1728 2884 QUARTUS

870 2917 1027 2948 UTRUM
1050 2917 1212 2948 ACEmA
1236 2917 1410 2948 DEBEAT
1432 2917 1533 2948 ΡοΝι
1559 2911 1712 2948 VITIUM
1737 2916 1952 2963 cAptTALE

773 2987 848 3021 Infra,
869 2996 915 3020 qu.
933 2995 1015 3019 xxxvr,
1035 2992 1082 3012 art.
1102 2994 1130 3019 43
1150 2987 1171 3012 11
1191 2987 1275 3016 Sent„
1295 2987 1355 3012 dist.
1374 2995 1434 3016 x1.11‚
1454 2995 1500 3020 qu.
1517 2995 1545 3016 11,
1565 2991 1610 3012 art.
1633 2986 1664 3018 3;
1687 2987 1728 3011 De
1746 2987 1830 3015 Malo,
1850 2994 1894 3020 qu.
1912 2995 1949 3018 xr,
1965 2992 2012 3012 art.
2031 2995 2058 3019 4.

366 3098 369 3103 ι
394 3070 423 3094 ψ
446 3073 513 3113 Μ(
537 3062 560 3087 n
580 3061 752 3092 QUARTUM
772 3062 825 3088 stc
846 3062 1087 3088 Pnocnmrua.
1103 3050 1263 3087 Videtur
1281 3049 1387 3098 quod

369 3094 513 3160 Ἶὺᾼὲῄ
539 3103 670 3140 acedia
688 3115 767 3140 non
785 3104 922 3140 debeat
941 3104 1033 3152 poni
1055 3103 1191 3140 vitium
1215 3102 1385 3152 capitale.

345 3137 683 3203 'y'dvzlssvltimn
711 3156 813 3194 enim
841 3157 999 3206 capitale
1026 3156 1161 3194 dicitur
1180 3155 1286 3204 quod
1304 3167 1387 3193 mo-

384 3186 481 3245 4⁵¹⁶)
496 3200 604 3246 vet
630 3209 679 3246 ad
712 3217 818 3246 actus
854 3218 1124 3259 peccatorum,
1162 3216 1203 3245 ut
1234 3221 1349 3258 supra
1367 3208 1387 3230 ¹⁸

324 3261 496 3300 habitum
516 3269 583 3299 est.
613 3262 690 3299 Sed
709 3262 839 3300 acedia
859 3276 938 3300 non
957 3270 1090 3300 movet
1108 3262 1156 3299 ad
1176 3261 1384 3309 agendum,

324 3315 392 3352 sed
420 3314 541 3362 magis
569 3315 722 3352 retrahit
754 3316 802 3352 ab
831 3316 993 3364 agendo.
1032 3316 1135 3363 Ergo
1164 3326 1243 3351 non
1272 3315 1386 3352 debet

324 3367 416 3417 poni
443 3367 578 3405 vitium
606 3367 776 3416 capitale.

377 3483 405 3514 α)
424 3482 543 3516 vagatio.
560 3496 579 3501 —
597 3482 722 3516 evagatio
740 3483 759 3507 Ρ
778 3482 819 3507 hic
838 3488 863 3507 et
882 3490 952 3507 mox.

1504 3061 1538 3086 2.
1560 3051 1800 3097 PRAETEREA,
1828 3049 1966 3087 vitium
1995 3031 2154 3098 capitale
2181 3050 2298 3087 habet
2323 3049 2420 3087 filias
2441 3050 2511 3087 sibi

1450 3102 1658 3151 deputatas.
1687 3102 1864 3150 Assignat
1882 3110 2009 3139 autem
2031 3103 2247 3151 Gregorius,
2277 3104 2402 3139 XXXI
2421 3103 2510 3139 Mo-

1449 3156 1518 3193 ral.
1539 3155 1572 3204 ⁸⁸,
1592 3168 1658 3192 sex
1685 3155 1781 3192 filias
1809 3155 1976 3202 acediae,
1997 3168 2096 3204 quae
2124 3163 2212 3193 sunt
2238 3155 2393 3202 malitia,
2421 3167 2509 3192 ran-
2536 3168 2545 3177 ·
2560 3167 2618 3198 cap.
2637 3174 2667 3188 η

2535 3200 2590 3220 xvn,
2599 3200 2622 3215 m
2631 3198 2675 3216 vet.
2683 3184 2747 3215 xlxxi.

1449 3221 1526 3255 cor,
1548 3209 1851 3257 pusillanimitas,
1881 3209 2099 3257 desperatio,
2129 3214 2258 3257 torpor
2276 3209 2378 3245 circa
2395 3219 2508 3256 prae-

1450 3268 1574 3311 cepta,
1612 3261 1767 3311 vagatio
1788 3266 1805 3282 ‘²
1823 3262 1955 3299 mentis
1982 3262 2084 3299 circa
2113 3261 2261 3298 illicita.-
2298 3273 2397 3309 quae
2429 3272 2508 3296 non

1448 3315 1625 3352 videntur
1653 3314 1924 3351 convenienter
1952 3314 2039 3351 oriri
2059 3327 2104 3352 ex
2124 3313 2265 3351 acedia.
2302 3314 2405 3350 Nam
2426 3325 2507 3349 ran-

1450 3380 1517 3404 cor
1542 3368 1645 3404 idem
1675 3379 1758 3404 esse
1784 3367 1934 3404 videtur
1961 3367 2067 3415 quod
2095 3367 2237 3414 odium,
2258 3366 2363 3415 quod
2391 3365 2509 3405 oritur
