2892 4056
191 1680 199 1688 ‘
218 1679 228 1700 1
246 1678 280 1699 ad
302 1678 397 1703 Thess„

189 1711 239 1732 cap.
256 1711 276 1731 v,
293 1711 349 1726 verS.
366 1711 399 1726 22.

192 2432 401 2459 ·Cf.Aug.deCi1.

192 2460 238 2481 Dei
261 2460 302 2481 lib.
330 2459 401 2486 XIV

192 2493 243 2514 cap.
258 2493 280 2507 vr
336 2494 337 2497 ¹

428 286 501 321 292

425 350 583 381 iuvenitur
606 361 739 381 movens
762 351 801 380 ad
824 350 971 380 invidiam
998 350 1056 379 nisi
1081 349 1271 389 prosperitas
1299 349 1484 389 propinqui,

427 402 461 425 ut
484 402 579 435 patet.
604 395 644 426 Et
667 402 832 435 propterea
855 394 971 424 invidia
995 400 1040 423 est
1064 402 1188 433 semper
1202 402 1311 433 prava:
1337 393 1412 434 quia
1429 393 1485 423 do-

425 439 474 468 lor
498 445 543 469 est
566 440 604 468 de
629 439 834 479 prosperitate
857 437 1038 478 propinqui,
1060 437 1098 466 de
1122 447 1184 477 qua
1209 444 1255 467 est
1268 437 1484 477 gaudendum.

426 483 466 513 Et
490 483 643 523 quoniam
667 483 698 512 in
722 483 783 512 hoc
807 482 895 522 quod
918 481 989 512 dico
1007 482 1210 521 prosperitas
1232 481 1376 521 aequalis
1395 486 1426 510 et
1447 481 1487 510 si-

426 527 520 564 milis,
538 526 693 557 clauditur
709 536 850 556 excessus
867 526 996 566 quidam
1012 532 1154 564 respectu
1171 525 1311 565 aequalis
1327 531 1358 555 et
1377 524 1487 554 similis

426 569 478 612 (ex
499 571 562 601 hoc
578 580 715 610 namque
739 571 827 610 quod
850 570 983 600 alterurn
1000 567 1150 599 similium
1168 575 1199 599 et
1217 568 1399 609 aequalium
1414 578 1487 609 pro-

427 621 576 654 speratur,
593 614 712 644 excedit
725 612 910 655 reliquum),
926 614 1008 648 ideo,
1026 613 1159 643 dicendo
1175 613 1264 653 quod
1278 613 1358 643 ratio
1374 611 1488 642 obiecti

426 659 558 689 invidiae
582 665 628 688 est
643 658 832 698 prosperitas
847 657 957 687 similis
981 664 1011 687 et
1034 657 1183 697 aequaliS,
1200 656 1314 687 dicitur
1336 657 1426 697 quod
1442 663 1487 687 est

426 704 547 733 bonurn
571 703 720 732 excedens
740 701 771 731 in
788 701 881 731 simili
906 708 936 732 et
955 701 1087 742 aequali.
1105 718 1126 723 -
1142 701 1183 731 Et
1206 700 1231 730 si
1247 700 1383 741 amplius
1402 710 1486 730 scru-

426 746 481 777 tati
497 746 659 782 fuerimus,
678 755 780 776 unum
795 746 881 776 aliud
904 745 1075 776 includitur
1097 745 1130 775 in
1146 745 1352 785 prosperitate
1377 742 1487 774 similis

427 798 456 821 et
478 790 630 830 aequalis:
656 789 772 820 scilicet
797 789 932 820 mutatio
956 789 1115 820 relationis
1139 789 1171 819 in
1195 799 1228 819 se
1252 796 1283 819 et
1305 798 1365 819 suo
1388 798 1490 819 corre-

426 834 531 864 lativo.
556 835 638 864 Nam
654 834 708 864 ubi
724 833 811 874 prius
828 841 915 864 erant
932 834 1114 864 correlativa
1131 833 1395 874 aequiparandae,
1411 832 1488 872 quia
1513 849 1515 858 =

427 885 512 908 erant
542 878 659 907 similes
684 885 713 908 et
736 879 899 918 aequaleS,
929 879 1119 918 prosperitas
1150 878 1261 908 similis
1290 884 1319 908 et
1347 876 1487 917 aequalis

426 922 569 952 transfert
592 922 699 962 ipsum
721 922 753 952 in
778 922 944 956 relativum
973 923 1149 953 secundum
1181 932 1342 952 excessum
1367 928 1397 951 et
1420 930 1488 951 cor-

426 967 590 997 relativum
621 966 749 1002 excessi;
781 977 847 996 non
872 976 927 1006 per
950 967 1198 997 diminutionem
1229 966 1368 1006 aliquam
1391 965 1424 995 in
1448 975 1487 995 eo

425 1011 478 1050 qui
504 1011 671 1046 exceditur,
697 1012 751 1040 sed
775 1021 831 1051 per
860 1011 962 1040 solam
991 1011 1283 1051 augmentationem
1313 1010 1346 1040 in
1369 1019 1407 1040 eo
1431 1009 1489 1051 qui

425 1055 554 1085 excedit.
578 1055 620 1085 Et
642 1062 819 1094 propterea,
845 1055 979 1085 dicendo
1004 1057 1092 1096 quod
1108 1055 1268 1086 obiectum
1283 1054 1419 1084 invidiae
1443 1060 1489 1084 est

425 1099 614 1139 prosperitas
638 1099 749 1129 similis
773 1106 804 1130 et
819 1100 969 1140 aequalis,
994 1100 1090 1130 simul
1113 1099 1227 1130 dicitur
1249 1100 1339 1141 quod
1361 1106 1408 1130 est
1430 1099 1488 1128 bo

426 1153 503 1174 num
536 1144 689 1174 excedens
719 1143 751 1173 in
775 1143 870 1174 simili
902 1151 932 1174 et
955 1144 1093 1185 aequali,
1129 1154 1165 1174 ac
1192 1153 1248 1184 per
1279 1144 1341 1174 hoc
1369 1143 1488 1173 habens
1514 1179 1516 1182 Α

425 1198 457 1217 se
488 1188 527 1218 ad
558 1188 692 1218 alterum
720 1194 756 1218 ut
785 1189 937 1218 excedens
969 1189 1008 1218 ad
1041 1197 1220 1219 excessum:
1243 1205 1264 1212 -
1288 1188 1329 1218 Et
1358 1187 1383 1217 si
1414 1196 1487 1227 pro-

425 1231 554 1262 fundius
583 1232 687 1262 adhuc
717 1232 976 1272 perspexerimus,
1006 1232 1184 1263 videbimus
1212 1233 1300 1272 quod
1321 1232 1399 1262 haec
1420 1231 1488 1271 ipsa

424 1275 559 1306 mutatio
583 1276 775 1307 relationum
799 1284 845 1307 est
868 1277 1043 1314 secundum
1072 1286 1139 1306 rem
1170 1275 1359 1306 diminutiva
1390 1275 1488 1305 excel-

423 1320 537 1351 lentiae
560 1320 594 1350 in
616 1321 725 1357 altero,
750 1331 816 1351 non
840 1321 994 1357 absolute,
1019 1321 1073 1350 sed
1097 1321 1237 1352 relative:
1262 1320 1324 1350 hoc
1349 1325 1404 1355 est,
1421 1328 1488 1348 non

424 1365 540 1396 minuit
562 1365 595 1395 in
618 1374 657 1395 eo
681 1365 812 1405 aliquod
835 1366 968 1402 bonum,
992 1365 1047 1394 sed
1070 1365 1154 1395 tollit
1176 1365 1215 1395 ab
1239 1374 1278 1394 eo
1301 1363 1489 1394 relationem

425 1409 625 1440 excellentiae
650 1410 833 1445 cuiusdam,
857 1419 955 1450 quam
983 1408 1070 1448 prius
1094 1409 1228 1439 habebat
1257 1408 1290 1438 in
1314 1407 1376 1437 hoc
1399 1407 1489 1447 quod

425 1460 489 1484 erat
511 1453 599 1484 alteri
622 1462 692 1493 par;
717 1453 810 1490 tollit,
828 1453 909 1490 dico,
927 1462 993 1483 non
1017 1453 1162 1484 nocendo
1178 1452 1224 1483 illi
1245 1452 1360 1493 quovis
1377 1451 1487 1488 modo,

425 1498 479 1528 sed
509 1508 566 1538 per
595 1498 761 1538 proprium
793 1505 1011 1537 augmentum.
1036 1515 1058 1521 -
1080 1497 1248 1537 Perspicue
1277 1505 1407 1537 quoque
1431 1495 1488 1526 cir·

426 1542 705 1583 cumspicientibus
729 1542 892 1583 apparebit
921 1542 1024 1573 adhuc
1047 1542 1136 1582 quod
1159 1542 1235 1572 haec
1257 1541 1326 1582 ipsa
1350 1541 1489 1579 diminu-

426 1587 470 1618 tio
494 1587 622 1617 relativa
645 1587 765 1627 absque
795 1586 844 1617 sui
868 1587 1002 1623 defectu,
1028 1586 1085 1617 etsi
1108 1587 1192 1616 mala
1214 1593 1269 1616 aut
1293 1586 1406 1616 nociva
1429 1585 1489 1615 mi·-

427 1631 511 1662 nime
539 1631 579 1662 sit
601 1631 778 1662 secundum
809 1641 876 1661 rem
900 1638 930 1662 et
951 1630 1125 1667 veritatem,
1153 1631 1248 1661 habet
1275 1637 1382 1660 tamen
1413 1629 1489 1660 mali

426 1675 578 1716 speeiem:
596 1685 662 1706 non
678 1675 753 1706 mali
769 1676 890 1716 culpae,
908 1676 947 1706 de
963 1686 1029 1717 quo
1046 1675 1198 1715 scriptum
1219 1681 1266 1705 est
1280 1674 1307 1711 *‚
1330 1675 1380 1705 Ab
1402 1675 1490 1705 omni

425 1721 527 1761 specie
550 1720 636 1750 mala
659 1721 812 1751 abstinete
835 1730 900 1758 vos,
925 1721 979 1751 sed
996 1720 1078 1750 -mali
1101 1730 1233 1760 poenae.
1256 1719 1339 1749 Nam
1358 1718 1489 1749 transire

426 1766 464 1795 de
488 1764 611 1804 aequali
634 1765 674 1794 ad
705 1774 772 1795 esse
794 1774 956 1795 excessum
987 1775 1023 1795 ex
1047 1763 1170 1795 defectu
1202 1763 1334 1804 proprio
1365 1763 1488 1794 malum

426 1816 485 1840 est:
511 1809 577 1839 sine
601 1808 723 1839 defectu
748 1816 855 1839 autem
879 1809 1021 1850 proprio,
1046 1809 1169 1839 malurn
1185 1818 1252 1839 non
1269 1814 1325 1844 est,
1341 1808 1396 1838 sed
1413 1807 1489 1838 mali

426 1853 563 1894 speciem
601 1862 656 1883 seu
687 1854 930 1884 similitudinem
965 1853 1108 1894 praefert.
1134 1870 1156 1876 -
1183 1851 1379 1893 Prosperitas
1413 1862 1489 1892 ergo

426 1897 567 1938 aequalis
594 1904 624 1928 et
648 1897 759 1928 similis
790 1898 907 1929 claudit
930 1898 963 1928 in
987 1908 1019 1928 se
1043 1897 1199 1928 rationem
1229 1896 1421 1933 excedentis;
1453 1906 1490 1927 ac

427 1953 482 1983 per
503 1943 575 1978 hoc,
599 1943 752 1973 mutantis
780 1943 967 1974 relationem
991 1943 1030 1973 ad
1054 1952 1150 1973 suum
1180 1942 1282 1972 simile
1306 1948 1336 1972 et
1359 1941 1490 1982 aequale

426 1988 458 2018 in
482 1986 668 2017 relationem
698 1987 874 2018 excedentis
898 1987 936 2017 ad
961 1997 1123 2018 excessum
1132 1995 1139 2022 ;
1164 1996 1199 2017 ac
1227 1996 1284 2027 per
1313 1987 1384 2022 hoc,
1409 1995 1490 2026 quo-

427 2031 601 2062 dammodo
625 2031 796 2061 minuentis
827 2031 987 2062 relativam
1012 2031 1226 2062 excellentiam
1250 2031 1284 2061 in
1307 2039 1367 2061 suo
1396 2030 1491 2060 simili

427 2083 458 2107 et
480 2075 620 2116 aequali;
645 2086 680 2106 ac
704 2085 759 2115 per
782 2077 853 2112 hoc,
877 2076 950 2107 licet
973 2076 1004 2106 in
1028 2085 1061 2106 se
1086 2075 1125 2106 sit
1146 2076 1241 2111 bona,
1262 2075 1425 2116 quandam
1445 2081 1491 2105 ta-

427 2130 500 2151 men
523 2121 617 2151 habet
640 2120 777 2160 speciem
800 2120 875 2151 mali
899 2130 1022 2160 poenae
1046 2127 1189 2160 respectu
1213 2119 1298 2150 illius
1326 2118 1438 2149 similis
1462 2125 1492 2149 et

427 2165 575 2206 aequalis,
593 2174 690 2205 quem
704 2165 803 2195 modo
828 2165 957 2196 excedit.
981 2165 1022 2195 Et
1037 2170 1143 2196 totum
1157 2165 1219 2195 hoc
1239 2170 1285 2194 est
1306 2163 1338 2194 in
1355 2170 1400 2194 re:
1417 2163 1493 2203 quia

427 2210 468 2241 ita
484 2220 532 2240 res
548 2220 580 2240 se
597 2209 700 2240 habet.
716 2227 737 2232 -
753 2210 793 2240 Et
810 2209 835 2240 si
851 2209 899 2240 his
923 2209 1159 2240 adiunxerimus
1174 2209 1206 2239 id
1229 2208 1317 2250 quod
1333 2208 1403 2239 talis
1418 2217 1492 2248 pro-

427 2254 556 2295 speritas
580 2253 710 2284 sortitur
732 2253 765 2284 iu
789 2261 933 2294 respectu
957 2255 995 2284 ad
1020 2254 1164 2284 invidum
1189 2263 1225 2284 ex
1259 2252 1423 2284 communi
1442 2260 1492 2282 ‘ra-

426 2299 513 2330 tione
536 2298 687 2334 tristitiae,
712 2297 773 2328 hoc
797 2304 848 2329 est>
866 2309 902 2329 ex
926 2298 1090 2329 communi
1115 2297 1297 2328 conditione
1321 2306 1419 2337 quam
1440 2296 1493 2327 tri-

428 2343 528 2374 stitiae
552 2342 631 2373 ratio
647 2343 681 2372 in
705 2342 794 2372 omni
820 2353 879 2373 suo
896 2342 1021 2373 obiecto
1038 2352 1074 2372 ex
1089 2349 1176 2382 parte
1191 2341 1259 2372 eius
1276 2341 1331 2382 qui
1354 2340 1494 2372 tristatur

428 2387 591 2428 supponit,
616 2386 733 2417 scilicet
756 2386 844 2427 quod
868 2387 939 2427 ipso
962 2387 1090 2417 nolente
1115 2385 1234 2417 accidat
1251 2383 1318 2428 (est
1332 2384 1418 2415 enim
1441 2384 1494 2415 tri-

429 2431 511 2463 stitia
523 2431 563 2462 de
578 2430 627 2461 his
643 2441 725 2472 quae
738 2431 830 2462 nobis
849 2431 1030 2462 nolentibus
1045 2430 1126 2461 fiunt
1140 2440 1195 2461 seu
1210 2436 1285 2461 sunt
1298 2427 1343 2472 *);
1367 2436 1494 2469 oportet

429 2475 638 2527 superaddere
662 2476 702 2505 ad
725 2475 844 2507 dictum
867 2475 1003 2506 invidiae
1027 2475 1188 2506 obiectum
1204 2474 1360 2506 rationem
1383 2473 1492 2509 noliti;

429 2521 470 2551 ita
494 2520 582 2561 quod
599 2519 789 2560 prosperitas
806 2519 946 2561 aequalis
970 2527 1000 2551 et
1014 2519 1124 2550 similis
1141 2519 1241 2550 nolita
1265 2525 1312 2549 est
1326 2518 1494 2558 proprium

430 2564 591 2595 obiectum
614 2563 764 2595 tristitiae.
788 2565 870 2594 Nam
895 2564 920 2594 si
943 2564 1040 2595 volita
1057 2571 1147 2599 esset,
1165 2569 1307 2594 causaret
1322 2562 1493 2602 gaudium;

430 2616 460 2640 et
483 2609 508 2639 si
530 2619 588 2639 nec
610 2609 708 2639 volita
732 2619 789 2639 uec
812 2608 910 2639 nolita
934 2615 1029 2643 esset,
1055 2618 1112 2638 nec
1135 2607 1289 2647 gaudium
1319 2616 1378 2637 nec
1401 2605 1494 2637 tristi-

428 2654 504 2685 tiam
529 2661 683 2689 causaret;
708 2653 762 2682 sed
786 2653 860 2693 quia
883 2652 981 2683 nolita
1005 2659 1060 2687 est,
1083 2652 1241 2682 tristitiam
1264 2658 1380 2682 causat.

483 2698 522 2728 V.
545 2698 633 2728 Haec
656 2697 764 2727 omnia
788 2697 869 2727 clara
893 2704 967 2728 sunt
999 2697 1175 2727 secundum
1207 2696 1422 2727 Aristotelem.
1453 2695 1494 2726 Et

429 2743 514 2773 idem
538 2741 671 2772 omnino
696 2741 790 2772 sentit
813 2743 954 2777 Auctor,
985 2741 1130 2782 quamvis
1154 2741 1223 2771 aliis
1253 2740 1355 2771 verbis
1390 2749 1494 2770 unum

429 2787 545 2817 horum
570 2785 777 2826 explicaverit.
804 2786 900 2823 Quod
926 2786 1011 2816 enim
1035 2785 1195 2816 obiectum
1219 2785 1356 2815 invidiae
1379 2785 1419 2815 sit
1437 2785 1493 2814 bo-

429 2841 508 2862 num
533 2830 693 2866 excedens,
720 2840 863 2870 expresse
886 2830 982 2860 habes
1007 2836 1037 2860 et
1058 2829 1091 2861 in
1115 2830 1176 2860 hoc
1200 2829 1346 2866 articulo,
1363 2828 1394 2859 in
1411 2838 1493 2868 resp.

430 2876 468 2906 ad
494 2884 528 2911 2;
553 2881 584 2905 et
605 2874 637 2904 in
661 2874 803 2915 sequenti
820 2874 963 2910 articulo,
989 2874 1043 2904 ubi
1060 2873 1148 2904 dicit:
1177 2874 1303 2911 Quarto
1318 2872 1410 2904 modo
1433 2873 1493 2903 ali-

429 2921 500 2960 quis
523 2920 671 2949 tristatur
693 2919 733 2949 de
755 2918 845 2949 bonis
867 2919 1007 2949 alicuius
1030 2920 1217 2959 inquantum
1243 2917 1367 2948 excedit
1389 2918 1492 2958 ipsum

431 2965 462 2994 in
486 2963 593 2993 bonis:
616 2968 646 2994 et
668 2963 728 2993 hoc
743 2964 878 3003 proprie
902 2968 947 2994 est
971 2963 1108 3000 invidias
1131 2967 1162 2993 et
1183 2963 1270 2993 istud
1299 2971 1426 3003 semper
1448 2966 1495 2992 est

426 3017 576 3047 pravum,
602 3013 660 3037 etc.
685 3007 773 3037 Haec
795 3006 848 3037 ibi.
879 3007 920 3037 Et
942 3007 986 3037 sic
1009 3007 1104 3038 habes
1134 3006 1243 3037 omnia
1272 3006 1357 3046 apud
1386 3005 1493 3046 ipsum

431 3061 512 3093 quae
535 3061 572 3081 ex
594 3051 715 3082 ratione
739 3050 913 3081 excedentis
936 3051 1069 3082 deducta
1092 3057 1173 3082 sunt.
1194 3069 1214 3074 —
1234 3050 1331 3088 Quod
1355 3049 1495 3090 exigatur

432 3095 511 3126 ratio
534 3094 718 3135 propinqui,
747 3095 779 3124 in
803 3095 864 3125 hoc
887 3095 1029 3131 articulo,
1047 3095 1078 3126 in
1106 3105 1186 3135 resp.
1207 3095 1247 3125 ad
1269 3104 1299 3130 2,
1316 3094 1423 3130 habes,
1438 3093 1494 3124 ubi

433 3140 546 3170 dicitur
568 3139 656 3180 quod
679 3139 728 3169 his
750 3139 805 3179 qui
826 3144 901 3169 sunt
921 3140 1102 3180 propinqui,
1120 3139 1233 3180 quibus
1248 3140 1362 3170 nititur
1376 3139 1495 3179 aliquis

432 3193 467 3215 se
488 3193 629 3224 aequare
645 3183 694 3213 vel
707 3182 888 3223 praeferre.
907 3201 925 3206 -
942 3184 1039 3220 Quod
1062 3184 1158 3214 etiam
1173 3182 1391 3223 praeexigatur
1413 3182 1493 3213 ratio

434 3228 534 3263 noliti,
551 3227 669 3258 ibidem
688 3233 783 3267 patet,
802 3237 875 3257 cum
895 3227 1055 3258 subditur:
1071 3229 1156 3258 Nam
1173 3236 1245 3259 cum
1261 3227 1311 3258 illi
1325 3227 1492 3263 excedunt,

433 3272 548 3303 accidit
569 3272 628 3303 hoc
651 3276 762 3302 contra
786 3276 928 3302 nostram
953 3273 1158 3309 voluntatem,
1183 3277 1214 3302 et
1237 3271 1311 3302 inde
1339 3276 1495 3302 causatur

434 3315 710 3353 tristitia.-Quod
726 3322 892 3346 concurrat
908 3315 999 3345 etiam
1017 3316 1134 3358 species
1147 3315 1231 3352 mali,
1244 3313 1277 3346 in
1289 3315 1350 3346 hoc
1362 3315 1494 3346 articulo

434 3368 529 3400 patet,
555 3370 628 3391 cum
652 3359 778 3390 dicitur:
803 3359 928 3390 Bonum
953 3360 1087 3390 alterius
1110 3361 1301 3391 aestimatur
1322 3364 1358 3390 ut
1373 3359 1493 3389 malum

432 3405 608 3445 proprium.
633 3404 707 3434 Non
731 3404 808 3434 dixit
831 3409 888 3440 est,
910 3403 964 3433 sed
987 3405 1195 3435 aestimatur:
1218 3404 1293 3444 quia
1316 3403 1350 3434 in
1364 3402 1493 3433 veritate

435 3458 500 3479 non
517 3455 564 3479 est
585 3448 717 3484 malum,
735 3448 789 3479 sed
809 3446 983 3478 similitudo
999 3447 1083 3478 mali.
1101 3448 1246 3488 Speciem
1261 3447 1357 3488 igitur
1370 3446 1446 3478 mali
1461 3447 1494 3477 in

435 3492 573 3534 quadam
588 3492 677 3533 quasi
697 3491 908 3523 diminutione
931 3492 1129 3522 excellentiae
1150 3491 1294 3523 relativae
1313 3492 1346 3522 in
1368 3491 1493 3522 obiecto

436 3536 570 3567 invidiae
593 3536 753 3567 inventam
776 3535 809 3566 in
833 3535 942 3566 ordine
965 3535 1004 3565 ad
1028 3536 1189 3566 nolentem
1213 3536 1374 3566 obiectum
1397 3536 1493 3572 illud,

437 3583 557 3611 Auctor
573 3580 738 3621 explicavit
756 3590 812 3620 per
827 3579 881 3610 illa
895 3580 1004 3610 verba:
1022 3580 1219 3610 Aestimatur
1234 3585 1270 3610 ut
1284 3580 1404 3610 malum
1416 3589 1494 3620 pro-

431 3626 541 3664 prium
565 3626 751 3665 inquantum
777 3630 823 3655 est
852 3624 1074 3655 diminutivum
1093 3625 1248 3664 propriae
1278 3624 1492 3654 excellentiae.

1087 273 1353 318 QUAESTIO
1383 272 1561 317 XXXVI,
1594 271 1886 308 ARTICULUS
1918 272 1931 306 1

1597 347 1687 378 Unde
1710 347 1797 377 nulla
1829 353 1876 376 est
1897 346 1978 376 inter
2006 346 2210 377 Aristotelem
2233 354 2264 379 et
2286 350 2460 379 Auctorem
2483 348 2516 378 in
2538 347 2602 378 hoc

1539 390 1748 421 dissonantia:
1775 387 1829 421 sed
1853 390 2018 430 explicavit
2040 390 2098 420 iste
2121 391 2211 431 quod
2234 390 2286 422 ille
2308 391 2460 432 implicite
2485 391 2604 422 dixerat

1539 443 1569 466 et
1591 435 1804 465 insinuaverat
1826 434 1961 464 dicendo
1985 434 2090 464 statim
2113 440 2186 474 post
2213 433 2431 466 definitionem
2446 435 2602 466 invidiae:

1538 479 1613 509 Hoc
1644 484 1750 509 autem
1782 487 1844 508 non
1875 479 1950 518 quia
1983 478 2043 518 ipsi
2071 477 2193 518 aliquid
2220 479 2343 509 accidet
2372 479 2522 516 alterum,
2547 478 2604 509 sed

1534 528 1669 563 propter
1691 524 1792 562 ipsum
1811 523 2040 563 propinquum,
2058 528 2116 552 etc.
2131 521 2149 540 *
2173 522 2380 553 Excludendo
2403 523 2490 553 enim
2513 532 2606 553 even-

1540 574 1609 597 tum
1626 566 1758 597 alicuius
1782 566 1918 603 alterius,
1935 576 2001 596 non
2025 565 2162 596 excludit
2177 565 2241 596 hoc
2261 566 2369 606 ipsum
2384 567 2474 607 quod
2489 566 2605 603 evenit,

1541 611 1657 641 scilicet
1687 611 1775 651 quod
1805 610 1964 641 exceditur
1995 611 2033 640 ab
2063 609 2190 650 aequali
2219 616 2251 640 et
2272 610 2381 641 simili:
2413 611 2469 641 sed
2497 610 2606 651 potius

1539 654 1713 685 includitur
1735 664 1810 685 cum
1834 655 1998 690 subditur,
2021 654 2079 685 sed
2094 658 2231 694 propter
2254 654 2355 694 ipsum
2374 656 2604 696 propinquum.

1540 699 1584 729 Ita
1601 698 1690 739 quod
1709 698 1916 729 differentiam
1928 699 2008 729 inter
2024 698 2184 728 obiectum
2201 697 2337 728 invidiae
2353 704 2384 728 et
2397 698 2522 729 timoris
2539 708 2606 728 non

1541 743 1711 773 consistere
1727 743 1803 774 dixit
1815 742 1848 773 in
1865 743 1927 774 hoc
1942 743 2032 784 quod
2054 742 2189 772 alterum
2203 741 2318 772 habeat
2339 741 2495 772 rationem
2518 741 2605 778 mali,

1541 787 1675 817 alterum
1698 795 1777 817 non:
1801 788 1856 817 sed
1879 787 1912 817 in
1935 787 1997 818 hoc
2020 787 2109 827 quod
2133 786 2255 816 malum
2278 785 2311 815 in
2334 785 2459 817 obiecto
2483 786 2606 817 timoris

1541 837 1588 861 est
1611 831 1731 872 aliquid
1762 831 1897 863 alterum
1924 833 1963 863 ab
1990 831 2062 872 ipso
2086 832 2173 861 bono
2203 836 2437 870 proventurum
2444 839 2452 866 ;
2483 830 2607 862 malum

1539 885 1615 905 vero
1638 875 1671 905 in
1695 875 1820 907 obiecto
1844 876 1980 906 invidiae
2004 886 2069 906 non
2094 882 2140 905 est
2163 874 2283 915 aliquid
2314 874 2450 905 alterum
2473 874 2511 904 ab
2535 874 2606 914 ipso

1540 920 1627 950 bono
1652 919 1808 957 futurum,
1824 921 1877 950 sed
1894 927 1940 951 est
1962 920 2068 960 ipsum
2085 920 2209 949 bonum
2227 919 2346 949 habens
2365 918 2442 949 mali
2456 919 2605 959 speciem.

1541 965 1613 994 Hoc
1637 965 1722 994 enirn
1752 965 1906 995 denotant
1934 964 1988 995 illa
2011 964 2189 995 Aristotelis
2216 964 2326 999 verba,
2352 973 2415 993 non
2447 964 2522 1003 quia
2546 963 2608 1002 ipsi

1540 1009 1665 1049 aliquid
1687 1009 1809 1040 accidet
1830 1010 1988 1046 alterum,
2013 1009 2070 1039 sed
2086 1013 2222 1048 propter
2245 1009 2348 1048 ipsum
2367 1008 2607 1047 propinquum:

1541 1052 1600 1082 nisi
1624 1053 1697 1093 quis
1714 1053 1796 1084 dicat
1819 1054 1908 1094 quod
1932 1053 2047 1083 frustra
2063 1053 2249 1083 Aristoteles
2273 1051 2351 1082 dixit
2370 1053 2402 1092 ly
2422 1051 2544 1091 aliquid
2559 1051 2606 1081 al-

1541 1102 1654 1128 terum.
1678 1097 1720 1128 Et
1742 1105 1779 1128 ut
1802 1097 1915 1128 clarius
1933 1097 2129 1148 percipiatur
2158 1097 2247 1137 quod
2271 1096 2422 1132 dicimus,
2446 1105 2607 1135 ponamus

1540 1141 1724 1180 exemplum
1747 1142 1786 1171 ad
1810 1142 2023 1181 propositum.
2048 1141 2243 1189 Prosperitas
2258 1140 2338 1171 mihi
2357 1139 2500 1181 aequalis
2521 1146 2553 1170 et
2567 1136 2607 1170 sk

1541 1185 1635 1220 milis,
1661 1194 1716 1215 seu
1740 1185 1930 1226 propinqui,
1954 1191 2062 1225 potest
2090 1185 2159 1215 esse
2181 1185 2344 1215 obiectum
2373 1183 2607 1220 aemulationis,

2630 530 2640 540 ⁸
2655 529 2719 551 mm.
2740 529 2781 550 ub.
2803 529 2841 556 ιι,

2631 562 2682 583 cap.
2698 562 2730 582 rx,
2745 561 2767 577 n.
2781 561 2802 584 3.

1539 1229 1778 1268 indignationis,
1802 1229 1926 1259 timoris
1948 1236 1980 1260 et
2001 1229 2149 1260 invidiae.
2173 1229 2408 1260 Aemulationis
2437 1228 2608 1270 siquidem,
2640 1241 2642 1244 ’

1541 1273 1566 1303 si
1590 1272 1685 1302 doleo
1709 1282 1775 1302 non
1799 1273 1876 1313 quia
1897 1273 1950 1303 ille
1973 1279 2186 1323 prosperatur.
2207 1274 2264 1303 sed
2284 1273 2451 1314 quianon
2459 1271 2609 1304 similiter

1540 1317 1694 1366 procedo.
1718 1317 1948 1356 Indignationis
1970 1326 2056 1353 vero,
2073 1317 2100 1347 si
2114 1317 2210 1347 doleo
2233 1317 2309 1358 quia
2323 1317 2385 1348 ille
2395 1323 2444 1347 eat
2454 1316 2608 1357 indiguus

1541 1360 1760 1401 prosperitate.
1776 1360 1916 1391 Tirnoris
1932 1368 2050 1397 autem,
2066 1361 2093 1391 si
2108 1362 2204 1392 doleo
2219 1361 2313 1401 quod
2325 1370 2364 1392 ex
2377 1360 2463 1391 illim
2476 1370 2608 1401 prospe-n

1541 1405 1630 1436 ritate
1654 1405 1793 1445 rapinae,
1817 1405 1938 1442 caedes,
1963 1412 2032 1439 etc..
2055 1404 2147 1436 fient:
2171 1406 2249 1436 haec
2272 1405 2358 1436 enim
2380 1404 2465 1435 mala
2484 1404 2609 1445 aliquid

1541 1449 1676 1480 alterum
1699 1456 1774 1480 sunt
1796 1450 1835 1480 ab
1865 1449 1933 1489 ipsa
1963 1450 2187 1501 prosperitate,
2212 1456 2243 1480 et
2264 1449 2372 1480 futura
2402 1458 2454 1482 ex
2470 1449 2529 1480 iun.
2547 1456 2609 1490 pun

1541 1501 1657 1524 tantur.
1675 1493 1814 1525 Invidiae
1829 1501 1946 1530 autern,
1963 1494 2158 1535 inquantum
2172 1494 2356 1525 exceditme
2371 1493 2608 1534 propinquum

1541 1539 1584 1569 ita
1607 1539 1697 1579 quod
1720 1538 1782 1569 hoc
1805 1538 1914 1590 ipsum
1936 1539 2025 1579 quod
2049 1549 2102 1569 me
2124 1539 2346 1579 propinquum
2369 1537 2499 1589 excedit,
2521 1537 2556 1568 in
2574 1546 2610 1568 se

1542 1583 1674 1624 quidem
1697 1583 1837 1619 bonum,
1861 1583 1895 1614 in
1918 1583 2030 1614 ordine
2053 1590 2162 1614 autem
2185 1584 2225 1614 ad
2247 1592 2311 1619 me,
2334 1582 2507 1623 praecipue
2529 1581 2608 1613 invi-

1541 1636 1628 1664 tum,
1659 1627 1737 1658 mali
1767 1627 1906 1668 speciem
1936 1628 2039 1658 habet.
2072 1628 2167 1659 Unde
2189 1634 2273 1658 stant
2292 1627 2379 1658 haec
2402 1627 2471 1657 duo
2492 1626 2608 1657 simui.

1542 1672 1630 1712 quod
1653 1671 1780 1702 invidus
1804 1682 1869 1703 non
1886 1671 2027 1703 tristatur
2048 1673 2088 1703 de
2111 1672 2320 1712 prosperitate
2335 1671 2519 1712 propinqui·
2533 1670 2610 1711 quin

1542 1715 1663 1757 aliquid
1678 1717 1812 1747 alterum
1829 1716 1949 1747 accidet
1964 1717 2007 1753 ei;
2025 1723 2056 1747 et
2071 1717 2161 1757 quod
2175 1717 2318 1748 tristatur
2331 1716 2408 1757 quia
2422 1716 2486 1746 lroc
2495 1715 2611 1756 ipsun

1542 1761 1654 1791 accidit
1676 1760 1716 1797 ei,
1739 1760 1857 1792 seilicet
1879 1761 2001 1797 excedi,
2026 1762 2116 1801 quod
2146 1761 2221 1791 mali
2240 1759 2379 1801 speciem
2402 1760 2508 1790 habet.
2541 1758 2609 1790 Nec

1542 1805 1686 1846 oportuit
1708 1804 1912 1836 Aristotelem
1942 1804 2056 1836 clarius
2084 1805 2162 1836 haec
2183 1805 2354 1845 explicare,
2384 1809 2421 1835 ut
2443 1803 2610 1844 explicuit

1540 1852 1678 1880 Auctor:
1703 1849 1779 1890 quia
1800 1849 1859 1880 iste
1873 1850 1970 1880 etiam
1993 1849 2122 1880 novitiis
2145 1849 2280 1890 scripsit,
2295 1849 2349 1880 ille
2364 1848 2506 1885 eruditis,
2520 1847 2610 1888 apud

1541 1903 1624 1935 quos
1646 1899 1771 1924 constat
1792 1894 1891 1934 quod,
1915 1894 1998 1925 sicut
2019 1893 2216 1934 impossibile
2239 1901 2286 1925 est
2307 1892 2454 1924 delectari
2484 1892 2545 1923 nisi
2568 1892 2608 1922 de

1540 1940 1629 1969 bono
1653 1938 1831 1968 secundum
1853 1947 1921 1968 rem
1943 1938 1994 1968 vel
2017 1938 2250 1978 apparentiam,
2274 1938 2318 1968 ita
2338 1937 2541 1977 impossibile
2561 1941 2610 1974 ent

1539 1982 1730 2014 tristari-nisi
1746 1982 1784 2012 de
1801 1983 1887 2013 malo
1903 1983 2079 2014 secundum
2096 1992 2163 2013 rem
2177 1983 2228 2013 vel
2243 1981 2472 2023 apparentiam.
2483 1998 2507 2007 -
2521 1981 2610 2012 Hm

1542 2028 1581 2058 de
1604 2027 1708 2058 tertio.

1597 2071 1649 2102 V1.
1674 2070 1793 2108 Quoad
1816 2077 1966 2111 quartum
1981 2070 2009 2107 ¹⁸²,
2032 2070 2098 2101 iam
2121 2076 2208 2110 patet
2228 2069 2408 2110 responsio.
2431 2068 2474 2100 Et
2495 2069 2539 2099 ad
2555 2076 2611 2099 at-

1543 2116 1720 2146 ctoritatem
1743 2114 1932 2151 Aristotelis,
1957 2115 2046 2155 quod
2070 2121 2117 2145 est
2141 2113 2224 2144 male
2246 2114 2420 2144 intellecta:
2450 2113 2610 2154 quoniam

1542 2160 1731 2200 aequivocat
1753 2159 1793 2189 de
1815 2159 1847 2200 ly
1864 2160 2019 2199 proximo
2041 2165 2079 2189 ut
2101 2165 2148 2189 est
2170 2167 2290 2189 nomen
2313 2157 2496 2194 accidentis,
2519 2164 2553 2188 et
2573 2163 2610 2188 ut

1543 2211 1589 2235 est
1608 2214 1727 2235 nomen
1743 2203 1946 2234 substantiae.
1971 2202 2155 2234 Aristoteles
2174 2202 2261 2234 enim
2274 2201 2375 2233 utitur
2386 2202 2520 2232 nornine
2535 2206 2610 2242 pru-

1542 2249 1619 2279 ximi
1638 2249 1689 2279 vel
1712 2247 1885 2288 propinqui
1915 2253 1951 2278 ut
1973 2254 2021 2278 est
2043 2256 2164 2278 nomen
2193 2246 2376 2277 accidentis:
2399 2246 2483 2277 sicut
2503 2245 2611 2285 ,utinm

1543 2293 1674 2323 nomine
1696 2292 1840 2333 aequalis
1859 2298 1890 2322 et
1910 2291 2024 2322 similis
2047 2298 2079 2322 et
2100 2291 2236 2332 indigni,
2259 2291 2414 2322 Martinus
2432 2296 2542 2321 autem
2562 2290 2611 2321 im

1542 2337 1662 2368 tellexit
1684 2336 1822 2366 nomine
1838 2335 1975 2375 proximi
1999 2335 2099 2366 alium
2123 2335 2290 2366 hominem
2313 2334 2491 2366 secundum
2513 2343 2558 2364 se.

1598 2381 1649 2412 Ad
1673 2381 1815 2421 primum
1838 2387 1947 2411 autem
1976 2386 2204 2430 argumentum
2237 2378 2351 2409 dicitur
2366 2378 2476 2419 quod
2485 2378 2612 2409 bonam

1543 2426 1664 2466 aliquid
1697 2435 1765 2456 esse
1788 2424 2016 2455 diminutivum
2049 2424 2197 2464 propriae
2226 2422 2426 2455 excellentiae
2453 2422 2614 2463 mnnagu

1543 2470 1720 2510 dupliciter.
1746 2469 1820 2500 Uno
1836 2469 1947 2504 modo,
1965 2475 2001 2499 ut
2023 2467 2176 2499 factivum
2191 2467 2412 2499 diminutione
2433 2467 2613 2499 secuudum

1543 2523 1626 2545 rem:
1652 2514 1717 2544 sive
1740 2513 1784 2544 sic
1808 2522 1875 2543 esse
1900 2512 2127 2543 diminutivum
2156 2512 2335 2542 secundum
2358 2521 2426 2542 reru
2449 2511 2490 2543 sit
2508 2512 2612 2548 inssret

1544 2558 1609 2589 sive
1633 2557 1673 2589 sit
1695 2557 1874 2588 secundum
1895 2556 2150 2588 aestimationem
2173 2562 2311 2587 tantum.
2333 2555 2375 2588 Et
2397 2555 2442 2586 sic
2465 2555 2612 2588 oonoedi

1544 2609 1596 2633 tur
1617 2602 1707 2643 quod
1731 2607 1850 2642 spectat
1871 2601 1912 2631 ad
1935 2601 2074 2641 speciem
2097 2600 2238 2632 timoris:
2260 2599 2338 2631 liciti
2365 2600 2496 2641 quidem
2519 2599 2557 2630 ai
2566 2600 2612 2632 iu

1544 2647 1584 2678 sit
1612 2647 1645 2677 in
1676 2655 1724 2682 re;
1754 2645 1854 2676 illiciti
1885 2652 1993 2676 autem
2023 2645 2048 2676 si
2073 2652 2120 2676 est
2149 2644 2327 2676 secundum
2355 2644 2612 2676 aestimationem

1545 2697 1681 2722 tantum.
1707 2691 1752 2721 lta
1774 2690 1864 2731 quod
1890 2689 1947 2740 qui
1975 2689 2117 2720 tristatur·
2138 2690 2179 2720 de
2199 2689 2410 2730 prosperitate
2437 2689 2613 2730 pmpinqui

1545 2735 1621 2778 quia
1643 2735 1717 2766 inde
1740 2734 1882 2765 laedetur
1904 2734 1938 2764 in
1961 2734 2090 2774 propria
2112 2733 2307 2772 excellentia,
2329 2743 2399 2764 non
2419 2733 2611 2770 laborati-,r

1543 2780 1639 2817 vidia,
1662 2779 1718 2810 sed
1741 2779 1864 2810 timore.
1886 2779 1931 2809 Et
1952 2778 2096 2809 similiter
2118 2778 2175 2819 qui
2197 2777 2336 2809 tristatur
2351 2778 2391 2808 de
2405 2777 2612 2819 prosperitate

1545 2823 1673 2855 alterius
1695 2823 1771 2864 quia
1793 2829 1894 2863 putat,
1918 2821 2066 2863 quamvis
2081 2831 2177 2859 avane,
2200 2822 2290 2863 quod
2312 2831 2351 2852 ex
2372 2822 2457 2853 illius
2479 2830 2612 2862 prospe*

1544 2869 1634 2900 ritate
1658 2867 1825 2908 proveniet
1846 2866 1905 2897 sibi
1928 2865 2100 2897 diminutio
2130 2866 2278 2907 propr-iae
2307 2865 2522 2903 excellentiae,
2542 2875 2612 2898 non

1544 2914 1667 2943 laborat
1688 2911 1816 2948 invidia,
1840 2911 1895 2941 sed
1917 2910 2048 2941 timore:
2074 2910 2156 2941 sicut
2175 2910 2233 2951 qui
2254 2910 2395 2941 tristatur
2417 2911 2457 2941 de
2479 2920 2611 2951 prospe·

2633 2082 2644 2092 ⁸
2658 2080 2694 2103 Cf.
2709 2085 2775 2102 nun.
2790 2085 2817 2102 rr.

1544 2957 1634 2988 ritate
1657 2956 1786 2988 alterius
1809 2955 1884 2997 quia
1906 2961 2014 2996 putat,
2038 2954 2186 2996 quamvis
2209 2963 2305 2990 vane,
2328 2955 2419 2995 quod
2441 2954 2516 2986 inde
2538 2963 2612 2995 pro·
2644 2970 2647 2973 ·

1545 3002 1650 3033 veniet
1673 3001 1731 3032 sibi
1748 2999 1917 3031 diminutio
1942 3008 2045 3040 opum
2063 2999 2114 3030 vel
2137 2999 2224 3039 regni
2238 3006 2270 3030 et
2285 2998 2423 3030 aliorum
2436 2999 2611 3032 bonorum

1545 3046 1698 3077 Eiusdem
1726 3045 1884 3086 siquidem
1913 3043 2044 3074 rationis
2074 3050 2122 3074 est
2148 3043 2230 3074 velle
2262 3043 2313 3074 vel
2339 3043 2426 3075 nolle
2455 3052 2559 3077 unum
2581 3050 2613 3076 et

1544 3091 1630 3121 idem
1649 3090 1827 3121 secundum
1842 3098 1920 3125 reru,
1937 3088 1987 3119 vel
2009 3088 2188 3119 secundum
2202 3088 2436 3128 apparentiam:
2465 3087 2613 3120 adulterii

1546 3134 1703 3176 siquidem
1727 3140 1773 3165 est
1802 3139 1950 3174 appetere
1973 3132 2177 3173 coniugatam
2201 3132 2378 3163 secundum
2400 3141 2479 3171 rem,
2503 3139 2534 3164 et
2556 3141 2612 3173 ap*

1545 3186 1650 3220 petere
1673 3187 1772 3220 quam
1795 3183 1888 3218 putat
1909 3177 2126 3217 coniugatam,
2149 3177 2223 3208 lieet
2252 3176 2344 3207 falso.
2368 3194 2389 3201 -
2412 3176 2487 3207 Alio
2511 3175 2611 3207 modo

1546 3223 1700 3263 contingit
1714 3223 1839 3253 bonum
1862 3221 1990 3252 alterius
2008 3231 2076 3252 esse
2099 3221 2327 3252 diminutivum
2349 3220 2499 3262 propriae
2512 3220 2612 3252 excel-

1546 3269 1659 3299 letitiae
1682 3267 1757 3308 quia
1778 3267 1887 3307 ipsum
1910 3267 1943 3297 in
1966 3266 2078 3297 ordine
2102 3266 2141 3296 ad
2168 3274 2220 3296 me
2243 3264 2339 3296 habet
2356 3265 2519 3306 quandam
2539 3266 2612 3305 spe*

1546 3312 1627 3343 ciem
1650 3311 1831 3342 diminutivi
1860 3310 2061 3342 excellentiae
2089 3319 2188 3341 meae.
2221 3310 2263 3341 Et
2285 3310 2330 3341 sic
2359 3318 2430 3340 esse
2449 3309 2612 3341 diminub

1546 3366 1623 3387 vum
1647 3356 1794 3406 propriae
1817 3355 2016 3386 excellentiae
2040 3360 2159 3396 spectat
2182 3354 2222 3385 ad
2243 3353 2406 3385 invidiam.
2428 3353 2540 3384 Nam'
2531 3353 2612 3384 ruvi'·

1546 3401 1606 3431 dus
1622 3400 1762 3431 tristatur
1785 3400 1823 3430 de
1839 3400 2045 3451 prosperitate
2068 3398 2209 3441 aequalis
2225 3405 2256 3429 et
2278 3397 2391 3429 similis
2405 3404 2537 3438 propter·
2549 3397 2612 3428 hoc

1547 3445 1635 3486 quod
1650 3451 1697 3474 est
1711 3444 1903 3484 prosperitas
1926 3443 2066 3484 aequalis
2088 3450 2119 3474 et
2141 3442 2268 3479 similis;
2291 3442 2381 3483 quod
2396 3448 2445 3472 est
2464 3440 2612 3472 excedere

1548 3497 1615 3525 me;
1632 3489 1721 3529 quod
1737 3494 1783 3519 est
1803 3488 2054 3519 similitudinarie
2069 3487 2246 3518 diminuere
2265 3485 2481 3517 excellentiam
2495 3494 2610 3521 meam,

1548 3534 1626 3564 dum
1649 3539 1752 3563 mutat
1774 3531 1960 3563 relationem
1983 3541 2098 3563 meam.
2122 3531 2164 3562 Et
2186 3531 2248 3562 hoc
2270 3536 2318 3561 est
2339 3530 2428 3571 quod
2451 3529 2540 3569 prius
2562 3529 2610 3559 di-

1549 3583 1636 3608 ctum
1651 3583 1698 3607 est
1712 3576 1739 3613 *,
1764 3576 1968 3607 Aristotelem
1984 3576 2130 3607 docuisse
2153 3575 2271 3606 scilicet
2293 3574 2383 3614 quod
2397 3573 2495 3604 timor
2510 3580 2556 3604 est
2572 3573 2648 3603 de·

1548 3622 1635 3652 bono
1660 3621 1735 3661 quia
1753 3620 1826 3651 inde
1842 3620 1962 3661 aliquid
1978 3621 2110 3651 alterum
2128 3619 2263 3655 accidet;
2287 3617 2404 3648 invidia
2419 3624 2526 3648 autem
2545 3627 2611 3647 non

2662 3578 2737 3607 Nun..
2747 3583 2770 3600 v.
