2892 4056
174 1090 184 1099 ⁸
198 1089 222 1110 In
238 1095 298 1116 resp.
314 1089 341 1110 ad
356 1096 377 1111 2.

164 2826 246 2854 Cap.
258 2825 343 2848 Cleric.
353 2826 377 2848 si

164 2833 276 2901 mirielinge
289 2852 377 2901 ‘3²25‘

161 3466 171 3476 ⁸
193 3466 222 3486 ab
237 3465 375 3487 huiuamodi·

161 3495 183 3513 et
198 3492 252 3513 Ρη.

426 194 496 229 104

418 261 563 298 malum
591 262 719 300 tendit.
750 263 798 299 Et
827 275 870 299 ex
895 263 952 299 his
972 264 1141 311 sequitur
1160 264 1263 312 quod
1283 264 1400 312 iurgia
1420 277 1475 302 se-

418 314 551 360 minet,
581 314 675 351 alios
703 315 900 352 intendens
938 328 1111 364 separare
1141 328 1162 352 a
1190 317 1287 364 fide,
1317 317 1412 354 sicut
1441 325 1476 353 et

417 366 496 415 ipse
526 369 688 404 recessit.

469 421 528 455 An
547 431 706 457 TERTlUM
726 432 908 456 DJCENDUM
924 421 1027 468 quod
1049 420 1193 469 species
1209 421 1365 459 alicuius
1384 434 1474 471 qua—

416 471 524 508 litatis
542 473 604 508 vel
624 472 770 508 formae
798 485 877 511 non
899 472 1173 510 diversificatur
1191 486 1259 523 per
1277 475 1352 512 hoc
1372 475 1474 523 quod

417 532 471 561 est
504 525 685 561 terminus
720 532 847 561 motus
876 537 897 560 a
932 537 1007 574 quo
1042 527 1102 562 vel
1140 527 1189 563 ad
1227 539 1364 575 quem:
1408 527 1474 564 sed

415 577 540 625 potius
570 590 588 613 e
619 589 804 614 converso
838 578 1050 615 secundum
1083 580 1264 616 terminos
1297 587 1473 616 motuum

467 696 494 732 λ)
514 698 630 730 respicit.
649 711 667 716 -
685 698 746 723 0m.
761 698 971 731 ABDEFHpCK,
986 705 1014 724 se
1033 699 1111 725 habet
1125 700 1162 724 aa
1175 700 1369 733 (infidezitatem
1385 703 1414 725 ur
1428 700 1475 732 aa)
1502 693 1505 710 ¹

414 740 445 768 G,
466 739 593 771 importat
612 739 652 764 ed.
671 746 696 767 a,
716 744 741 764 et
759 739 793 764 ita
811 745 872 772 post
890 747 907 764 a
919 740 977 772 fide
996 741 1025 770 L,
1046 740 1140 773 recipit
1158 741 1186 766 P.

1130 185 1396 230 QUAESTIO
1426 188 1512 234 ΧΠ,
1542 188 1837 225 ARTICULUS
1867 189 1879 224 1
1919 164 1921 166 ’

1530 265 1675 314 species
1713 265 1966 302 attenduntur.
2005 267 2208 314 Apostasia
2239 275 2366 305 autem
2399 268 2546 317 respicit
2573 267 2587 289 λ
2711 267 2729 293 λ

1528 317 1788 354 infidelitatem
1816 325 1857 354 ut
1880 317 2084 355 terminum
2104 318 2152 355 ad
2171 331 2288 368 quem
2308 329 2364 358 est
2383 329 2509 358 motus
2530 333 2587 358 re-

1530 369 1697 407 cedentis
1715 381 1738 407 a
1756 370 1845 407 fide.
1874 370 1985 408 Unde
2006 371 2196 419 apostasia
2218 385 2296 410 non
2324 373 2504 422 importat
2523 374 2588 412 de-

1528 422 1768 459 terminatam
1806 423 1972 472 speciem
2009 423 2253 472 infidelitatis,
2289 426 2355 463 sed
2394 427 2586 474 quandam

1529 475 1848 512 circumstantiam
1877 483 2169 523 aggravantem:
2198 479 2408 515 secundum
2438 479 2528 516 illud
2555 480 2586 515 11

1528 529 1604 564 Pet.
1622 540 1643 564 11
1663 527 1697 564 *t
1727 528 1867 564 Melius
1886 534 1969 565 erat
1986 529 2037 565 eis
2055 529 2248 567 veritatem
2268 542 2341 568 non
2362 543 2589 581 cognoscere
2617 546 2625 554 ·
2640 544 2706 566 ven.
2721 550 2751 566 η.

1528 591 1642 628 quam
1664 586 1752 628 post
1777 582 1946 630 agnitam
1966 587 1983 609 μ
2011 582 2178 619 retroire.
2714 601 2733 628 μ

1586 698 1613 730 μ)
1632 697 1763 730 agnitam.
1781 711 1800 715 -
1817 696 1951 730 cognitam
1971 697 2017 722 Pa.

1087 801 1418 835 Commentariun
1441 801 1691 835 Cardine-lis
1714 799 1914 833 Caietam

417 880 462 942 In
486 869 590 919 primo
615 869 745 900 articulo
770 871 963 910 quaestionis
987 872 1195 903 duodecimae
1214 873 1349 903 dubium
1368 873 1473 914 primo

444 913 578 944 occurrit
602 914 640 943 de
664 914 821 954 apostasia
845 915 883 944 ab
907 915 1026 952 ordine,
1043 926 1083 946 an
1107 917 1297 950 constitutus
1312 917 1344 948 in
1367 917 1472 948 mino-

412 958 498 988 ribus
524 967 579 987 seu
603 957 704 998 prima
728 965 858 988 tonsura
884 966 992 998 peccet
1015 960 1222 1001 relinquendo
1246 968 1363 992 statum
1387 962 1473 993 cleri·

413 1002 523 1032 c.alem
548 1002 680 1032 Videtur
699 1002 784 1032 enim
808 1003 896 1053 quod
919 1003 973 1034 sic.
990 1003 1109 1040 Primo,
1125 1004 1201 1046 quia
1217 1006 1375 1046 quaelibet
1397 1016 1474 1047 apo-

413 1046 504 1076 stasia
520 1053 684 1087 peccatum
699 1053 754 1083 est,
771 1053 807 1077 ut
820 1047 853 1077 in
868 1047 970 1078 littera
986 1048 1109 1080 dicitur.
1128 1050 1232 1079 Immo
1245 1050 1283 1080 de
1296 1051 1385 1081 omni
1398 1061 1473 1091 apo-

412 1091 505 1121 stasia
520 1090 661 1121 dicitur*
683 1091 773 1142 quod
789 1097 894 1131 potest
908 1091 1039 1132 intelligi
1055 1093 1108 1124 illa
1135 1094 1304 1125 auctoritas
1323 1096 1417 1126 Ρνον.
1431 1105 1472 1132 vr,

410 1135 519 1166 Homo
534 1139 680 1175 apostata
705 1136 754 1167 vir
769 1136 891 1167 inutilis
915 1143 988 1173 etc.;
1013 1147 1051 1168 ex
1066 1147 1132 1178 quo
1155 1138 1289 1170 habetur
1303 1141 1392 1179 quod
1407 1150 1473 1171 non

411 1180 518 1210 solum
541 1186 587 1210 est
609 1185 791 1220 peccatum,
819 1180 874 1210 sed
900 1180 994 1211 etiam
1019 1182 1153 1213 mortale
1176 1189 1351 1222 peccatum.
1376 1201 1396 1206 -
1421 1184 1474 1215 Se—

411 1224 527 1260 cundo,
545 1224 620 1265 quia
635 1223 708 1255 facit
727 1230 835 1254 contra
850 1224 882 1254 id
899 1225 987 1265 quod
1003 1225 1036 1256 in
1053 1226 1252 1266 susceptione
1268 1226 1387 1266 primae
1403 1235 1473 1258 ton-

411 1278 501 1298 surae
513 1268 660 1308 suscepit,
674 1267 803 1299 scilicet:
825 1269 985 1299 Dominus
994 1279 1077 1309 pars
1103 1271 1310 1301 haereditatis
1335 1281 1434 1302 meae.
1454 1290 1473 1294 -

409 1312 529 1348 Tertio,
547 1312 622 1353 quia
645 1312 764 1342 multae
788 1313 988 1343 auctoritates
1011 1313 1051 1343 ad
1074 1314 1135 1344 hoc
1159 1314 1339 1345 afferuntur.

463 1357 499 1386 ΙΙ.
519 1357 571 1386 Ad
593 1356 782 1386 evidentiam
798 1356 893 1386 huius
916 1357 1120 1398 quaestionis,
1137 1358 1301 1389 sciendum
1316 1365 1363 1389 est
1385 1360 1474 1400 quod

408 1400 585 1441 relinquere
601 1400 762 1432 clericatus
778 1411 834 1431 seu
849 1402 999 1432 ordinum
1020 1402 1183 1434 minorum
1203 1410 1320 1434 statum
1339 1410 1369 1434 et
1390 1413 1473 1434 exer-

409 1444 529 1481 citium,
554 1454 628 1475 cum
651 1445 802 1485 importet
830 1446 1093 1477 retrocessionem
1116 1458 1134 1478 a
1157 1449 1244 1478 bono
1269 1457 1473 1488 supereroga-

408 1489 503 1520 tionis
528 1489 657 1530 quidem
681 1497 753 1521 ante
776 1498 955 1530 susceptam
979 1497 1144 1522 tonsuram
1167 1493 1218 1523 vel
1240 1492 1395 1530 ordinem,
1421 1494 1473 1524 de-

407 1533 474 1564 bito
504 1540 612 1564 autem
642 1541 714 1585 post
745 1540 928 1575 susceptum
959 1535 1103 1566 ordinem
1134 1543 1188 1567 aut
1219 1542 1384 1567 tonsuram
1417 1536 1473 1580 (ex

408 1588 475 1619 quo
491 1578 576 1608 enim
596 1578 713 1608 accitus
737 1585 784 1608 est
805 1579 838 1608 in
855 1586 973 1610 sortem
998 1580 1147 1617 divinam,
1165 1581 1287 1611 debitor
1311 1581 1411 1612 factus
1427 1589 1473 1612 est

409 1622 458 1653 sui
480 1623 513 1652 in
544 1623 724 1653 ministrum
747 1621 842 1665 Dei),
867 1624 1044 1655 secundum
1072 1635 1104 1655 se
1128 1635 1193 1655 non
1223 1632 1269 1655 est
1292 1626 1330 1656 de
1360 1636 1472 1666 genere

408 1668 570 1698 bonorum
593 1677 651 1698 nec
674 1662 929 1705 indifferentium,
945 1669 1000 1699 sed
1023 1669 1105 1700 male
1122 1670 1321 1700 sonantium.
1346 1680 1413 1701 non
1429 1671 1471 1702 ita

407 1712 496 1753 quod
520 1711 559 1742 sit
581 1721 637 1751 per
661 1722 693 1742 se
716 1712 855 1747 malum,
879 1712 960 1743 sicut
982 1713 1201 1750 mendacium,
1225 1714 1299 1755 quia
1323 1714 1355 1744 in
1386 1715 1472 1746 nulla

408 1755 589 1786 necessitate
613 1763 720 1795 posset
749 1755 857 1792 licere;
883 1757 936 1787 sed
958 1757 1002 1787 ita
1025 1759 1114 1799 quod
1144 1758 1281 1789 solitarie
1305 1766 1471 1800 sumptum

407 1801 530 1831 malum
546 1799 595 1835 sit,
613 1800 760 1831 adiuncta
776 1808 882 1831 tamen
900 1801 1005 1842 aliqua
1021 1801 1202 1832 conditione
1225 1802 1383 1833 honestari
1398 1814 1471 1844 pos-

407 1845 456 1875 sit.
481 1845 522 1875 Et
545 1844 606 1874 hoc
626 1851 711 1885 patet
734 1854 770 1874 ex
794 1855 832 1875 eo
857 1845 945 1884 quod
968 1856 1026 1886 pro
1051 1846 1156 1887 aliqua
1184 1847 1366 1877 necessitate
1389 1848 1471 1879 licite

407 1889 520 1930 aliquis
544 1895 617 1929 post
639 1889 777 1929 primam
800 1896 966 1920 tonsuram
989 1897 1019 1920 et
1042 1891 1188 1921 ordinem
1215 1891 1374 1922 minorem
1397 1902 1471 1933 pos—

407 1941 454 1965 set
476 1934 688 1964 retrocedere:
712 1941 749 1964 ut
772 1933 798 1964 si
821 1943 879 1974 pro
903 1944 979 1973 pace
1003 1935 1090 1974 regni
1114 1942 1274 1974 oporteret
1297 1945 1363 1966 esse
1387 1937 1470 1977 biga-

407 1989 507 2014 mum,
528 1979 578 2008 vel
601 1977 721 2018 aliquid
744 1977 940 2008 huiusmodi.

462 2023 514 2053 111.
526 2023 567 2053 Et
579 2022 733 2063 quoniam
745 2022 824 2052 ratio
837 2022 931 2053 debiti
943 2022 1095 2053 iustitiam
1107 2023 1279 2060 constituit,
1290 2031 1320 2055 et
1328 2025 1394 2055 eius
1404 2026 1470 2056 vio-

405 2066 482 2097 latio
498 2066 698 2103 iniustitiam,
723 2065 808 2097 iuxta
825 2067 960 2098 modum
977 2067 1071 2098 debiti
1091 2068 1279 2098 attendenda
1299 2076 1344 2099 est
1361 2077 1471 2101 natura

405 2111 534 2152 peccati.
553 2111 586 2141 In
605 2111 789 2141 huiusmodi
806 2118 912 2142 autern
931 2111 1048 2142 clericis
1063 2111 1120 2142 tria
1135 2112 1340 2143 inveniuntur
1353 2114 1469 2146 debita:

405 2156 520 2196 primo,
536 2156 625 2196 quod
638 2156 697 2196 ipsi
719 2155 780 2185 sint
797 2155 930 2186 ministri
945 2156 1018 2192 Dei;
1036 2157 1186 2193 secundo,
1204 2157 1292 2197 quod
1310 2166 1471 2190 exerceant

405 2200 577 2231 ministeria
592 2209 663 2236 sua;
689 2199 790 2235 tertio,
807 2200 896 2242 quod
920 2200 1061 2231 deferant
1083 2201 1171 2240 signa
1195 2201 1368 2239 ministerii,
1393 2210 1471 2243 puta

404 2244 549 2275 habitum
572 2251 602 2275 et
625 2251 798 2275 tonsuram.
830 2245 870 2283 Et
893 2245 1048 2284 quoniam
1070 2246 1110 2276 ad
1134 2246 1274 2286 primum
1299 2248 1470 2279 consecrata

405 2296 479 2319 sunt
502 2299 557 2329 per
572 2295 803 2319 sacramentum
827 2288 956 2324 ordinis,
980 2290 1030 2319 vel
1047 2290 1137 2330 quasi
1161 2290 1332 2321 consecrati
1352 2301 1410 2332 per
1422 2301 1470 2324 sa-

406 2333 603 2370 cramentale,
628 2332 744 2363 scilicet
767 2332 903 2372 primam
923 2339 1103 2369 tonsuram,
1127 2334 1166 2364 ab
1189 2335 1252 2365 hoc
1276 2335 1469 2367 retrocedere

404 2384 570 2418 peccatum
586 2377 719 2407 mortale
740 2383 799 2406 est:
824 2376 977 2417 quoniam
992 2377 1053 2408 hoc
1070 2387 1135 2407 non
1153 2377 1188 2408 fit
1207 2378 1266 2408 nisi
1283 2386 1467 2421 contemptu

405 2421 590 2452 sacramenti
614 2428 644 2452 et
667 2421 951 2457 sacramentalium,
975 2432 1049 2452 cum
1074 2429 1222 2453 neutrum
1245 2423 1381 2454 iteretur.

459 2469 488 2496 A
511 2466 651 2496 secundo
676 2472 782 2496 autem
805 2466 966 2502 recedere,
992 2467 1111 2506 absque
1134 2474 1337 2507 contemptu,
1362 2468 1468 2508 quoti·

404 2510 496 2540 diana
527 2510 730 2550 experientia,
763 2519 825 2550 qua
856 2509 947 2541 multi
988 2520 1101 2540 eorum
1128 2521 1294 2551 nunquam
1327 2519 1468 2542 exercent

404 2562 490 2586 actus
515 2565 600 2590 SUOS,
618 2555 735 2594 absque
759 2563 902 2584 remorsu
927 2561 957 2586 et
980 2555 1222 2596 reprehensione
1247 2556 1466 2593 conscientiae,

403 2605 534 2629 testatur
556 2608 622 2628 non
647 2608 713 2628 esse
737 2597 925 2628 damnabile.
1044 2629 1047 2634 ,

458 2645 487 2672 Α
511 2642 602 2673 tertio
627 2649 734 2672 autem
762 2643 955 2673 retrocedere
986 2643 1074 2683 quod
1099 2652 1164 2672 non
1193 2643 1232 2673 sit
1254 2644 1404 2680 mortale,
1430 2653 1466 2674 ex

403 2696 441 2716 eo
466 2687 617 2727 probatur
633 2686 707 2726 quia
730 2686 791 2717 hoc
815 2693 861 2717 est
883 2697 920 2717 ex
944 2687 1010 2717 iure
1029 2686 1184 2726 positivo,
1209 2694 1240 2717 et
1262 2697 1319 2717 nec
1342 2697 1465 2727 praece-

402 2738 458 2771 pto
482 2741 540 2762 nec
561 2737 639 2761 voto
663 2730 834 2767 firmatum,
859 2741 916 2762 nec
939 2731 1100 2771 punitum.
1125 2731 1365 2762 Manifestantur
1388 2732 1465 2762 haec

403 2785 438 2806 ex
462 2785 500 2806 eo
525 2775 613 2816 quod
636 2775 717 2806 licite
748 2775 933 2806 huiusmodi
957 2775 1058 2806 clerici
1089 2775 1280 2807 contrahunt
1304 2775 1464 2806 matrimo-

403 2817 493 2850 nia*:
519 2827 549 2850 et
572 2820 650 2850 adeo
674 2819 757 2850 licite
780 2826 815 2850 ut
829 2820 987 2860 gaudeant
1011 2819 1105 2851 etiam
1128 2819 1291 2860 privilegio
1315 2820 1463 2856 clericali,

403 2870 438 2893 ut
460 2870 546 2903 patet
560 2864 678 2901 Extra,
695 2864 734 2894 de
760 2863 893 2895 Clericis
911 2864 1113 2905 Coniugatis,
1135 2864 1167 2894 in
1184 2874 1250 2904 cap.
1274 2875 1294 2898 1,
1309 2863 1342 2894 in
1359 2863 1463 2901 Sexto,

402 2907 426 2937 si
450 2914 556 2938 tamen
587 2907 731 2938 deferunt
753 2908 897 2939 habitum
928 2915 958 2938 et
987 2915 1160 2939 tonsuram.
1191 2909 1239 2938 Ex
1267 2908 1327 2938 boc
1357 2915 1463 2939 autem

402 2952 490 2992 quod
509 2951 591 2982 licite
615 2953 728 2983 ducere
744 2960 879 2992 possunt
898 2962 1021 2989 uxores,
1039 2952 1181 2993 sequitur
1195 2953 1283 2993 quod
1306 2951 1389 2983 licite
1405 2962 1463 3003 po-

402 3003 483 3026 nunt
505 3006 538 3026 se
561 2997 593 3026 in
617 3003 699 3027 statu
722 2996 755 3026 in
778 3007 844 3038 quo
869 2997 974 3028 minus
998 2997 1090 3037 plene
1119 3004 1254 3037 possunt
1276 2997 1346 3027 Deo
1370 2996 1463 3027 mini-

402 3047 506 3076 strare,
533 3047 568 3070 ut
590 3047 675 3090 patet
696 3041 729 3072 in
763 3041 1006 3079 Decretalibus,
1027 3041 1141 3072 eodem
1168 3041 1225 3077 tit„
1255 3040 1288 3071 in
1312 3051 1379 3092 cap.
1404 3042 1464 3071 Di-

402 3085 521 3122 versis,·
544 3091 574 3115 et
597 3084 629 3115 in
653 3095 719 3126 quo
744 3091 866 3126 oportet
889 3095 941 3116 eos
963 3085 1183 3117 saecularibus
1202 3086 1339 3125 negotiis
1361 3086 1462 3116 immi-

399 3129 493 3166 sceri,
510 3135 545 3159 ut
568 3135 653 3168 patet
668 3129 784 3160 ibidem
809 3130 840 3160 in
858 3140 924 3170 cap.
942 3129 1090 3160 Ioannes.
1111 3129 1158 3160 Ex
1181 3129 1242 3159 hoc
1265 3139 1340 3160 vero
1359 3130 1462 3170 sequi-

400 3180 451 3203 tur
474 3172 615 3210 ulterius,
633 3180 668 3203 ut
692 3179 792 3204 textus
816 3184 900 3204 nunc
929 3174 1029 3204 dictus
1054 3173 1193 3209 deducit,
1216 3173 1305 3214 quod
1328 3178 1461 3204 tonsura

401 3218 500 3257 ipsius
518 3217 598 3247 talia
628 3218 805 3248 exercentis
828 3219 860 3248 in
885 3218 1054 3248 ministerii
1083 3217 1241 3248 clericalis
1269 3218 1460 3258 vituperium

401 3261 607 3292 redundaret.
631 3262 672 3292 Et
695 3261 738 3292 sic
763 3272 828 3292 non
859 3262 963 3292 solum
987 3263 1042 3302 qui
1067 3262 1098 3292 in
1122 3268 1221 3292 aetate
1251 3261 1367 3291 minori
1391 3268 1460 3292 ton-

401 3315 507 3335 suram
531 3312 746 3346 susceperunt,
764 3313 798 3336 ut
822 3306 855 3336 in
873 3316 939 3346 cap.
961 3306 1002 3336 Ut
1025 3307 1250 3337 consultationi
1255 3313 1268 3343 ‚·
1293 3305 1348 3335 sed
1372 3306 1460 3336 abso-

399 3350 465 3379 lute
489 3350 590 3380 clerici
614 3350 646 3380 in
671 3350 847 3380 minoribus
871 3350 926 3390 qui
950 3350 1066 3380 nolunt
1089 3360 1155 3380 esse
1179 3349 1294 3385 clerici,
1312 3359 1347 3380 ex
1372 3359 1460 3380 man-

401 3394 474 3423 dato
492 3393 567 3423 iuris
590 3404 655 3424 non
680 3401 837 3433 coguntur
859 3394 899 3424 ad
921 3394 1067 3424 habitum
1090 3401 1120 3425 et
1142 3401 1316 3424 tonsuram.
1348 3393 1390 3424 Et
1418 3394 1461 3424 sic

401 3437 438 3467 de
462 3437 566 3476 primo
589 3439 628 3469 ad
651 3438 802 3470 ultimum
817 3438 960 3469 infertur:
982 3439 1066 3478 Ergo
1088 3438 1281 3469 retrocedere
1301 3437 1339 3468 ab
1352 3437 1460 3468 habitu

401 3489 431 3511 et
446 3481 462 3500 *
486 3489 614 3512 tonsura
630 3482 814 3513 huiusmodi
830 3492 896 3512 non
921 3488 967 3512 est
990 3489 1193 3522 praeceptum
1209 3489 1263 3512 aut
1281 3481 1430 3522 punitum
1445 3492 1462 3511 a

1525 873 1602 903 iure.
1620 890 1641 895 -
1657 872 1697 902 Et
1721 871 1793 902 licet
1816 881 1873 901 nec
1896 870 2016 900 veniale
2039 877 2206 910 peccatum
2231 870 2383 906 videatur,
2405 879 2442 900 ex
2464 880 2531 910 quo
2554 870 2590 900 li-

1526 917 1586 948 cite
1609 916 1782 957 ingreditur
1805 922 1922 945 statum
1946 915 2162 955 coniugalem,
2186 914 2219 944 in
2243 924 2309 955 quo
2340 920 2466 954 oportet
2487 914 2591 944 homi-

1526 971 1601 991 nem
1625 959 1837 991 communiter
1860 959 2072 990 saecularibus
2096 958 2230 999 negotiis
2254 958 2434 994 immisceri,
2459 965 2490 988 et
2514 968 2589 988 con-

1525 1012 1693 1046 sequenter
1725 1004 1901 1044 relinquere
1931 1003 2076 1034 habitum
2105 1010 2136 1033 et
2158 1010 2333 1039 tonsuram,
2359 1010 2394 1033 ut
2417 1002 2587 1033 Decretalis

1526 1050 1616 1086 dicit;
1641 1049 1753 1080 veritas
1769 1056 1875 1079 tamen
1897 1047 2021 1078 videtur
2043 1048 2132 1088 quod
2149 1047 2326 1078 secundum
2348 1047 2589 1087 indulgentiam,

1525 1104 1590 1135 qua
1611 1093 1745 1124 venialia
1768 1092 2004 1133 permittuntur,
2027 1092 2215 1122 huiusmodi
2236 1091 2364 1123 habitus
2387 1098 2419 1122 et
2441 1098 2589 1123 tonsurae

1527 1138 1669 1170 dimissio
1693 1137 1757 1173 fiat,
1780 1137 1862 1167 sicut
1884 1143 1915 1168 et
1937 1135 2110 1177 implicatio
2133 1135 2166 1166 in
2190 1136 2323 1176 negotiis
2345 1135 2568 1167 saecularibus.

1584 1182 1635 1212 tv.
1660 1182 1711 1212 Ad
1734 1181 1875 1222 primum
1903 1190 1978 1219 ergo
2011 1180 2043 1210 in
2076 1180 2264 1220 oppositum
2285 1179 2316 1216 *‚
2340 1187 2473 1220 negatur
2500 1181 2589 1222 quod
2618 1189 2625 1196 ·
2641 1187 2677 1209 Cf.
2693 1193 2756 1210 num.
2771 1193 2788 1209 ι.

1526 1225 1713 1262 huiusmodi
1735 1223 1920 1255 retrocessio
1949 1223 1988 1254 sit
2016 1224 2183 1264 apostasia.
2214 1224 2264 1253 Ad
2288 1224 2479 1264 apostasiam
2502 1225 2588 1256 enim

1526 1269 1696 1310 requiritur
1726 1279 1791 1300 non
1820 1268 2076 1309 qualiscumque,
2101 1268 2155 1297 sed
2186 1267 2356 1298 criminosa
2383 1269 2588 1306 retrocessio;

1526 1313 1629 1354 qualis
1653 1323 1719 1344 non
1743 1320 1789 1344 est
1811 1313 1870 1344 ista
1899 1322 1981 1353 quae
2005 1319 2051 1342 est
2085 1311 2152 1342 sine
2176 1318 2305 1351 peccato
2329 1312 2465 1343 mortali.
2497 1313 2590 1344 Unde

1526 1360 1648 1388 Auctor
1671 1359 1703 1389 in
1726 1359 1837 1394 littera,
1858 1358 1945 1393 licet,
1970 1357 2187 1387 enumerando
2210 1356 2327 1387 modos
2355 1356 2590 1389 coniunctionis

1526 1403 1566 1432 ad
1589 1403 1705 1439 Deum,
1731 1402 1841 1435 dixerit
1857 1412 1920 1443 per
1943 1401 2132 1442 religionem
2157 1406 2188 1431 et
2210 1401 2437 1433 clericaturam
2460 1402 2511 1439 vel
2535 1411 2590 1432 sa-

1526 1457 1616 1478 crum
1640 1448 1783 1479 ordinem
1794 1455 1807 1485 ;
1828 1447 1862 1477 in
1885 1446 2030 1486 eligendo
2054 1452 2160 1476 tamen
2180 1445 2300 1485 species
2316 1446 2503 1486 apostasiae,
2519 1445 2589 1478 nul-

1524 1491 1590 1522 lam
1613 1492 1686 1523 fecit
1708 1492 1905 1523 mentionem
1922 1491 1960 1521 de
1980 1490 2171 1525 clericatura,
2187 1489 2242 1519 sed
2260 1489 2366 1521 solum
2386 1489 2424 1520 de
2440 1488 2591 1531 religione

1526 1542 1557 1566 et
1580 1537 1705 1572 ordine;
1731 1532 1895 1567 insinuans
1913 1545 1970 1576 per
1985 1535 2047 1565 hoc
2062 1534 2151 1575 quod
2170 1540 2313 1574 apostata
2327 1534 2389 1565 hoc
2405 1535 2505 1565 modo
2522 1541 2590 1565 non

1526 1587 1572 1610 est
1595 1581 1654 1611 nisi
1678 1581 1734 1621 qui
1750 1591 1768 1611 a
1783 1590 1871 1611 sacro
1895 1579 2005 1610 ordine
2021 1578 2071 1609 vel
2086 1578 2283 1619 professione
2306 1578 2469 1619 religionis
2490 1581 2588 1611 retro·-

1526 1626 1616 1656 cedit.
1629 1643 1651 1649 -
1665 1626 1706 1656 Et
1723 1625 1927 1656 confirmatur
1942 1623 2128 1655 auctoritate
2148 1623 2235 1660 iuris,
2247 1623 2366 1661 Extra,
2378 1624 2422 1655 de
2434 1622 2589 1664 Apostat„

1525 1670 1558 1700 in
1583 1670 1728 1710 capitulis
1745 1670 1835 1701 Tuae
1849 1677 1879 1701 et
1893 1670 1920 1700 A
1941 1669 2040 1706 nobis,
2057 1667 2112 1700 ubi
2135 1675 2222 1708 patet
2234 1668 2324 1709 quod
2338 1668 2532 1708 apostasiam
2546 1669 2588 1700 ob

1525 1715 1683 1745 abiectum
1705 1714 1851 1745 habitum
1873 1714 2003 1750 crimen,
2019 1712 2150 1747 infamia
2164 1719 2195 1743 et
2211 1712 2338 1753 punitio
2355 1712 2494 1746 coactiva
2511 1723 2589 1745 con-

1526 1759 1733 1806 comitantur,
1758 1769 1839 1800 quae
1863 1758 1975 1799 procul
2004 1764 2078 1789 sunt
2101 1767 2118 1787 a
2141 1756 2367 1788 retrocessione
2395 1756 2433 1787 de
2457 1767 2521 1813 qua
2544 1763 2591 1810 est

1525 1813 1642 1878 sel-{d
1648 1847 1824 1878 secundum
1849 1846 1962 1877 dicitur
1981 1845 2079 1887 quod,
2096 1845 2169 1875 licet
2181 1844 2381 1875 retrocedens
2397 1854 2415 1875 a
2428 1846 2512 1876 statu
2529 1843 2588 1876 eles

1523 1891 1609 1922 ricali
1633 1901 1699 1922 non
1724 1898 1934 1932 prosequatur
1953 1896 2072 1922 sortem
2087 1888 2221 1920 Domini
2237 1898 2335 1929 quam
2356 1886 2544 1926 inchoavit,-
2556 1897 2590 1921 et

1524 1943 1691 1977 propterea
1713 1943 1822 1976 peccet
1843 1935 2015 1972 venialiter,
2030 1942 2070 1967 ut
2082 1934 2205 1966 dictum
2228 1941 2274 1964 est
2289 1933 2321 1970 *;
2346 1943 2426 1970 non
2428 1941 2534 1971 tamen
2549 1944 2588 1968 ex
2616 1938 2710 1962 Num.
2721 1939 2824 1968 pruma

1524 1982 1587 2013 hoc
1609 1981 1751 2022 sequitur
1779 1980 1869 2021 quod
1892 1987 1999 2032 peccet
2025 1978 2218 2011 mortaliter:
2241 1978 2316 2019 quia
2338 1988 2397 2011 nec
2419 1986 2588 2025 praecepto

1524 2036 1582 2057 nec
1605 2033 1682 2056 voto
1707 2026 1745 2056 ad
1770 2026 2026 2065 prosecutionem
2050 2021 2262 2063 adstringitur.

1578 2070 1628 2100 Ad
1651 2070 1779 2101 tertium
1803 2069 1917 2100 dIcitur
1940 2069 2028 2110 quod
2054 2068 2140 2099 nulla
2160 2072 2207 2097 est
2221 2066 2390 2099 auctoritas
2407 2062 2587 2098 authentica

1523 2114 1556 2144 in
1580 2114 1784 2150 contrarium,
1809 2121 1967 2154 quantum
1982 2113 2124 2144 viderim.
2142 2112 2247 2141 Immo
2262 2110 2425 2146 Ricardus,
2440 2111 2497 2156 qui
2512 2108 2587 2142 aue-

1523 2165 1615 2199 gatur
1637 2158 1669 2189 in
1694 2159 1827 2196 Quarto,
1851 2158 1923 2189 dist.
1939 2168 2019 2194 xxiv,
2045 2167 2110 2188 non
2134 2155 2299 2186 invenitur
2294 2154 2377 2186 hoc
2384 2155 2496 2186 dicere.

1524 2223 1527 2225 >
1579 2202 1618 2234 V.
1643 2203 1678 2234 ln
1702 2203 1816 2234 eodem
1839 2202 1944 2243 primo
1974 2202 2107 2233 articulo
2131 2201 2256 2232 adverte
2279 2200 2384 2240 quod,
2409 2209 2483 2231 cum
2509 2210 2586 2251 apo—

1523 2247 1615 2279 stasia
1638 2257 1658 2278 a
1679 2246 1832 2287 religione
1858 2247 1899 2277 sit
1925 2246 2111 2277 retrocessio
2135 2255 2153 2276 a
2177 2243 2344 2284 religione;
2372 2250 2404 2274 et
2427 2244 2519 2276 aliud
2546 2244 2588 2277 sit

1522 2291 1716 2324 retrocedere
1739 2301 1757 2322 a
1778 2290 1948 2336 religione,
1977 2297 2007 2322 et
2030 2291 2116 2322 aliud
2144 2288 2335 2320 retrocedere
2366 2289 2405 2318 ab
2436 2288 2494 2319 hac
2517 2288 2586 2330 reli-

1521 2333 1633 2376 gione.
1659 2345 1857 2378 consequens
1874 2342 1920 2365 est
1935 2335 2024 2378 quod
2051 2334 2076 2364 si
2092 2334 2164 2376 quis
2180 2344 2197 2363 a
2213 2342 2270 2364 sua
2285 2331 2436 2372 religione
2452 2328 2586 2364 retroce'-

1522 2378 1630 2409 datin
1654 2378 1747 2410 aliam
1770 2375 1946 2410 laxiorem
1936 2386 2066 2415 intrans,
2083 2388 2149 2408 non
2165 2377 2205 2407 sit
2220 2382 2363 2417 apostata
2379 2384 2396 2407 a
2416 2375 2583 2417 religione3

1521 2433 1557 2453 ac
1579 2433 1636 2462 per
1659 2423 1720 2454 hoc
1744 2433 1810 2453 non
1832 2423 1962 2454 incurrit
1985 2433 2105 2464 poenas
2129 2427 2238 2453 contra
2260 2426 2421 2461 apostatas
2442 2427 2583 2453 stamas.

1521 2467 1675 2504 Quamvis
1700 2467 1725 2497 si
1749 2468 1787 2497 ab
1808 2468 1918 2498 ordine
1939 2467 2187 2498 mendicantium
2202 2466 2245 2497 ad
2258 2465 2399 2507 aliquam
2415 2466 2584 2501 monacha*

1519 2511 1583 2542 lem
1594 2511 1792 2551 religionem,
1805 2519 2027 2552 praeterquam
2038 2511 2306 2547 Carthusiensem,
2318 2516 2453 2542 transeat
2465 2511 2584 2552 absque

1519 2555 1623 2587 debita
1645 2555 1784 2592 licentia,
1810 2555 1850 2586 sit
1873 2557 2182 2592 excommunicatus,
2207 2565 2272 2585 non
2300 2561 2429 2596 propter
2457 2562 2585 2596 aposta-

1519 2599 1614 2636 siam,
1640 2600 1694 2630 sed
1722 2605 1851 2641 propter
1879 2600 2046 2632 transitum
2075 2600 2184 2637 talem,
2208 2599 2295 2630 iuxta
2322 2605 2477 2630 statutum
2499 2601 2581 2631 Mar-

1518 2643 1575 2674 tini
1599 2623 1680 2674 I’V*.
2611 2642 2728 2665 'm
2746 2641 2818 2671 ”⁴¹⁸

1573 2687 1687 2718 v1.1n
1711 2688 1824 2718 eodem
1849 2687 1954 2727 primo
1978 2687 2111 2717 articulo
2136 2686 2270 2716 dubium
2294 2686 2430 2718 occurrit
2450 2687 2491 2718 de
2502 2695 2582 2728 apo-
2608 2667 2809 2723 animm
2759 2696 2819 2719 inter

1518 2731 1610 2762 stasia
1626 2742 1643 2761 a
1660 2731 1819 2771 religione,
1836 2742 1876 2761 an
1893 2731 2058 2771 religiosus
2077 2731 2227 2765 recedens
2241 2730 2423 2762 inconsulto
2440 2733 2580 2771 praelato
2609 2721 2702 2744 cmm·

1518 2785 1587 2811 suo,
1612 2782 1642 2806 et
1665 2785 1731 2806 non
1755 2775 1922 2806 subiiciens
1946 2786 1979 2806 se
2002 2775 2129 2806 alterius
2152 2774 2359 2811 obedientiae,
2384 2774 2424 2806 sit
2437 2783 2580 2816 apostata

1517 2819 1654 2860 proprie.
1684 2820 1725 2850 Et
1747 2819 1871 2851 videtur
1900 2820 1988 2861 quod
2015 2819 2078 2856 sic,
2102 2818 2286 2850 auctoritate
2314 2819 2490 2852 Innocentii
2506 2821 2523 2840 *
2545 2821 2616 2853 in·
2631 2829 2724 2857 Qua-ti.

1517 2873 1584 2904 cap.
1609 2862 1663 2894 fin.
1687 2864 1727 2894 de
1748 2864 1887 2901 Renum,
1912 2871 1943 2895 et
1965 2864 1998 2894 in
2022 2874 2089 2904 cap.
2107 2863 2342 2902 Intelleximus,
2362 2864 2403 2895 de
2422 2865 2527 2896 Aetat.
2549 2869 2580 2897 et

1520 2908 1614 2945 Qual.
1643 2907 1756 2939 Ordin.
1781 2909 1901 2939 Verum
1925 2908 1950 2939 si
1974 2907 2138 2948 diligenter
2166 2907 2359 2939 considerata
2382 2908 2478 2940 fuerit
2498 2908 2578 2940 ratio

1515 2952 1704 2992 apostasiae,
1729 2952 1922 2992 distinguere
1945 2959 2080 2993 oportet.
2106 2952 2191 2989 Quia
2213 2951 2398 2991 religiosum
2421 2962 2497 2983 cum
2519 2953 2579 2984 ha-

1515 2996 1582 3027 bitu
1607 2996 1673 3027 sine
1695 2996 1820 3028 licentia
1844 3004 1874 3027 et
1897 2996 2023 3028 alterius
2051 2996 2229 3028 obedientia
2257 3006 2383 3028 manere
2412 2997 2580 3037 dupliciter

1517 3040 1680 3080 contingit.
1703 3041 1823 3077 Primo,
1843 3051 1882 3072 eo
1905 3041 2014 3072 animo
2038 3047 2069 3072 et
2090 3040 2265 3072 intentione
2281 3047 2316 3072 ut
2330 3041 2496 3081 religiosus
2511 3051 2578 3073 am-

1515 3084 1598 3124 plius
1622 3095 1688 3115 non
1713 3085 1760 3116 sit.
1785 3085 1826 3116 Et
1840 3085 1909 3116 talis
1924 3092 1970 3117 est
1985 3095 2076 3116 verus
2092 3091 2244 3125 apostata.
2268 3085 2334 3116 Nec
2357 3092 2524 3117 excusatur
2538 3086 2576 3120 ab

1515 3129 1671 3168 apostasia
1694 3135 1724 3159 et
1748 3129 1886 3160 censuris
1905 3128 2032 3159 annexis
2057 3139 2093 3159 ex
2116 3128 2177 3159 hoc
2193 3129 2282 3170 quod
2297 3129 2396 3160 defert
2411 3129 2576 3160 habitum:

1515 3173 1570 3203 sed
1592 3179 1717 3203 tenetur
1740 3173 1779 3203 ad
1802 3173 1911 3204 omnia
1934 3172 1973 3203 ad
1996 3182 2077 3214 quae
2101 3179 2247 3204 tenentur
2262 3179 2423 3213 apostatae
2439 3173 2506 3204 sine
2521 3172 2579 3204 ha-·

1514 3217 1593 3247 bitu.
1610 3235 1630 3240 -
1647 3216 1809 3253 Secundo,
1835 3217 1989 3257 contingit
2011 3217 2100 3258 quod
2123 3225 2188 3247 non
2212 3217 2344 3254 recedat,
2369 3227 2426 3248 nec
2446 3223 2577 3257 vagetur

1514 3268 1607 3297 extra,
1632 3261 1740 3291 animo
1764 3261 1979 3292 retrocedendi
2003 3271 2021 3291 a
2043 3261 2204 3301 religione,
2229 3261 2284 3291 sed
2307 3267 2437 3301 propter
2459 3261 2575 3301 praela-

1513 3312 1622 3336 torum
1645 3304 1726 3336 forte
1749 3305 1902 3345 rigorem,
1928 3311 1983 3336 aut
2005 3311 2134 3345 propter
2156 3304 2321 3336 libidinem
2343 3305 2494 3345 vagandi,
2518 3312 2574 3335 aut

1513 3349 1633 3389 aliquid
1656 3349 1850 3380 huiusmodi.
1875 3349 1916 3379 Et
1939 3348 2008 3380 talis
2032 3359 2098 3379 non
2117 3355 2164 3379 est
2178 3355 2331 3390 apostata,
2347 3349 2403 3380 sed
2421 3348 2572 3389 fugitivus

1515 3399 1545 3423 et
1567 3402 1675 3432 vaguS.
1700 3393 1740 3423 Et
1763 3394 1850 3433 quod
1874 3393 1936 3423 hoc
1959 3393 1998 3423 sit
2020 3402 2141 3429 verum,
2158 3398 2244 3432 patet
2265 3402 2302 3423 ex
2317 3393 2379 3423 hoc
2394 3393 2482 3433 quod
2498 3400 2573 3433 apo-

1515 3436 1607 3468 stasia
1623 3436 1764 3468 consistit
1786 3437 1819 3467 in
1842 3436 2068 3468 retrocessione
2083 3446 2102 3466 a
2115 3437 2282 3477 religione3
2306 3445 2342 3467 ac
2357 3446 2414 3476 per
2428 3435 2500 3472 hoc,
2516 3436 2572 3477 qui

1515 3479 1732 3511 retrocessioni
1748 3490 1766 3510 a
1784 3479 1934 3521 religione
1951 3491 2117 3521 nunquam
2132 3479 2300 3517 consensit,
2315 3489 2481 3522 nunquam
2496 3490 2572 3520 apo-
