2892 4056
193 1151 203 1161 ⁸
217 1150 273 1179 Cap.
288 1158 342 1172 xxx.

189 1537 232 1584 iie¹
227 1536 401 1591 ἰίιὶιῖιιίῗΐέῃγι.

187 2449 194 2456 ·
211 2447 269 2474 Cap.
282 2453 336 2468 xxx.

186 2812 197 2822 ⁴
213 2811 278 2832 Vei-s.
296 2816 326 2838 13.

189 3130 197 3139 ⁸
212 3129 280 3151 Vei-s.
295 3136 318 3158 9.

446 223 522 258 260

437 299 614 337 utilitatis.
646 301 749 336 Nam
770 301 891 336 multo
912 299 1087 336 sanctiori
1109 299 1228 346 magis
1258 299 1502 347 indigentiam

436 353 604 412 patienti,
626 360 662 389 et
686 354 805 400 magis
834 352 912 389 utili
942 353 988 388 ad
1019 364 1227 388 commune
1257 353 1416 399 bonum,
1448 361 1503 390 est

437 406 557 465 magis
578 406 823 464 eleemosyna
844 405 969 441 danda
999 416 1114 452 quam
1139 416 1327 452 personae
1348 406 1503 454 propin-

436 458 576 507 quiori;
598 458 763 494 maxime
783 458 812 494 si
828 470 905 494 non
921 457 967 492 sit
986 457 1147 493 multum
1164 457 1377 505 coniuncta,
1396 458 1502 495 cuius
1527 487 1528 502 2

436 523 525 547 cura
554 510 726 559 specialis
754 510 865 546 nobis
893 509 1100 556 immineat,
1132 517 1168 546 et
1187 510 1218 546 si
1237 523 1415 558 magnam
1437 523 1501 547 ne-

436 564 647 600 cessitatem
676 574 753 598 non
783 562 957 610 patiatur.

486 618 544 652 AD
575 626 711 652 PR1MUM
735 627 832 651 ERGO
853 626 1039 651 mCENDUM
1068 614 1173 662 quod
1202 616 1393 663 peccatori
1414 628 1500 653 non
1526 626 1527 630 ¹

434 677 489 705 est
518 668 825 704 subveniendum
855 667 1080 714 inquantum
1110 676 1289 715 peccator
1309 677 1376 715 est,
1405 668 1502 704 idest

432 729 472 757 ut
499 733 567 769 per
595 721 669 756 hoc
697 720 735 756 in
763 727 922 768 peccato
952 720 1146 756 foveatur:
1177 721 1245 757 sed
1273 721 1499 769 inquantum

432 774 550 810 homo
581 780 648 818 est,
678 772 774 809 idest
802 781 842 809 ut
869 780 1005 809 natura
1034 781 1276 810 sustentetur.

483 828 541 862 AD
562 837 753 862 SECUNDUM
773 837 959 862 chENDUM
983 827 1089 874 quod
1109 838 1208 875 opus
1228 827 1499 874 eleemosynae

431 878 477 914 ad
497 879 718 914 mercedem
739 878 996 915 retributionis
1017 886 1193 916 aeternae
1218 879 1417 928 dupliciter
1434 891 1499 916 va-

429 932 490 967 let.
516 931 602 967 Uno
624 931 781 979 quidem
802 932 934 979 modo,
958 945 1003 969 ex
1022 932 1148 970 radice
1169 932 1344 970 caritatis.
1375 933 1424 969 Et
1443 945 1500 969 se-

430 983 599 1020 cundum
628 985 703 1021 hoc
733 985 979 1033 eleemosyna
1008 993 1064 1022 est
1092 985 1286 1022 meritoria
1318 993 1434 1034 prout
1461 986 1501 1023 in

430 1049 475 1073 ea
495 1045 670 1074 servatur
689 1038 784 1075 ordo
806 1038 978 1086 caritatis,
1000 1039 1217 1076 secundum
1238 1051 1354 1087 quem
1371 1037 1386 1068 β
1413 1037 1501 1088 pro-

428 1089 694 1138 pinquioribus
729 1091 849 1139 magis
883 1091 1090 1140 providere
1125 1092 1331 1139 debemus,
1367 1092 1500 1129 ceteris

427 1142 594 1191 paribus.
627 1144 738 1181 Unde
766 1145 994 1182 Ambrosius
1023 1145 1124 1192 dicit,
1153 1145 1192 1182 in
1222 1146 1235 1181 I
1261 1146 1307 1181 de
1331 1142 1440 1193 OffiC.
1461 1145 1497 1182 *z

481 1257 506 1290 β)
526 1265 612 1290 quem.
631 1273 648 1276 —
667 1266 747 1291 quam
766 1258 854 1290 1>pr
874 1263 899 1283 et
917 1266 943 1284 a.

1110 222 1377 267 QUAESTIO
1406 223 1566 269 XXXII,
1595 222 1890 259 ARTICULUS
1920 224 1955 258 X

1557 302 1625 337 Est
1642 300 1705 337 illa
1729 301 1928 347 probanda
1949 301 2164 347 liberalitas,
2188 308 2228 338 ut
2248 304 2448 351 proximos
2465 304 2618 354 sangui-

1559 354 1615 389 nis
1643 353 1698 388 tui
1724 365 1798 389 non
1827 353 2019 401 despicias,
2046 354 2081 389 si
2106 366 2219 403 egere
2236 367 2462 405 cognoscas:
2490 358 2626 394 melius-

1527 443 1529 448 ,
1556 411 1610 441 est
1635 406 1733 441 enim
1764 411 1802 441 ut
1829 406 1905 453 ipse
1922 406 2120 442 subvenias
2149 407 2230 452 tuis,
2260 409 2393 456 quibus
2415 410 2543 457 pudor
2569 416 2623 447 est

1556 459 1604 494 ab
1631 458 1715 494 aliis
1741 464 1929 506 sumptum
1958 459 2168 506 deposcere.
2203 479 2229 488 -
2255 461 2342 498 Alio
2370 462 2489 498 modo
2518 463 2621 500 valet

1556 511 1801 558 eleemosyna
1833 511 1883 548 ad
1915 511 2202 549 retributionem
2231 513 2332 551 vitae
2365 522 2540 551 aeternae
2574 527 2620 552 ex

1526 594 1528 599 .
1555 563 1690 600 merito
1712 564 1792 600 eius
1812 564 1871 600 cui
1892 564 2064 611 donatur,
2086 565 2152 612 qui
2172 571 2255 602 orat
2280 577 2353 614 pro
2372 579 2417 603 eo
2439 566 2503 615 qui
2523 567 2620 604 elee—

1555 628 1758 664 mosynam
1794 616 1907 654 dedit.
1944 619 1993 654 Et
2020 618 2234 655 secundum
2266 619 2343 657 hoc
2374 620 2541 668 loquitur
2567 620 2620 657 ibi

1553 669 1803 716 Augustinus.

1604 724 1664 758 AD
1691 733 1852 760 ‘reanum
1880 734 2066 760 DICENDUM
2095 723 2224 770 quod,
2253 735 2342 761 cum
2370 726 2619 774 eleemosyna

1553 774 1598 811 sit
1626 787 1724 823 opus
1745 775 2041 822 misericordiae,
2071 776 2166 813 sicut
2186 776 2448 816 misericordia
2465 790 2544 816 non
2564 787 2621 816 est

1551 828 1706 876 proprie
1735 829 1785 866 ad
1812 828 2002 876 seipsum,
2032 830 2100 867 sed
2127 842 2197 878 per
2225 830 2422 878 quandam
2451 830 2620 868 similitu-

1553 880 1694 927 dinem,
1724 888 1765 918 ut
1793 882 1941 930 supra*
1969 882 2112 920 dictum
2141 890 2211 928 est;
2241 883 2291 920 ita
2317 883 2444 930 etiam,
2465 885 2619 933 proprie

1551 934 1759 982 loquendO,
1777 935 1901 972 nullus
1917 935 1988 972 sibi
2001 937 2291 984 ‚eleemosynam
2309 936 2408 984 facit,
2434 937 2505 974 nisi
2523 937 2619 975 forte

1553 999 1598 1024 ex
1625 999 1791 1035 persona
1815 988 1978 1025 alterius.
2010 990 2117 1036 Puta,
2139 1001 2227 1026 cum
2248 989 2381 1038 aliquis
2401 989 2620 1028 distributor

1551 1040 1706 1088 ponitur
1735 1041 2079 1090 eleemosynarum,
2109 1050 2235 1091 potest
2263 1050 2299 1079 et
2326 1042 2408 1091 ipse
2432 1043 2503 1080 sibi
2524 1044 2620 1081 acci-

1551 1105 1655 1141 pere,
1684 1093 1714 1130 si
1733 1093 1909 1142 indigeat,
1940 1107 1986 1131 eo
2006 1102 2138 1132 tenore
2167 1108 2244 1144 quo
2266 1103 2302 1133 et
2321 1096 2401 1133 aliis
2421 1097 2617 1135 ministrat.

1105 1328 1439 1361 Commentarios
1463 1328 1714 1360 Cardinalis
1735 1329 1936 1362 Caietam

457 1411 477 1430 N
501 1401 636 1431 articulo
661 1411 760 1436 nono,
784 1400 817 1430 in
842 1400 925 1430 calce
949 1399 1167 1439 responsionis
1190 1400 1229 1430 ad
1253 1399 1415 1436 ultimum,
1441 1399 1498 1429 du-

430 1412 548 1475 Ibium
579 1445 716 1475 occurrit
739 1445 778 1474 ab
802 1444 1026 1475 obiicientibus
1058 1451 1167 1474 contra
1190 1444 1254 1474 hoc
1277 1444 1367 1486 quod
1396 1443 1499 1474 distri-

425 1489 521 1520 butor
545 1489 823 1530 eleemosynarum
845 1489 947 1528 possit
970 1498 1028 1528 pro
1053 1498 1096 1525 se,
1114 1488 1140 1518 si
1162 1488 1311 1528 indigeat,
1329 1498 1367 1519 eo
1387 1495 1500 1519 tenore

426 1543 492 1573 quo
518 1543 576 1573 pro
600 1533 679 1570 aliis,
704 1533 904 1573 dispensare,
930 1543 967 1563 ex
990 1543 1029 1563 eo
1054 1533 1144 1573 quod
1161 1532 1194 1562 in
1209 1532 1278 1563 iure
1294 1532 1406 1563 civili*
1421 1532 1498 1563 dici-

425 1584 479 1607 tur
501 1578 606 1618 quod,
637 1578 666 1608 si
688 1577 805 1608 dedero
829 1577 885 1607 tibi
907 1582 1033 1608 centum
1059 1582 1093 1608 ut
1116 1578 1170 1608 cui
1188 1577 1330 1608 volueris
1344 1577 1452 1614 dares,
1469 1578 1498 1607 si

426 1623 671 1662 consumpseris,
692 1622 838 1652 mandati
852 1622 981 1652 teneris.
1004 1622 1051 1651 Ex
1067 1622 1129 1652 hoc
1153 1621 1239 1651 enim
1254 1629 1385 1661 apparet
1408 1621 1497 1662 quod

427 1673 555 1706 oportet
578 1667 686 1706 ipsum
710 1666 783 1696 dare
808 1665 906 1702 alteri,
931 1672 967 1696 ut
990 1667 1178 1696 mandatum
1203 1666 1334 1706 expleat.

481 1711 533 1740 Ad
555 1710 617 1741 hoc
641 1710 757 1741 dicitur
785 1711 874 1751 quod
896 1710 991 1740 verba
1021 1710 1075 1740 illa
1098 1717 1174 1741 sunt
1203 1709 1409 1749 intelligenda
1432 1709 1497 1739 for-

427 1754 564 1784 maliter:
589 1755 613 1784 si
639 1754 758 1785 scilicet
779 1754 847 1794 ipse
871 1754 1055 1785 distributor
1079 1764 1144 1784 non
1169 1761 1206 1785 ut
1221 1754 1407 1784 distributor
1423 1763 1498 1784 con-

425 1798 554 1829 stitutus
578 1809 595 1828 a
619 1798 786 1839 principali
811 1799 983 1838 applicaret
1013 1799 1071 1829 sibi
1095 1798 1157 1838 ipsi
1180 1798 1314 1839 pauperi
1339 1805 1375 1828 ut
1398 1797 1498 1835 alteri,

1547 1401 1602 1430 sed
1626 1400 1773 1431 absolute
1797 1400 2059 1440 consumpsisset.
2089 1400 2122 1431 Si
2146 1401 2234 1431 enim
2256 1408 2293 1433 ut
2315 1402 2512 1440 distributor,
2540 1414 2619 1444 pau-

1546 1444 1676 1484 pertatis
1706 1444 1855 1485 propriae
1878 1445 2011 1481 intuitu,
2037 1444 2130 1481 fecit,
2154 1445 2219 1475 iam
2242 1447 2431 1477 mandatum
2462 1447 2617 1488 implevit,

1549 1489 1656 1520 dando
1681 1489 1734 1521 cui
1755 1489 1858 1521 voluit
1880 1489 2003 1519 ratione
2028 1489 2118 1526 duce,
2139 1499 2222 1530 quae
2245 1490 2353 1531 ipsum
2369 1501 2435 1522 non
2455 1492 2619 1523 deterioris

1548 1533 1741 1564 conditionis
1768 1543 1835 1563 esse
1859 1533 1956 1564 dictat
1979 1543 2015 1563 ex
2039 1534 2101 1564 hoc
2124 1535 2214 1574 quod
2243 1541 2290 1565 est
2313 1535 2498 1567 distributor
2519 1547 2618 1578 quam

1548 1576 1574 1606 si
1598 1587 1665 1607 non
1681 1583 1772 1607 esset.
1801 1577 1869 1608 Stat
1884 1587 1959 1617 ergo
1983 1578 2086 1608 solida
2107 1578 2228 1609 litterae
2244 1579 2388 1610 doctrina
2404 1581 2494 1621 quod
2517 1581 2619 1615 distri-

1547 1621 1643 1652 butor
1664 1621 1762 1652 libere
1777 1621 1942 1652 institutus
1965 1629 2072 1662 potest
2087 1622 2230 1663 seipsum
2252 1623 2334 1654 inter
2349 1634 2507 1665 pauperes
2529 1634 2618 1657 eom

1545 1672 1668 1705 putare,
1686 1665 1712 1695 si
1728 1672 1789 1702 est;
1815 1673 1846 1696 et
1861 1667 1982 1707 absque
2006 1666 2117 1697 fraude
2133 1674 2259 1698 tantum
2279 1668 2339 1698 sibi
2354 1668 2515 1700 distribuit
2536 1670 2619 1701 sicut

1545 1710 1606 1740 sibi
1622 1710 1780 1740 similibus
1796 1710 1964 1742 distribuit.
1988 1711 2091 1749 Debet
2117 1711 2203 1742 enim
2226 1722 2259 1742 se
2276 1719 2312 1743 ut
2328 1719 2513 1746 extraneum
2529 1724 2617 1745 com-

1546 1760 1670 1794 putare,
1695 1760 1726 1784 et
1749 1753 1782 1784 in
1805 1764 1943 1795 persona
1966 1755 2115 1787 donantis
2137 1756 2336 1788 distribuere.

1224 1934 1543 1977 ARTICULUS
1574 1934 1825 1978 DECIMUS

945 2029 1105 2077 ,UTRUM
1128 2027 1423 2058 ELEEMOSYNA
1447 2027 1515 2058 SIT
1538 2027 1837 2059 ABUNDANTER
1860 2028 2081 2060 FACIENDA

1064 2106 1139 2138 Infra,
1159 2114 1203 2138 qu.
1223 2114 1300 2136 cxvn,
1319 2112 1366 2131 art.
1389 2114 1410 2138 1,
1430 2107 1462 2131 ad
1482 2113 1511 2136 23
1531 2106 1552 2131 11
1571 2107 1609 2131 ad
1630 2107 1705 2137 Cor„
1725 2114 1781 2139 eap.
1800 2114 1855 2136 vm,
1874 2107 1934 2132 lect.
1953 2114 1973 2133 ι.

460 2196 516 2222 f-»
558 2207 594 2225 κ
635 2190 656 2215 D
677 2189 840 2214 DECIMUM
865 2177 919 2214 sn:
939 2189 1181 2215 PROCEDtTUR.
1202 2177 1364 2214 Videtur
1388 2178 1492 2226 quod

450 2209 509 2290 ’ἧς
542 2202 612 2291 ⁸2⁴<
637 2232 882 2279 eleemosyna
897 2243 975 2267 non
991 2231 1037 2267 sit
1052 2231 1291 2268 abundanter
1306 2230 1492 2269 facienda.

439 2281 522 2362 ’,ῖς
500 2274 896 2331 νῆΕΙεειιιοεγιιει
925 2284 1027 2320 enirn
1058 2284 1224 2320 maxime
1259 2285 1374 2321 debet
1410 2284 1491 2320 fieri

479 2311 568 2364 ἐῷ
591 2304 623 2372 X
637 2337 974 2373 coniunctioribus.
1005 2337 1083 2374 Sed
1106 2336 1176 2373 illis
1196 2349 1275 2373 non
1297 2337 1412 2373 debet
1440 2337 1494 2373 sic

425 2388 504 2424 dari
533 2394 574 2424 ut
599 2389 750 2426 ditiores
779 2390 864 2426 inde
885 2390 976 2437 fieri
1002 2390 1118 2427 velint
1135 2394 1170 2435 ‘²;
1205 2390 1302 2426 sicut
1327 2390 1498 2427 Ambro-

423 2441 500 2477 sius
530 2441 637 2488 dicit,
669 2442 706 2478 in
737 2443 750 2478 1
779 2443 825 2478 de
857 2442 966 2490 OffiC.
986 2442 1006 2463 *
1039 2444 1142 2491 Ergo
1172 2455 1243 2479 nec
1271 2442 1350 2479 aliis
1380 2443 1495 2479 debet

424 2494 667 2531 abundanter
695 2494 787 2532 dari.

478 2559 513 2584 2.
543 2547 788 2594 PRAETEREA,
822 2548 1051 2585 Ambrosius
1085 2549 1174 2586 dicit
1201 2548 1368 2585 ibidem:
1399 2548 1492 2585 Non

423 2600 558 2636 debent
590 2601 708 2637 simul
740 2600 887 2649 effundi
916 2613 1015 2649 opes,
1053 2602 1120 2638 sed
1153 2601 1373 2651 dispensari.
1414 2601 1492 2638 Sed

423 2653 657 2690 abundantia
691 2654 1025 2702 eleemosynarum
1060 2654 1109 2691 ad
1147 2654 1375 2691 effusionem
1407 2667 1492 2703 per-

421 2706 526 2743 tinet.
567 2707 668 2754 Ergo
705 2707 951 2755 eleemosyna
987 2720 1065 2744 non
1103 2707 1218 2744 debet
1254 2707 1337 2744 fieri
1372 2708 1492 2744 abun-

425 2759 572 2795 danter.

480 2813 513 2849 3.
535 2813 774 2859 PRAETEREA,
804 2813 836 2849 11
856 2813 908 2849 ad
929 2814 1016 2850 Cor.
1037 2812 1132 2850 vm*
1158 2812 1247 2850 dicit
1265 2813 1490 2863 Apostolus:

423 2863 514 2902 Non
545 2871 585 2901 ut
611 2865 694 2902 aliis
720 2866 768 2902 sit
794 2866 974 2913 remissio,
1005 2866 1101 2903 idest
1129 2873 1170 2903 ut
1197 2865 1258 2902 alii
1287 2866 1333 2903 de
1354 2866 1491 2903 nostris

424 2918 546 2954 otiose
561 2917 712 2964 vivant3
731 2919 837 2956 vobis
856 2925 981 2956 autem
999 2920 1048 2956 sit
1064 2919 1265 2966 tribulatio,
1284 2919 1383 2957 idest
1400 2931 1492 2968 pau-

423 2978 560 3019 pertas.
583 2970 659 3008 Sed
679 2972 753 3008 hoc
774 2972 1007 3020 contingeret
1026 2972 1055 3009 si
1077 2973 1320 3021 eleemosyna
1340 2972 1493 3009 daretur

423 3023 673 3060 abundanter.
695 3025 797 3072 Ergo
814 3037 892 3062 non
912 3033 967 3062 est
985 3025 1226 3063 abundanter
1246 3025 1491 3075 eleemosyna

424 3075 632 3124 largienda.

479 3129 554 3165 SED
574 3140 720 3166 CONTRA
739 3141 806 3166 EST
833 3130 937 3178 quod
967 3131 1102 3168 dicitur
1124 3130 1315 3168 Tob.1v*:
1337 3130 1379 3167 Si
1394 3131 1489 3167 mul-

425 3186 503 3218 tum
531 3182 599 3218 tibi
612 3183 747 3230 suerit,
777 3183 1012 3220 abundanter
1040 3185 1171 3221 tribue.

478 3235 704 3272 Responnsso
725 3247 909 3273 D1CENDUM
937 3238 1043 3286 quod
1071 3236 1303 3274 abundantia
1324 3236 1490 3273 eleemo-

424 3299 542 3336 synae
562 3295 687 3338 potest
708 3289 940 3325 considerari
969 3297 1005 3326 et
1034 3302 1078 3327 ex
1097 3297 1205 3339 parte
1233 3289 1367 3337 dantis,
1389 3296 1426 3326 et
1445 3301 1490 3326 ex

1541 2178 1834 2226 proportionem
1854 2178 2032 2227 propriae
2050 2178 2247 2215 facultatis.
2278 2179 2327 2215 Et
2354 2178 2407 2215 sic
2427 2179 2616 2216 laudabile

1543 2238 1601 2266 est
1619 2231 1862 2268 abundanter
1882 2231 1989 2268 dare:
2011 2231 2112 2268 unde
2129 2239 2165 2268 et
2184 2231 2388 2279 Dominus,
2406 2233 2499 2270 Luc.
2511 2244 2571 2269 xm
2583 2233 2615 2280 ¹⁸¹,

1543 2283 1714 2320 laudavit
1741 2284 1922 2331 viduam,
1961 2296 2061 2333 quae
2089 2296 2140 2320 ex
2171 2296 2215 2321 eo
2253 2285 2355 2333 quod
2386 2285 2515 2322 deerat
2541 2285 2615 2332 illi,

1543 2347 1694 2373 omnem
1715 2337 1855 2374 victum
1874 2349 1984 2386 quem
2004 2337 2136 2374 habuit
2151 2337 2267 2374 misit:
2287 2359 2311 2365 -
2331 2338 2545 2374 observatis
2563 2345 2618 2375 ta—

1543 2401 1634 2426 men
1662 2389 1722 2426 his
1751 2402 1849 2439 quae
1879 2402 1994 2438 supra
2011 2391 2029 2410 *
2060 2390 2159 2427 dicta
2179 2397 2266 2427 sunt
2290 2390 2337 2427 de
2368 2391 2618 2440 eleemosyna
2641 2403 2653 2415 ·

1544 2442 1720 2479 facienda
1749 2444 1796 2479 de
1825 2442 2063 2480 necessariis.

1598 2495 1655 2531 Ex
1688 2503 1796 2543 parte
1828 2507 1923 2532 vero
1962 2495 2043 2532 eius
2078 2495 2139 2532 eui
2171 2496 2285 2532 datur
2319 2503 2377 2533 est
2413 2496 2616 2546 abundans

1544 2546 1793 2596 eleemosyna
1814 2549 2022 2598 dupliciter.
2052 2549 2143 2586 Uno
2161 2549 2293 2596 modo,
2315 2549 2423 2599 quod
2440 2549 2617 2599 suppleat

1543 2600 1778 2638 sufficienter
1802 2601 1882 2639 eius
1902 2601 2163 2651 indigentiam.
2193 2602 2243 2638 Et
2269 2602 2323 2639 sic
2350 2602 2541 2640 laudabile
2559 2610 2618 2643 est

1543 2654 1786 2691 abundanter
1805 2656 2095 2704 eleemosynam
2117 2655 2296 2693 tribuere.
2326 2677 2350 2684 -
2373 2656 2461 2693 Alio
2481 2657 2615 2705 modo,

1542 2714 1584 2744 ut
1612 2708 1900 2756 superabundet
1927 2709 1977 2745 ad
2005 2708 2319 2757 superfluitatem.
2356 2709 2406 2746 Et
2432 2709 2512 2746 hoe
2536 2714 2616 2747 non

1545 2767 1601 2796 est
1623 2761 1826 2807 laudabile,
1849 2761 1916 2798 sed
1937 2761 2074 2798 melius
2095 2769 2151 2798 est
2167 2762 2340 2811 pluribus
2358 2761 2615 2810 indigentibus

1545 2812 1704 2860 elargiri.
1734 2813 1847 2850 Unde
1876 2822 1911 2850 et
1929 2814 2137 2862 Apostolus
2158 2814 2258 2862 dicit,
2289 2815 2303 2851 1
2323 2815 2375 2851 ad
2397 2815 2484 2851 Cor.
2499 2827 2562 2852 xm
2574 2814 2612 2853 ¹¹':

1545 2866 1587 2902 Si
1616 2866 1839 2903 distribuero
1873 2867 1909 2903 in
1939 2867 2039 2903 cibos
2065 2878 2304 2916 pauperum;
2338 2867 2404 2904 ubi
2434 2868 2571 2906 Glossa
2592 2869 2612 2890 ³*

1545 2919 1652 2956 dicit:
1687 2920 1765 2956 Per
1792 2920 1864 2956 hoc
1895 2919 2043 2956 cautela
2075 2920 2342 2969 eleemosynae
2369 2921 2544 2968 docetur,
2575 2928 2616 2958 ut

1544 2984 1619 3009 non
1650 2972 1721 3009 um·
1740 2972 1812 3009 sed
1832 2972 1958 3009 multis
1984 2973 2102 3019 detur,
2132 2979 2174 3010 ut
2191 2974 2367 3023 pluribus
2386 2974 2521 3023 prosit.

1596 3027 1655 3062 An
1679 3037 1818 3062 Palmum
1843 3037 1942 3062 ERGO
1966 3037 2153 3064 mcENDuM
2178 3027 2283 3075 quod
2311 3026 2405 3064 ratio
2434 3027 2496 3064 illa
2522 3039 2612 3077 pro-

1543 3078 1643 3115 cedit
1669 3078 1718 3115 de
1746 3078 1980 3116 abundantia
2001 3080 2326 3127 superexcedente
2344 3081 2611 3118 necessitatem

1542 3131 1757 3180 recipientis
1787 3132 2085 3181 eleemosynam.

1594 3186 1652 3221 AD
1681 3196 1872 3222 SECUNDUM
1899 3197 2085 3223 mCENDUM
2113 3185 2220 3235 quod
2243 3186 2446 3223 auctoritas
2465 3186 2529 3223 illa
2555 3187 2610 3223 lo-

1542 3237 1671 3296 quitur
1696 3237 1743 3275 de
1764 3238 1997 3275 abundantia
2018 3239 2288 3288 eleemosynae
2317 3251 2363 3276 ex
2390 3246 2501 3290 parte
2518 3239 2610 3277 dan-

1542 3290 1598 3328 tis.
1609 3311 1633 3318 -
1654 3290 1731 3328 Sed
1758 3290 2042 3340 intelligendum
2071 3300 2129 3329 est
2156 3294 2260 3353 quod
2288 3294 2394 3330 Deus
2422 3305 2501 3330 non
2527 3293 2611 3331 vult

423 3347 530 3391 parte
559 3341 784 3391 recipientis.
820 3342 877 3378 Ex
904 3350 1011 3391 parte
1041 3344 1196 3392 quidem
1227 3342 1369 3390 dantis,
1400 3355 1487 3379 eum
1543 3343 1655 3380 simul
1684 3343 1829 3381 effundi
1857 3356 1992 3382 omnes
2022 3357 2126 3394 opes,
2153 3346 2223 3383 nisi
2246 3346 2285 3383 in
2304 3346 2516 3383 mutatione
2535 3352 2608 3383 sta-

425 3393 565 3430 scilicet
592 3394 727 3443 aliquis
763 3394 826 3432 dat
860 3395 966 3444 quod
996 3403 1050 3432 est
1084 3397 1246 3433 multum
1276 3372 1488 3433 secu⁷ndurn
1542 3403 1612 3432 tus.
1647 3396 1757 3434 Unde
1787 3397 1913 3435 subdit
1940 3398 2104 3435 ibidem.
2131 3398 2224 3436 Nisi
2235 3399 2348 3447 forte
2372 3404 2412 3436 ut
2436 3399 2608 3436 Elisaeus

479 3507 506 3539 α)
526 3507 618 3533 velint.
636 3522 654 3527 —
672 3508 780 3533 valeant
798 3508 827 3533 P.

2646 891 2714 919 'Qm
2722 898 2776 918 xxx,
2786 894 2828 914 nrt.
2839 899 2857 920 1,

2646 918 2674 939 ad
2689 924 2710 939 2.

2643 2243 2653 2252 ⁸
2667 2241 2733 2263 Vei-s·
2750 2247 2771 2270 3,
2785 2249 2807 2268 ⁴-

2640 2828 2646 2835 ·
2665 2824 2731 2847 Vere.
2745 2831 2766 2854 3.

2636 2878 2646 2889 '
2666 2879 2750 2901 Lomb.
2772 2883 2794 2901 et
2813 2879 2852 2901 ln-

2637 2906 2714 2927 terlin.
