2892 4056
2367 153 2461 178 XXXV

297 220 424 261 nobis
445 220 540 260 usui
563 220 749 267 suerunt:
774 220 939 266 Venet.,
964 220 1162 274 expensis
1185 220 1327 260 Lucae
1351 219 1528 259 Antonii
1556 220 1713 268 Iuntae,
1745 219 1877 273 1537;
1907 219 2061 275 Lugd.,
2087 233 2139 260 ex
2162 221 2270 261 offic.
2294 222 2463 262 Ioannis

297 281 492 335 Crispini,
517 281 620 321 alias
653 281 725 321 Du
760 281 935 333 Quarre,
968 281 1104 332 1540;
1138 281 1292 336 Lugd.,
1323 279 1436 334 apud
1470 280 1675 321 haeredes
1708 281 1852 321 Iacobi
1892 281 2087 329 Giuntae,
2119 281 2230 322 1552
2267 289 2308 322 et
2337 282 2462 336 1567.

297 343 462 384 Omnes
495 355 571 396 per
603 342 771 383 unicam
805 342 1210 389 denominationem,
1244 341 1429 382 mediam
1451 342 1519 381 vel
1553 342 1724 390 medias,
1751 343 2050 397 designamus:
2086 356 2182 383 cum
2207 344 2318 383 enirn
2353 345 2465 384 nulla

296 403 590 445 auctoritatem
623 404 790 452 habeat,
818 417 967 458 parum
999 403 1227 443 videbatur
1259 403 1410 443 referre
1445 403 1645 443 minutius
1679 417 1823 444 earum
1849 404 2104 444 differentias
2138 404 2333 445 indicare.
2368 406 2464 446 Hoc

296 478 430 506 unum
462 465 774 520 indagavimus,
799 471 939 505 utrum
972 477 1106 505 necne
1140 477 1251 517 quae
1285 464 1325 503 in
1360 464 1492 503 Piana
1515 464 1754 518 discrepant
1775 465 1829 505 ab
1853 466 1894 505 A
1929 471 1969 505 et
2001 466 2036 505 B
2060 465 2284 520 desumpta
2315 467 2466 507 fuerint

297 527 351 567 ab
384 525 528 580 aliqua
560 526 700 566 media
738 526 937 567 editione.
973 526 1083 565 Cum
1126 538 1231 580 ergo
1275 524 1382 565 med.
1417 531 1636 573 notamus,
1671 526 1824 566 sufficit
1866 527 1900 566 si
1934 527 2190 582 intelligatur
2230 527 2370 581 aliqua
2414 541 2466 568 ex

298 587 472 635 mediis;
507 587 580 628 ubi
615 588 728 628 nulla
760 593 857 628 ante
890 587 1066 627 Pianam
1111 586 1318 627 indicatur
1351 586 1498 634 editio,
1532 600 1683 627 omnes
1718 588 1883 628 mediae
1928 582 2225 643 intelliguntur
2247 589 2464 638 exclusae;

297 649 371 690 ubi
404 649 537 689 Piana
570 662 666 702 cum
699 650 742 689 A
774 649 843 688 vel
877 649 912 688 B
945 647 1060 702 legit,
1085 648 1185 688 nihil
1220 647 1273 687 de
1306 647 1457 688 mediis
1480 648 1698 688 indicatur.
1732 649 1972 689 Nonnullas
2003 651 2180 690 mendas
2202 650 2280 690 hae
2315 650 2465 691 editio-

298 722 374 751 nes
398 711 678 751 sustulerunt:
713 710 773 750 sic
795 722 865 763 qu.
889 709 1046 757 XXIV,
1066 715 1139 749 art.
1161 720 1199 762 7,
1219 722 1332 749 num.
1349 721 1389 757 V,
1408 709 1476 749 lin.
1503 711 1559 750 23
1583 723 1607 749 a
1633 710 1716 758 fin.,
1735 712 1968 764 apparente
1990 711 2032 751 in
2055 712 2333 765 apparentiae
2355 719 2466 752 recte

299 778 538 820 mutarunt,
566 771 720 812 eodem
747 770 936 818 articulo,
973 783 1086 811 num.
1120 782 1237 818 xxm,
1262 770 1330 810 lin.
1373 782 1424 821 14
1459 784 1483 810 a
1516 771 1598 818 fin„
1622 771 1665 810 in
1698 772 1770 811 via
1803 785 1880 824 pro
1913 775 2081 826 semper
2108 773 2180 812 via
2212 779 2463 826 posuerunt;

299 846 368 887 qu.
393 833 569 881 XXXII,
593 838 666 873 art.
695 845 732 880 2,
757 832 826 872 lin.
853 831 892 880 5,
926 831 1127 872 ordinata
1159 845 1237 885 pro
1270 831 1542 878 ordinatam:
1574 845 1644 885 qu.
1678 833 1882 880 XXXIII,
1918 839 1991 873 art.
2028 835 2068 881 8,
2099 847 2211 874 num.
2235 847 2275 882 11,
2299 835 2367 874 lin.
2400 848 2464 886 19,

298 894 350 935 de
382 894 501 935 oculo
531 906 615 934 non
631 893 814 947 figendo
835 906 912 947 pro
935 892 988 933 de
1019 892 1137 933 oculo
1158 892 1242 932 non
1256 892 1496 946 fngi'end0,·
1522 906 1591 946 qu.
1615 894 1815 942 XXXVI,
1839 900 1912 934 art.
1945 907 1978 942 1,
2002 908 2116 935 num.
2141 896 2180 943 8,
2204 895 2273 936 lin.
2299 894 2337 943 5,
2360 896 2466 935 Ari-

297 955 456 996 stotelis
475 954 646 1009 ‘provab
678 954 921 995 Aristotele.
957 954 1089 1006 Quod
1122 960 1265 994 autem
1297 954 1339 993 in
1373 954 1455 994 hoc
1498 967 1656 1008 genere
1690 955 1878 995 fecerunt
1910 956 2039 1010 longe
2072 962 2294 1009 superatur
2326 957 2379 996 ab
2415 971 2466 997 eo

299 1016 418 1071 qnod
443 1017 507 1056 -ab
545 1014 649 1070 ips-is
691 1022 912 1070 peccatum
947 1021 1022 1056 est.
1067 1015 1199 1068 Quod
1238 1015 1321 1055 iam
1355 1015 1396 1055 in
1430 1016 1464 1055 B
1499 1015 1715 1055 lamentati
1748 1029 1917 1064 sumus,
1952 1017 2108 1070 pluries
2142 1018 2276 1070 ipsam
2319 1019 2465 1059 lectio-

298 1091 396 1119 nem
430 1078 660 1132 genuinam
682 1077 736 1118 A
771 1091 912 1118 errore
945 1072 1164 1131 nunquam
1199 1077 1455 1132 corrigendo
1489 1077 1760 1130 depravasse,
1789 1077 1832 1117 id
1855 1078 1988 1118 multo
2021 1078 2281 1132 frequentius
2314 1079 2355 1119 in
2379 1079 2468 1119 edi-

297 1139 488 1181 tionibus
520 1139 672 1179 mediis
705 1139 876 1187 accidit,
911 1139 969 1179 ita
1002 1145 1048 1179 ut
1068 1144 1209 1179 textus
1243 1138 1434 1179 Caietani
1468 1139 1592 1192 plane
1637 1138 1893 1192 deturpetur.
1927 1140 2069 1179 Pauca
2099 1153 2177 1193 pro
2218 1141 2365 1180 ceteris
2398 1154 2468 1180 ac-

299 1201 403 1256 cipe.
439 1201 521 1253 Qu.
546 1202 587 1253 I,
604 1207 678 1242 art.
710 1214 743 1248 1,
777 1214 891 1241 num.
925 1213 997 1249 xn,
1021 1200 1090 1240 lin.
1121 1201 1148 1240 8
1182 1213 1207 1239 a
1233 1196 1321 1247 fin„
1346 1199 1438 1239 ideo
1470 1199 1682 1240 credimus
1713 1200 1830 1253 quod
1856 1201 1979 1240 Dens
2009 1200 2124 1241 dixit
2141 1202 2242 1254 quia
2274 1202 2467 1242 Ecclesia

280 1260 779 1318 rprvpvnn'pervertitur
811 1262 853 1302 in
886 1275 982 1302 cum
1014 1261 1226 1302 credimus
1258 1267 1334 1301 etc.
1370 1261 1452 1313 Qu.
1476 1261 1548 1308 VI,
1579 1268 1652 1302 art.
1688 1274 1726 1309 2,
1760 1275 1873 1302 num.
1905 1275 1938 1310 1,
1963 1262 2031 1302 lin.
2055 1263 2225 1316 penult,
2254 1276 2331 1316 pro
2362 1264 2474 1303 sicut

299 1323 523 1378 'new-saka
529 1323 658 1376 fides,
683 1324 831 1379 legunt
860 1325 973 1363 sicut
999 1336 1113 1362 nunc
1133 1322 1261 1376 falsa
1283 1322 1407 1373 fides.
1442 1322 1525 1373 Qu.
1550 1323 1602 1370 X,
1626 1329 1699 1363 art.
1724 1325 1763 1371 8,
1790 1337 1902 1364 num.
1929 1336 1969 1371 11,
2004 1337 2101 1379 pag.
2126 1337 2196 1375 90,
2221 1324 2290 1364 lin.
2316 1323 2355 1371 5,
2390 1338 2468 1378 pro

299 1398 448 1438 cogere
474 1385 663 1437 infideles
693 1385 863 1425 omnino
894 1387 1123 1424 extraneos
1154 1383 1208 1423 ab
1240 1383 1434 1423 Ecclesia
1467 1384 1657 1423 scribunt
1693 1397 1840 1437 cogere
1856 1384 2014 1437 fideles
2044 1386 2212 1425 omnino
2244 1388 2472 1426 extraneos

299 1446 355 1487 ab
371 1445 582 1486 Ecclesia.
608 1445 691 1497 Qu.
710 1445 820 1493 XIII,
839 1451 913 1485 art.
933 1447 972 1493 3,
992 1457 1164 1492 num.11,
1183 1445 1208 1484 l.
1227 1457 1266 1496 9,
1283 1457 1361 1498 pro
1385 1444 1532 1485 eadem
1555 1448 1625 1492 est,
1644 1445 1791 1485 eadem
1812 1446 1947 1499 specie
1968 1446 2136 1486 habent.
2162 1447 2244 1498 Qu.
2268 1447 2467 1495 XXXVI,

251 1556 253 1558 Ι
298 1513 374 1550 ants
406 1519 440 1554 1,
464 1519 577 1547 num.
598 1519 657 1554 111,
681 1507 750 1547 lin.
774 1506 1044 1560 antepenult.‚
1069 1506 1122 1546 de
1145 1505 1306 1546 invidia
1328 1505 1472 1546 dicunt
1505 1506 1624 1560 quod
1649 1513 1712 1546 est
1745 1506 1798 1546 de
1821 1507 1939 1546 bono
1963 1508 2156 1560 proximi,
2180 1508 2282 1560 quia
2313 1508 2473 1548 scilicet

298 1567 769 1623 Qfflbsolute-bonum
789 1568 994 1615 volumus,
1020 1568 1118 1608 loco
1151 1568 1291 1620 quia...
1315 1567 1524 1608 nolumus.
1551 1568 1633 1619 Ωιι.
1657 1569 1747 1616 XL,
1773 1574 1846 1608 art.
1878 1581 1911 1616 1,
1937 1581 2049 1608 num.
2073 1581 2112 1616 11,
2141 1570 2218 1609 col.
2241 1581 2278 1617 2,
2303 1569 2371 1609 lin.
2398 1580 2469 1622 27,

297 1629 442 1671 hainin
472 1630 707 1684 superioris
749 1635 1045 1684 corrumpunt;
1080 1629 1180 1669 ibid.
1215 1635 1288 1669 art.
1324 1641 1372 1680 4,
1407 1642 1520 1669 num.
1555 1642 1611 1676 111,
1646 1629 1714 1669 lin.
1749 1631 1796 1677 3,
1822 1632 1908 1683 pro
1940 1633 2058 1670 tanto
2089 1630 2131 1670 in
2156 1633 2241 1684 pro
2273 1634 2472 1677 causato,-

301 1693 371 1745 ’(ῄι.7
394 1690 569 1739 XLVII,
591 1696 668 1732 art.
704 1703 718 1731 1
735 1703 768 1739 1,
803 1704 917 1732 num.
951 1704 976 1739 1,
1001 1691 1071 1744 lin.
1113 1692 1176 1738 18,
1211 1689 1386 1730 dubium
1412 1689 1650 1744 pollicitum
1683 1691 1724 1730 in
1758 1691 1932 1731 dubium
1955 1691 2188 1745 politicum.
2225 1692 2392 1744 Quibus
2427 1698 2469 1732 et

300 1752 509 1793 similibus
554 1753 803 1806 corruptelis
837 1752 1103 1793 accensenda
1135 1758 1234 1792 sunt
1271 1752 1473 1792 nonnulla
1516 1752 1805 1792 additamenta
1838 1765 1948 1805 quae
1985 1758 2187 1806 tanquam
2223 1753 2471 1807 interpolata

300 1813 570 1855 sustulimus:
604 1820 732 1868 prout
764 1820 863 1854 sunt
895 1814 964 1854 illa
995 1814 1129 1854 verba
1162 1827 1272 1867 quae
1295 1827 1365 1866 qu.
1390 1814 1419 1861 I,
1444 1820 1518 1853 art.
1547 1816 1586 1861 6,
1612 1820 1710 1867 post
1737 1815 1933 1866 quamvis
1964 1815 2050 1867 ipsi
2065 1814 2187 1868 forte
2218 1814 2475 1855 crediderint

301 1879 448 1916 contra
480 1876 715 1917 Auctorem
736 1875 876 1916 dicere
906 1875 1131 1923 adduntur,
1156 1888 1320 1929 nempe,
1345 1888 1397 1915 ac
1418 1875 1534 1915 illius
1566 1875 1679 1915 dicta
1693 1876 1868 1929 penitus
1899 1889 1922 1915 e
1952 1875 2087 1916 medio
2109 1876 2253 1915 tollere
2285 1889 2470 1916 omnem-

300 1949 382 1990 que
411 1936 500 1977 illis
513 1937 655 1991 fidem
687 1936 941 1985 detrahere:
973 1943 1014 1977 et
1048 1950 1158 1990 quae
1191 1950 1261 1990 qu.
1296 1937 1445 1984 XLIII,
1482 1942 1554 1976 art.
1590 1938 1629 1984 8,
1665 1950 1779 1977 num.
1822 1949 1862 1983 1,
1898 1943 1997 1990 post
2028 1937 2160 1977 verba
2182 1938 2370 1985 Domini,
2396 1938 2474 1977 tibi

300 1997 411 2039 dabo
443 1997 584 2040 claves
615 1998 743 2052 regni
769 1998 994 2046 caelorum,
1020 1998 1232 2052 superflue
1266 1998 1517 2046 inseruntur,
1541 2000 1584 2038 et
1605 1998 1896 2051 quodcumque
1927 1998 2130 2051 ligaveris
2163 2005 2238 2039 etc.

426 2059 570 2100 Editio
604 2060 738 2100 Piana
765 2066 927 2100 textum
963 2060 1380 2100 Commentariorum
1418 2059 1589 2099 exhibet
1623 2059 1695 2113 qui
1729 2059 1769 2099 in
1805 2059 1955 2100 mediis
1982 2060 2146 2114 legitur.
2181 2058 2470 2100 Reducendus

301 2121 481 2176 proinde
516 2127 604 2162 erat
635 2121 689 2162 ad
725 2121 934 2162 editiones
968 2123 1008 2162 A
1044 2126 1085 2161 et
1116 2122 1164 2162 B.
1198 2122 1314 2162 Raro
1339 2120 1512 2174 quidem
1548 2134 1648 2161 casu
1680 2121 2026 2161 emendationem
2056 2121 2095 2160 in
2130 2121 2220 2174 ipsa
2253 2121 2468 2161 inventam

302 2180 563 2231 retinuimus,
587 2190 635 2223 ut
657 2197 726 2237 qu.
750 2183 799 2231 II,
823 2190 897 2223 art.
924 2182 962 2230 5,
988 2196 1101 2223 num.
1126 2196 1165 2231 11,
1191 2183 1259 2222 lin.
1287 2195 1324 2230 2,
1348 2196 1479 2235 quam
1505 2196 1582 2236 pro
1606 2186 1671 2229 et,·
1704 2196 1775 2235 qu.
1800 2183 1913 2230 XIV,
1938 2189 2010 2223 art.
2040 2184 2079 2230 3,
2104 2183 2172 2222 lin.
2202 2183 2469 2236 antepenult.‚

302 2244 491 2285 additam
513 2257 668 2284 vocem
684 2245 773 2298 fit:
805 2257 875 2298 qu.
899 2244 1099 2292 XXXIV,
1123 2250 1196 2284 art.
1222 2256 1261 2295 4,
1287 2257 1400 2284 num.
1425 2256 1495 2292 vn,
1519 2244 1542 2284 l.
1575 2256 1639 2291 10,
1663 2244 1841 2284 interior
1860 2257 1937 2297 pro
1961 2244 2170 2284 exterior:
2202 2244 2278 2284 sed
2302 2244 2344 2284 in
2366 2244 2471 2284 locis

302 2305 436 2345 multo
470 2305 852 2359 frequentioribus,
883 2318 1012 2360 super
1045 2305 1223 2346 mendas
1256 2306 1486 2359 primarum
1521 2311 1561 2345 et
1600 2305 1835 2345 mediarum
1880 2305 2135 2353 editionum,
2165 2301 2284 2345 'nova
2317 2311 2470 2353 errata,

303 2366 493 2420 quodam
529 2365 795 2420 iniquo'sato
829 2373 1020 2422 urgente,
1052 2368 1145 2421 ipsa
1177 2367 1353 2407 induxit.
1391 2367 1472 2418 Qu.
1507 2367 1536 2414 I,
1569 2373 1643 2406 art.
1671 2379 1696 2414 1,
1723 2380 1839 2413 num.
1873 2379 1929 2414 1v,
1958 2380 2118 2423 versus,
2141 2366 2233 2414 fin.,
2269 2365 2471 2407 inconve-

303 2428 424 2468 niens
458 2442 482 2468 a
516 2427 722 2468 Caietano
756 2428 928 2482 ponitur
959 2429 1077 2482 quod
1091 2442 1174 2469 non
1207 2429 1250 2468 in
1285 2428 1581 2468 revelationem
1612 2428 1692 2468 sed
1718 2429 2048 2480 testificationem
2078 2428 2297 2468 Ecclesiae
2311 2428 2377 2479 fit
2406 2441 2471 2467 re-

255 2536 263 2538 ,
300 2489 453 2529 solutio
486 2489 619 2543 (fidei)
631 2504 646 2529 .·
677 2490 810 2530 Piana
842 2490 951 2530 tollit
981 2502 1075 2537 non,
1111 2495 1152 2529 et
1184 2489 1238 2529 ad
1272 2503 1445 2529 sensum
1478 2489 1844 2542 qualitercumque
1882 2489 2186 2543 reparandum,
2220 2489 2300 2529 sed
2320 2489 2361 2528 in
2393 2502 2467 2528 sen

303 2556 448 2591 mutat.
474 2550 640 2591 Eadem
658 2551 921 2604 quaestione,
942 2557 1015 2591 art.
1037 2563 1075 2600 2,
1097 2550 1164 2590 lin.
1182 2551 1352 2604 penult„
1376 2564 1453 2603 pro
1477 2552 1715 2603 compatere
1736 2550 2034 2602 ignorantibus
2052 2550 2160 2603 quid
2175 2551 2317 2590 sciant
2337 2550 2470 2603 (quod

301 2612 409 2652 sorte
441 2611 822 2658 contradictionem
856 2612 1070 2666 implicare
1101 2612 1344 2664 videbatur)
1387 2612 1508 2665 ponit
1541 2614 1778 2664 compatere
1819 2612 2117 2664 ignorantibus
2147 2611 2255 2663 quid
2281 2611 2473 2658 discant,-

302 2679 344 2714 et
375 2679 449 2714 art,
475 2673 514 2721 5,
539 2687 652 2714 num.
677 2686 717 2721 11,
742 2674 811 2714 lin.
847 2686 916 2722 20,
948 2687 1059 2726 quae
1096 2673 1356 2726 geometriae
1388 2678 1465 2726 p‘ro
1499 2676 1856 2725 non-geometrae.
1895 2672 1976 2725 Qu.
2001 2673 2112 2720 VIII,
2147 2678 2221 2713 art.
2257 2671 2295 2720 5,
2326 2672 2393 2712 lin.
2430 2674 2470 2720 6,

301 2748 380 2789 pro
415 2735 456 2787 ly
486 2735 624 2775 solum
658 2735 803 2775 scribit
825 2735 866 2788 ly
896 2748 979 2775 non
1001 2735 1162 2782 solani,-
1195 2749 1264 2788 qu.
1294 2735 1406 2781 XIX,
1432 2741 1505 2774 art.
1534 2747 1570 2782 2,
1597 2748 1710 2774 num.
1734 2747 1774 2781 11,
1798 2734 1866 2774 lin.
1891 2734 2159 2788 antepenult.‚
2184 2734 2310 2774 totins
2341 2736 2472 2787 appe-

302 2797 406 2837 titus
421 2808 498 2850 pro
522 2799 635 2836 totus
650 2798 885 2850 appeti'tus;
908 2810 977 2850 qu.
997 2797 1290 2844 XXXV1‚·art.
1310 2797 1350 2843 3,
1369 2809 1482 2836 num.
1501 2809 1555 2844 111,
1573 2796 1642 2836 lin.
1663 2807 1701 2846 4,
1721 2796 1924 2835 obiectum
1939 2809 2016 2850 pro
2033 2795 2175 2835 odium
2184 2811 2201 2842 ,·
2225 2808 2294 2848 qu.
2316 2795 2469 2842 XLIV,

303 2863 377 2897 art.
403 2859 443 2906 8,
468 2871 582 2898 num.
605 2870 662 2906 IV,
685 2858 754 2899 lin.
782 2870 819 2911 7,
843 2858 1005 2899 habeat
1032 2871 1109 2912 pro
1139 2857 1314 2904 debeat‚·
1346 2858 1466 2911 plura
1493 2857 1572 2897 alia
1605 2857 1757 2897 similia
1780 2862 1887 2897 sunt.
1922 2857 2245 2910 Nonnunquam
2269 2856 2395 2896 etiam
2417 2857 2471 2896 ab

304 2918 564 2959 editionibus
587 2919 629 2959 A
663 2925 706 2959 et
737 2920 772 2959 B
796 2919 945 2967 differt,
970 2919 1062 2959 sive
1095 2919 1187 2973 ipsa
1219 2919 1354 2972 prima
1387 2919 1478 2959 sive
1513 2918 1675 2959 medias
1709 2931 1906 2971 sequens,
1942 2919 2044 2972 quin
2078 2924 2219 2958 tamen
2247 2917 2471 2957 lectionem

303 2989 550 3034 perversam
583 2980 752 3021 efficiat:
788 2986 833 3021 ut
866 2994 936 3034 qu,
955 2981 1006 3028 X,
1034 2982 1116 3021 art.
1141 2993 1180 3032 4,
1216 2993 1329 3020 num.
1353 2993 1393 3027 11,
1428 2994 1467 3034 p.
1494 2982 1564 3028 83,
1600 2980 1623 3020 l.
1651 2993 1718 3027 21,
1754 2979 2002 3027 ordinatus,-
2035 2993 2111 3033 qu.
2128 2980 2286 3027 XXIII,
2321 2985 2394 3019 art.
2431 2991 2470 3029 4,

303 3041 373 3082 lin.
408 3053 435 3092 4
469 3055 495 3081 a
526 3042 609 3089 fin„
643 3043 805 3096 scripta
835 3045 959 3089 suna·
991 3056 1062 3095 qu.
1096 3042 1256 3089 XXIV,
1292 3047 1364 3081 art.
1394 3052 1431 3094 7,
1467 3055 1582 3082 num.
1607 3053 1646 3090 V,
1681 3042 1749 3081 lin.
1786 3053 1824 3093 4,
1860 3043 2059 3095 oporteat.
2096 3041 2216 3092 Quas
2256 3046 2397 3080 tamen
2432 3046 2473 3080 et

304 3102 463 3143 similes
486 3103 710 3151 variantes,
732 3103 823 3144 freti
847 3103 1093 3143 auctoritate
1118 3102 1352 3143 editionum
1377 3103 1418 3143 A
1442 3109 1483 3143 et
1507 3104 1554 3150 B,
1578 3109 1782 3156 tanquam
1806 3115 1893 3142 non
1916 3102 2178 3143 authenticas
2203 3102 2471 3149 exclusimus,

303 3164 400 3204 licet
432 3163 706 3217 quandoque,
741 3164 783 3204 in
817 3164 936 3206 initio
968 3164 1232 3218 praesertim,
1267 3165 1619 3205 haesitaverimus
1654 3164 1718 3217 (cf.
1752 3177 1823 3217 qu.
1857 3165 1886 3211 I,
1921 3170 1994 3204 art.
2021 3166 2060 3212 3,
2095 3177 2210 3203 num.
2234 3176 2289 3211 111,
2325 3163 2402 3202 col.
2430 3175 2468 3209 2,

303 3226 372 3266 lin.
405 3229 851 3274 10,-sacrosanctum,·
882 3239 952 3279 qu.
977 3226 1030 3274 V,
1065 3232 1139 3266 art.
1171 3239 1204 3275 1,
1239 3239 1352 3266 num.
1377 3238 1417 3273 V,
1453 3226 1521 3266 lin.
1559 3237 1610 3276 14
1645 3240 1669 3265 a
1702 3226 1785 3273 fin.,
1818 3225 2035 3272 Adverte‚·
2068 3238 2137 3278 qu.
2172 3225 2287 3272 VIII,
2322 3229 2394 3264 art.
2431 3235 2470 3274 4,

305 3301 418 3327 num.
444 3300 468 3334 1,
493 3287 562 3328 lin.
594 3299 657 3334 10,
693 3289 736 3327 et
764 3287 862 3328 loco
896 3290 940 3328 et
959 3289 1046 3340 per
1076 3287 1181 3341 etc.).

428 3348 652 3389 Editiones
685 3354 784 3402 post
817 3348 992 3389 Pianam
1024 3348 1158 3389 factae
1191 3362 1277 3388 non
1311 3348 1567 3388 videbantur
1600 3348 1707 3388 intra
1739 3348 1892 3388 limites
1925 3347 2265 3403 investigationis
2299 3352 2470 3386 nostrae

305 3410 522 3450 contineri.
557 3411 624 3450 Ne
658 3416 798 3450 tamen
833 3409 982 3450 notitia
1013 3409 1299 3463 posteriorum
1334 3409 1570 3450 editionum
1605 3409 1780 3450 omnino
1816 3409 1935 3458 desit,
1961 3409 2066 3449 duas
2101 3408 2366 3455 contulimus,
2390 3407 2473 3447 Pa-

304 3471 493 3512 tavinam
526 3471 625 3512 anni
650 3472 778 3528 4698
813 3478 855 3511 et
886 3471 1128 3512 Romanam
1161 3470 1258 3511 anni
1300 3472 1424 3524 1773,
1449 3471 1636 3524 priorem
1660 3471 1795 3511 littera
1828 3471 1881 3519 D,
1906 3470 2136 3511 secundam
2160 3470 2294 3509 littera
2327 3469 2364 3508 E
2397 3468 2472 3508 de-
