2892 4056
87 909 97 919 ⁸
110 907 208 930 indueus
222 908 258 931 ed.
274 915 297 930 Α.

88 3330 99 3340 “
114 3329 199 3358 Catag-
213 3336 298 3358 eap.n,

87 3362 112 3379 n.
125 3363 148 3383 4.

973 129 1240 175 QUAESTIO
1269 129 1448 177 XXXIV,
1477 130 1773 167 ARTICULUS
1801 130 1852 166 VI

326 206 497 238 refutabilis
513 204 666 237 rationem
682 207 784 237 habet.
810 207 909 244 Quod
931 214 1038 238 autem
1057 207 1180 238 bonum
1199 207 1325 238 alterius
1340 207 1387 237 in-

327 252 403 282 duat
424 250 579 282 rationem
603 250 814 282 contristantis
837 261 899 287 me,
924 262 989 282 non
1013 252 1107 282 habet
1127 252 1319 292 inquantum
1342 258 1398 288 est,

326 296 465 330 bonum;
489 294 544 324 sed
562 294 657 324 habet
678 295 870 335 inquantum
886 303 933 327 est
956 295 1116 326 obiectum
1138 296 1278 327 tristitiae
1299 305 1388 327 meae

326 348 407 379 quae
423 345 470 369 est
484 338 610 369 invidia.
635 339 676 369 Et
691 339 734 369 sic
749 340 861 370 odium
876 349 914 370 ex
927 347 1015 380 parte
1030 340 1144 370 obiecti
1159 340 1274 371 directe
1289 340 1390 370 oritur

327 392 364 413 ex
386 382 516 413 invidia.

381 426 581 466 Ambiguitas
596 433 703 457 autem
715 434 880 458 contextus
895 437 932 457 ex
948 427 1032 458 mala
1047 428 1258 467 applicatione
1269 428 1388 459 litterae

326 470 436 501 oritur.
473 470 557 501 Nam
580 470 691 501 odium
715 478 819 511 potest
842 471 1031 502 considerari
1057 471 1232 511 dupliciter.
1269 472 1387 508 Primo,

326 514 549 554 distinguendo
573 525 609 545 ea
624 525 706 555 quae
728 515 762 546 in
784 515 861 546 odio
883 515 1098 551 inveniuntur,
1122 523 1153 546 et
1172 516 1387 556 comparando

326 568 363 589 ea
374 558 413 588 ad
428 558 573 590 invicem.
591 559 798 590 Inveniuntur
807 559 894 591 enim
907 559 942 589 in
957 565 1087 599 peccato
1100 559 1165 589 odii
1178 561 1253 590 duo.
1269 560 1388 596 Primo,

325 602 504 633 terminatio
521 603 560 632 ad
575 604 698 634 bonum
712 603 801 643 quod
814 613 886 634 vere
901 609 949 634 est
963 603 1102 633 bonum:
1119 609 1151 634 et
1165 614 1202 634 ex
1217 604 1279 635 hoc
1293 604 1389 636 habet

324 645 483 677 rationem
497 647 617 686 peccati
633 654 664 678 et
682 647 776 678 alieni
799 657 818 678 a
832 653 952 678 natura.
977 646 1136 683 Secundo,
1154 648 1333 679 terminatio
1349 649 1389 679 ad

325 690 480 721 rationem
511 701 575 732 qua
597 691 676 722 illud
707 691 830 721 bonum
858 690 987 721 offertur
1010 697 1045 721 ut
1068 691 1190 722 malum
1220 690 1389 734 (quoniam

325 741 416 765 actus
438 734 503 765 odii
535 735 683 766 refutatio
706 741 768 771 est,
792 743 874 776 quae
902 741 1046 774 respectu
1078 735 1153 765 mali
1176 741 1212 766 ut
1242 736 1285 766 sic
1313 734 1387 778 est):

325 785 356 808 et
378 788 416 809 ex
442 779 504 809 hoc
527 779 622 810 habet
649 778 806 810 rationem
835 778 925 819 quasi
955 778 1140 809 excusabilis
1175 786 1206 810 et
1233 779 1388 819 eligibilis,

324 829 439 862 utpote
461 823 610 854 refutatio
633 822 708 854 mali
731 822 913 854 naturaliter
935 821 1083 862 fugibilis.
1111 823 1153 853 Et
1174 824 1389 862 comparando

324 866 402 898 haec
417 866 484 898 duo
498 867 580 899 inter
595 876 638 902 se,
654 866 740 907 quia,
755 873 790 897 ut
805 866 926 897 dictum
941 873 996 902 est,
1014 866 1092 896 ratio
1109 866 1203 897 tristis
1219 874 1266 897 est
1281 876 1389 897 causa-

322 910 394 942 liter
407 910 462 941 illa
476 910 556 942 ratio
571 910 649 941 mali
664 910 816 941 inducens
830 909 848 929 *
866 910 932 940 odii
951 910 1122 945 obiectum,
1140 910 1261 949 optime
1277 911 1391 941 dicitur

323 954 414 994 quod
429 954 570 994 primum
585 954 686 985 oritur
700 964 739 985 ex
752 954 905 990 secundo,
921 954 1010 994 quod
1031 954 1177 984 refutatio
1194 954 1271 984 boni
1289 954 1390 985 oritur

323 1007 360 1028 ex
375 997 566 1029 refutatione
588 997 694 1034 tristis,
711 998 802 1038 quod
825 997 936 1028 odium
960 998 1037 1028 boni
1060 998 1160 1029 oritur
1183 1008 1220 1028 ex
1242 997 1318 1038 fuga
1337 998 1390 1029 tri-

322 1041 432 1072 stitiae.
457 1042 490 1072 Si
508 1048 616 1072 autem
636 1042 851 1073 consideretur
868 1049 975 1074 totum
996 1042 1103 1082 ipsum
1119 1042 1184 1072 odii
1198 1041 1322 1078 vitium,
1345 1042 1388 1072 sic

321 1085 457 1116 dicimus
480 1086 570 1126 quod
593 1092 740 1116 causatur
755 1096 792 1117 ex
811 1086 908 1117 electa
930 1086 1052 1117 tristitia
1075 1086 1290 1126 praecedente,
1307 1096 1388 1127 quae

321 1135 368 1160 est
389 1129 509 1159 invidia
531 1139 683 1169 generans
712 1130 774 1170 ipsi
798 1130 874 1161 odio
905 1130 1073 1171 proprium
1097 1130 1277 1161 obiectum:
1313 1130 1389 1161 invi-

320 1173 427 1204 dendo
448 1173 535 1204 enim
558 1173 594 1204 fit
615 1174 740 1205 bonum
763 1175 890 1206 alterius
914 1175 1101 1205 contristans
1125 1184 1194 1210 nos,
1219 1181 1250 1205 et
1272 1184 1308 1204 ex
1326 1175 1388 1206 hoc

320 1217 432 1248 crescit
443 1217 478 1248 in
496 1218 648 1249 odiosum
670 1219 774 1250 nobis.
799 1219 892 1250 Unde
912 1226 1077 1250 contextus
1091 1218 1211 1249 litterae
1228 1228 1389 1250 consonus

319 1267 378 1297 est,
400 1261 506 1301 prImo
530 1262 727 1303 distinguens
755 1263 923 1294 intrinseca
946 1263 1012 1293 odii
1042 1270 1072 1294 et
1095 1273 1281 1304 comparans
1308 1263 1390 1294 inter

317 1313 369 1342 ως
391 1307 534 1336 seeundo
557 1307 690 1337 reddens
713 1307 850 1338 radicem
874 1307 958 1338 unde
978 1306 1031 1337 illa
1050 1307 1250 1347 proveniunt,
1274 1307 1390 1338 scilicet

320 1349 455 1381 electam
476 1350 635 1381 tristitiam
658 1351 747 1382 boni.

376 1393 414 1424 ll.
438 1393 548 1425 Potest
560 1401 592 1425 et
606 1395 732 1425 brevius
753 1401 784 1425 et
799 1394 944 1425 subtilius
962 1394 1022 1424 dici
1041 1395 1130 1435 quod
1154 1394 1227 1435 fuga
1248 1395 1388 1426 tristitiae

319 1437 353 1467 in
377 1437 479 1468 littera
509 1439 675 1478 proposita
698 1448 764 1469 non
791 1438 944 1478 importat
972 1445 1078 1469 actum
1109 1438 1268 1478 appetitus
1295 1439 1388 1469 ratio-

319 1481 416 1518 nalis;
453 1482 508 1512 sed
541 1483 718 1513 naturalem
747 1482 1022 1513 abominationem
1049 1482 1208 1522 appetitus
1238 1482 1389 1513 naturalis

318 1532 464 1566 respectu
479 1525 631 1563 tristitiae,
648 1527 826 1557 secundum
841 1536 939 1567 quam
960 1526 1055 1557 etiam
1079 1526 1176 1557 electa
1197 1533 1227 1556 et
1242 1536 1389 1566 praesens

317 1569 442 1600 tristitia
464 1569 593 1610 fugitur,
610 1577 721 1611 utpote
737 1570 873 1601 naturali
895 1569 1049 1611 appetitui
1069 1569 1234 1601 contraria.
1258 1571 1299 1601 Et
1314 1571 1389 1611 quia

319 1613 471 1644 naturalis
493 1613 680 1645 huiusmodi
703 1614 776 1654 fuga
801 1622 847 1645 est
869 1624 964 1645 causa
987 1614 1060 1645 dicti
1077 1614 1247 1654 augmenti,
1273 1614 1390 1645 scilicet

318 1657 408 1698 quod
431 1657 518 1688 triste
533 1665 652 1690 crescat
673 1658 706 1689 in
723 1659 845 1689 malum
868 1658 1023 1695 absolute,
1040 1659 1127 1699 quod
1152 1658 1306 1698 significat
1321 1659 1389 1689 odi-

317 1701 395 1738 bile;
419 1709 450 1733 et
473 1707 562 1732 tanto
586 1703 678 1734 citius
702 1710 733 1733 et
754 1703 974 1733 vehementius
997 1710 1118 1744 quanto
1142 1702 1268 1742 saepius
1291 1709 1322 1733 et
1341 1703 1388 1733 in-

316 1745 439 1779 tensius
454 1746 586 1783 actualis
599 1747 723 1778 tristitia
739 1747 905 1787 repetitur:
930 1747 1002 1777 ideo
1019 1749 1141 1778 Auctor
1154 1746 1259 1787 primo
1280 1747 1387 1787 fugam

318 1790 496 1821 naturalem
518 1790 661 1822 tristitiae
685 1797 721 1822 ut
743 1801 872 1822 causam
895 1791 1014 1832 posuit,
1034 1798 1065 1822 et
1085 1791 1159 1822 inde
1183 1791 1222 1821 ad
1242 1791 1389 1822 effectum

318 1833 472 1875 processit
486 1844 585 1876 quem
600 1845 638 1866 ex
652 1835 707 1866 illa
722 1845 816 1866 causa
831 1845 980 1875 praesens
996 1835 1119 1866 tristitia
1134 1835 1292 1875 producit.
1314 1836 1389 1866 Non

319 1887 395 1918 ergo
414 1877 524 1918 fugam
543 1878 685 1910 tristitiae
701 1886 810 1911 contra
823 1879 908 1910 illius
927 1879 1138 1920 praesentiam
1160 1879 1311 1910 distinxit:
1336 1880 1391 1910 sed

319 1922 498 1953 naturalem
513 1922 623 1963 fugam
637 1923 733 1954 simul
756 1930 891 1954 stantem
910 1934 984 1954 cum
1004 1924 1118 1954 actuali
1137 1923 1311 1964 praesentia
1336 1923 1390 1954 tri—

318 1965 420 1997 stitiae
450 1976 510 2006 pro
534 1977 628 1998 causa
650 1967 821 2007 assignavit
842 1977 940 2009 quare
963 1968 1082 1999 invidia
1105 1978 1142 1999 ex
1164 1975 1251 2008 parte
1276 1967 1392 1999 obiecti

318 2010 401 2050 parit
422 2011 546 2041 odium.
570 2011 612 2042 Et
634 2011 665 2042 in
688 2012 792 2043 littera
815 2012 1005 2048 declaratur,
1030 2013 1106 2053 quia
1129 2012 1210 2043 sicut
1232 2013 1410 2044 delectans.

317 2053 401 2095 parit
415 2054 558 2094 seipsum
573 2055 708 2086 amabile
720 2066 757 2086 ex
771 2056 907 2087 naturali
923 2057 1066 2097 appetitu
1083 2057 1123 2087 ad
1138 2057 1390 2093 delectationem,

317 2098 362 2130 ita
373 2099 562 2130 contristans
574 2099 656 2140 parit
667 2099 809 2140 seipsum
821 2100 939 2131 odibile
951 2111 988 2131 ex
1000 2101 1135 2131 naturali
1150 2101 1224 2142 fuga
1238 2100 1390 2132 tristitiae.

318 2141 510 2174 Delectabile
526 2142 612 2174 enim
627 2144 710 2184 parit
725 2144 881 2175 rationem
897 2145 974 2175 boni
989 2145 1144 2181 absolute,
1162 2151 1193 2175 et
1207 2145 1295 2176 triste
1310 2145 1392 2185 parit

318 2185 476 2218 rationem
500 2186 576 2217 mali
602 2187 763 2219 absolute:
792 2198 828 2219 ac
854 2198 911 2229 per
937 2189 1014 2225 hoc,
1043 2189 1123 2219 illud
1150 2188 1299 2226 amabile,
1327 2189 1391 2220 hoc

319 2229 440 2261 odibile
463 2237 601 2270 generat.

374 2274 427 2304 111.
452 2274 488 2305 ln
507 2275 624 2306 eodem
643 2275 778 2306 articulo
801 2276 945 2313 adverte,
980 2286 1018 2307 ex
1041 2277 1067 2307 11
1090 2277 1220 2317 Pnysic.
1242 2276 1276 2314 *,
1299 2277 1389 2319 quod

321 2318 463 2349 naturale
485 2328 552 2348 non
575 2318 690 2349 dicitur
712 2329 779 2350 uno
801 2321 912 2351 modo.
947 2320 989 2351 Et
1011 2327 1178 2360 propterea
1201 2330 1276 2352 cum
1300 2321 1391 2352 audis

321 2361 525 2393 dilectionem
543 2362 620 2393 boni
639 2362 767 2394 alterius
783 2373 850 2394 esse
869 2364 1056 2400 naturalem,
1073 2364 1212 2404 intellige
1228 2375 1313 2403 sane,
1329 2365 1391 2396 hoc

321 2412 378 2443 est,
395 2407 572 2437 secundum
596 2413 759 2437 naturam:
785 2407 828 2437 sic
853 2408 939 2438 enim
958 2418 1070 2438 omnes
1089 2408 1220 2438 virtutes
1244 2416 1319 2440 sunt
1337 2419 1391 2440 na-

320 2449 437 2481 turales
461 2457 492 2481 et
514 2450 623 2481 omnia
645 2451 720 2481 vitia
745 2458 854 2481 contra
881 2459 1038 2483 naturam.
1069 2452 1126 2482 Est
1148 2459 1254 2482 tamen
1285 2454 1317 2483 in
1341 2453 1390 2483 his

319 2494 455 2525 latitudo
475 2503 610 2534 magna:
634 2501 664 2525 et
683 2501 850 2535 propterea
868 2496 990 2536 aliquid
1012 2496 1112 2535 magis
1132 2503 1166 2529 et,
1181 2496 1302 2536 aliquid
1323 2507 1392 2527 ma-

319 2538 404 2569 xime
428 2538 542 2569 dicitur
565 2539 742 2569 secundum
765 2546 912 2570 naturam
935 2547 965 2571 et
989 2547 1099 2570 contra
1123 2547 1279 2571 naturam.

375 2582 430 2613 IV.
450 2583 486 2613 In
501 2583 617 2613 eodem
632 2583 765 2614 articulo
786 2590 883 2619 sexto,
900 2584 933 2614 in
949 2583 1156 2624 responsione
1173 2585 1212 2615 ad
1227 2584 1389 2624 ultimum,

322 2626 457 2657 dubium
481 2627 626 2663 occurrit,
651 2637 691 2658 an
714 2634 880 2667 peccatum
904 2628 969 2658 odii
993 2628 1032 2658 sit
1056 2628 1150 2658 unius
1176 2635 1310 2665 tantum,
1336 2635 1390 2659 aut

320 2670 464 2711 plurium
492 2671 679 2711 specierum.
718 2671 760 2702 Et
783 2679 829 2702 est
853 2671 931 2702 ratio
955 2671 1043 2702 dubii
1071 2679 1140 2702 tum
1164 2672 1239 2712 quia
1263 2672 1389 2702 dilectio

322 2714 467 2750 caritatis,
491 2714 541 2745 cui
567 2715 680 2746 directe
704 2715 911 2746 contrariatur
931 2716 1053 2752 odium,
1078 2722 1125 2746 est
1147 2716 1242 2746 unius
1265 2722 1388 2747 tanturn

321 2758 455 2799 speciei:
479 2759 535 2789 uni
558 2766 665 2790 autem
682 2769 785 2789 unum
809 2766 933 2791 tantum
957 2767 1003 2790 est
1019 2760 1222 2794 contrarium,
1247 2767 1283 2791 ut
1304 2767 1390 2800 patet

287 2819 294 2829 =
320 2803 352 2834 X
379 2803 564 2844 Metaphys.
587 2803 604 2822 *
626 2821 647 2826 -
676 2804 764 2834 Tum
795 2804 870 2844 quia
899 2811 1027 2843 peccata
1055 2814 1121 2834 non
1152 2804 1390 2844 distinguuntur

289 2845 296 2878 ἶ
323 2847 427 2887 specie
450 2857 547 2887 penes
567 2847 771 2884 materialem,
797 2849 851 2878 sed
876 2858 972 2890 penes
995 2848 1162 2879 formalem
1179 2848 1390 2879 diversitatem

323 2890 447 2922 obiecti.
491 2891 624 2922 Constat
647 2899 754 2922 autem
777 2893 866 2932 quod
896 2892 978 2923 sicut
1000 2892 1109 2922 omnia
1136 2893 1219 2922 mala
1248 2899 1284 2923 ut
1314 2903 1389 2923 con-

323 2934 456 2965 veniunt
477 2934 510 2965 in
526 2935 652 2966 ratione
661 2935 817 2967 vindictae
841 2943 982 2976 spectant
1002 2937 1041 2966 ad
1062 2946 1165 2966 unum
1183 2936 1245 2966 irae
1261 2936 1389 2973 vitium;

323 2978 367 3010 ita
390 2978 499 3009 omnia
528 2979 611 3010 mala
639 2986 677 3010 ut
706 2979 900 3011 conveniunt
929 2980 962 3010 in
990 2980 1109 3011 ratione
1139 2980 1214 3010 mali
1246 2981 1390 3011 absolute

325 3029 468 3063 spectant
489 3023 530 3053 ad
552 3023 666 3054 vitium
689 3023 764 3055 odii.
788 3024 829 3055 Et
851 3024 904 3061 sic,
928 3024 1002 3055 licet
1024 3025 1106 3055 mala
1130 3024 1330 3055 materialiter
1345 3025 1389 3055 di-

323 3066 547 3103 versificentur,
571 3067 650 3098 ratio
673 3074 779 3099 tamen
802 3068 944 3099 formalis
966 3069 1101 3099 indivisa
1125 3075 1244 3099 manet:
1275 3079 1310 3099 ac
1334 3079 1390 3109 per

324 3111 397 3147 hoc,
413 3118 579 3151 peccatum
602 3111 744 3142 eiusdem
763 3119 810 3143 est
828 3112 952 3152 speciei.
968 3130 989 3135 -
1009 3113 1050 3143 Et
1066 3112 1280 3143 confirmatur.
1305 3113 1390 3150 Quia

325 3154 351 3185 si
373 3161 540 3195 peccatum
570 3155 635 3186 odii
659 3162 690 3187 et
712 3156 775 3187 irae
799 3156 1023 3187 diversificatur
1046 3157 1222 3187 secundum
1251 3157 1389 3197 speciem

325 3209 363 3229 ex
378 3198 555 3230 diversitate
574 3199 742 3237 malorum,
767 3201 909 3242 sequitur
928 3201 1016 3241 quod
1040 3201 1170 3230 eaedem
1194 3207 1286 3231 erunt
1305 3201 1389 3232 diffe-
1415 3214 1416 3220 ¹

325 3242 443 3274 rentiae
466 3243 664 3274 diversorum
686 3254 839 3284 generum
866 3253 897 3276 et
920 3255 986 3275 non
1009 3244 1246 3275 subalternatim
1269 3245 1389 3285 posito-

325 3295 412 3318 rum:
430 3294 539 3318 contra
552 3287 728 3319 doctrinam
743 3289 941 3329 Philosophi,
957 3288 990 3318 in
1005 3289 1388 3328 Antepraedicamentis*.

380 3331 428 3362 Ex
451 3331 546 3362 altera
569 3338 676 3362 autem
699 3339 786 3373 parte
801 3339 848 3364 est
862 3333 937 3374 quia
960 3339 1111 3372 appetens
1135 3342 1172 3362 ex
1187 3332 1232 3363 ira
1248 3333 1390 3364 occidere

326 3374 492 3406 hominem
516 3374 617 3406 differt
639 3376 742 3416 specie
763 3377 802 3408 ab
825 3383 992 3417 appetente
1012 3387 1049 3406 ex
1066 3376 1112 3407 ira
1134 3386 1242 3416 rapere
1265 3384 1389 3408 tantum

325 3419 421 3455 bona,
445 3419 526 3450 sicut
548 3419 709 3451 homicida
731 3431 749 3451 a
769 3427 904 3461 raptore.
929 3421 970 3451 Et
991 3420 1103 3451 eadem
1125 3421 1255 3457 ratione,
1280 3421 1390 3451 volens
1415 3442 1417 3445 .

327 3473 364 3493 ex
386 3463 462 3494 odio
490 3463 683 3494 occisionem
713 3465 861 3501 alicuius,
893 3472 924 3495 et
945 3465 1055 3494 volens
1083 3474 1119 3495 ex
1142 3464 1217 3495 odio
1236 3465 1390 3496 violenter

2427 132 2502 168 283

1443 207 1557 238 auferri
1581 208 1673 238 alicui
1697 209 1796 244 bona,
1821 207 1922 239 differt
1948 208 2030 238 sicut
2058 208 2269 239 homicidium
2300 220 2318 239 a
2341 210 2458 250 rapina.
2482 229 2504 234 -

1443 251 1483 281 Et
1506 251 1720 283 confirmatur.
1744 252 1829 290 Quia
1851 252 1911 282 nisi
1934 252 1978 283 sic
2001 258 2096 288 esset,
2121 252 2233 282 odium
2256 252 2314 283 Dei
2339 261 2369 284 et
2392 255 2504 284 odium

1442 295 1579 335 proximi
1601 303 1704 326 essent
1727 296 1869 327 eiusdem
1891 296 2026 337 speciei:
2051 297 2144 337 quod,
2162 297 2250 327 nefas
2273 303 2319 327 est
2342 297 2452 328 dicere.

1497 339 1535 369 V.
1555 339 1607 369 Ad
1624 340 1686 370 hoc
1703 340 1817 371 dicitur
1834 341 1924 381 quod
1942 340 2054 371 odium
2075 350 2148 371 cum
2167 340 2334 380 dupliciter
2352 349 2504 378 sumatur,

1443 392 1501 423 pro
1524 384 1670 422 passione
1694 384 1946 424 concupiscibilis
1970 391 2000 415 et
2022 394 2081 424 pro
2104 384 2195 421 vitio;
2225 391 2255 415 et
2278 394 2423 424 praesens
2447 386 2504 415 du-

1443 427 1532 457 bium
1547 427 1587 457 sit
1601 428 1641 457 de
1652 428 1730 458 vitio
1747 428 1812 458 odii
1833 429 2010 459 secundum
2025 429 2161 459 morales
2185 428 2317 469 species:
2340 429 2505 459 manifeste

1442 478 1529 511 patet
1543 472 1633 511 quod
1649 471 1760 502 odium
1776 472 1835 503 Dei
1851 479 1881 503 et
1896 472 2033 512 proximi
2047 472 2195 503 differunt
2209 472 2313 513 specie
2329 473 2505 503 secundum

1441 515 1619 554 genericam
1643 515 1848 546 differentiam
1871 516 1990 556 peccati
2013 517 2045 546 in
2069 517 2174 547 Deum
2198 524 2230 547 et
2254 517 2288 546 in
2311 517 2504 556 proximum.

1443 559 1504 590 Sed
1527 559 1566 589 de
1585 559 1661 589 odio
1686 560 1832 600 proximi,
1857 570 1923 600 quo
1944 560 2004 600 ipsi
2027 561 2174 600 proximo
2198 561 2320 591 malum
2342 561 2504 598 volumus,

1443 602 1660 634 difficultatem
1675 603 1749 634 facit
1760 604 1920 634 diversitas
1935 604 2077 635 formalis
2091 605 2252 635 malorum
2265 615 2347 645 quae
2359 605 2505 645 proximo

1442 648 1480 677 ab
1497 647 1624 678 odiente
1643 648 1872 679 desiderantur:
1888 655 1965 688 puta
1980 658 2078 687 mors,
2095 656 2273 689 paupertas,
2287 649 2428 685 infamia,
2445 655 2504 679 etc.

1442 691 1579 731 Oportet
1589 702 1728 732 namque
1740 692 1837 722 trium
1848 692 1968 723 horum
1978 702 2082 723 unum
2093 692 2193 735 fateri,
2206 693 2336 723 scilicet:
2356 693 2406 723 vel
2416 693 2506 734 quod

1442 735 1553 765 odiens
1577 736 1758 766 desiderans
1785 742 1834 766 tot
1857 736 1978 766 diversa
2008 737 2092 767 mala
2115 736 2211 767 unius
2239 743 2364 768 tantum
2389 736 2505 777 speciei

1442 786 1609 819 peccatum
1632 780 1824 816 committat;
1841 781 1862 802 -’
1882 787 1937 810 aut
1959 781 2048 821 quod
2071 781 2184 810 odium
2207 780 2417 820 distinguatur
2436 791 2506 821 spe-

1443 823 1489 853 cie
1505 824 1680 853 secundum
1701 823 1869 854 formalem
1887 824 2099 855 diversitatem
2119 824 2307 855 huiusmodi
2328 825 2504 861 malorum

1441 883 1460 888 -
1484 873 1539 896 aut
1561 868 1650 907 quod
1681 867 1758 898 haec
1781 867 1934 898 desideria
1962 868 2025 898 sint
2053 868 2183 908 quidem
2211 869 2405 899 diversarum
2435 878 2505 909 spe-

1443 910 1580 946 cierum,
1603 911 1659 940 sed
1681 921 1748 941 non
1771 911 1845 946 odii,
1870 912 1925 941 sed
1946 911 2172 951 imperatarum
2196 913 2235 943 ab
2259 913 2352 949 odio;
2377 920 2408 943 et
2429 920 2506 943 tunc

1443 960 1571 993 oportet
1593 954 1656 984 illis
1679 955 1835 994 assignare
1859 955 1978 995 species
2001 966 2084 986 suas.

1498 997 1642 1028 Primum
1665 998 1780 1028 horum
1806 1008 1871 1028 non
1900 1006 2004 1039 potest
2027 999 2182 1030 sustineri.
2222 1000 2305 1037 Quia
2329 1010 2402 1030 cum
2425 1001 2506 1030 velle

1442 1047 1473 1071 et
1488 1041 1588 1072 facere
1604 1042 1723 1082 aliquid
1747 1042 1808 1072 sint
1833 1042 1975 1072 eiusdem
1994 1043 2118 1083 speciei,
2143 1043 2223 1074 sicut
2239 1054 2275 1074 ex
2291 1044 2366 1074 odio
2389 1044 2506 1075 faciens

1442 1085 1585 1125 rapinam
1608 1087 1658 1116 vel
1680 1086 1892 1116 homicidium
1919 1094 2027 1126 peccat
2050 1087 2178 1117 diversis
2202 1088 2378 1127 speciebus,
2403 1089 2445 1118 ita
2470 1099 2506 1118 ex

1442 1130 1518 1159 odio
1543 1130 1721 1160 desiderans
1745 1140 1800 1160 seu
1823 1131 1933 1160 volens
1957 1131 2015 1161 ista
2037 1138 2146 1170 peccat
2169 1132 2344 1162 secundum
2369 1132 2506 1162 diversas

1443 1173 1572 1213 species.
1589 1192 1610 1197 —
1634 1175 1675 1204 Et
1697 1173 1904 1205 confirmatur
1926 1175 1987 1205 hoc
2018 1185 2074 1214 per
2097 1175 2215 1211 simile,
2241 1176 2350 1205 eadem
2373 1176 2504 1212 ratione,

1440 1218 1474 1247 in
1497 1218 1560 1248 irae
1579 1218 1668 1249 vitio.
1698 1218 1834 1250 Constat
1857 1219 1943 1249 enim
1967 1229 2003 1249 ex
2025 1218 2070 1249 ira
2085 1219 2256 1250 vindictam
2279 1220 2441 1250 homicidii
2456 1221 2506 1251 vel

1441 1261 1568 1302 rapinae
1593 1269 1659 1293 tam
1680 1263 1762 1292 velle
1776 1273 1872 1303 quam
1898 1263 1998 1293 facere
2016 1262 2049 1292 in
2066 1263 2211 1294 distincta
2234 1263 2336 1303 specie
2359 1264 2443 1294 mala
2457 1264 2506 1294 in-

1442 1306 1553 1336 cidere.
1577 1306 1618 1337 Et
1633 1306 1776 1337 similiter
1791 1307 1823 1337 in
1839 1306 1915 1338 vitio
1939 1307 2185 1337 maledictionis:
2215 1308 2300 1338 unde
2322 1308 2451 1338 inferius
2472 1308 2506 1338 in
2542 1307 2545 1309 ’

1442 1360 1496 1390 qu.
1513 1360 1614 1386 Lxxvr,
1639 1357 1694 1381 art.
1710 1360 1742 1390 4,
1767 1351 1806 1380 ad
1831 1360 1860 1387 2,
1881 1353 2003 1381 Auctor
2019 1351 2109 1382 dicit:
2134 1351 2170 1381 Si
2191 1352 2246 1382 ille
2266 1352 2322 1392 qui
2346 1353 2507 1383 maledicit

1443 1394 1518 1424 velit
1540 1395 1661 1424 malum
1692 1396 1857 1425 occisionis
1880 1396 2029 1432 alterius,
2059 1395 2216 1426 desiderio
2247 1405 2310 1425 non
2333 1396 2444 1436 differt
2466 1397 2506 1427 ab

1440 1438 1619 1468 homicida:
1641 1438 1750 1478 differt
1774 1444 1880 1469 tamen
1899 1440 2088 1479 inquantum
2113 1444 2204 1470 actus
2227 1441 2369 1470 exterior
2384 1441 2507 1480 aliquid

1441 1482 1551 1512 adiicit
1575 1483 1741 1513 voluntati.

1495 1525 1680 1556 Secundum
1702 1532 1810 1557 autem
1832 1532 1987 1566 repugnat
2011 1526 2172 1557 doctrinae
2192 1527 2340 1557 Auctoris
2363 1527 2507 1567 superius

1441 1569 1474 1599 in
1491 1579 1544 1610 qu.
1560 1579 1641 1606 xxxr,
1658 1576 1714 1600 art.
1730 1579 1762 1609 4,
1779 1570 1819 1600 ad
1839 1580 1868 1606 2,
1886 1570 1963 1600 dum
1987 1570 2063 1600 dicit
2078 1570 2166 1611 quod
2189 1571 2298 1600 omnia
2317 1577 2506 1602 nocumenta

1442 1615 1631 1654 inquantum
1656 1614 1902 1645 considerantur
1923 1614 2096 1644 secundum
2121 1624 2318 1645 communem
2349 1617 2505 1646 rationem

1442 1658 1538 1695 mali,
1564 1658 1764 1689 reducuntur
1786 1658 1830 1688 ad
1851 1658 1976 1689 odium:
2001 1663 2102 1698 prout
2124 1664 2231 1689 autem
2261 1660 2508 1690 considerantur

1441 1702 1616 1733 secundum
1639 1703 1766 1743 aliquas
1788 1703 1941 1742 speciales
1963 1704 2106 1733 rationes
2127 1703 2216 1740 mali,
2241 1703 2284 1733 ad
2306 1704 2414 1743 aliqua
2437 1714 2506 1744 spe-

1440 1747 1537 1777 cialia
1562 1747 1648 1777 vitia.
1686 1747 1734 1776 Ex
1755 1746 1817 1777 hoc
1841 1747 1927 1777 enim
1949 1753 2036 1786 patet
2058 1747 2148 1787 quod
2172 1747 2238 1776 odii
2267 1747 2300 1777 in
2323 1748 2507 1787 proximum

1441 1789 1560 1831 species
1584 1790 1739 1821 unitatem
1761 1790 1856 1821 habet
1879 1801 1916 1821 ex
1937 1790 2007 1830 ipsa
2029 1791 2151 1821 ratione
2174 1791 2266 1827 mali,
2291 1791 2366 1831 quia
2389 1792 2506 1822 scilicet

1440 1835 1510 1865 vult
1532 1834 1654 1864 malum
1677 1834 1838 1874 proximo:
1864 1835 1924 1865 alia
1946 1841 2054 1865 autem
2069 1834 2145 1865 vitia
2165 1834 2315 1875 specialia
2334 1843 2408 1866 sunt
2424 1846 2506 1877 quae

1440 1879 1555 1909 volunt
1577 1878 1722 1919 proximo
1739 1879 1860 1909 malum
1884 1879 1944 1910 tale
1969 1885 2004 1909 ut
2028 1879 2081 1915 sic,
2099 1885 2176 1919 puta
2199 1879 2322 1915 mortis,
2346 1879 2506 1917 infamiae,

1442 1923 1569 1963 rapinae
1593 1929 1624 1953 et
1646 1922 1810 1953 similium.

1499 1967 1646 1998 Tertium
1667 1974 1775 2008 autem
1790 1966 1905 1997 rationi
1927 1973 2179 1997 consentaneum
2195 1974 2254 1997 est:
2276 1973 2313 1997 ut
2329 1967 2447 1998 scilicet
2460 1968 2506 1998 vi-

1440 2010 1523 2042 tium
1535 2010 1603 2041 odii
1617 2011 1751 2051 imperet
1766 2011 1887 2041 actibus
1902 2011 2060 2042 interioris
2074 2010 2219 2041 desiderii
2235 2018 2378 2051 respectu
2394 2012 2506 2042 talium

1441 2055 1612 2092 malorum,
1628 2055 1710 2086 sicut
1724 2056 1859 2095 imperat
1871 2056 2066 2095 quandoque
2079 2062 2166 2086 actus
2179 2055 2346 2086 exteriores
2362 2064 2505 2096 respectu

1442 2099 1618 2130 eorundem
1641 2100 1812 2131 malorum.
1838 2099 1883 2130 Ita
1901 2099 1991 2140 quod
2022 2099 2102 2129 sicut
2124 2099 2238 2140 aliquis
2262 2110 2298 2129 ex
2314 2100 2389 2130 odio
2407 2101 2507 2131 detra-

1440 2143 1488 2174 hit
1509 2143 1561 2174 vel
1583 2143 1830 2174 contumeliatur
1848 2144 1898 2173 vel
1921 2143 2036 2174 occidit
2054 2143 2104 2173 vel
2126 2143 2218 2183 rapit,
2238 2144 2288 2173 vel
2308 2144 2427 2185 aliquid
2446 2145 2505 2175 hu-

1440 2187 1582 2218 iusmodi
1612 2187 1701 2224 facit;
1735 2188 1778 2219 ita
1801 2187 1915 2228 aliquis
1945 2198 1982 2217 ex
2006 2187 2081 2217 odio
2106 2187 2260 2218 desiderat
2292 2189 2428 2227 proximi
2459 2189 2506 2219 in-

1441 2231 1573 2262 famiam
1594 2232 1646 2262 vel
1669 2231 1956 2263 dehonorationem
1979 2232 2029 2261 vel
2052 2239 2190 2262 mortem
2221 2232 2270 2261 vel
2293 2233 2506 2272 perditionem

1442 2276 1614 2312 bonorum,
1631 2283 1690 2307 etc.
1718 2277 1759 2307 Et
1774 2276 1855 2306 sicut
1878 2276 1991 2306 odium
2014 2285 2088 2306 cum
2108 2285 2203 2316 opere
2223 2286 2326 2306 unum
2342 2277 2507 2308 constituit

1442 2327 1609 2360 peccatum
1633 2321 1807 2351 multarum
1831 2319 2085 2356 deformitatum,
2108 2319 2151 2350 ita
2175 2326 2205 2350 et
2228 2320 2340 2350 odium
2361 2331 2434 2351 cum
2451 2322 2505 2352 de-

1441 2363 1558 2404 siderio
1581 2364 1651 2395 talis
1674 2365 1749 2395 mali
1778 2374 1880 2394 unum
1905 2364 2068 2395 constituit
2094 2363 2235 2404 plurium
2267 2364 2507 2396 deformitatum

1441 2414 1619 2448 peccatum.
1637 2426 1655 2431 -
1680 2409 1724 2439 Ut
1746 2409 1824 2438 scias
1848 2415 1955 2438 autem
1978 2408 2134 2448 assignare
2158 2408 2328 2449 unicuique
2351 2409 2506 2440 desiderio

1442 2462 1534 2482 suam
1567 2452 1722 2492 speciem,
1747 2462 1813 2482 non
1837 2452 1957 2492 vageris
1986 2462 2042 2492 per
2065 2449 2164 2482 n6vas
2193 2453 2311 2492 species
2334 2452 2505 2491 vitiorum,

1442 2496 1498 2525 sed
1521 2503 1683 2526 memento
1707 2496 1792 2526 illius
1815 2496 1957 2535 regulae:
1982 2496 2134 2527 Eiusdem
2158 2498 2285 2527 virtutis
2307 2497 2357 2527 vel
2377 2498 2445 2528 vitii
2460 2504 2507 2529 est

1443 2539 1524 2570 velle
1538 2540 1662 2580 aliquid
1677 2545 1708 2570 et
1712 2539 1832 2580 facere
1846 2540 1936 2570 illud.
1965 2540 2007 2570 Et
2021 2541 2100 2570 ratio
2117 2547 2163 2571 est
2178 2540 2254 2580 quia
2269 2547 2356 2570 actus
2373 2542 2507 2572 exterior

1443 2590 1473 2614 et
1488 2583 1618 2614 interior
1635 2590 1779 2623 respectu
1800 2584 1942 2614 eiusdem
1962 2583 2076 2614 obiecti
2095 2594 2161 2614 non
2181 2584 2347 2624 requirunt
2369 2585 2506 2616 diversas

1442 2627 1571 2658 virtutes
1587 2627 1741 2658 aut.vitia.
1766 2628 1806 2658 Et
1821 2634 1989 2668 propterea
2005 2628 2044 2657 ad
2059 2628 2138 2658 illud
2158 2627 2271 2658 vitium
2290 2636 2409 2668 spectat
2424 2630 2505 2660 velle

1443 2678 1579 2702 mortem
1599 2672 1638 2701 ad
1657 2672 1747 2712 quod
1766 2679 1884 2711 spectat
1902 2672 2003 2702 facere
2023 2678 2170 2708 mortem,
2190 2673 2278 2712 quod
2298 2680 2421 2704 constat
2437 2684 2504 2704 esse

1443 2715 1667 2751 homicidium;
1693 2722 1723 2746 et
1746 2715 1888 2746 similiter
1910 2716 1948 2746 ad
1972 2715 2052 2746 illud
2076 2716 2155 2746 velle
2178 2716 2342 2746 infamiam
2360 2718 2399 2747 ad
2416 2719 2505 2758 quod

1442 2766 1561 2799 spectat
1584 2759 1684 2790 facere
1704 2760 1846 2796 eandem,
1869 2760 1958 2800 quod
1981 2767 2104 2790 constat
2127 2770 2194 2790 esse
2209 2760 2450 2798 detractionem;
2474 2769 2505 2792 et

1443 2804 1486 2834 sic
1509 2804 1548 2834 de
1571 2804 1649 2834 aliis.
1689 2804 1730 2834 Et
1752 2804 1838 2834 idem
1861 2811 1908 2835 est
1930 2804 2084 2834 iudicium
2104 2805 2143 2834 de
2167 2804 2327 2835 desideriis
2350 2805 2505 2836 iratorum

1443 2855 1473 2879 et
1497 2847 1737 2878 maledicorum.
1761 2866 1781 2870 -
1808 2848 1849 2878 Et
1871 2858 1908 2878 ex
1930 2847 1979 2878 his
2002 2855 2089 2888 patet
2111 2849 2276 2888 responsio
2307 2849 2347 2878 ad
2370 2849 2503 2881 obiecta.

1497 2892 1550 2923 VI.
1576 2891 1637 2922 Sed
1661 2899 1754 2923 restat
1783 2902 1886 2922 unum
1919 2892 2114 2922 novitiorum
2138 2893 2289 2928 dubium,
2313 2903 2379 2933 quo
2410 2901 2503 2933 pacto

1442 2936 1555 2966 odium
1570 2936 1706 2976 proximi
1722 2943 1768 2966 est
1780 2936 1913 2976 speciale
1925 2935 2049 2973 vitium,
2065 2936 2091 2966 si
2108 2936 2177 2967 eius
2188 2937 2349 2967 obiectum
2365 2944 2411 2968 est
2425 2937 2504 2969 ratio

1442 2980 1517 3010 mali
1533 2980 1680 3019 proximi,
1705 2987 1735 3010 et
1754 2980 1881 3010 nullum
1904 2980 2026 3011 malum
2049 2980 2196 3021 speciale:
2222 2991 2295 3011 cum
2314 2990 2414 3020 genus
2438 2992 2503 3012 non

1442 3024 1482 3055 sit
1500 3031 1622 3065 praeter
1640 3034 1712 3054 suas
1731 3024 1867 3064 species;
1891 3034 1950 3055 nec
1968 3024 2070 3065 possit
2086 3024 2219 3055 inveniri
2241 3025 2354 3055 odium
2369 3026 2504 3066 proximi

1442 3075 1622 3108 separatum
1646 3069 1684 3099 ab
1704 3068 1772 3098 aliis
1793 3068 1885 3104 vitiis,
1902 3068 1978 3109 quia
1992 3068 2187 3110 quicumque
2207 3069 2362 3100 desiderat
2382 3070 2504 3100 malum

1442 3112 1536 3143 alicui
1559 3112 1713 3143 desiderat
1736 3112 1764 3143 ei
1783 3113 1914 3153 aliquod
1936 3113 2068 3144 malum.

1497 3156 1559 3187 Sed
1578 3157 1639 3187 hoc
1659 3156 1748 3187 facile
1767 3157 1900 3187 solvitur
1919 3157 2126 3187 discernendo
2149 3156 2229 3187 inter
2248 3164 2354 3187 actum
2380 3157 2503 3188 animae

1442 3207 1472 3231 et
1488 3201 1644 3232 rationem
1665 3201 1853 3231 obiectivam
1873 3200 1904 3231 in
1922 3197 2097 3232 communi.
2121 3201 2275 3238 Quamvis
2297 3211 2434 3241 namque
2456 3211 2504 3231 re-

1442 3244 1535 3285 periri
1552 3255 1618 3275 non
1634 3245 1735 3285 possit
1750 3244 1783 3274 in
1799 3255 1905 3275 rerum
1926 3252 2037 3276 natura
2058 3245 2136 3275 ratio
2152 3244 2273 3284 generis
2295 3252 2416 3284 praeter
2431 3255 2503 3276 suas

1442 3289 1571 3329 specieS,
1587 3296 1692 3329 potest
1706 3295 1812 3319 tamen
1827 3289 1960 3319 inveniri
1975 3289 2008 3319 in
2023 3299 2129 3319 rerum
2145 3297 2256 3320 natura
2271 3295 2358 3319 actus
2379 3289 2503 3319 animae

1442 3332 1627 3364 terminatus
1640 3333 1679 3363 ad
1690 3333 1846 3364 rationem
1858 3333 1980 3373 generis
1993 3341 2023 3364 et
2034 3343 2098 3363 non
2116 3333 2300 3363 terminatus
2311 3333 2350 3362 ad
2362 3332 2503 3373 aliquam

1443 3377 1595 3417 speciem:
1621 3384 1656 3408 ut
1680 3383 1765 3417 patet
1788 3377 1821 3407 in
1843 3377 2003 3408 intellectu
2029 3387 2102 3407 cum
2125 3376 2308 3416 intelligitur
2331 3376 2447 3407 animal
2470 3377 2503 3407 in

1443 3421 1618 3451 communi.
1657 3421 1697 3451 Et
1727 3421 1868 3452 similiter
1891 3429 1938 3452 est
1967 3421 2000 3451 in
2023 3421 2203 3456 voluntate,
2233 3430 2314 3460 quae
2343 3420 2442 3452 tendit
2470 3421 2502 3451 in

1442 3466 1565 3496 bonum
1588 3465 1638 3495 vel
1661 3465 1783 3495 malum
1806 3465 2016 3496 intellectum:
2042 3471 2146 3506 potest
2166 3464 2321 3505 siquidem
2337 3465 2503 3495 terminare
