<?xml version="1.0" encoding="UTF-8"?>
<!DOCTYPE html PUBLIC "-//W3C//DTD XHTML 1.0 Transitional//EN"
    "http://www.w3.org/TR/xhtml1/DTD/xhtml1-transitional.dtd">
<html xmlns="http://www.w3.org/1999/xhtml" xml:lang="en" lang="en">
 <head>
  <title>
</title>
<meta http-equiv="Content-Type" content="text/html;charset=utf-8" />
  <meta name='ocr-system' content='tesseract 3.04.00' />
  <meta name='ocr-capabilities' content='ocr_page ocr_carea ocr_par ocr_line ocrx_word'/>
</head>
<body>
  <div class='ocr_page' id='page_1' title='image "./operaomniaiussui08thom_0328.png"; bbox 0 0 2892 4056; ppageno 0'>
   <div class='ocr_carea' id='block_1_1' title="bbox 277 1292 292 1308">
    <p class='ocr_par' dir='ltr' id='par_1_1' title="bbox 277 1292 292 1308">
     <span class='ocr_line' id='line_1_1' title="bbox 277 1292 292 1308; baseline 0 0"><span class='ocrx_word' id='word_1_1' title='bbox 277 1292 292 1308; x_wconf 75' lang='grc' dir='ltr'><strong><em>α</em></strong></span> 
     </span>
    </p>
   </div>
   <div class='ocr_carea' id='block_1_2' title="bbox 171 1973 383 2024">
    <p class='ocr_par' dir='ltr' id='par_1_2' title="bbox 171 1973 383 2024">
     <span class='ocr_line' id='line_1_2' title="bbox 172 1973 382 2004; baseline 0.005 -10"><span class='ocrx_word' id='word_1_2' title='bbox 172 1976 181 1984; x_wconf 79' lang='lat'>⁸</span> <span class='ocrx_word' id='word_1_3' title='bbox 198 1973 253 2004; x_wconf 82' lang='lat' dir='ltr'>Cap.</span> <span class='ocrx_word' id='word_1_4' title='bbox 274 1980 332 2000; x_wconf 57' lang='lat' dir='ltr'>xnv,</span> <span class='ocrx_word' id='word_1_5' title='bbox 352 1975 382 1995; x_wconf 84' lang='lat' dir='ltr'>al.</span> 
     </span>
     <span class='ocr_line' id='line_1_3' title="bbox 171 2005 383 2024; baseline 0.009 -3"><span class='ocrx_word' id='word_1_6' title='bbox 171 2006 255 2024; x_wconf 74' lang='lat' dir='ltr'>xv¹1.¹n</span> <span class='ocrx_word' id='word_1_7' title='bbox 265 2005 308 2021; x_wconf 79' lang='lat' dir='ltr'>vet.</span> <span class='ocrx_word' id='word_1_8' title='bbox 318 2007 383 2023; x_wconf 72' lang='lat' dir='ltr'>xxxi.</span> 
     </span>
    </p>
   </div>
   <div class='ocr_carea' id='block_1_3' title="bbox 170 2082 380 2137">
    <p class='ocr_par' dir='ltr' id='par_1_3' title="bbox 170 2082 380 2137">
     <span class='ocr_line' id='line_1_4' title="bbox 171 2082 380 2110; baseline 0 -7"><span class='ocrx_word' id='word_1_9' title='bbox 171 2082 211 2103; x_wconf 71' lang='lat'>⁸1³</span> <span class='ocrx_word' id='word_1_10' title='bbox 224 2082 278 2107; x_wconf 66' lang='lat'>11³2,</span> <span class='ocrx_word' id='word_1_11' title='bbox 293 2086 380 2110; x_wconf 84' lang='lat' dir='ltr'>quaest-</span> 
     </span>
     <span class='ocr_line' id='line_1_5' title="bbox 170 2113 380 2137; baseline 0.005 -8"><span class='ocrx_word' id='word_1_12' title='bbox 170 2115 260 2134; x_wconf 68' lang='lat' dir='ltr'>Lxxxw,</span> <span class='ocrx_word' id='word_1_13' title='bbox 271 2113 312 2130; x_wconf 83' lang='lat' dir='ltr'>art.</span> <span class='ocrx_word' id='word_1_14' title='bbox 327 2115 347 2137; x_wconf 82' lang='lat'>3,</span> <span class='ocrx_word' id='word_1_15' title='bbox 358 2116 380 2135; x_wconf 85' lang='lat'>4.</span> 
     </span>
    </p>
   </div>
   <div class='ocr_carea' id='block_1_4' title="bbox 168 2188 284 2216">
    <p class='ocr_par' dir='ltr' id='par_1_4' title="bbox 168 2188 284 2216">
     <span class='ocr_line' id='line_1_6' title="bbox 168 2188 284 2216; baseline 0 -8"><span class='ocrx_word' id='word_1_16' title='bbox 168 2188 178 2199; x_wconf 59' lang='lat'><em>⁴</em></span> <span class='ocrx_word' id='word_1_17' title='bbox 194 2188 219 2209; x_wconf 79' lang='lat' dir='ltr'>D.</span> <span class='ocrx_word' id='word_1_18' title='bbox 235 2193 284 2216; x_wconf 76' lang='lat'>302.</span> 
     </span>
    </p>
   </div>
   <div class='ocr_carea' id='block_1_5' title="bbox 175 3102 384 3130">
    <p class='ocr_par' dir='ltr' id='par_1_5' title="bbox 175 3102 384 3130">
     <span class='ocr_line' id='line_1_7' title="bbox 175 3102 384 3130; baseline -0.005 -7"><span class='ocrx_word' id='word_1_19' title='bbox 175 3104 184 3112; x_wconf 66' lang='lat'>⁵</span> <span class='ocrx_word' id='word_1_20' title='bbox 193 3102 227 3123; x_wconf 78' lang='lat' dir='ltr'>De</span> <span class='ocrx_word' id='word_1_21' title='bbox 238 3102 307 3128; x_wconf 76' lang='lat' dir='ltr'>Odio,</span> <span class='ocrx_word' id='word_1_22' title='bbox 317 3108 355 3130; x_wconf 85' lang='lat' dir='ltr'>qu.</span> <span class='ocrx_word' id='word_1_23' title='bbox 363 3108 384 3123; x_wconf 73' lang='lat' dir='ltr'>v⁴</span> 
     </span>
    </p>
   </div>
   <div class='ocr_carea' id='block_1_6' title="bbox 434 254 508 289">
    <p class='ocr_par' dir='ltr' id='par_1_6' title="bbox 434 254 508 289">
     <span class='ocr_line' id='line_1_8' title="bbox 434 254 508 289; baseline 0 0"><span class='ocrx_word' id='word_1_24' title='bbox 434 254 508 289; x_wconf 89' lang='lat'>280</span> 
     </span>
    </p>
   </div>
   <div class='ocr_carea' id='block_1_7' title="bbox 424 328 1487 809">
    <p class='ocr_par' dir='ltr' id='par_1_7' title="bbox 426 328 1487 711">
     <span class='ocr_line' id='line_1_9' title="bbox 431 328 1486 370; baseline -0.002 -10"><span class='ocrx_word' id='word_1_25' title='bbox 431 330 576 370; x_wconf 78' lang='lat' dir='ltr'>propriae</span> <span class='ocrx_word' id='word_1_26' title='bbox 599 330 710 361; x_wconf 88' lang='lat' dir='ltr'>mortis</span> <span class='ocrx_word' id='word_1_27' title='bbox 733 330 911 370; x_wconf 78' lang='lat' dir='ltr'>spiritualis.</span> <span class='ocrx_word' id='word_1_28' title='bbox 935 331 1018 360; x_wconf 88' lang='lat' dir='ltr'>Nam</span> <span class='ocrx_word' id='word_1_29' title='bbox 1041 328 1225 359; x_wconf 87' lang='lat' dir='ltr'>huiusmodi</span> <span class='ocrx_word' id='word_1_30' title='bbox 1255 334 1486 359; x_wconf 88' lang='lat' dir='ltr'>nocumentum</span> 
     </span>
     <span class='ocr_line' id='line_1_10' title="bbox 431 371 1486 414; baseline -0.003 -9"><span class='ocrx_word' id='word_1_31' title='bbox 431 384 496 405; x_wconf 90' lang='lat' dir='ltr'>non</span> <span class='ocrx_word' id='word_1_32' title='bbox 520 384 576 414; x_wconf 92' lang='lat' dir='ltr'>per</span> <span class='ocrx_word' id='word_1_33' title='bbox 598 385 630 405; x_wconf 89' lang='lat' dir='ltr'>se</span> <span class='ocrx_word' id='word_1_34' title='bbox 653 374 826 405; x_wconf 88' lang='lat' dir='ltr'>intenditur</span> <span class='ocrx_word' id='word_1_35' title='bbox 849 383 904 413; x_wconf 90' lang='lat' dir='ltr'>per</span> <span class='ocrx_word' id='word_1_36' title='bbox 934 373 1093 402; x_wconf 88' lang='lat' dir='ltr'>odientem</span> <span class='ocrx_word' id='word_1_37' title='bbox 1117 378 1171 402; x_wconf 82' lang='lat' dir='ltr'>aut</span> <span class='ocrx_word' id='word_1_38' title='bbox 1193 371 1406 402; x_wconf 83' lang='lat' dir='ltr'>occidentem:</span> <span class='ocrx_word' id='word_1_39' title='bbox 1431 372 1486 402; x_wconf 91' lang='lat' dir='ltr'>sed</span> 
     </span>
     <span class='ocr_line' id='line_1_11' title="bbox 430 415 1486 459; baseline -0.003 -10"><span class='ocrx_word' id='word_1_40' title='bbox 430 419 551 448; x_wconf 84' lang='lat' dir='ltr'>malum</span> <span class='ocrx_word' id='word_1_41' title='bbox 573 418 657 448; x_wconf 88' lang='lat' dir='ltr'>illius</span> <span class='ocrx_word' id='word_1_42' title='bbox 681 418 736 459; x_wconf 88' lang='lat' dir='ltr'>qui</span> <span class='ocrx_word' id='word_1_43' title='bbox 753 418 826 448; x_wconf 92' lang='lat' dir='ltr'>odio</span> <span class='ocrx_word' id='word_1_44' title='bbox 851 418 982 447; x_wconf 88' lang='lat' dir='ltr'>habetur</span> <span class='ocrx_word' id='word_1_45' title='bbox 997 423 1051 446; x_wconf 86' lang='lat' dir='ltr'>aut</span> <span class='ocrx_word' id='word_1_46' title='bbox 1066 416 1233 452; x_wconf 87' lang='lat' dir='ltr'>occiditur,</span> <span class='ocrx_word' id='word_1_47' title='bbox 1259 415 1323 446; x_wconf 90' lang='lat' dir='ltr'>sive</span> <span class='ocrx_word' id='word_1_48' title='bbox 1339 415 1406 456; x_wconf 91' lang='lat' dir='ltr'>ipse</span> <span class='ocrx_word' id='word_1_49' title='bbox 1422 416 1486 446; x_wconf 85' lang='lat' dir='ltr'>sive</span> 
     </span>
     <span class='ocr_line' id='line_1_12' title="bbox 429 459 1485 502; baseline -0.003 -10"><span class='ocrx_word' id='word_1_50' title='bbox 429 462 508 492; x_wconf 76' lang='lat' dir='ltr'>nlius</span> <span class='ocrx_word' id='word_1_51' title='bbox 532 462 579 498; x_wconf 91' lang='lat' dir='ltr'>sit,</span> <span class='ocrx_word' id='word_1_52' title='bbox 604 472 660 502; x_wconf 90' lang='lat' dir='ltr'>per</span> <span class='ocrx_word' id='word_1_53' title='bbox 683 471 714 492; x_wconf 92' lang='lat' dir='ltr'>se</span> <span class='ocrx_word' id='word_1_54' title='bbox 739 469 768 492; x_wconf 89' lang='lat' dir='ltr'>et</span> <span class='ocrx_word' id='word_1_55' title='bbox 792 461 906 491; x_wconf 85' lang='lat' dir='ltr'>directe</span> <span class='ocrx_word' id='word_1_56' title='bbox 928 460 1100 490; x_wconf 83' lang='lat' dir='ltr'>intenditur</span> <span class='ocrx_word' id='word_1_57' title='bbox 1123 469 1178 499; x_wconf 92' lang='lat' dir='ltr'>per</span> <span class='ocrx_word' id='word_1_58' title='bbox 1201 459 1313 490; x_wconf 88' lang='lat' dir='ltr'>odium</span> <span class='ocrx_word' id='word_1_59' title='bbox 1337 466 1367 490; x_wconf 90' lang='lat' dir='ltr'>et</span> <span class='ocrx_word' id='word_1_60' title='bbox 1381 459 1485 489; x_wconf 89' lang='lat' dir='ltr'>homi-</span> 
     </span>
     <span class='ocr_line' id='line_1_13' title="bbox 429 503 1485 543; baseline -0.003 -7"><span class='ocrx_word' id='word_1_61' title='bbox 429 506 562 542; x_wconf 90' lang='lat' dir='ltr'>cidium;</span> <span class='ocrx_word' id='word_1_62' title='bbox 592 512 700 536; x_wconf 79' lang='lat' dir='ltr'>contra</span> <span class='ocrx_word' id='word_1_63' title='bbox 730 505 821 535; x_wconf 88' lang='lat' dir='ltr'>illum</span> <span class='ocrx_word' id='word_1_64' title='bbox 846 504 930 535; x_wconf 88' lang='lat' dir='ltr'>enim</span> <span class='ocrx_word' id='word_1_65' title='bbox 957 510 1104 543; x_wconf 83' lang='lat' dir='ltr'>peccatur</span> <span class='ocrx_word' id='word_1_66' title='bbox 1131 503 1306 533; x_wconf 91' lang='lat' dir='ltr'>homicidio</span> <span class='ocrx_word' id='word_1_67' title='bbox 1336 503 1387 534; x_wconf 83' lang='lat' dir='ltr'>vel</span> <span class='ocrx_word' id='word_1_68' title='bbox 1410 503 1485 533; x_wconf 91' lang='lat' dir='ltr'>odio</span> 
     </span>
     <span class='ocr_line' id='line_1_14' title="bbox 429 547 1487 589; baseline -0.002 -10"><span class='ocrx_word' id='word_1_69' title='bbox 429 559 483 589; x_wconf 89' lang='lat' dir='ltr'>per</span> <span class='ocrx_word' id='word_1_70' title='bbox 506 559 539 579; x_wconf 87' lang='lat' dir='ltr'>se</span> <span class='ocrx_word' id='word_1_71' title='bbox 562 556 592 579; x_wconf 89' lang='lat' dir='ltr'>et</span> <span class='ocrx_word' id='word_1_72' title='bbox 615 549 739 579; x_wconf 84' lang='lat' dir='ltr'>directe.</span> <span class='ocrx_word' id='word_1_73' title='bbox 763 549 849 578; x_wconf 92' lang='lat' dir='ltr'>Mors</span> <span class='ocrx_word' id='word_1_74' title='bbox 877 554 982 578; x_wconf 86' lang='lat' dir='ltr'>autem</span> <span class='ocrx_word' id='word_1_75' title='bbox 1012 547 1182 587; x_wconf 83' lang='lat' dir='ltr'>spiritualis</span> <span class='ocrx_word' id='word_1_76' title='bbox 1210 547 1338 587; x_wconf 85' lang='lat' dir='ltr'>propria</span> <span class='ocrx_word' id='word_1_77' title='bbox 1366 553 1487 587; x_wconf 86' lang='lat' dir='ltr'>praeter</span> 
     </span>
     <span class='ocr_line' id='line_1_15' title="bbox 427 591 1485 624; baseline -0.003 -1"><span class='ocrx_word' id='word_1_78' title='bbox 427 593 636 624; x_wconf 88' lang='lat' dir='ltr'>intentionem</span> <span class='ocrx_word' id='word_1_79' title='bbox 659 592 841 622; x_wconf 87' lang='lat' dir='ltr'>incurritur:</span> <span class='ocrx_word' id='word_1_80' title='bbox 874 591 982 622; x_wconf 79' lang='lat' dir='ltr'>mallet</span> <span class='ocrx_word' id='word_1_81' title='bbox 1009 591 1094 621; x_wconf 90' lang='lat' dir='ltr'>enim</span> <span class='ocrx_word' id='word_1_82' title='bbox 1118 601 1184 621; x_wconf 91' lang='lat' dir='ltr'>non</span> <span class='ocrx_word' id='word_1_83' title='bbox 1214 591 1372 621; x_wconf 87' lang='lat' dir='ltr'>incurrere</span> <span class='ocrx_word' id='word_1_84' title='bbox 1399 591 1485 620; x_wconf 82' lang='lat' dir='ltr'>illam</span> 
     </span>
     <span class='ocr_line' id='line_1_16' title="bbox 427 634 1485 676; baseline -0.003 -9"><span class='ocrx_word' id='word_1_85' title='bbox 427 637 537 667; x_wconf 92' lang='lat' dir='ltr'>odiens</span> <span class='ocrx_word' id='word_1_86' title='bbox 561 643 615 667; x_wconf 91' lang='lat' dir='ltr'>aut</span> <span class='ocrx_word' id='word_1_87' title='bbox 637 636 792 672; x_wconf 86' lang='lat' dir='ltr'>occidens,</span> <span class='ocrx_word' id='word_1_88' title='bbox 818 636 873 676; x_wconf 90' lang='lat' dir='ltr'>qui</span> <span class='ocrx_word' id='word_1_89' title='bbox 896 642 1001 666; x_wconf 81' lang='lat' dir='ltr'>tamen</span> <span class='ocrx_word' id='word_1_90' title='bbox 1036 635 1150 666; x_wconf 87' lang='lat' dir='ltr'>directe</span> <span class='ocrx_word' id='word_1_91' title='bbox 1173 635 1242 666; x_wconf 88' lang='lat' dir='ltr'>vult</span> <span class='ocrx_word' id='word_1_92' title='bbox 1265 645 1297 665; x_wconf 90' lang='lat' dir='ltr'>se</span> <span class='ocrx_word' id='word_1_93' title='bbox 1321 635 1371 665; x_wconf 88' lang='lat' dir='ltr'>vel</span> <span class='ocrx_word' id='word_1_94' title='bbox 1393 634 1485 665; x_wconf 91' lang='lat' dir='ltr'>illurn</span> 
     </span>
     <span class='ocr_line' id='line_1_17' title="bbox 426 681 577 711; baseline -0.007 0"><span class='ocrx_word' id='word_1_95' title='bbox 426 681 577 711; x_wconf 88' lang='lat' dir='ltr'>occidere.</span> 
     </span>
    </p>

    <p class='ocr_par' dir='ltr' id='par_1_8' title="bbox 424 722 1485 809">
     <span class='ocr_line' id='line_1_18' title="bbox 479 722 1485 764; baseline -0.001 -11"><span class='ocrx_word' id='word_1_96' title='bbox 479 725 529 754; x_wconf 88' lang='lat' dir='ltr'>Ad</span> <span class='ocrx_word' id='word_1_97' title='bbox 560 724 682 753; x_wconf 88' lang='lat' dir='ltr'>obiecta</span> <span class='ocrx_word' id='word_1_98' title='bbox 714 723 826 753; x_wconf 89' lang='lat' dir='ltr'>deinde</span> <span class='ocrx_word' id='word_1_99' title='bbox 858 733 894 752; x_wconf 90' lang='lat' dir='ltr'>ex</span> <span class='ocrx_word' id='word_1_100' title='bbox 924 722 1163 764; x_wconf 68' lang='lat' dir='ltr'>auctoritatibus</span> <span class='ocrx_word' id='word_1_101' title='bbox 1190 722 1410 762; x_wconf 89' lang='lat' dir='ltr'>respondetur.</span> <span class='ocrx_word' id='word_1_102' title='bbox 1444 722 1485 752; x_wconf 92' lang='lat' dir='ltr'>Et</span> 
     </span>
     <span class='ocr_line' id='line_1_19' title="bbox 424 766 1484 809; baseline -0.002 -11"><span class='ocrx_word' id='word_1_103' title='bbox 424 774 581 809; x_wconf 85' lang='lat' dir='ltr'>quantum</span> <span class='ocrx_word' id='word_1_104' title='bbox 617 767 657 797; x_wconf 80' lang='lat' dir='ltr'>ad</span> <span class='ocrx_word' id='word_1_105' title='bbox 687 767 767 797; x_wconf 92' lang='lat' dir='ltr'>illud</span> <span class='ocrx_word' id='word_1_106' title='bbox 797 766 1039 807; x_wconf 84' lang='lat' dir='ltr'>chrysostomi,</span> <span class='ocrx_word' id='word_1_107' title='bbox 1075 773 1210 806; x_wconf 86' lang='lat' dir='ltr'>negatur</span> <span class='ocrx_word' id='word_1_108' title='bbox 1241 766 1344 796; x_wconf 80' lang='lat' dir='ltr'>maior</span> <span class='ocrx_word' id='word_1_109' title='bbox 1377 766 1484 806; x_wconf 88' lang='lat' dir='ltr'>quoad</span> 
     </span>
    </p>
   </div>
   <div class='ocr_carea' id='block_1_8' title="bbox 1088 248 1948 297">
    <p class='ocr_par' dir='ltr' id='par_1_9' title="bbox 1088 248 1948 297">
     <span class='ocr_line' id='line_1_20' title="bbox 1088 248 1948 297; baseline -0.003 -10"><span class='ocrx_word' id='word_1_110' title='bbox 1088 251 1352 297; x_wconf 91' lang='lat' dir='ltr'>QUAESTIO</span> <span class='ocrx_word' id='word_1_111' title='bbox 1382 250 1560 297; x_wconf 83' lang='lat' dir='ltr'>XXXIV,</span> <span class='ocrx_word' id='word_1_112' title='bbox 1589 248 1885 285; x_wconf 91' lang='lat' dir='ltr'>ARTICULUS</span> <span class='ocrx_word' id='word_1_113' title='bbox 1913 249 1948 285; x_wconf 93' lang='lat' dir='ltr'>V</span> 
     </span>
    </p>
   </div>
   <div class='ocr_carea' id='block_1_9' title="bbox 1538 325 2602 762">
    <p class='ocr_par' dir='ltr' id='par_1_10' title="bbox 1539 325 2602 542">
     <span class='ocr_line' id='line_1_21' title="bbox 1540 325 2602 368; baseline 0.001 -11"><span class='ocrx_word' id='word_1_114' title='bbox 1540 326 1814 357; x_wconf 81' lang='lat' dir='ltr'>deordinationem</span> <span class='ocrx_word' id='word_1_115' title='bbox 1841 325 2008 366; x_wconf 83' lang='lat' dir='ltr'>peccantis.</span> <span class='ocrx_word' id='word_1_116' title='bbox 2038 326 2137 363; x_wconf 84' lang='lat' dir='ltr'>Quod</span> <span class='ocrx_word' id='word_1_117' title='bbox 2160 327 2246 357; x_wconf 89' lang='lat' dir='ltr'>enim</span> <span class='ocrx_word' id='word_1_118' title='bbox 2270 327 2373 358; x_wconf 78' lang='lat' dir='ltr'>maius</span> <span class='ocrx_word' id='word_1_119' title='bbox 2397 334 2444 358; x_wconf 90' lang='lat' dir='ltr'>est</span> <span class='ocrx_word' id='word_1_120' title='bbox 2469 328 2502 358; x_wconf 93' lang='lat' dir='ltr'>in</span> <span class='ocrx_word' id='word_1_121' title='bbox 2530 337 2602 368; x_wconf 89' lang='lat' dir='ltr'>pec-</span> 
     </span>
     <span class='ocr_line' id='line_1_22' title="bbox 1540 369 2601 411; baseline 0.001 -10"><span class='ocrx_word' id='word_1_122' title='bbox 1540 377 1620 407; x_wconf 88' lang='lat' dir='ltr'>cato,</span> <span class='ocrx_word' id='word_1_123' title='bbox 1646 380 1711 400; x_wconf 91' lang='lat' dir='ltr'>non</span> <span class='ocrx_word' id='word_1_124' title='bbox 1735 376 1862 410; x_wconf 87' lang='lat' dir='ltr'>oportet</span> <span class='ocrx_word' id='word_1_125' title='bbox 1884 370 1974 410; x_wconf 90' lang='lat' dir='ltr'>quod</span> <span class='ocrx_word' id='word_1_126' title='bbox 1997 369 2037 400; x_wconf 87' lang='lat' dir='ltr'>sit</span> <span class='ocrx_word' id='word_1_127' title='bbox 2059 370 2161 400; x_wconf 82' lang='lat' dir='ltr'>maius</span> <span class='ocrx_word' id='word_1_128' title='bbox 2185 380 2221 401; x_wconf 90' lang='lat' dir='ltr'>ex</span> <span class='ocrx_word' id='word_1_129' title='bbox 2243 378 2331 411; x_wconf 85' lang='lat' dir='ltr'>parte</span> <span class='ocrx_word' id='word_1_130' title='bbox 2353 371 2601 402; x_wconf 82' lang='lat' dir='ltr'>deordinationis</span> 
     </span>
     <span class='ocr_line' id='line_1_23' title="bbox 1540 413 2601 455; baseline 0 -10"><span class='ocrx_word' id='word_1_131' title='bbox 1540 414 1713 455; x_wconf 83' lang='lat' dir='ltr'>peccantis:</span> <span class='ocrx_word' id='word_1_132' title='bbox 1747 420 1852 454; x_wconf 89' lang='lat' dir='ltr'>potest</span> <span class='ocrx_word' id='word_1_133' title='bbox 1880 413 1966 443; x_wconf 90' lang='lat' dir='ltr'>enim</span> <span class='ocrx_word' id='word_1_134' title='bbox 1994 413 2096 444; x_wconf 84' lang='lat' dir='ltr'>maius</span> <span class='ocrx_word' id='word_1_135' title='bbox 2124 423 2191 444; x_wconf 87' lang='lat' dir='ltr'>esse</span> <span class='ocrx_word' id='word_1_136' title='bbox 2226 414 2260 445; x_wconf 85' lang='lat' dir='ltr'>in</span> <span class='ocrx_word' id='word_1_137' title='bbox 2293 422 2423 455; x_wconf 88' lang='lat' dir='ltr'>peccato</span> <span class='ocrx_word' id='word_1_138' title='bbox 2455 415 2601 452; x_wconf 80' lang='lat' dir='ltr'>aliunde,</span> 
     </span>
     <span class='ocr_line' id='line_1_24' title="bbox 1540 456 2602 494; baseline 0.001 -6"><span class='ocrx_word' id='word_1_139' title='bbox 1540 458 1656 488; x_wconf 88' lang='lat' dir='ltr'>scilicet</span> <span class='ocrx_word' id='word_1_140' title='bbox 1679 468 1715 488; x_wconf 83' lang='lat' dir='ltr'>ex</span> <span class='ocrx_word' id='word_1_141' title='bbox 1738 465 1945 494; x_wconf 87' lang='lat' dir='ltr'>nocumento,</span> <span class='ocrx_word' id='word_1_142' title='bbox 1975 464 2011 488; x_wconf 92' lang='lat' dir='ltr'>ut</span> <span class='ocrx_word' id='word_1_143' title='bbox 2033 457 2067 487; x_wconf 89' lang='lat' dir='ltr'>in</span> <span class='ocrx_word' id='word_1_144' title='bbox 2088 456 2192 488; x_wconf 80' lang='lat' dir='ltr'>littera</span> <span class='ocrx_word' id='word_1_145' title='bbox 2218 458 2342 490; x_wconf 88' lang='lat' dir='ltr'>dicitur.</span> <span class='ocrx_word' id='word_1_146' title='bbox 2372 459 2415 490; x_wconf 92' lang='lat' dir='ltr'>Et</span> <span class='ocrx_word' id='word_1_147' title='bbox 2444 459 2488 490; x_wconf 84' lang='lat' dir='ltr'>sic</span> <span class='ocrx_word' id='word_1_148' title='bbox 2509 459 2602 490; x_wconf 87' lang='lat' dir='ltr'>intel-</span> 
     </span>
     <span class='ocr_line' id='line_1_25' title="bbox 1539 501 1896 542; baseline 0 -10"><span class='ocrx_word' id='word_1_149' title='bbox 1539 502 1613 533; x_wconf 85' lang='lat' dir='ltr'>lexit</span> <span class='ocrx_word' id='word_1_150' title='bbox 1636 501 1896 542; x_wconf 87' lang='lat' dir='ltr'>Chrysostomus.</span> 
     </span>
    </p>

    <p class='ocr_par' dir='ltr' id='par_1_11' title="bbox 1538 545 2602 762">
     <span class='ocr_line' id='line_1_26' title="bbox 1594 545 2602 586; baseline 0 -10"><span class='ocrx_word' id='word_1_151' title='bbox 1594 546 1645 576; x_wconf 91' lang='lat' dir='ltr'>Ad</span> <span class='ocrx_word' id='word_1_152' title='bbox 1660 546 1740 576; x_wconf 89' lang='lat' dir='ltr'>illud</span> <span class='ocrx_word' id='word_1_153' title='bbox 1757 555 1793 576; x_wconf 83' lang='lat' dir='ltr'>ex</span> <span class='ocrx_word' id='word_1_154' title='bbox 1808 545 1988 585; x_wconf 82' lang='lat' dir='ltr'>Augustino</span> <span class='ocrx_word' id='word_1_155' title='bbox 2010 546 2075 575; x_wconf 85' lang='lat' dir='ltr'>iarn</span> <span class='ocrx_word' id='word_1_156' title='bbox 2090 555 2281 585; x_wconf 86' lang='lat' dir='ltr'>responsum</span> <span class='ocrx_word' id='word_1_157' title='bbox 2296 552 2356 577; x_wconf 88' lang='lat' dir='ltr'>est:</span> <span class='ocrx_word' id='word_1_158' title='bbox 2382 546 2499 577; x_wconf 84' lang='lat' dir='ltr'>scilicet</span> <span class='ocrx_word' id='word_1_159' title='bbox 2514 546 2602 586; x_wconf 88' lang='lat' dir='ltr'>quod</span> 
     </span>
     <span class='ocr_line' id='line_1_27' title="bbox 1539 590 2602 630; baseline 0.001 -11"><span class='ocrx_word' id='word_1_160' title='bbox 1539 590 1672 629; x_wconf 78' lang='lat' dir='ltr'>gravitas</span> <span class='ocrx_word' id='word_1_161' title='bbox 1695 596 1899 629; x_wconf 85' lang='lat' dir='ltr'>peccatorum</span> <span class='ocrx_word' id='word_1_162' title='bbox 1921 590 2029 630; x_wconf 82' lang='lat' dir='ltr'>quoad</span> <span class='ocrx_word' id='word_1_163' title='bbox 2051 596 2284 620; x_wconf 87' lang='lat' dir='ltr'>nocumentum</span> <span class='ocrx_word' id='word_1_164' title='bbox 2306 591 2477 621; x_wconf 79' lang='lat' dir='ltr'>attenditur</span> <span class='ocrx_word' id='word_1_165' title='bbox 2505 599 2602 630; x_wconf 82' lang='lat' dir='ltr'>penes</span> 
     </span>
     <span class='ocr_line' id='line_1_28' title="bbox 1539 634 2602 675; baseline 0.001 -12"><span class='ocrx_word' id='word_1_166' title='bbox 1539 640 1771 664; x_wconf 87' lang='lat' dir='ltr'>nocumentum</span> <span class='ocrx_word' id='word_1_167' title='bbox 1793 643 1850 675; x_wconf 82' lang='lat' dir='ltr'>per</span> <span class='ocrx_word' id='word_1_168' title='bbox 1863 644 1896 664; x_wconf 89' lang='lat' dir='ltr'>se</span> <span class='ocrx_word' id='word_1_169' title='bbox 1911 634 2071 665; x_wconf 88' lang='lat' dir='ltr'>intentum</span> <span class='ocrx_word' id='word_1_170' title='bbox 2080 642 2088 670; x_wconf 89' lang='lat'>;</span> <span class='ocrx_word' id='word_1_171' title='bbox 2112 639 2144 664; x_wconf 89' lang='lat' dir='ltr'>et</span> <span class='ocrx_word' id='word_1_172' title='bbox 2161 643 2228 664; x_wconf 90' lang='lat' dir='ltr'>non</span> <span class='ocrx_word' id='word_1_173' title='bbox 2243 643 2340 674; x_wconf 88' lang='lat' dir='ltr'>penes</span> <span class='ocrx_word' id='word_1_174' title='bbox 2354 634 2389 664; x_wconf 91' lang='lat' dir='ltr'>id</span> <span class='ocrx_word' id='word_1_175' title='bbox 2403 634 2493 675; x_wconf 91' lang='lat' dir='ltr'>quod</span> <span class='ocrx_word' id='word_1_176' title='bbox 2511 643 2602 674; x_wconf 80' lang='lat' dir='ltr'>prae-</span> 
     </span>
     <span class='ocr_line' id='line_1_29' title="bbox 1538 677 2601 718; baseline 0 -10"><span class='ocrx_word' id='word_1_177' title='bbox 1538 684 1586 708; x_wconf 91' lang='lat' dir='ltr'>ter</span> <span class='ocrx_word' id='word_1_178' title='bbox 1614 677 1825 708; x_wconf 89' lang='lat' dir='ltr'>intentionem</span> <span class='ocrx_word' id='word_1_179' title='bbox 1854 678 2025 718; x_wconf 50' lang='lat' dir='ltr'>peccantis&gt;</span> <span class='ocrx_word' id='word_1_180' title='bbox 2041 678 2219 709; x_wconf 88' lang='lat' dir='ltr'>intervenit.</span> <span class='ocrx_word' id='word_1_181' title='bbox 2253 679 2400 717; x_wconf 84' lang='lat' dir='ltr'>Arguens</span> <span class='ocrx_word' id='word_1_182' title='bbox 2430 685 2540 709; x_wconf 76' lang='lat' dir='ltr'>autem</span> <span class='ocrx_word' id='word_1_183' title='bbox 2563 678 2601 708; x_wconf 92' lang='lat' dir='ltr'>de</span> 
     </span>
     <span class='ocr_line' id='line_1_30' title="bbox 1539 722 2601 762; baseline -0.001 -9"><span class='ocrx_word' id='word_1_184' title='bbox 1539 722 1593 753; x_wconf 86' lang='lat' dir='ltr'>tali</span> <span class='ocrx_word' id='word_1_185' title='bbox 1617 732 1673 762; x_wconf 93' lang='lat' dir='ltr'>per</span> <span class='ocrx_word' id='word_1_186' title='bbox 1695 722 1839 753; x_wconf 80' lang='lat' dir='ltr'>accidens</span> <span class='ocrx_word' id='word_1_187' title='bbox 1861 729 2057 754; x_wconf 90' lang='lat' dir='ltr'>nocumento</span> <span class='ocrx_word' id='word_1_188' title='bbox 2080 722 2234 762; x_wconf 86' lang='lat' dir='ltr'>loquitur,</span> <span class='ocrx_word' id='word_1_189' title='bbox 2249 722 2339 762; x_wconf 90' lang='lat' dir='ltr'>quod</span> <span class='ocrx_word' id='word_1_190' title='bbox 2361 728 2408 753; x_wconf 86' lang='lat' dir='ltr'>est</span> <span class='ocrx_word' id='word_1_191' title='bbox 2429 731 2601 753; x_wconf 85' lang='lat' dir='ltr'>commune</span> 
     </span>
    </p>
   </div>
   <div class='ocr_carea' id='block_1_10' title="bbox 1509 748 1942 806">
    <p class='ocr_par' dir='ltr' id='par_1_12' title="bbox 1509 748 1942 806">
     <span class='ocr_line' id='line_1_31' title="bbox 1509 748 1942 806; baseline 0.002 -10"><span class='ocrx_word' id='word_1_192' title='bbox 1509 748 1512 801; x_wconf 84' lang='grc' dir='ltr'>Ι</span> <span class='ocrx_word' id='word_1_193' title='bbox 1538 766 1629 796; x_wconf 91' lang='lat' dir='ltr'>omni</span> <span class='ocrx_word' id='word_1_194' title='bbox 1651 773 1782 806; x_wconf 80' lang='lat' dir='ltr'>peccato</span> <span class='ocrx_word' id='word_1_195' title='bbox 1805 767 1942 797; x_wconf 80' lang='lat' dir='ltr'>mortali.</span> 
     </span>
    </p>
   </div>
   <div class='ocr_carea' id='block_1_11' title="bbox 1096 901 1926 1024">
    <p class='ocr_par' dir='ltr' id='par_1_13' title="bbox 1096 901 1926 1024">
     <span class='ocr_line' id='line_1_32' title="bbox 1206 901 1813 953; baseline 0.002 -11"><span class='ocrx_word' id='word_1_196' title='bbox 1206 901 1525 943; x_wconf 90' lang='lat' dir='ltr'>ARTICULUS</span> <span class='ocrx_word' id='word_1_197' title='bbox 1556 901 1813 953; x_wconf 84' lang='lat' dir='ltr'><strong>QUINTUS</strong></span> 
     </span>
     <span class='ocr_line' id='line_1_33' title="bbox 1096 992 1926 1024; baseline 0.001 -1"><span class='ocrx_word' id='word_1_198' title='bbox 1096 992 1253 1023; x_wconf 86' lang='lat' dir='ltr'><strong>UTRUM</strong></span> <span class='ocrx_word' id='word_1_199' title='bbox 1277 992 1419 1024; x_wconf 79' lang='lat' dir='ltr'><strong>ODIUM</strong></span> <span class='ocrx_word' id='word_1_200' title='bbox 1442 993 1509 1024; x_wconf 58' lang='lat' dir='ltr'>sn*</span> <span class='ocrx_word' id='word_1_201' title='bbox 1532 993 1688 1024; x_wconf 88' lang='lat' dir='ltr'>V1T1UM</span> <span class='ocrx_word' id='word_1_202' title='bbox 1712 993 1926 1024; x_wconf 82' lang='lat' dir='ltr'>CAPITALE</span> 
     </span>
    </p>
   </div>
   <div class='ocr_carea' id='block_1_12' title="bbox 435 1087 586 1270">
    <p class='ocr_par' dir='ltr' id='par_1_14' title="bbox 435 1087 586 1270">
     <span class='ocr_line' id='line_1_34' title="bbox 435 1087 548 1251; baseline 0 -31"><span class='ocrx_word' id='word_1_203' title='bbox 435 1087 548 1251; x_wconf 95' lang='lat' dir='ltr'>     </span> 
     </span>
     <span class='ocr_line' id='line_1_35' title="bbox 435 1251 586 1270; baseline 0 2786"><span class='ocrx_word' id='word_1_204' title='bbox 435 1251 586 1270; x_wconf 95' lang='lat' dir='ltr'> </span> 
     </span>
    </p>
   </div>
   <div class='ocr_carea' id='block_1_13' title="bbox 406 1072 1481 2602">
    <p class='ocr_par' dir='ltr' id='par_1_15' title="bbox 435 1072 1481 1231">
     <span class='ocr_line' id='line_1_36' title="bbox 446 1072 1480 1135; baseline 0 -26"><span class='ocrx_word' id='word_1_205' title='bbox 446 1084 513 1128; x_wconf 49' lang='lat' dir='ltr'>Reii*</span> <span class='ocrx_word' id='word_1_206' title='bbox 534 1088 606 1135; x_wconf 38' lang='grc' dir='ltr'>μᾷ(</span> <span class='ocrx_word' id='word_1_207' title='bbox 629 1083 651 1108; x_wconf 87' lang='lat' dir='ltr'>D</span> <span class='ocrx_word' id='word_1_208' title='bbox 672 1083 832 1113; x_wconf 84' lang='lat' dir='ltr'>QU1NTUM</span> <span class='ocrx_word' id='word_1_209' title='bbox 856 1083 909 1108; x_wconf 81' lang='lat' dir='ltr'>Slc</span> <span class='ocrx_word' id='word_1_210' title='bbox 929 1083 1167 1109; x_wconf 79' lang='lat' dir='ltr'>PROCEDITUR.</span> <span class='ocrx_word' id='word_1_211' title='bbox 1196 1072 1356 1109; x_wconf 91' lang='lat' dir='ltr'>Videtur</span> <span class='ocrx_word' id='word_1_212' title='bbox 1375 1072 1480 1122; x_wconf 91' lang='lat' dir='ltr'>quod</span> 
     </span>
     <span class='ocr_line' id='line_1_37' title="bbox 445 1112 1480 1184; baseline 0.002 -24"><span class='ocrx_word' id='word_1_213' title='bbox 445 1112 605 1184; x_wconf 45' lang='lat' dir='ltr'>³9⁸thss</span> <span class='ocrx_word' id='word_1_214' title='bbox 629 1124 761 1161; x_wconf 89' lang='lat' dir='ltr'>odium</span> <span class='ocrx_word' id='word_1_215' title='bbox 782 1124 828 1161; x_wconf 91' lang='lat' dir='ltr'>sit</span> <span class='ocrx_word' id='word_1_216' title='bbox 844 1124 978 1161; x_wconf 90' lang='lat' dir='ltr'>vitium</span> <span class='ocrx_word' id='word_1_217' title='bbox 1008 1125 1177 1174; x_wconf 88' lang='lat' dir='ltr'>capitale.</span> <span class='ocrx_word' id='word_1_218' title='bbox 1208 1125 1353 1162; x_wconf 83' lang='lat' dir='ltr'>Odium</span> <span class='ocrx_word' id='word_1_219' title='bbox 1379 1125 1480 1162; x_wconf 92' lang='lat' dir='ltr'>enirn</span> 
     </span>
     <span class='ocr_line' id='line_1_38' title="bbox 435 1174 1481 1231; baseline 0.002 -18"><span class='ocrx_word' id='word_1_220' title='bbox 435 1176 554 1231; x_wconf 45' lang='lat'>&#39;4535</span> <span class='ocrx_word' id='word_1_221' title='bbox 574 1174 768 1214; x_wconf 88' lang='lat' dir='ltr'>directe</span> <span class='ocrx_word' id='word_1_222' title='bbox 800 1177 1005 1226; x_wconf 91' lang='lat' dir='ltr'>opponitur</span> <span class='ocrx_word' id='word_1_223' title='bbox 1042 1177 1196 1215; x_wconf 88' lang='lat' dir='ltr'>caritati.</span> <span class='ocrx_word' id='word_1_224' title='bbox 1234 1178 1311 1215; x_wconf 88' lang='lat' dir='ltr'>Sed</span> <span class='ocrx_word' id='word_1_225' title='bbox 1349 1178 1481 1215; x_wconf 88' lang='lat' dir='ltr'>caritas</span> 
     </span>
    </p>

    <p class='ocr_par' dir='ltr' id='par_1_16' title="bbox 414 1202 1481 1384">
     <span class='ocr_line' id='line_1_39' title="bbox 470 1202 1481 1279; baseline 0.001 -13"><span class='ocrx_word' id='word_1_226' title='bbox 470 1202 569 1261; x_wconf 40' lang='lat' dir='ltr'>&amp;Qu</span> <span class='ocrx_word' id='word_1_227' title='bbox 586 1222 684 1266; x_wconf 43' lang='lat' dir='ltr'>&amp;est</span> <span class='ocrx_word' id='word_1_228' title='bbox 718 1229 1034 1279; x_wconf 85' lang='lat' dir='ltr'>principalissima</span> <span class='ocrx_word' id='word_1_229' title='bbox 1067 1230 1250 1267; x_wconf 90' lang='lat' dir='ltr'>virtutum</span> <span class='ocrx_word' id='word_1_230' title='bbox 1289 1238 1325 1267; x_wconf 90' lang='lat' dir='ltr'>et</span> <span class='ocrx_word' id='word_1_231' title='bbox 1360 1239 1481 1268; x_wconf 90' lang='lat' dir='ltr'>mater</span> 
     </span>
     <span class='ocr_line' id='line_1_40' title="bbox 417 1280 1480 1332; baseline 0.004 -16"><span class='ocrx_word' id='word_1_232' title='bbox 417 1280 586 1319; x_wconf 88' lang='lat' dir='ltr'>aliarum.</span> <span class='ocrx_word' id='word_1_233' title='bbox 617 1283 719 1330; x_wconf 87' lang='lat' dir='ltr'>Ergo</span> <span class='ocrx_word' id='word_1_234' title='bbox 740 1283 872 1320; x_wconf 89' lang='lat' dir='ltr'>odium</span> <span class='ocrx_word' id='word_1_235' title='bbox 903 1291 958 1320; x_wconf 90' lang='lat' dir='ltr'>est</span> <span class='ocrx_word' id='word_1_236' title='bbox 984 1283 1152 1320; x_wconf 86' lang='lat' dir='ltr'>maxime</span> <span class='ocrx_word' id='word_1_237' title='bbox 1173 1289 1189 1304; x_wconf 83' lang='lat'>‘²</span> <span class='ocrx_word' id='word_1_238' title='bbox 1217 1283 1350 1320; x_wconf 90' lang='lat' dir='ltr'>vitium</span> <span class='ocrx_word' id='word_1_239' title='bbox 1380 1284 1480 1332; x_wconf 87' lang='lat' dir='ltr'>capi—</span> 
     </span>
     <span class='ocr_line' id='line_1_41' title="bbox 414 1334 1225 1384; baseline 0.004 -15"><span class='ocrx_word' id='word_1_240' title='bbox 414 1334 499 1380; x_wconf 74' lang='lat' dir='ltr'>tale,</span> <span class='ocrx_word' id='word_1_241' title='bbox 529 1342 567 1370; x_wconf 92' lang='lat' dir='ltr'>et</span> <span class='ocrx_word' id='word_1_242' title='bbox 591 1335 819 1384; x_wconf 91' lang='lat' dir='ltr'>principium</span> <span class='ocrx_word' id='word_1_243' title='bbox 849 1336 1024 1372; x_wconf 89' lang='lat' dir='ltr'>omnium</span> <span class='ocrx_word' id='word_1_244' title='bbox 1052 1336 1225 1372; x_wconf 88' lang='lat' dir='ltr'>aliorum.</span> 
     </span>
    </p>

    <p class='ocr_par' dir='ltr' id='par_1_17' title="bbox 413 1387 1480 1756">
     <span class='ocr_line' id='line_1_42' title="bbox 468 1387 1480 1437; baseline 0.003 -15"><span class='ocrx_word' id='word_1_245' title='bbox 468 1397 503 1423; x_wconf 89' lang='lat'>2.</span> <span class='ocrx_word' id='word_1_246' title='bbox 524 1387 757 1435; x_wconf 60' lang='grc' dir='ltr'>ΡΒΑΕΤΕΒΕΑ,</span> <span class='ocrx_word' id='word_1_247' title='bbox 777 1396 934 1437; x_wconf 86' lang='lat' dir='ltr'>peccata</span> <span class='ocrx_word' id='word_1_248' title='bbox 957 1388 1129 1426; x_wconf 90' lang='lat' dir='ltr'>oriuntur</span> <span class='ocrx_word' id='word_1_249' title='bbox 1152 1388 1190 1425; x_wconf 90' lang='lat' dir='ltr'>in</span> <span class='ocrx_word' id='word_1_250' title='bbox 1210 1388 1321 1425; x_wconf 92' lang='lat' dir='ltr'>nobis</span> <span class='ocrx_word' id='word_1_251' title='bbox 1346 1400 1480 1425; x_wconf 89' lang='lat' dir='ltr'>secun-</span> 
     </span>
     <span class='ocr_line' id='line_1_43' title="bbox 415 1438 1478 1490; baseline 0.003 -15"><span class='ocrx_word' id='word_1_252' title='bbox 415 1438 506 1475; x_wconf 88' lang='lat' dir='ltr'>dum</span> <span class='ocrx_word' id='word_1_253' title='bbox 535 1439 818 1478; x_wconf 90' lang='lat' dir='ltr'>inclinationem</span> <span class='ocrx_word' id='word_1_254' title='bbox 854 1441 1100 1490; x_wconf 85' lang='lat' dir='ltr'>passionum:</span> <span class='ocrx_word' id='word_1_255' title='bbox 1139 1441 1352 1478; x_wconf 89' lang='lat' dir='ltr'>secundum</span> <span class='ocrx_word' id='word_1_256' title='bbox 1387 1442 1478 1479; x_wconf 91' lang='lat' dir='ltr'>illud</span> 
     </span>
     <span class='ocr_line' id='line_1_44' title="bbox 413 1491 1479 1544; baseline 0.004 -16"><span class='ocrx_word' id='word_1_257' title='bbox 413 1491 464 1528; x_wconf 88' lang='lat' dir='ltr'>ad</span> <span class='ocrx_word' id='word_1_258' title='bbox 479 1492 592 1530; x_wconf 88' lang='lat' dir='ltr'>Rom.</span> <span class='ocrx_word' id='word_1_259' title='bbox 612 1493 710 1531; x_wconf 71' lang='lat' dir='ltr'>vt1*:</span> <span class='ocrx_word' id='word_1_260' title='bbox 738 1494 934 1532; x_wconf 81' lang='lat' dir='ltr'>Passiones</span> <span class='ocrx_word' id='word_1_261' title='bbox 951 1500 1196 1544; x_wconf 84' lang='lat' dir='ltr'>peccatorum</span> <span class='ocrx_word' id='word_1_262' title='bbox 1223 1495 1479 1544; x_wconf 84' lang='lat' dir='ltr'>operabantur</span> 
     </span>
     <span class='ocr_line' id='line_1_45' title="bbox 413 1545 1478 1596; baseline 0.004 -15"><span class='ocrx_word' id='word_1_263' title='bbox 413 1545 450 1581; x_wconf 88' lang='lat' dir='ltr'>in</span> <span class='ocrx_word' id='word_1_264' title='bbox 479 1547 655 1584; x_wconf 85' lang='lat' dir='ltr'>membris</span> <span class='ocrx_word' id='word_1_265' title='bbox 683 1548 829 1594; x_wconf 82' lang='lat' dir='ltr'>nostris,</span> <span class='ocrx_word' id='word_1_266' title='bbox 859 1554 900 1584; x_wconf 85' lang='lat' dir='ltr'>ut</span> <span class='ocrx_word' id='word_1_267' title='bbox 917 1548 1202 1596; x_wconf 78' lang='lat' dir='ltr'>sructzficarent</span> <span class='ocrx_word' id='word_1_268' title='bbox 1228 1548 1351 1585; x_wconf 85' lang='lat' dir='ltr'>morti.</span> <span class='ocrx_word' id='word_1_269' title='bbox 1399 1549 1478 1586; x_wconf 90' lang='lat' dir='ltr'>Sed</span> 
     </span>
     <span class='ocr_line' id='line_1_46' title="bbox 413 1597 1478 1646; baseline 0.004 -12"><span class='ocrx_word' id='word_1_270' title='bbox 413 1597 451 1634; x_wconf 91' lang='lat' dir='ltr'>in</span> <span class='ocrx_word' id='word_1_271' title='bbox 469 1599 710 1646; x_wconf 79' lang='lat' dir='ltr'>passionibus</span> <span class='ocrx_word' id='word_1_272' title='bbox 734 1600 884 1637; x_wconf 90' lang='lat' dir='ltr'>animae</span> <span class='ocrx_word' id='word_1_273' title='bbox 909 1612 954 1637; x_wconf 88' lang='lat' dir='ltr'>ex</span> <span class='ocrx_word' id='word_1_274' title='bbox 977 1612 1110 1638; x_wconf 89' lang='lat' dir='ltr'>amore</span> <span class='ocrx_word' id='word_1_275' title='bbox 1135 1608 1172 1638; x_wconf 90' lang='lat' dir='ltr'>et</span> <span class='ocrx_word' id='word_1_276' title='bbox 1190 1601 1282 1638; x_wconf 92' lang='lat' dir='ltr'>odio</span> <span class='ocrx_word' id='word_1_277' title='bbox 1301 1601 1478 1638; x_wconf 88' lang='lat' dir='ltr'>videntur</span> 
     </span>
     <span class='ocr_line' id='line_1_47' title="bbox 413 1653 1475 1703; baseline 0.005 -16"><span class='ocrx_word' id='word_1_278' title='bbox 413 1662 547 1688; x_wconf 90' lang='lat' dir='ltr'>omnes</span> <span class='ocrx_word' id='word_1_279' title='bbox 566 1653 659 1689; x_wconf 87' lang='lat' dir='ltr'>aliae</span> <span class='ocrx_word' id='word_1_280' title='bbox 680 1654 799 1702; x_wconf 79' lang='lat' dir='ltr'>sequi,</span> <span class='ocrx_word' id='word_1_281' title='bbox 819 1661 860 1690; x_wconf 91' lang='lat' dir='ltr'>ut</span> <span class='ocrx_word' id='word_1_282' title='bbox 879 1665 925 1690; x_wconf 88' lang='lat' dir='ltr'>ex</span> <span class='ocrx_word' id='word_1_283' title='bbox 944 1654 1166 1703; x_wconf 88' lang='lat' dir='ltr'>supradictis</span> <span class='ocrx_word' id='word_1_284' title='bbox 1185 1653 1205 1676; x_wconf 64' lang='lat'>*⁸</span> <span class='ocrx_word' id='word_1_285' title='bbox 1228 1662 1343 1702; x_wconf 86' lang='lat' dir='ltr'>patet.</span> <span class='ocrx_word' id='word_1_286' title='bbox 1373 1654 1475 1703; x_wconf 88' lang='lat' dir='ltr'>Ergo</span> 
     </span>
     <span class='ocr_line' id='line_1_48' title="bbox 413 1702 1257 1756; baseline 0.005 -16"><span class='ocrx_word' id='word_1_287' title='bbox 413 1702 543 1742; x_wconf 91' lang='lat' dir='ltr'>odium</span> <span class='ocrx_word' id='word_1_288' title='bbox 573 1705 686 1743; x_wconf 91' lang='lat' dir='ltr'>debet</span> <span class='ocrx_word' id='word_1_289' title='bbox 712 1706 805 1755; x_wconf 91' lang='lat' dir='ltr'>poni</span> <span class='ocrx_word' id='word_1_290' title='bbox 832 1706 928 1744; x_wconf 91' lang='lat' dir='ltr'>inter</span> <span class='ocrx_word' id='word_1_291' title='bbox 954 1706 1046 1744; x_wconf 89' lang='lat' dir='ltr'>vitia</span> <span class='ocrx_word' id='word_1_292' title='bbox 1075 1706 1257 1756; x_wconf 88' lang='lat' dir='ltr'>capitalia.</span> 
     </span>
    </p>

    <p class='ocr_par' dir='ltr' id='par_1_18' title="bbox 410 1757 1476 1964">
     <span class='ocr_line' id='line_1_49' title="bbox 465 1757 1474 1806; baseline 0.004 -12"><span class='ocrx_word' id='word_1_293' title='bbox 465 1757 500 1794; x_wconf 87' lang='lat'>3.</span> <span class='ocrx_word' id='word_1_294' title='bbox 531 1759 763 1806; x_wconf 78' lang='lat' dir='ltr'>PRAETEREA‚</span> <span class='ocrx_word' id='word_1_295' title='bbox 791 1759 927 1798; x_wconf 88' lang='lat' dir='ltr'>vitium</span> <span class='ocrx_word' id='word_1_296' title='bbox 955 1767 1011 1797; x_wconf 89' lang='lat' dir='ltr'>est</span> <span class='ocrx_word' id='word_1_297' title='bbox 1029 1761 1176 1797; x_wconf 87' lang='lat' dir='ltr'>malum</span> <span class='ocrx_word' id='word_1_298' title='bbox 1204 1760 1361 1797; x_wconf 89' lang='lat' dir='ltr'>morale.</span> <span class='ocrx_word' id='word_1_299' title='bbox 1397 1761 1474 1798; x_wconf 90' lang='lat' dir='ltr'>Sed</span> 
     </span>
     <span class='ocr_line' id='line_1_50' title="bbox 411 1809 1476 1862; baseline 0.004 -16"><span class='ocrx_word' id='word_1_300' title='bbox 411 1809 544 1847; x_wconf 90' lang='lat' dir='ltr'>odium</span> <span class='ocrx_word' id='word_1_301' title='bbox 563 1812 806 1861; x_wconf 88' lang='lat' dir='ltr'>principalius</span> <span class='ocrx_word' id='word_1_302' title='bbox 830 1812 981 1861; x_wconf 90' lang='lat' dir='ltr'>respicit</span> <span class='ocrx_word' id='word_1_303' title='bbox 997 1814 1142 1849; x_wconf 89' lang='lat' dir='ltr'>malum</span> <span class='ocrx_word' id='word_1_304' title='bbox 1161 1824 1279 1862; x_wconf 83' lang='lat' dir='ltr'>quam</span> <span class='ocrx_word' id='word_1_305' title='bbox 1299 1813 1372 1850; x_wconf 89' lang='lat' dir='ltr'>alia</span> <span class='ocrx_word' id='word_1_306' title='bbox 1391 1826 1476 1862; x_wconf 90' lang='lat' dir='ltr'>pas-</span> 
     </span>
     <span class='ocr_line' id='line_1_51' title="bbox 410 1862 1475 1915; baseline 0.005 -17"><span class='ocrx_word' id='word_1_307' title='bbox 410 1862 477 1899; x_wconf 87' lang='lat' dir='ltr'>sio.</span> <span class='ocrx_word' id='word_1_308' title='bbox 508 1864 610 1911; x_wconf 89' lang='lat' dir='ltr'>Ergo</span> <span class='ocrx_word' id='word_1_309' title='bbox 629 1865 782 1902; x_wconf 88' lang='lat' dir='ltr'>videtur</span> <span class='ocrx_word' id='word_1_310' title='bbox 801 1865 905 1914; x_wconf 89' lang='lat' dir='ltr'>quod</span> <span class='ocrx_word' id='word_1_311' title='bbox 929 1865 1062 1902; x_wconf 89' lang='lat' dir='ltr'>odium</span> <span class='ocrx_word' id='word_1_312' title='bbox 1092 1866 1205 1902; x_wconf 91' lang='lat' dir='ltr'>debet</span> <span class='ocrx_word' id='word_1_313' title='bbox 1228 1866 1322 1915; x_wconf 91' lang='lat' dir='ltr'>poni</span> <span class='ocrx_word' id='word_1_314' title='bbox 1339 1866 1475 1903; x_wconf 86' lang='lat' dir='ltr'>vitium</span> 
     </span>
     <span class='ocr_line' id='line_1_52' title="bbox 411 1915 606 1964; baseline 0.005 -12"><span class='ocrx_word' id='word_1_315' title='bbox 411 1915 580 1964; x_wconf 87' lang='lat' dir='ltr'>capitale.</span> <span class='ocrx_word' id='word_1_316' title='bbox 605 1918 606 1921; x_wconf 76' lang='grc'>’</span> 
     </span>
    </p>

    <p class='ocr_par' dir='ltr' id='par_1_19' title="bbox 409 1970 1473 2073">
     <span class='ocr_line' id='line_1_53' title="bbox 463 1970 1473 2019; baseline 0.003 -13"><span class='ocrx_word' id='word_1_317' title='bbox 463 1970 537 2006; x_wconf 77' lang='lat' dir='ltr'>SED</span> <span class='ocrx_word' id='word_1_318' title='bbox 553 1981 698 2006; x_wconf 79' lang='lat' dir='ltr'>CONTRA</span> <span class='ocrx_word' id='word_1_319' title='bbox 713 1981 779 2007; x_wconf 80' lang='lat' dir='ltr'>EsT</span> <span class='ocrx_word' id='word_1_320' title='bbox 788 1971 893 2019; x_wconf 90' lang='lat' dir='ltr'>quod</span> <span class='ocrx_word' id='word_1_321' title='bbox 909 1970 1128 2019; x_wconf 89' lang='lat' dir='ltr'>Gregorius,</span> <span class='ocrx_word' id='word_1_322' title='bbox 1145 1970 1270 2008; x_wconf 89' lang='lat' dir='ltr'>XXXI</span> <span class='ocrx_word' id='word_1_323' title='bbox 1284 1971 1430 2009; x_wconf 88' lang='lat' dir='ltr'>Moral.</span> <span class='ocrx_word' id='word_1_324' title='bbox 1441 1970 1473 2019; x_wconf 67' lang='lat'>¹⁸,</span> 
     </span>
     <span class='ocr_line' id='line_1_54' title="bbox 409 2017 1472 2073; baseline 0.003 -14"><span class='ocrx_word' id='word_1_325' title='bbox 409 2034 488 2060; x_wconf 91' lang='lat' dir='ltr'>non</span> <span class='ocrx_word' id='word_1_326' title='bbox 512 2031 708 2060; x_wconf 87' lang='lat' dir='ltr'>enumerat</span> <span class='ocrx_word' id='word_1_327' title='bbox 732 2023 865 2061; x_wconf 90' lang='lat' dir='ltr'>odium</span> <span class='ocrx_word' id='word_1_328' title='bbox 892 2023 989 2060; x_wconf 90' lang='lat' dir='ltr'>inter</span> <span class='ocrx_word' id='word_1_329' title='bbox 1007 2032 1154 2073; x_wconf 88' lang='lat' dir='ltr'>septem</span> <span class='ocrx_word' id='word_1_330' title='bbox 1173 2024 1264 2061; x_wconf 89' lang='lat' dir='ltr'>vitia</span> <span class='ocrx_word' id='word_1_331' title='bbox 1288 2017 1472 2073; x_wconf 77' lang='lat' dir='ltr'>capitalia.</span> 
     </span>
    </p>

    <p class='ocr_par' dir='ltr' id='par_1_20' title="bbox 406 2077 1474 2602">
     <span class='ocr_line' id='line_1_55' title="bbox 462 2077 1473 2127; baseline 0.002 -14"><span class='ocrx_word' id='word_1_332' title='bbox 462 2077 688 2113; x_wconf 63' lang='lat' dir='ltr'>Respoano</span> <span class='ocrx_word' id='word_1_333' title='bbox 725 2088 909 2114; x_wconf 76' lang='lat' dir='ltr'>mcENDUM</span> <span class='ocrx_word' id='word_1_334' title='bbox 947 2077 1071 2126; x_wconf 79' lang='lat' dir='ltr'>quod,</span> <span class='ocrx_word' id='word_1_335' title='bbox 1102 2078 1197 2114; x_wconf 90' lang='lat' dir='ltr'>sicut</span> <span class='ocrx_word' id='word_1_336' title='bbox 1225 2090 1340 2127; x_wconf 86' lang='lat' dir='ltr'>supra</span> <span class='ocrx_word' id='word_1_337' title='bbox 1367 2077 1387 2100; x_wconf 71' lang='lat'>‘¹‘</span> <span class='ocrx_word' id='word_1_338' title='bbox 1419 2078 1473 2115; x_wconf 88' lang='lat' dir='ltr'>di-</span> 
     </span>
     <span class='ocr_line' id='line_1_56' title="bbox 409 2129 1474 2180; baseline 0.002 -15"><span class='ocrx_word' id='word_1_339' title='bbox 409 2135 510 2165; x_wconf 85' lang='lat' dir='ltr'>ctum</span> <span class='ocrx_word' id='word_1_340' title='bbox 540 2138 606 2176; x_wconf 82' lang='lat' dir='ltr'>est,</span> <span class='ocrx_word' id='word_1_341' title='bbox 627 2129 762 2166; x_wconf 88' lang='lat' dir='ltr'>vitium</span> <span class='ocrx_word' id='word_1_342' title='bbox 791 2130 950 2178; x_wconf 83' lang='lat' dir='ltr'>capitale</span> <span class='ocrx_word' id='word_1_343' title='bbox 971 2137 1026 2166; x_wconf 86' lang='lat' dir='ltr'>est</span> <span class='ocrx_word' id='word_1_344' title='bbox 1055 2141 1099 2167; x_wconf 86' lang='lat' dir='ltr'>ex</span> <span class='ocrx_word' id='word_1_345' title='bbox 1120 2142 1197 2180; x_wconf 88' lang='lat' dir='ltr'>quo</span> <span class='ocrx_word' id='word_1_346' title='bbox 1226 2138 1268 2167; x_wconf 88' lang='lat' dir='ltr'>ut</span> <span class='ocrx_word' id='word_1_347' title='bbox 1296 2131 1474 2179; x_wconf 87' lang='lat' dir='ltr'>frequen-</span> 
     </span>
     <span class='ocr_line' id='line_1_57' title="bbox 407 2181 1473 2221; baseline 0.002 -3"><span class='ocrx_word' id='word_1_348' title='bbox 407 2181 479 2219; x_wconf 86' lang='lat' dir='ltr'>tius</span> <span class='ocrx_word' id='word_1_349' title='bbox 508 2183 579 2219; x_wconf 84' lang='lat' dir='ltr'>alia</span> <span class='ocrx_word' id='word_1_350' title='bbox 604 2182 694 2220; x_wconf 84' lang='lat' dir='ltr'>vitia</span> <span class='ocrx_word' id='word_1_351' title='bbox 715 2183 886 2220; x_wconf 88' lang='lat' dir='ltr'>oriuntur</span> <span class='ocrx_word' id='word_1_352' title='bbox 906 2183 936 2220; x_wconf 65' lang='lat'>⁸.</span> <span class='ocrx_word' id='word_1_353' title='bbox 967 2182 1111 2220; x_wconf 91' lang='lat' dir='ltr'>Vitium</span> <span class='ocrx_word' id='word_1_354' title='bbox 1142 2191 1269 2221; x_wconf 90' lang='lat' dir='ltr'>autem</span> <span class='ocrx_word' id='word_1_355' title='bbox 1299 2191 1355 2220; x_wconf 88' lang='lat' dir='ltr'>est</span> <span class='ocrx_word' id='word_1_356' title='bbox 1384 2196 1473 2220; x_wconf 91' lang='lat' dir='ltr'>con—</span> 
     </span>
     <span class='ocr_line' id='line_1_58' title="bbox 407 2235 1472 2284; baseline 0.002 -12"><span class='ocrx_word' id='word_1_357' title='bbox 407 2243 463 2272; x_wconf 92' lang='lat' dir='ltr'>tra</span> <span class='ocrx_word' id='word_1_358' title='bbox 491 2243 664 2273; x_wconf 87' lang='lat' dir='ltr'>naturam</span> <span class='ocrx_word' id='word_1_359' title='bbox 701 2235 868 2273; x_wconf 87' lang='lat' dir='ltr'>hominis</span> <span class='ocrx_word' id='word_1_360' title='bbox 896 2236 1123 2284; x_wconf 87' lang='lat' dir='ltr'>inquantum</span> <span class='ocrx_word' id='word_1_361' title='bbox 1158 2243 1214 2274; x_wconf 86' lang='lat' dir='ltr'>est</span> <span class='ocrx_word' id='word_1_362' title='bbox 1247 2236 1389 2275; x_wconf 89' lang='lat' dir='ltr'>animal</span> <span class='ocrx_word' id='word_1_363' title='bbox 1416 2249 1472 2274; x_wconf 89' lang='lat' dir='ltr'>ra-</span> 
     </span>
     <span class='ocr_line' id='line_1_59' title="bbox 407 2288 1474 2338; baseline 0.001 -13"><span class='ocrx_word' id='word_1_364' title='bbox 407 2288 559 2325; x_wconf 89' lang='lat' dir='ltr'>tionale.</span> <span class='ocrx_word' id='word_1_365' title='bbox 600 2290 641 2326; x_wconf 93' lang='lat' dir='ltr'>In</span> <span class='ocrx_word' id='word_1_366' title='bbox 666 2289 724 2326; x_wconf 89' lang='lat' dir='ltr'>his</span> <span class='ocrx_word' id='word_1_367' title='bbox 744 2297 873 2326; x_wconf 88' lang='lat' dir='ltr'>autem</span> <span class='ocrx_word' id='word_1_368' title='bbox 893 2302 993 2338; x_wconf 87' lang='lat' dir='ltr'>quae</span> <span class='ocrx_word' id='word_1_369' title='bbox 1023 2297 1154 2327; x_wconf 88' lang='lat' dir='ltr'>contra</span> <span class='ocrx_word' id='word_1_370' title='bbox 1182 2297 1358 2327; x_wconf 86' lang='lat' dir='ltr'>naturam</span> <span class='ocrx_word' id='word_1_371' title='bbox 1376 2290 1474 2327; x_wconf 92' lang='lat' dir='ltr'>fiunt</span> 
     </span>
     <span class='ocr_line' id='line_1_60' title="bbox 406 2342 1472 2391; baseline 0.001 -13"><span class='ocrx_word' id='word_1_372' title='bbox 406 2342 590 2390; x_wconf 88' lang='lat' dir='ltr'>paulatim</span> <span class='ocrx_word' id='word_1_373' title='bbox 612 2342 651 2379; x_wconf 91' lang='lat' dir='ltr'>id</span> <span class='ocrx_word' id='word_1_374' title='bbox 671 2342 776 2390; x_wconf 90' lang='lat' dir='ltr'>quod</span> <span class='ocrx_word' id='word_1_375' title='bbox 805 2350 862 2379; x_wconf 90' lang='lat' dir='ltr'>est</span> <span class='ocrx_word' id='word_1_376' title='bbox 884 2350 1041 2379; x_wconf 87' lang='lat' dir='ltr'>naturae</span> <span class='ocrx_word' id='word_1_377' title='bbox 1066 2343 1330 2391; x_wconf 88' lang='lat' dir='ltr'>corrumpitur.</span> <span class='ocrx_word' id='word_1_378' title='bbox 1361 2342 1472 2380; x_wconf 91' lang='lat' dir='ltr'>Unde</span> 
     </span>
     <span class='ocr_line' id='line_1_61' title="bbox 409 2395 1474 2444; baseline 0 -13"><span class='ocrx_word' id='word_1_379' title='bbox 409 2402 558 2444; x_wconf 88' lang='lat' dir='ltr'>oportet</span> <span class='ocrx_word' id='word_1_380' title='bbox 594 2395 700 2442; x_wconf 86' lang='lat' dir='ltr'>quod</span> <span class='ocrx_word' id='word_1_381' title='bbox 735 2395 859 2444; x_wconf 90' lang='lat' dir='ltr'>primo</span> <span class='ocrx_word' id='word_1_382' title='bbox 898 2396 1096 2432; x_wconf 86' lang='lat' dir='ltr'>recedatur</span> <span class='ocrx_word' id='word_1_383' title='bbox 1123 2396 1172 2438; x_wconf 83' lang='lat' dir='ltr'>ab</span> <span class='ocrx_word' id='word_1_384' title='bbox 1202 2407 1248 2432; x_wconf 89' lang='lat' dir='ltr'>eo</span> <span class='ocrx_word' id='word_1_385' title='bbox 1278 2396 1383 2442; x_wconf 88' lang='lat' dir='ltr'>quod</span> <span class='ocrx_word' id='word_1_386' title='bbox 1419 2403 1474 2432; x_wconf 89' lang='lat' dir='ltr'>est</span> 
     </span>
     <span class='ocr_line' id='line_1_62' title="bbox 409 2448 1471 2497; baseline 0.001 -13"><span class='ocrx_word' id='word_1_387' title='bbox 409 2448 534 2485; x_wconf 87' lang='lat' dir='ltr'>minus</span> <span class='ocrx_word' id='word_1_388' title='bbox 562 2448 774 2485; x_wconf 89' lang='lat' dir='ltr'>secundum</span> <span class='ocrx_word' id='word_1_389' title='bbox 795 2456 982 2496; x_wconf 86' lang='lat' dir='ltr'>naturam,</span> <span class='ocrx_word' id='word_1_390' title='bbox 1014 2456 1050 2485; x_wconf 89' lang='lat' dir='ltr'>et</span> <span class='ocrx_word' id='word_1_391' title='bbox 1076 2448 1210 2485; x_wconf 86' lang='lat' dir='ltr'>ultimo</span> <span class='ocrx_word' id='word_1_392' title='bbox 1232 2449 1279 2485; x_wconf 89' lang='lat' dir='ltr'>ab</span> <span class='ocrx_word' id='word_1_393' title='bbox 1301 2460 1346 2485; x_wconf 93' lang='lat' dir='ltr'>eo</span> <span class='ocrx_word' id='word_1_394' title='bbox 1367 2449 1471 2497; x_wconf 82' lang='lat' dir='ltr'>quod</span> 
     </span>
     <span class='ocr_line' id='line_1_63' title="bbox 410 2500 1471 2550; baseline 0 -12"><span class='ocrx_word' id='word_1_395' title='bbox 410 2508 466 2538; x_wconf 84' lang='lat' dir='ltr'>est</span> <span class='ocrx_word' id='word_1_396' title='bbox 491 2501 656 2538; x_wconf 89' lang='lat' dir='ltr'>maxime</span> <span class='ocrx_word' id='word_1_397' title='bbox 694 2501 906 2538; x_wconf 90' lang='lat' dir='ltr'>secundum</span> <span class='ocrx_word' id='word_1_398' title='bbox 941 2508 1136 2539; x_wconf 89' lang='lat' dir='ltr'>naturam:</span> <span class='ocrx_word' id='word_1_399' title='bbox 1175 2501 1264 2550; x_wconf 88' lang='lat' dir='ltr'>quia</span> <span class='ocrx_word' id='word_1_400' title='bbox 1300 2500 1338 2538; x_wconf 92' lang='lat' dir='ltr'>id</span> <span class='ocrx_word' id='word_1_401' title='bbox 1368 2500 1471 2550; x_wconf 93' lang='lat' dir='ltr'>quod</span> 
     </span>
     <span class='ocr_line' id='line_1_64' title="bbox 411 2553 1472 2602; baseline -0.001 -11"><span class='ocrx_word' id='word_1_402' title='bbox 411 2562 464 2591; x_wconf 90' lang='lat' dir='ltr'>est</span> <span class='ocrx_word' id='word_1_403' title='bbox 491 2554 726 2602; x_wconf 82' lang='lat' dir='ltr'>primum.in</span> <span class='ocrx_word' id='word_1_404' title='bbox 753 2554 1034 2591; x_wconf 89' lang='lat' dir='ltr'>constructione</span> <span class='ocrx_word' id='word_1_405' title='bbox 1061 2563 1118 2591; x_wconf 88' lang='lat' dir='ltr'>est</span> <span class='ocrx_word' id='word_1_406' title='bbox 1144 2553 1320 2590; x_wconf 90' lang='lat' dir='ltr'>ultimum</span> <span class='ocrx_word' id='word_1_407' title='bbox 1347 2553 1386 2590; x_wconf 90' lang='lat' dir='ltr'>in</span> <span class='ocrx_word' id='word_1_408' title='bbox 1415 2566 1472 2591; x_wconf 89' lang='lat' dir='ltr'>re—</span> 
     </span>
    </p>
   </div>
   <div class='ocr_carea' id='block_1_14' title="bbox 410 2606 1472 2655">
    <p class='ocr_par' dir='ltr' id='par_1_21' title="bbox 410 2606 1472 2655">
     <span class='ocr_line' id='line_1_65' title="bbox 410 2606 1472 2655; baseline -0.002 -11"><span class='ocrx_word' id='word_1_409' title='bbox 410 2607 607 2644; x_wconf 88' lang='lat' dir='ltr'>solutione.</span> <span class='ocrx_word' id='word_1_410' title='bbox 645 2608 685 2644; x_wconf 92' lang='lat' dir='ltr'>Id</span> <span class='ocrx_word' id='word_1_411' title='bbox 713 2615 842 2644; x_wconf 91' lang='lat' dir='ltr'>autem</span> <span class='ocrx_word' id='word_1_412' title='bbox 871 2608 975 2655; x_wconf 90' lang='lat' dir='ltr'>quod</span> <span class='ocrx_word' id='word_1_413' title='bbox 1005 2615 1060 2644; x_wconf 89' lang='lat' dir='ltr'>est</span> <span class='ocrx_word' id='word_1_414' title='bbox 1087 2607 1253 2643; x_wconf 87' lang='lat' dir='ltr'>maxime</span> <span class='ocrx_word' id='word_1_415' title='bbox 1283 2614 1319 2643; x_wconf 90' lang='lat' dir='ltr'>et</span> <span class='ocrx_word' id='word_1_416' title='bbox 1346 2606 1472 2654; x_wconf 89' lang='lat' dir='ltr'>primo</span> 
     </span>
    </p>
   </div>
   <div class='ocr_carea' id='block_1_15' title="bbox 435 1087 446 1201">
    <p class='ocr_par' dir='ltr' id='par_1_22' title="bbox 435 1087 446 1201">
     <span class='ocr_line' id='line_1_66' title="bbox 435 1087 446 1201; baseline 0 2855"><span class='ocrx_word' id='word_1_417' title='bbox 435 1087 446 1201; x_wconf 95' lang='lat' dir='ltr'> </span> 
     </span>
    </p>
   </div>
   <div class='ocr_carea' id='block_1_16' title="bbox 410 2659 1651 2709">
    <p class='ocr_par' dir='ltr' id='par_1_23' title="bbox 410 2659 1651 2709">
     <span class='ocr_line' id='line_1_67' title="bbox 410 2659 1651 2709; baseline -0.001 -12"><span class='ocrx_word' id='word_1_418' title='bbox 410 2661 578 2697; x_wconf 83' lang='lat' dir='ltr'>naturale</span> <span class='ocrx_word' id='word_1_419' title='bbox 602 2660 749 2696; x_wconf 89' lang='lat' dir='ltr'>homini</span> <span class='ocrx_word' id='word_1_420' title='bbox 773 2668 828 2697; x_wconf 92' lang='lat' dir='ltr'>est</span> <span class='ocrx_word' id='word_1_421' title='bbox 846 2660 951 2709; x_wconf 87' lang='lat' dir='ltr'>quod</span> <span class='ocrx_word' id='word_1_422' title='bbox 975 2659 1101 2707; x_wconf 88' lang='lat' dir='ltr'>diligat</span> <span class='ocrx_word' id='word_1_423' title='bbox 1121 2660 1279 2706; x_wconf 88' lang='lat' dir='ltr'>bonum,</span> <span class='ocrx_word' id='word_1_424' title='bbox 1307 2667 1343 2696; x_wconf 90' lang='lat' dir='ltr'>et</span> <span class='ocrx_word' id='word_1_425' title='bbox 1364 2670 1473 2708; x_wconf 88' lang='lat' dir='ltr'>prae-</span> <span class='ocrx_word' id='word_1_426' title='bbox 1498 2665 1501 2706; x_wconf 77' lang='grc' dir='ltr'>Ι</span> <span class='ocrx_word' id='word_1_427' title='bbox 1527 2672 1651 2696; x_wconf 89' lang='lat' dir='ltr'>mum.</span> 
     </span>
    </p>
   </div>
   <div class='ocr_carea' id='block_1_17' title="bbox 410 2773 1475 2949">
    <p class='ocr_par' dir='ltr' id='par_1_24' title="bbox 463 2773 892 2805">
     <span class='ocr_line' id='line_1_68' title="bbox 463 2773 892 2805; baseline 0.002 -7"><span class='ocrx_word' id='word_1_428' title='bbox 463 2773 490 2805; x_wconf 84' lang='grc' dir='ltr'>α)</span> <span class='ocrx_word' id='word_1_429' title='bbox 511 2773 640 2799; x_wconf 81' lang='lat' dir='ltr'>maxime.</span> <span class='ocrx_word' id='word_1_430' title='bbox 656 2788 675 2793; x_wconf 92' lang='lat'>-</span> <span class='ocrx_word' id='word_1_431' title='bbox 694 2774 844 2799; x_wconf 83' lang='lat' dir='ltr'>maximum</span> <span class='ocrx_word' id='word_1_432' title='bbox 864 2774 892 2799; x_wconf 88' lang='grc' dir='ltr'>Ρ.</span> 
     </span>
    </p>

    <p class='ocr_par' dir='ltr' id='par_1_25' title="bbox 410 2807 1475 2877">
     <span class='ocr_line' id='line_1_69' title="bbox 463 2807 1475 2842; baseline 0 -8"><span class='ocrx_word' id='word_1_433' title='bbox 463 2807 487 2842; x_wconf 85' lang='grc' dir='ltr'>β)</span> <span class='ocrx_word' id='word_1_434' title='bbox 507 2809 644 2834; x_wconf 73' lang='lat' dir='ltr'>deletione.</span> <span class='ocrx_word' id='word_1_435' title='bbox 668 2823 687 2828; x_wconf 92' lang='lat'><em>-</em></span> <span class='ocrx_word' id='word_1_436' title='bbox 711 2809 850 2835; x_wconf 74' lang='lat' dir='ltr'>dilectione</span> <span class='ocrx_word' id='word_1_437' title='bbox 875 2809 1116 2842; x_wconf 74' lang='lat' dir='ltr'>PBCEFHKLpr</span> <span class='ocrx_word' id='word_1_438' title='bbox 1137 2815 1163 2835; x_wconf 87' lang='lat' dir='ltr'>et</span> <span class='ocrx_word' id='word_1_439' title='bbox 1180 2816 1205 2838; x_wconf 83' lang='lat' dir='ltr'>a,</span> <span class='ocrx_word' id='word_1_440' title='bbox 1225 2809 1404 2835; x_wconf 75' lang='lat' dir='ltr'>destructione</span> <span class='ocrx_word' id='word_1_441' title='bbox 1427 2809 1475 2834; x_wconf 90' lang='lat' dir='ltr'>DG</span> 
     </span>
     <span class='ocr_line' id='line_1_70' title="bbox 410 2845 1320 2877; baseline 0.001 -8"><span class='ocrx_word' id='word_1_442' title='bbox 410 2845 474 2875; x_wconf 67' lang='lat' dir='ltr'>sAn,</span> <span class='ocrx_word' id='word_1_443' title='bbox 492 2845 664 2877; x_wconf 81' lang='lat' dir='ltr'>corruptione</span> <span class='ocrx_word' id='word_1_444' title='bbox 682 2845 701 2875; x_wconf 89' lang='lat'>1,</span> <span class='ocrx_word' id='word_1_445' title='bbox 721 2845 891 2870; x_wconf 69' lang='lat' dir='ltr'>derelietIone</span> <span class='ocrx_word' id='word_1_446' title='bbox 910 2853 1000 2877; x_wconf 79' lang='lat' dir='ltr'>margo</span> <span class='ocrx_word' id='word_1_447' title='bbox 1019 2845 1040 2870; x_wconf 83' lang='lat' dir='ltr'>E</span> <span class='ocrx_word' id='word_1_448' title='bbox 1059 2850 1084 2870; x_wconf 86' lang='lat' dir='ltr'>et</span> <span class='ocrx_word' id='word_1_449' title='bbox 1102 2851 1147 2876; x_wconf 60' lang='grc' dir='ltr'>ειη</span> <span class='ocrx_word' id='word_1_450' title='bbox 1167 2845 1258 2870; x_wconf 80' lang='lat' dir='ltr'>abrasa</span> <span class='ocrx_word' id='word_1_451' title='bbox 1276 2852 1320 2877; x_wconf 78' lang='lat' dir='ltr'>pn.</span> 
     </span>
    </p>

    <p class='ocr_par' dir='ltr' id='par_1_26' title="bbox 410 2880 1474 2949">
     <span class='ocr_line' id='line_1_71' title="bbox 462 2880 1474 2913; baseline 0.001 -9"><span class='ocrx_word' id='word_1_452' title='bbox 462 2880 488 2913; x_wconf 84' lang='grc' dir='ltr'>γ)</span> <span class='ocrx_word' id='word_1_453' title='bbox 507 2880 551 2904; x_wconf 77' lang='lat' dir='ltr'>Aa</span> <span class='ocrx_word' id='word_1_454' title='bbox 569 2880 712 2905; x_wconf 83' lang='lat' dir='ltr'>secundum</span> <span class='ocrx_word' id='word_1_455' title='bbox 742 2881 891 2906; x_wconf 79' lang='lat' dir='ltr'>dicendum.</span> <span class='ocrx_word' id='word_1_456' title='bbox 909 2893 929 2900; x_wconf 92' lang='lat'>-</span> <span class='ocrx_word' id='word_1_457' title='bbox 947 2882 968 2905; x_wconf 71' lang='lat'>1„</span> <span class='ocrx_word' id='word_1_458' title='bbox 987 2888 1041 2906; x_wconf 88' lang='lat' dir='ltr'>om.</span> <span class='ocrx_word' id='word_1_459' title='bbox 1059 2888 1128 2913; x_wconf 84' lang='lat' dir='ltr'>quae</span> <span class='ocrx_word' id='word_1_460' title='bbox 1155 2885 1302 2913; x_wconf 80' lang='lat' dir='ltr'>sequuntur</span> <span class='ocrx_word' id='word_1_461' title='bbox 1329 2888 1415 2913; x_wconf 80' lang='lat' dir='ltr'>usque</span> <span class='ocrx_word' id='word_1_462' title='bbox 1443 2881 1474 2905; x_wconf 78' lang='lat' dir='ltr'>ad</span> 
     </span>
     <span class='ocr_line' id='line_1_72' title="bbox 410 2916 1050 2949; baseline 0 -9"><span class='ocrx_word' id='word_1_463' title='bbox 410 2916 453 2940; x_wconf 79' lang='lat' dir='ltr'>Ad</span> <span class='ocrx_word' id='word_1_464' title='bbox 471 2916 614 2940; x_wconf 82' lang='lat' dir='ltr'>secundum</span> <span class='ocrx_word' id='word_1_465' title='bbox 634 2916 774 2940; x_wconf 81' lang='lat' dir='ltr'>dicendum</span> <span class='ocrx_word' id='word_1_466' title='bbox 794 2917 913 2949; x_wconf 87' lang='lat' dir='ltr'>sequenti</span> <span class='ocrx_word' id='word_1_467' title='bbox 933 2916 1050 2941; x_wconf 82' lang='lat' dir='ltr'>articulo.</span> 
     </span>
    </p>
   </div>
   <div class='ocr_carea' id='block_1_18' title="bbox 1525 1070 2603 2656">
    <p class='ocr_par' dir='ltr' id='par_1_27' title="bbox 1531 1070 2603 1332">
     <span class='ocr_line' id='line_1_73' title="bbox 1533 1070 2600 1121; baseline -0.002 -11"><span class='ocrx_word' id='word_1_468' title='bbox 1533 1073 1644 1121; x_wconf 90' lang='lat' dir='ltr'>cipue</span> <span class='ocrx_word' id='word_1_469' title='bbox 1663 1074 1811 1110; x_wconf 91' lang='lat' dir='ltr'>bonum</span> <span class='ocrx_word' id='word_1_470' title='bbox 1831 1072 2005 1110; x_wconf 88' lang='lat' dir='ltr'>divinum</span> <span class='ocrx_word' id='word_1_471' title='bbox 2025 1079 2061 1108; x_wconf 90' lang='lat' dir='ltr'>et</span> <span class='ocrx_word' id='word_1_472' title='bbox 2080 1072 2227 1108; x_wconf 89' lang='lat' dir='ltr'>bonum</span> <span class='ocrx_word' id='word_1_473' title='bbox 2246 1071 2424 1119; x_wconf 88' lang='lat' dir='ltr'>proximi.</span> <span class='ocrx_word' id='word_1_474' title='bbox 2449 1072 2499 1108; x_wconf 92' lang='lat' dir='ltr'>Et</span> <span class='ocrx_word' id='word_1_475' title='bbox 2511 1070 2600 1108; x_wconf 91' lang='lat' dir='ltr'>ideo</span> 
     </span>
     <span class='ocr_line' id='line_1_74' title="bbox 1533 1123 2603 1174; baseline -0.001 -12"><span class='ocrx_word' id='word_1_476' title='bbox 1533 1126 1687 1173; x_wconf 90' lang='lat' dir='ltr'>odium,</span> <span class='ocrx_word' id='word_1_477' title='bbox 1717 1127 1823 1174; x_wconf 91' lang='lat' dir='ltr'>quod</span> <span class='ocrx_word' id='word_1_478' title='bbox 1851 1125 1941 1162; x_wconf 91' lang='lat' dir='ltr'>huic</span> <span class='ocrx_word' id='word_1_479' title='bbox 1969 1123 2159 1162; x_wconf 89' lang='lat' dir='ltr'>dilectioni</span> <span class='ocrx_word' id='word_1_480' title='bbox 2187 1124 2408 1173; x_wconf 84' lang='lat' dir='ltr'>opponitur,</span> <span class='ocrx_word' id='word_1_481' title='bbox 2438 1136 2517 1162; x_wconf 91' lang='lat' dir='ltr'>non</span> <span class='ocrx_word' id='word_1_482' title='bbox 2547 1131 2603 1162; x_wconf 89' lang='lat' dir='ltr'>est</span> 
     </span>
     <span class='ocr_line' id='line_1_75' title="bbox 1531 1176 2597 1227; baseline -0.001 -12"><span class='ocrx_word' id='word_1_483' title='bbox 1531 1179 1700 1227; x_wconf 87' lang='lat' dir='ltr'>primurn</span> <span class='ocrx_word' id='word_1_484' title='bbox 1727 1179 1765 1214; x_wconf 90' lang='lat' dir='ltr'>in</span> <span class='ocrx_word' id='word_1_485' title='bbox 1785 1177 1975 1215; x_wconf 91' lang='lat' dir='ltr'>deletione</span> <span class='ocrx_word' id='word_1_486' title='bbox 1994 1176 2010 1207; x_wconf 73' lang='grc' dir='ltr'><strong>β</strong></span> <span class='ocrx_word' id='word_1_487' title='bbox 2035 1177 2196 1225; x_wconf 84' lang='lat' dir='ltr'>virtutis,</span> <span class='ocrx_word' id='word_1_488' title='bbox 2216 1189 2316 1225; x_wconf 88' lang='lat' dir='ltr'>quae</span> <span class='ocrx_word' id='word_1_489' title='bbox 2344 1177 2388 1214; x_wconf 90' lang='lat' dir='ltr'>fit</span> <span class='ocrx_word' id='word_1_490' title='bbox 2404 1189 2475 1227; x_wconf 91' lang='lat' dir='ltr'>per</span> <span class='ocrx_word' id='word_1_491' title='bbox 2492 1177 2597 1226; x_wconf 84' lang='lat' dir='ltr'>vitia,</span> 
     </span>
     <span class='ocr_line' id='line_1_76' title="bbox 1533 1230 2602 1268; baseline 0.001 -1"><span class='ocrx_word' id='word_1_492' title='bbox 1533 1231 1602 1268; x_wconf 89' lang='lat' dir='ltr'>sed</span> <span class='ocrx_word' id='word_1_493' title='bbox 1629 1231 1817 1268; x_wconf 90' lang='lat' dir='ltr'>ultimum.</span> <span class='ocrx_word' id='word_1_494' title='bbox 1847 1230 1897 1267; x_wconf 90' lang='lat' dir='ltr'>Et</span> <span class='ocrx_word' id='word_1_495' title='bbox 1924 1230 2011 1267; x_wconf 91' lang='lat' dir='ltr'>ideo</span> <span class='ocrx_word' id='word_1_496' title='bbox 2032 1230 2166 1267; x_wconf 91' lang='lat' dir='ltr'>odium</span> <span class='ocrx_word' id='word_1_497' title='bbox 2194 1242 2274 1267; x_wconf 90' lang='lat' dir='ltr'>non</span> <span class='ocrx_word' id='word_1_498' title='bbox 2301 1238 2357 1267; x_wconf 92' lang='lat' dir='ltr'>est</span> <span class='ocrx_word' id='word_1_499' title='bbox 2384 1230 2521 1268; x_wconf 87' lang='lat' dir='ltr'>vitium</span> <span class='ocrx_word' id='word_1_500' title='bbox 2542 1243 2602 1268; x_wconf 92' lang='lat' dir='ltr'>ca-</span> 
     </span>
     <span class='ocr_line' id='line_1_77' title="bbox 1532 1283 1658 1332; baseline -0.008 -12"><span class='ocrx_word' id='word_1_501' title='bbox 1532 1283 1658 1332; x_wconf 87' lang='lat' dir='ltr'>pitale.</span> 
     </span>
    </p>

    <p class='ocr_par' dir='ltr' id='par_1_28' title="bbox 1528 1335 2602 1796">
     <span class='ocr_line' id='line_1_78' title="bbox 1585 1335 2601 1383; baseline 0.002 -11"><span class='ocrx_word' id='word_1_502' title='bbox 1585 1338 1644 1373; x_wconf 79' lang='lat' dir='ltr'>An</span> <span class='ocrx_word' id='word_1_503' title='bbox 1665 1346 1801 1372; x_wconf 72' lang='lat' dir='ltr'>ptumum</span> <span class='ocrx_word' id='word_1_504' title='bbox 1828 1346 1927 1372; x_wconf 78' lang='lat' dir='ltr'>ERGO</span> <span class='ocrx_word' id='word_1_505' title='bbox 1952 1346 2137 1372; x_wconf 79' lang='lat' dir='ltr'>DtCENDUM</span> <span class='ocrx_word' id='word_1_506' title='bbox 2157 1335 2273 1383; x_wconf 83' lang='lat' dir='ltr'>quod,</span> <span class='ocrx_word' id='word_1_507' title='bbox 2294 1335 2391 1372; x_wconf 89' lang='lat' dir='ltr'>sicut</span> <span class='ocrx_word' id='word_1_508' title='bbox 2409 1336 2545 1373; x_wconf 85' lang='lat' dir='ltr'>dicitur</span> <span class='ocrx_word' id='word_1_509' title='bbox 2561 1337 2601 1374; x_wconf 90' lang='lat' dir='ltr'>in</span> 
     </span>
     <span class='ocr_line' id='line_1_79' title="bbox 1532 1387 2602 1436; baseline 0.002 -11"><span class='ocrx_word' id='word_1_510' title='bbox 1532 1389 1601 1426; x_wconf 93' lang='lat' dir='ltr'>VII</span> <span class='ocrx_word' id='word_1_511' title='bbox 1628 1389 1778 1436; x_wconf 77' lang='lat' dir='ltr'>Physic.</span> <span class='ocrx_word' id='word_1_512' title='bbox 1809 1387 1844 1435; x_wconf 79' lang='lat'>²¹⁸,</span> <span class='ocrx_word' id='word_1_513' title='bbox 1881 1388 2000 1425; x_wconf 75' lang='lat' dir='ltr'>virtus</span> <span class='ocrx_word' id='word_1_514' title='bbox 2032 1388 2323 1436; x_wconf 81' lang='lat' dir='ltr'>uniuscuiusque</span> <span class='ocrx_word' id='word_1_515' title='bbox 2353 1389 2411 1424; x_wconf 88' lang='lat' dir='ltr'>rei</span> <span class='ocrx_word' id='word_1_516' title='bbox 2435 1390 2602 1426; x_wconf 60' lang='lat' dir='ltr'>cons-neit</span> 
     </span>
     <span class='ocr_line' id='line_1_80' title="bbox 1532 1441 2599 1490; baseline 0.001 -12"><span class='ocrx_word' id='word_1_517' title='bbox 1532 1442 1569 1478; x_wconf 88' lang='lat' dir='ltr'>in</span> <span class='ocrx_word' id='word_1_518' title='bbox 1607 1442 1678 1478; x_wconf 86' lang='lat' dir='ltr'>hoc</span> <span class='ocrx_word' id='word_1_519' title='bbox 1705 1441 1806 1490; x_wconf 87' lang='lat' dir='ltr'>quod</span> <span class='ocrx_word' id='word_1_520' title='bbox 1839 1441 1886 1477; x_wconf 90' lang='lat' dir='ltr'>sit</span> <span class='ocrx_word' id='word_1_521' title='bbox 1912 1441 2006 1478; x_wconf 85' lang='lat' dir='ltr'>bene</span> <span class='ocrx_word' id='word_1_522' title='bbox 2041 1441 2216 1489; x_wconf 83' lang='lat' dir='ltr'>disposita</span> <span class='ocrx_word' id='word_1_523' title='bbox 2252 1441 2457 1478; x_wconf 87' lang='lat' dir='ltr'>secundum</span> <span class='ocrx_word' id='word_1_524' title='bbox 2489 1451 2599 1487; x_wconf 85' lang='lat' dir='ltr'>suam</span> 
     </span>
     <span class='ocr_line' id='line_1_81' title="bbox 1531 1491 2601 1544; baseline 0.001 -13"><span class='ocrx_word' id='word_1_525' title='bbox 1531 1500 1720 1531; x_wconf 85' lang='lat' dir='ltr'>naturam.</span> <span class='ocrx_word' id='word_1_526' title='bbox 1751 1495 1800 1531; x_wconf 93' lang='lat' dir='ltr'>Et</span> <span class='ocrx_word' id='word_1_527' title='bbox 1827 1493 1914 1531; x_wconf 91' lang='lat' dir='ltr'>ideo</span> <span class='ocrx_word' id='word_1_528' title='bbox 1943 1494 1983 1531; x_wconf 93' lang='lat' dir='ltr'>in</span> <span class='ocrx_word' id='word_1_529' title='bbox 2009 1493 2211 1531; x_wconf 83' lang='lat' dir='ltr'>virtutibus</span> <span class='ocrx_word' id='word_1_530' title='bbox 2240 1501 2390 1542; x_wconf 92' lang='lat' dir='ltr'>oportet</span> <span class='ocrx_word' id='word_1_531' title='bbox 2418 1506 2500 1531; x_wconf 92' lang='lat' dir='ltr'>esse</span> <span class='ocrx_word' id='word_1_532' title='bbox 2524 1491 2601 1544; x_wconf 57' lang='lat' dir='ltr'>pri-‘-</span> 
     </span>
     <span class='ocr_line' id='line_1_82' title="bbox 1530 1546 2600 1596; baseline 0.001 -11"><span class='ocrx_word' id='word_1_533' title='bbox 1530 1560 1639 1585; x_wconf 90' lang='lat' dir='ltr'>mum</span> <span class='ocrx_word' id='word_1_534' title='bbox 1660 1555 1696 1584; x_wconf 93' lang='lat' dir='ltr'>et</span> <span class='ocrx_word' id='word_1_535' title='bbox 1714 1547 1923 1596; x_wconf 83' lang='lat' dir='ltr'>principale</span> <span class='ocrx_word' id='word_1_536' title='bbox 1941 1547 2048 1596; x_wconf 91' lang='lat' dir='ltr'>quod</span> <span class='ocrx_word' id='word_1_537' title='bbox 2069 1555 2124 1584; x_wconf 92' lang='lat' dir='ltr'>est</span> <span class='ocrx_word' id='word_1_538' title='bbox 2142 1546 2311 1596; x_wconf 83' lang='lat' dir='ltr'>primum</span> <span class='ocrx_word' id='word_1_539' title='bbox 2337 1554 2375 1584; x_wconf 89' lang='lat' dir='ltr'>et</span> <span class='ocrx_word' id='word_1_540' title='bbox 2390 1547 2600 1596; x_wconf 75' lang='lat' dir='ltr'>principale</span> 
     </span>
     <span class='ocr_line' id='line_1_83' title="bbox 1529 1600 2601 1650; baseline 0.001 -13"><span class='ocrx_word' id='word_1_541' title='bbox 1529 1600 1567 1637; x_wconf 94' lang='lat' dir='ltr'>in</span> <span class='ocrx_word' id='word_1_542' title='bbox 1587 1600 1720 1638; x_wconf 89' lang='lat' dir='ltr'>ordine</span> <span class='ocrx_word' id='word_1_543' title='bbox 1743 1600 1916 1637; x_wconf 84' lang='lat' dir='ltr'>naturali.</span> <span class='ocrx_word' id='word_1_544' title='bbox 1947 1601 1995 1636; x_wconf 93' lang='lat' dir='ltr'>Et</span> <span class='ocrx_word' id='word_1_545' title='bbox 2013 1607 2170 1649; x_wconf 90' lang='lat' dir='ltr'>propter</span> <span class='ocrx_word' id='word_1_546' title='bbox 2186 1600 2263 1637; x_wconf 87' lang='lat' dir='ltr'>hoc</span> <span class='ocrx_word' id='word_1_547' title='bbox 2286 1600 2422 1637; x_wconf 85' lang='lat' dir='ltr'>caritas</span> <span class='ocrx_word' id='word_1_548' title='bbox 2443 1601 2601 1650; x_wconf 79' lang='lat' dir='ltr'>ponitur</span> 
     </span>
     <span class='ocr_line' id='line_1_84' title="bbox 1528 1653 2599 1702; baseline 0.003 -12"><span class='ocrx_word' id='word_1_549' title='bbox 1528 1653 1844 1702; x_wconf 87' lang='lat' dir='ltr'>principalissima</span> <span class='ocrx_word' id='word_1_550' title='bbox 1857 1653 2054 1691; x_wconf 86' lang='lat' dir='ltr'>virtutum.</span> <span class='ocrx_word' id='word_1_551' title='bbox 2074 1653 2124 1690; x_wconf 93' lang='lat' dir='ltr'>Et</span> <span class='ocrx_word' id='word_1_552' title='bbox 2143 1653 2280 1690; x_wconf 88' lang='lat' dir='ltr'>eadem</span> <span class='ocrx_word' id='word_1_553' title='bbox 2300 1653 2446 1690; x_wconf 89' lang='lat' dir='ltr'>ratione</span> <span class='ocrx_word' id='word_1_554' title='bbox 2466 1654 2599 1694; x_wconf 73' lang='lat' dir='ltr'>odium</span> 
     </span>
     <span class='ocr_line' id='line_1_85' title="bbox 1529 1705 2598 1756; baseline 0.004 -13"><span class='ocrx_word' id='word_1_555' title='bbox 1529 1717 1609 1744; x_wconf 88' lang='lat' dir='ltr'>non</span> <span class='ocrx_word' id='word_1_556' title='bbox 1645 1713 1771 1756; x_wconf 93' lang='lat' dir='ltr'>potest</span> <span class='ocrx_word' id='word_1_557' title='bbox 1805 1718 1887 1743; x_wconf 91' lang='lat' dir='ltr'>esse</span> <span class='ocrx_word' id='word_1_558' title='bbox 1924 1705 2095 1756; x_wconf 87' lang='lat' dir='ltr'>primum</span> <span class='ocrx_word' id='word_1_559' title='bbox 2123 1705 2161 1743; x_wconf 92' lang='lat' dir='ltr'>in</span> <span class='ocrx_word' id='word_1_560' title='bbox 2189 1705 2288 1743; x_wconf 82' lang='lat' dir='ltr'>vitiis</span> <span class='ocrx_word' id='word_1_561' title='bbox 2316 1706 2357 1756; x_wconf 77' lang='lat'>¹⁸,</span> <span class='ocrx_word' id='word_1_562' title='bbox 2385 1713 2427 1744; x_wconf 89' lang='lat' dir='ltr'>ut</span> <span class='ocrx_word' id='word_1_563' title='bbox 2454 1706 2598 1748; x_wconf 83' lang='lat' dir='ltr'>dictum</span> 
     </span>
     <span class='ocr_line' id='line_1_86' title="bbox 1530 1759 1635 1796; baseline 0 0"><span class='ocrx_word' id='word_1_564' title='bbox 1530 1767 1586 1796; x_wconf 89' lang='lat' dir='ltr'>est</span> <span class='ocrx_word' id='word_1_565' title='bbox 1604 1759 1635 1796; x_wconf 64' lang='lat'>²³.</span> 
     </span>
    </p>

    <p class='ocr_par' dir='ltr' id='par_1_29' title="bbox 1525 1810 2603 2167">
     <span class='ocr_line' id='line_1_87' title="bbox 1582 1810 2599 1862; baseline 0.003 -14"><span class='ocrx_word' id='word_1_566' title='bbox 1582 1814 1641 1849; x_wconf 81' lang='lat' dir='ltr'>An</span> <span class='ocrx_word' id='word_1_567' title='bbox 1661 1823 1851 1849; x_wconf 75' lang='lat' dir='ltr'>SECUNDUM</span> <span class='ocrx_word' id='word_1_568' title='bbox 1870 1823 2055 1849; x_wconf 61' lang='lat' dir='ltr'>mesanum</span> <span class='ocrx_word' id='word_1_569' title='bbox 2069 1816 2084 1840; x_wconf 70' lang='grc' dir='ltr'><strong>ἵ</strong></span> <span class='ocrx_word' id='word_1_570' title='bbox 2109 1811 2215 1860; x_wconf 87' lang='lat' dir='ltr'>quod</span> <span class='ocrx_word' id='word_1_571' title='bbox 2233 1811 2368 1850; x_wconf 89' lang='lat' dir='ltr'>odium</span> <span class='ocrx_word' id='word_1_572' title='bbox 2383 1812 2474 1851; x_wconf 85' lang='lat' dir='ltr'>mali</span> <span class='ocrx_word' id='word_1_573' title='bbox 2492 1810 2599 1862; x_wconf 90' lang='lat' dir='ltr'>quod</span> 
     </span>
     <span class='ocr_line' id='line_1_88' title="bbox 1528 1865 2599 1915; baseline 0.001 -13"><span class='ocrx_word' id='word_1_574' title='bbox 1528 1865 1778 1902; x_wconf 83' lang='lat' dir='ltr'>contrariatur</span> <span class='ocrx_word' id='word_1_575' title='bbox 1806 1865 1966 1901; x_wconf 84' lang='lat' dir='ltr'>naturali</span> <span class='ocrx_word' id='word_1_576' title='bbox 1993 1865 2099 1901; x_wconf 90' lang='lat' dir='ltr'>bono</span> <span class='ocrx_word' id='word_1_577' title='bbox 2119 1872 2176 1902; x_wconf 87' lang='lat' dir='ltr'>est</span> <span class='ocrx_word' id='word_1_578' title='bbox 2195 1865 2363 1914; x_wconf 88' lang='lat' dir='ltr'>primurn</span> <span class='ocrx_word' id='word_1_579' title='bbox 2391 1865 2488 1902; x_wconf 86' lang='lat' dir='ltr'>inter</span> <span class='ocrx_word' id='word_1_580' title='bbox 2513 1877 2599 1915; x_wconf 79' lang='lat' dir='ltr'>pas-</span> 
     </span>
     <span class='ocr_line' id='line_1_89' title="bbox 1527 1916 2599 1964; baseline 0.002 -10"><span class='ocrx_word' id='word_1_581' title='bbox 1527 1918 1656 1955; x_wconf 87' lang='lat' dir='ltr'>siones</span> <span class='ocrx_word' id='word_1_582' title='bbox 1681 1916 1845 1964; x_wconf 79' lang='lat' dir='ltr'>animae,</span> <span class='ocrx_word' id='word_1_583' title='bbox 1866 1917 1963 1954; x_wconf 90' lang='lat' dir='ltr'>sicut</span> <span class='ocrx_word' id='word_1_584' title='bbox 1981 1925 2019 1954; x_wconf 89' lang='lat' dir='ltr'>et</span> <span class='ocrx_word' id='word_1_585' title='bbox 2037 1928 2148 1954; x_wconf 85' lang='lat' dir='ltr'>amor</span> <span class='ocrx_word' id='word_1_586' title='bbox 2174 1918 2356 1955; x_wconf 80' lang='lat' dir='ltr'>naturalis</span> <span class='ocrx_word' id='word_1_587' title='bbox 2383 1918 2489 1956; x_wconf 85' lang='lat' dir='ltr'>boni.</span> <span class='ocrx_word' id='word_1_588' title='bbox 2518 1918 2599 1956; x_wconf 76' lang='lat' dir='ltr'>sed</span> 
     </span>
     <span class='ocr_line' id='line_1_90' title="bbox 1528 1968 2603 2028; baseline 0.001 -20"><span class='ocrx_word' id='word_1_589' title='bbox 1528 1971 1662 2009; x_wconf 90' lang='lat' dir='ltr'>odium</span> <span class='ocrx_word' id='word_1_590' title='bbox 1682 1969 1775 2007; x_wconf 91' lang='lat' dir='ltr'>boni</span> <span class='ocrx_word' id='word_1_591' title='bbox 1795 1968 2050 2008; x_wconf 86' lang='lat' dir='ltr'>connaturalis</span> <span class='ocrx_word' id='word_1_592' title='bbox 2069 1981 2148 2008; x_wconf 90' lang='lat' dir='ltr'>non</span> <span class='ocrx_word' id='word_1_593' title='bbox 2165 1977 2293 2020; x_wconf 85' lang='lat' dir='ltr'>potest</span> <span class='ocrx_word' id='word_1_594' title='bbox 2312 1982 2394 2008; x_wconf 92' lang='lat' dir='ltr'>esse</span> <span class='ocrx_word' id='word_1_595' title='bbox 2413 1968 2603 2028; x_wconf 48' lang='lat' dir='ltr'>primum}⁸</span> 
     </span>
     <span class='ocr_line' id='line_1_91' title="bbox 1526 2021 2598 2073; baseline 0.002 -12"><span class='ocrx_word' id='word_1_596' title='bbox 1526 2025 1593 2062; x_wconf 90' lang='lat' dir='ltr'>sed</span> <span class='ocrx_word' id='word_1_597' title='bbox 1620 2025 1737 2061; x_wconf 89' lang='lat' dir='ltr'>habet</span> <span class='ocrx_word' id='word_1_598' title='bbox 1765 2023 1954 2061; x_wconf 88' lang='lat' dir='ltr'>rationem</span> <span class='ocrx_word' id='word_1_599' title='bbox 1983 2023 2126 2061; x_wconf 82' lang='lat' dir='ltr'>ultitni:</span> <span class='ocrx_word' id='word_1_600' title='bbox 2165 2024 2253 2073; x_wconf 89' lang='lat' dir='ltr'>quia</span> <span class='ocrx_word' id='word_1_601' title='bbox 2280 2025 2353 2062; x_wconf 84' lang='lat' dir='ltr'>tale</span> <span class='ocrx_word' id='word_1_602' title='bbox 2380 2025 2516 2063; x_wconf 84' lang='lat' dir='ltr'>odium</span> <span class='ocrx_word' id='word_1_603' title='bbox 2543 2021 2598 2073; x_wconf 53' lang='lat' dir='ltr'>at}</span> 
     </span>
     <span class='ocr_line' id='line_1_92' title="bbox 1525 2077 2598 2126; baseline 0.002 -12"><span class='ocrx_word' id='word_1_604' title='bbox 1525 2084 1683 2114; x_wconf 85' lang='lat' dir='ltr'>testatur</span> <span class='ocrx_word' id='word_1_605' title='bbox 1710 2077 1945 2126; x_wconf 87' lang='lat' dir='ltr'>corruptioni</span> <span class='ocrx_word' id='word_1_606' title='bbox 1973 2084 2130 2115; x_wconf 78' lang='lat' dir='ltr'>naturae</span> <span class='ocrx_word' id='word_1_607' title='bbox 2166 2077 2244 2115; x_wconf 84' lang='lat' dir='ltr'>iam</span> <span class='ocrx_word' id='word_1_608' title='bbox 2272 2077 2408 2126; x_wconf 80' lang='lat' dir='ltr'>factae,</span> <span class='ocrx_word' id='word_1_609' title='bbox 2437 2077 2534 2116; x_wconf 83' lang='lat' dir='ltr'>sicut</span> <span class='ocrx_word' id='word_1_610' title='bbox 2553 2085 2598 2117; x_wconf 62' lang='lat' dir='ltr'>et</span> 
     </span>
     <span class='ocr_line' id='line_1_93' title="bbox 1527 2130 2547 2167; baseline -0.002 0"><span class='ocrx_word' id='word_1_611' title='bbox 1527 2142 1638 2167; x_wconf 81' lang='lat' dir='ltr'>amor</span> <span class='ocrx_word' id='word_1_612' title='bbox 1666 2130 1833 2167; x_wconf 87' lang='lat' dir='ltr'>extranei</span> <span class='ocrx_word' id='word_1_613' title='bbox 1862 2130 1965 2167; x_wconf 92' lang='lat' dir='ltr'>boni.</span> <span class='ocrx_word' id='word_1_614' title='bbox 2544 2143 2547 2147; x_wconf 86' lang='lat'><strong>·</strong></span> 
     </span>
    </p>

    <p class='ocr_par' dir='ltr' id='par_1_30' title="bbox 1525 2182 2600 2656">
     <span class='ocr_line' id='line_1_94' title="bbox 1580 2182 2594 2232; baseline 0 -12"><span class='ocrx_word' id='word_1_615' title='bbox 1580 2186 1639 2220; x_wconf 84' lang='lat' dir='ltr'>AD</span> <span class='ocrx_word' id='word_1_616' title='bbox 1659 2195 1819 2220; x_wconf 76' lang='lat' dir='ltr'>TERTmM</span> <span class='ocrx_word' id='word_1_617' title='bbox 1844 2195 2030 2220; x_wconf 83' lang='lat' dir='ltr'>D1CENDUM</span> <span class='ocrx_word' id='word_1_618' title='bbox 2054 2182 2160 2232; x_wconf 93' lang='lat' dir='ltr'>quod</span> <span class='ocrx_word' id='word_1_619' title='bbox 2187 2182 2326 2232; x_wconf 90' lang='lat' dir='ltr'>duplex</span> <span class='ocrx_word' id='word_1_620' title='bbox 2354 2189 2411 2220; x_wconf 90' lang='lat' dir='ltr'>est</span> <span class='ocrx_word' id='word_1_621' title='bbox 2437 2183 2594 2220; x_wconf 79' lang='lat' dir='ltr'>malum.</span> 
     </span>
     <span class='ocr_line' id='line_1_95' title="bbox 1527 2233 2597 2285; baseline -0.001 -12"><span class='ocrx_word' id='word_1_622' title='bbox 1527 2234 1736 2284; x_wconf 88' lang='lat' dir='ltr'>Quoddam</span> <span class='ocrx_word' id='word_1_623' title='bbox 1756 2246 1906 2283; x_wconf 88' lang='lat' dir='ltr'>verum,</span> <span class='ocrx_word' id='word_1_624' title='bbox 1927 2235 2017 2285; x_wconf 87' lang='lat' dir='ltr'>quia</span> <span class='ocrx_word' id='word_1_625' title='bbox 2035 2233 2048 2257; x_wconf 63' lang='grc' dir='ltr'><strong>ὅ</strong></span> <span class='ocrx_word' id='word_1_626' title='bbox 2068 2235 2210 2272; x_wconf 88' lang='lat' dir='ltr'>scilicet</span> <span class='ocrx_word' id='word_1_627' title='bbox 2233 2242 2418 2285; x_wconf 76' lang='lat' dir='ltr'>repugnat</span> <span class='ocrx_word' id='word_1_628' title='bbox 2436 2234 2597 2280; x_wconf 76' lang='lat' dir='ltr'>naturali</span> 
     </span>
     <span class='ocr_line' id='line_1_96' title="bbox 1527 2287 2596 2337; baseline 0.001 -11"><span class='ocrx_word' id='word_1_629' title='bbox 1527 2290 1652 2326; x_wconf 90' lang='lat' dir='ltr'>bono:</span> <span class='ocrx_word' id='word_1_630' title='bbox 1692 2296 1728 2326; x_wconf 91' lang='lat' dir='ltr'>et</span> <span class='ocrx_word' id='word_1_631' title='bbox 1753 2288 1867 2326; x_wconf 89' lang='lat' dir='ltr'>huius</span> <span class='ocrx_word' id='word_1_632' title='bbox 1886 2293 1898 2310; x_wconf 75' lang='lat'>⁸</span> <span class='ocrx_word' id='word_1_633' title='bbox 1927 2288 2018 2326; x_wconf 87' lang='lat' dir='ltr'>mali</span> <span class='ocrx_word' id='word_1_634' title='bbox 2046 2287 2180 2326; x_wconf 88' lang='lat' dir='ltr'>odium</span> <span class='ocrx_word' id='word_1_635' title='bbox 2208 2295 2335 2337; x_wconf 88' lang='lat' dir='ltr'>potest</span> <span class='ocrx_word' id='word_1_636' title='bbox 2365 2289 2509 2327; x_wconf 86' lang='lat' dir='ltr'>habere</span> <span class='ocrx_word' id='word_1_637' title='bbox 2538 2301 2596 2333; x_wconf 74' lang='lat' dir='ltr'>ra-</span> 
     </span>
     <span class='ocr_line' id='line_1_97' title="bbox 1525 2336 2598 2391; baseline -0.001 -12"><span class='ocrx_word' id='word_1_638' title='bbox 1525 2342 1670 2379; x_wconf 74' lang='lat' dir='ltr'>tionem</span> <span class='ocrx_word' id='word_1_639' title='bbox 1684 2341 1889 2391; x_wconf 89' lang='lat' dir='ltr'>prioritatis</span> <span class='ocrx_word' id='word_1_640' title='bbox 1908 2342 2003 2379; x_wconf 89' lang='lat' dir='ltr'>inter</span> <span class='ocrx_word' id='word_1_641' title='bbox 2021 2341 2231 2390; x_wconf 85' lang='lat' dir='ltr'>passiones.</span> <span class='ocrx_word' id='word_1_642' title='bbox 2259 2342 2328 2378; x_wconf 90' lang='lat' dir='ltr'>Est</span> <span class='ocrx_word' id='word_1_643' title='bbox 2346 2349 2476 2380; x_wconf 84' lang='lat' dir='ltr'>autem</span> <span class='ocrx_word' id='word_1_644' title='bbox 2495 2336 2598 2383; x_wconf 78' lang='lat' dir='ltr'>aliud</span> 
     </span>
     <span class='ocr_line' id='line_1_98' title="bbox 1527 2394 2599 2443; baseline 0.001 -12"><span class='ocrx_word' id='word_1_645' title='bbox 1527 2396 1672 2432; x_wconf 84' lang='lat' dir='ltr'>malum</span> <span class='ocrx_word' id='word_1_646' title='bbox 1701 2407 1780 2432; x_wconf 90' lang='lat' dir='ltr'>non</span> <span class='ocrx_word' id='word_1_647' title='bbox 1807 2406 1958 2442; x_wconf 89' lang='lat' dir='ltr'>verum,</span> <span class='ocrx_word' id='word_1_648' title='bbox 1988 2395 2056 2432; x_wconf 91' lang='lat' dir='ltr'>sed</span> <span class='ocrx_word' id='word_1_649' title='bbox 2084 2405 2294 2443; x_wconf 83' lang='lat' dir='ltr'>apparens:</span> <span class='ocrx_word' id='word_1_650' title='bbox 2324 2395 2430 2442; x_wconf 87' lang='lat' dir='ltr'>quod</span> <span class='ocrx_word' id='word_1_651' title='bbox 2457 2394 2599 2432; x_wconf 64' lang='lat' dir='ltr'>scine«</span> 
     </span>
     <span class='ocr_line' id='line_1_99' title="bbox 1528 2447 2600 2497; baseline 0 -12"><span class='ocrx_word' id='word_1_652' title='bbox 1528 2455 1583 2485; x_wconf 91' lang='lat' dir='ltr'>est</span> <span class='ocrx_word' id='word_1_653' title='bbox 1609 2459 1748 2485; x_wconf 88' lang='lat' dir='ltr'>verum</span> <span class='ocrx_word' id='word_1_654' title='bbox 1778 2448 1926 2484; x_wconf 90' lang='lat' dir='ltr'>bonurn</span> <span class='ocrx_word' id='word_1_655' title='bbox 1953 2455 1990 2485; x_wconf 89' lang='lat' dir='ltr'>et</span> <span class='ocrx_word' id='word_1_656' title='bbox 2009 2448 2266 2497; x_wconf 86' lang='lat' dir='ltr'>connaturale,</span> <span class='ocrx_word' id='word_1_657' title='bbox 2286 2447 2355 2485; x_wconf 88' lang='lat' dir='ltr'>sed</span> <span class='ocrx_word' id='word_1_658' title='bbox 2378 2447 2600 2490; x_wconf 56' lang='lat' dir='ltr'>aestimetur</span> 
     </span>
     <span class='ocr_line' id='line_1_100' title="bbox 1526 2500 2598 2552; baseline 0.001 -15"><span class='ocrx_word' id='word_1_659' title='bbox 1526 2508 1568 2537; x_wconf 91' lang='lat' dir='ltr'>ut</span> <span class='ocrx_word' id='word_1_660' title='bbox 1595 2502 1741 2538; x_wconf 87' lang='lat' dir='ltr'>malum</span> <span class='ocrx_word' id='word_1_661' title='bbox 1769 2508 1925 2549; x_wconf 89' lang='lat' dir='ltr'>propter</span> <span class='ocrx_word' id='word_1_662' title='bbox 1945 2500 2230 2550; x_wconf 86' lang='lat' dir='ltr'>corruptionem</span> <span class='ocrx_word' id='word_1_663' title='bbox 2257 2507 2426 2538; x_wconf 86' lang='lat' dir='ltr'>naturae.</span> <span class='ocrx_word' id='word_1_664' title='bbox 2455 2500 2506 2538; x_wconf 90' lang='lat' dir='ltr'>Et</span> <span class='ocrx_word' id='word_1_665' title='bbox 2527 2501 2598 2552; x_wconf 60' lang='lat' dir='ltr'>liu:</span> 
     </span>
     <span class='ocr_line' id='line_1_101' title="bbox 1526 2549 2596 2602; baseline 0.002 -12"><span class='ocrx_word' id='word_1_666' title='bbox 1526 2553 1694 2590; x_wconf 88' lang='lat' dir='ltr'>iusmodi</span> <span class='ocrx_word' id='word_1_667' title='bbox 1722 2553 1813 2591; x_wconf 88' lang='lat' dir='ltr'>mali</span> <span class='ocrx_word' id='word_1_668' title='bbox 1841 2553 1974 2591; x_wconf 91' lang='lat' dir='ltr'>odium</span> <span class='ocrx_word' id='word_1_669' title='bbox 2004 2561 2156 2602; x_wconf 90' lang='lat' dir='ltr'>oportet</span> <span class='ocrx_word' id='word_1_670' title='bbox 2178 2553 2285 2602; x_wconf 90' lang='lat' dir='ltr'>quod</span> <span class='ocrx_word' id='word_1_671' title='bbox 2311 2553 2357 2592; x_wconf 89' lang='lat' dir='ltr'>sit</span> <span class='ocrx_word' id='word_1_672' title='bbox 2383 2549 2423 2592; x_wconf 84' lang='lat' dir='ltr'>in</span> <span class='ocrx_word' id='word_1_673' title='bbox 2445 2551 2596 2602; x_wconf 52' lang='lat' dir='ltr'>Ulfilssqu</span> 
     </span>
     <span class='ocr_line' id='line_1_102' title="bbox 1528 2607 2597 2656; baseline 0.002 -13"><span class='ocrx_word' id='word_1_674' title='bbox 1528 2607 1615 2644; x_wconf 88' lang='lat' dir='ltr'>Hoc</span> <span class='ocrx_word' id='word_1_675' title='bbox 1642 2614 1772 2644; x_wconf 80' lang='lat' dir='ltr'>autem</span> <span class='ocrx_word' id='word_1_676' title='bbox 1801 2607 1934 2644; x_wconf 83' lang='lat' dir='ltr'>odium</span> <span class='ocrx_word' id='word_1_677' title='bbox 1962 2615 2018 2644; x_wconf 93' lang='lat' dir='ltr'>est</span> <span class='ocrx_word' id='word_1_678' title='bbox 2038 2607 2232 2655; x_wconf 84' lang='lat' dir='ltr'>vitiosum,</span> <span class='ocrx_word' id='word_1_679' title='bbox 2261 2619 2341 2645; x_wconf 89' lang='lat' dir='ltr'>non</span> <span class='ocrx_word' id='word_1_680' title='bbox 2367 2614 2496 2645; x_wconf 85' lang='lat' dir='ltr'>autem</span> <span class='ocrx_word' id='word_1_681' title='bbox 2512 2607 2597 2656; x_wconf 22' lang='lat' dir='ltr'>*pri—</span> 
     </span>
    </p>
   </div>
   <div class='ocr_carea' id='block_1_19' title="bbox 2520 2708 2596 2735">
    <p class='ocr_par' dir='ltr' id='par_1_31' title="bbox 2520 2708 2596 2735">
     <span class='ocr_line' id='line_1_103' title="bbox 2520 2708 2596 2735; baseline -0.013 0"><span class='ocrx_word' id='word_1_682' title='bbox 2520 2708 2596 2735; x_wconf 62' lang='lat' dir='ltr'>‘&#39;³13r</span> 
     </span>
    </p>
   </div>
   <div class='ocr_carea' id='block_1_20' title="bbox 1527 2773 2597 2877">
    <p class='ocr_par' dir='ltr' id='par_1_32' title="bbox 1527 2773 2597 2877">
     <span class='ocr_line' id='line_1_104' title="bbox 1580 2773 2000 2807; baseline 0 -8"><span class='ocrx_word' id='word_1_683' title='bbox 1580 2773 1605 2807; x_wconf 79' lang='grc' dir='ltr'>δ)</span> <span class='ocrx_word' id='word_1_684' title='bbox 1626 2775 1698 2807; x_wconf 81' lang='lat' dir='ltr'>quia.</span> <span class='ocrx_word' id='word_1_685' title='bbox 1715 2788 1734 2793; x_wconf 95' lang='lat'><em>-</em></span> <span class='ocrx_word' id='word_1_686' title='bbox 1752 2775 1824 2807; x_wconf 83' lang='lat' dir='ltr'>quod</span> <span class='ocrx_word' id='word_1_687' title='bbox 1842 2773 2000 2800; x_wconf 74' lang='lat' dir='ltr'>PDGLsCx.</span> 
     </span>
     <span class='ocr_line' id='line_1_105' title="bbox 1581 2806 2597 2842; baseline 0.002 -8"><span class='ocrx_word' id='word_1_688' title='bbox 1581 2810 1602 2842; x_wconf 81' lang='grc' dir='ltr'>ε)</span> <span class='ocrx_word' id='word_1_689' title='bbox 1622 2809 1709 2834; x_wconf 82' lang='lat' dir='ltr'>huius.</span> <span class='ocrx_word' id='word_1_690' title='bbox 1721 2822 1740 2833; x_wconf 60' lang='lat'>,-</span> <span class='ocrx_word' id='word_1_691' title='bbox 1753 2813 1872 2842; x_wconf 78' lang='lat' dir='ltr'>respectu</span> <span class='ocrx_word' id='word_1_692' title='bbox 1891 2810 1970 2835; x_wconf 77' lang='lat' dir='ltr'>huius</span> <span class='ocrx_word' id='word_1_693' title='bbox 1989 2810 2037 2835; x_wconf 90' lang='lat' dir='ltr'>DG</span> <span class='ocrx_word' id='word_1_694' title='bbox 2047 2818 2054 2841; x_wconf 86' lang='lat'>;</span> <span class='ocrx_word' id='word_1_695' title='bbox 2081 2809 2172 2835; x_wconf 79' lang='lat' dir='ltr'>odium</span> <span class='ocrx_word' id='word_1_696' title='bbox 2187 2814 2248 2842; x_wconf 83' lang='lat' dir='ltr'>post</span> <span class='ocrx_word' id='word_1_697' title='bbox 2269 2808 2403 2834; x_wconf 67' lang='lat' dir='ltr'>rationem</span> <span class='ocrx_word' id='word_1_698' title='bbox 2417 2814 2518 2841; x_wconf 79' lang='lat' dir='ltr'>ponunt</span> <span class='ocrx_word' id='word_1_699' title='bbox 2529 2806 2597 2836; x_wconf 71' lang='lat' dir='ltr'>ABG</span> 
     </span>
     <span class='ocr_line' id='line_1_106' title="bbox 1527 2844 2283 2877; baseline 0.001 -8"><span class='ocrx_word' id='word_1_700' title='bbox 1527 2845 1659 2877; x_wconf 76' lang='lat' dir='ltr'>EFHpr</span> <span class='ocrx_word' id='word_1_701' title='bbox 1678 2849 1704 2869; x_wconf 84' lang='lat' dir='ltr'>et</span> <span class='ocrx_word' id='word_1_702' title='bbox 1721 2851 1748 2875; x_wconf 71' lang='lat' dir='ltr'>n,</span> <span class='ocrx_word' id='word_1_703' title='bbox 1768 2849 1827 2869; x_wconf 67' lang='lat' dir='ltr'>unte</span> <span class='ocrx_word' id='word_1_704' title='bbox 1845 2845 1976 2870; x_wconf 72' lang='lat' dir='ltr'>rationem</span> <span class='ocrx_word' id='word_1_705' title='bbox 1995 2845 2014 2876; x_wconf 88' lang='lat'>1,</span> <span class='ocrx_word' id='word_1_706' title='bbox 2032 2849 2093 2870; x_wconf 74' lang='lat' dir='ltr'>arne</span> <span class='ocrx_word' id='word_1_707' title='bbox 2111 2844 2209 2870; x_wconf 70' lang='lat' dir='ltr'>habere</span> <span class='ocrx_word' id='word_1_708' title='bbox 2225 2844 2283 2869; x_wconf 72' lang='lat' dir='ltr'>DG-</span> 
     </span>
    </p>
   </div>
   <div class='ocr_carea' id='block_1_21' title="bbox 1078 2983 1908 3035">
    <p class='ocr_par' dir='ltr' id='par_1_33' title="bbox 1078 2983 1908 3035">
     <span class='ocr_line' id='line_1_107' title="bbox 1078 2983 1908 3035; baseline -0.002 -16"><span class='ocrx_word' id='word_1_709' title='bbox 1078 2985 1411 3019; x_wconf 72' lang='lat' dir='ltr'>commentaria</span> <span class='ocrx_word' id='word_1_710' title='bbox 1433 2984 1684 3035; x_wconf 72' lang='lat' dir='ltr'>Cardjnalis</span> <span class='ocrx_word' id='word_1_711' title='bbox 1707 2983 1908 3017; x_wconf 75' lang='lat' dir='ltr'>Caietam</span> 
     </span>
    </p>
   </div>
   <div class='ocr_carea' id='block_1_22' title="bbox 442 3055 2596 3097">
    <p class='ocr_par' dir='ltr' id='par_1_34' title="bbox 442 3055 2596 3097">
     <span class='ocr_line' id='line_1_108' title="bbox 442 3055 2596 3097; baseline 0 -11"><span class='ocrx_word' id='word_1_712' title='bbox 442 3065 462 3086; x_wconf 78' lang='lat' dir='ltr'>N</span> <span class='ocrx_word' id='word_1_713' title='bbox 485 3056 616 3086; x_wconf 87' lang='lat' dir='ltr'>articulo</span> <span class='ocrx_word' id='word_1_714' title='bbox 640 3056 752 3096; x_wconf 89' lang='lat' dir='ltr'>quinto</span> <span class='ocrx_word' id='word_1_715' title='bbox 775 3056 919 3087; x_wconf 86' lang='lat' dir='ltr'>eiusdem</span> <span class='ocrx_word' id='word_1_716' title='bbox 942 3057 1249 3097; x_wconf 76' lang='lat' dir='ltr'>trigesimaequartae</span> <span class='ocrx_word' id='word_1_717' title='bbox 1276 3055 1471 3097; x_wconf 70' lang='lat' dir='ltr'>quaestionis</span> <span class='ocrx_word' id='word_1_718' title='bbox 1521 3055 1626 3086; x_wconf 81' lang='lat' dir='ltr'>lariter</span> <span class='ocrx_word' id='word_1_719' title='bbox 1647 3055 1692 3087; x_wconf 89' lang='lat' dir='ltr'>ita</span> <span class='ocrx_word' id='word_1_720' title='bbox 1711 3062 1763 3087; x_wconf 73' lang='lat' dir='ltr'>est</span> <span class='ocrx_word' id='word_1_721' title='bbox 1789 3056 1878 3097; x_wconf 82' lang='lat' dir='ltr'>quod</span> <span class='ocrx_word' id='word_1_722' title='bbox 1901 3056 1940 3086; x_wconf 78' lang='lat' dir='ltr'>ab</span> <span class='ocrx_word' id='word_1_723' title='bbox 1964 3055 2074 3096; x_wconf 80' lang='lat' dir='ltr'>aliquo</span> <span class='ocrx_word' id='word_1_724' title='bbox 2095 3055 2187 3096; x_wconf 84' lang='lat' dir='ltr'>quod</span> <span class='ocrx_word' id='word_1_725' title='bbox 2208 3060 2259 3086; x_wconf 82' lang='lat' dir='ltr'>est</span> <span class='ocrx_word' id='word_1_726' title='bbox 2277 3055 2385 3086; x_wconf 84' lang='lat' dir='ltr'>minus</span> <span class='ocrx_word' id='word_1_727' title='bbox 2416 3055 2596 3087; x_wconf 66' lang='lat' dir='ltr'>sectandum</span> 
     </span>
    </p>
   </div>
   <div class='ocr_carea' id='block_1_23' title="bbox 444 3100 1470 3141">
    <p class='ocr_par' dir='ltr' id='par_1_35' title="bbox 444 3100 1470 3141">
     <span class='ocr_line' id='line_1_109' title="bbox 444 3100 1470 3141; baseline 0.001 -11"><span class='ocrx_word' id='word_1_728' title='bbox 444 3100 596 3130; x_wconf 82' lang='lat' dir='ltr'>Martinus</span> <span class='ocrx_word' id='word_1_729' title='bbox 611 3101 746 3131; x_wconf 86' lang='lat' dir='ltr'>occurrit</span> <span class='ocrx_word' id='word_1_730' title='bbox 759 3100 785 3136; x_wconf 88' lang='lat'>*‚</span> <span class='ocrx_word' id='word_1_731' title='bbox 809 3100 915 3141; x_wconf 84' lang='lat' dir='ltr'>primo</span> <span class='ocrx_word' id='word_1_732' title='bbox 939 3110 1073 3141; x_wconf 76' lang='lat' dir='ltr'>arguens</span> <span class='ocrx_word' id='word_1_733' title='bbox 1089 3107 1200 3131; x_wconf 70' lang='lat' dir='ltr'>contra</span> <span class='ocrx_word' id='word_1_734' title='bbox 1221 3100 1378 3131; x_wconf 75' lang='lat' dir='ltr'>rationem</span> <span class='ocrx_word' id='word_1_735' title='bbox 1394 3107 1470 3130; x_wconf 86' lang='lat' dir='ltr'>con-</span> 
     </span>
    </p>
   </div>
   <div class='ocr_carea' id='block_1_24' title="bbox 1523 3099 2597 3141">
    <p class='ocr_par' dir='ltr' id='par_1_36' title="bbox 1523 3099 2597 3141">
     <span class='ocr_line' id='line_1_110' title="bbox 1523 3099 2597 3141; baseline 0.002 -11"><span class='ocrx_word' id='word_1_736' title='bbox 1523 3106 1669 3131; x_wconf 79' lang='lat' dir='ltr'>naturam</span> <span class='ocrx_word' id='word_1_737' title='bbox 1688 3100 1796 3140; x_wconf 80' lang='lat' dir='ltr'>primo</span> <span class='ocrx_word' id='word_1_738' title='bbox 1809 3100 1977 3132; x_wconf 77' lang='lat' dir='ltr'>receditur.</span> <span class='ocrx_word' id='word_1_739' title='bbox 2008 3099 2070 3131; x_wconf 75' lang='lat' dir='ltr'>Sed</span> <span class='ocrx_word' id='word_1_740' title='bbox 2086 3109 2153 3131; x_wconf 86' lang='lat' dir='ltr'>non</span> <span class='ocrx_word' id='word_1_741' title='bbox 2169 3106 2298 3140; x_wconf 74' lang='lat' dir='ltr'>oportet</span> <span class='ocrx_word' id='word_1_742' title='bbox 2313 3100 2403 3141; x_wconf 88' lang='lat' dir='ltr'>quod</span> <span class='ocrx_word' id='word_1_743' title='bbox 2418 3110 2437 3131; x_wconf 77' lang='lat' dir='ltr'>a</span> <span class='ocrx_word' id='word_1_744' title='bbox 2451 3100 2597 3141; x_wconf 56' lang='lat' dir='ltr'>quoh&#39;lnt</span> 
     </span>
    </p>
   </div>
   <div class='ocr_carea' id='block_1_25' title="bbox 414 3143 2597 3186">
    <p class='ocr_par' dir='ltr' id='par_1_37' title="bbox 414 3143 2597 3186">
     <span class='ocr_line' id='line_1_111' title="bbox 414 3143 2597 3186; baseline 0.001 -12"><span class='ocrx_word' id='word_1_745' title='bbox 414 3144 577 3180; x_wconf 88' lang='lat' dir='ltr'>clusionis;</span> <span class='ocrx_word' id='word_1_746' title='bbox 602 3144 713 3175; x_wconf 87' lang='lat' dir='ltr'>deinde</span> <span class='ocrx_word' id='word_1_747' title='bbox 737 3145 863 3175; x_wconf 84' lang='lat' dir='ltr'>solvens</span> <span class='ocrx_word' id='word_1_748' title='bbox 887 3154 966 3175; x_wconf 79' lang='lat' dir='ltr'>eam.</span> <span class='ocrx_word' id='word_1_749' title='bbox 991 3145 1095 3182; x_wconf 80' lang='lat' dir='ltr'>Ratio,</span> <span class='ocrx_word' id='word_1_750' title='bbox 1119 3144 1233 3185; x_wconf 80' lang='lat' dir='ltr'>inquit,</span> <span class='ocrx_word' id='word_1_751' title='bbox 1256 3143 1473 3184; x_wconf 83' lang='lat' dir='ltr'>multipliciter</span> <span class='ocrx_word' id='word_1_752' title='bbox 1525 3144 1614 3185; x_wconf 85' lang='lat' dir='ltr'>quod</span> <span class='ocrx_word' id='word_1_753' title='bbox 1634 3150 1684 3175; x_wconf 82' lang='lat' dir='ltr'>est</span> <span class='ocrx_word' id='word_1_754' title='bbox 1696 3144 1805 3175; x_wconf 75' lang='lat' dir='ltr'>minus</span> <span class='ocrx_word' id='word_1_755' title='bbox 1827 3145 2004 3175; x_wconf 80' lang='lat' dir='ltr'>secundum</span> <span class='ocrx_word' id='word_1_756' title='bbox 2027 3150 2174 3175; x_wconf 77' lang='lat' dir='ltr'>naturam</span> <span class='ocrx_word' id='word_1_757' title='bbox 2189 3144 2296 3184; x_wconf 84' lang='lat' dir='ltr'>primo</span> <span class='ocrx_word' id='word_1_758' title='bbox 2319 3144 2484 3175; x_wconf 68' lang='lat' dir='ltr'>recedatur</span> <span class='ocrx_word' id='word_1_759' title='bbox 2496 3153 2597 3186; x_wconf 71' lang='lat' dir='ltr'>qum</span> 
     </span>
    </p>
   </div>
   <div class='ocr_carea' id='block_1_26' title="bbox 414 3187 1475 3582">
    <p class='ocr_par' dir='ltr' id='par_1_38' title="bbox 414 3187 1475 3535">
     <span class='ocr_line' id='line_1_112' title="bbox 415 3187 1474 3229; baseline 0 -11"><span class='ocrx_word' id='word_1_760' title='bbox 415 3187 526 3219; x_wconf 86' lang='lat' dir='ltr'>deficit.</span> <span class='ocrx_word' id='word_1_761' title='bbox 550 3188 666 3225; x_wconf 85' lang='lat' dir='ltr'>Primo,</span> <span class='ocrx_word' id='word_1_762' title='bbox 682 3189 757 3229; x_wconf 80' lang='lat' dir='ltr'>quia</span> <span class='ocrx_word' id='word_1_763' title='bbox 780 3198 846 3219; x_wconf 90' lang='lat' dir='ltr'>non</span> <span class='ocrx_word' id='word_1_764' title='bbox 863 3195 1017 3220; x_wconf 80' lang='lat' dir='ltr'>consonat</span> <span class='ocrx_word' id='word_1_765' title='bbox 1033 3189 1101 3219; x_wconf 79' lang='lat' dir='ltr'>aliis</span> <span class='ocrx_word' id='word_1_766' title='bbox 1121 3188 1219 3220; x_wconf 74' lang='lat' dir='ltr'>sancti</span> <span class='ocrx_word' id='word_1_767' title='bbox 1235 3188 1382 3219; x_wconf 77' lang='lat' dir='ltr'>Thomae</span> <span class='ocrx_word' id='word_1_768' title='bbox 1405 3187 1474 3228; x_wconf 82' lang='lat' dir='ltr'>opi-</span> 
     </span>
     <span class='ocr_line' id='line_1_113' title="bbox 414 3232 1473 3274; baseline 0 -12"><span class='ocrx_word' id='word_1_769' title='bbox 414 3232 573 3263; x_wconf 89' lang='lat' dir='ltr'>nionibus.</span> <span class='ocrx_word' id='word_1_770' title='bbox 602 3233 766 3269; x_wconf 80' lang='lat' dir='ltr'>Quoniam</span> <span class='ocrx_word' id='word_1_771' title='bbox 782 3242 856 3263; x_wconf 89' lang='lat' dir='ltr'>cum</span> <span class='ocrx_word' id='word_1_772' title='bbox 879 3233 940 3263; x_wconf 87' lang='lat' dir='ltr'>hoc</span> <span class='ocrx_word' id='word_1_773' title='bbox 957 3234 1047 3274; x_wconf 89' lang='lat' dir='ltr'>quod</span> <span class='ocrx_word' id='word_1_774' title='bbox 1063 3233 1195 3274; x_wconf 82' lang='lat' dir='ltr'>aliquod</span> <span class='ocrx_word' id='word_1_775' title='bbox 1207 3233 1322 3263; x_wconf 87' lang='lat' dir='ltr'>vitium</span> <span class='ocrx_word' id='word_1_776' title='bbox 1346 3238 1392 3263; x_wconf 79' lang='lat' dir='ltr'>est</span> <span class='ocrx_word' id='word_1_777' title='bbox 1405 3241 1473 3262; x_wconf 68' lang='lat' dir='ltr'>ma-</span> 
     </span>
     <span class='ocr_line' id='line_1_114' title="bbox 414 3276 1474 3317; baseline 0 -11"><span class='ocrx_word' id='word_1_778' title='bbox 414 3277 536 3306; x_wconf 85' lang='lat' dir='ltr'>ximum</span> <span class='ocrx_word' id='word_1_779' title='bbox 551 3276 583 3306; x_wconf 88' lang='lat' dir='ltr'>in</span> <span class='ocrx_word' id='word_1_780' title='bbox 598 3277 757 3316; x_wconf 85' lang='lat' dir='ltr'>gravitate,</span> <span class='ocrx_word' id='word_1_781' title='bbox 776 3283 836 3307; x_wconf 81' lang='lat' dir='ltr'>stat</span> <span class='ocrx_word' id='word_1_782' title='bbox 858 3277 947 3317; x_wconf 88' lang='lat' dir='ltr'>quod</span> <span class='ocrx_word' id='word_1_783' title='bbox 970 3277 1009 3308; x_wconf 92' lang='lat' dir='ltr'>sit</span> <span class='ocrx_word' id='word_1_784' title='bbox 1031 3277 1144 3308; x_wconf 89' lang='lat' dir='ltr'>vitium</span> <span class='ocrx_word' id='word_1_785' title='bbox 1163 3277 1304 3317; x_wconf 77' lang='lat' dir='ltr'>capitale.</span> <span class='ocrx_word' id='word_1_786' title='bbox 1328 3276 1413 3316; x_wconf 77' lang='lat' dir='ltr'>Ergo</span> <span class='ocrx_word' id='word_1_787' title='bbox 1437 3286 1474 3306; x_wconf 86' lang='lat' dir='ltr'>ex</span> 
     </span>
     <span class='ocr_line' id='line_1_115' title="bbox 415 3320 1475 3362; baseline 0 -12"><span class='ocrx_word' id='word_1_788' title='bbox 415 3321 562 3360; x_wconf 84' lang='lat' dir='ltr'>gravitate</span> <span class='ocrx_word' id='word_1_789' title='bbox 591 3320 655 3350; x_wconf 92' lang='lat' dir='ltr'>odii</span> <span class='ocrx_word' id='word_1_790' title='bbox 684 3331 750 3351; x_wconf 89' lang='lat' dir='ltr'>non</span> <span class='ocrx_word' id='word_1_791' title='bbox 773 3327 878 3361; x_wconf 89' lang='lat' dir='ltr'>potest</span> <span class='ocrx_word' id='word_1_792' title='bbox 907 3321 1053 3351; x_wconf 91' lang='lat' dir='ltr'>concludi</span> <span class='ocrx_word' id='word_1_793' title='bbox 1085 3321 1174 3362; x_wconf 92' lang='lat' dir='ltr'>quod</span> <span class='ocrx_word' id='word_1_794' title='bbox 1197 3321 1309 3351; x_wconf 88' lang='lat' dir='ltr'>odium</span> <span class='ocrx_word' id='word_1_795' title='bbox 1337 3330 1405 3351; x_wconf 85' lang='lat' dir='ltr'>non</span> <span class='ocrx_word' id='word_1_796' title='bbox 1428 3327 1475 3350; x_wconf 74' lang='lat' dir='ltr'>est</span> 
     </span>
     <span class='ocr_line' id='line_1_116' title="bbox 415 3364 1474 3406; baseline 0 -12"><span class='ocrx_word' id='word_1_797' title='bbox 415 3364 527 3394; x_wconf 89' lang='lat' dir='ltr'>vitium</span> <span class='ocrx_word' id='word_1_798' title='bbox 550 3365 689 3405; x_wconf 84' lang='lat' dir='ltr'>capitale.</span> <span class='ocrx_word' id='word_1_799' title='bbox 713 3381 734 3388; x_wconf 93' lang='lat'>-—</span> <span class='ocrx_word' id='word_1_800' title='bbox 758 3364 915 3401; x_wconf 86' lang='lat' dir='ltr'>Secundo,</span> <span class='ocrx_word' id='word_1_801' title='bbox 940 3365 1015 3406; x_wconf 85' lang='lat' dir='ltr'>quia</span> <span class='ocrx_word' id='word_1_802' title='bbox 1038 3365 1150 3396; x_wconf 88' lang='lat' dir='ltr'>vitium</span> <span class='ocrx_word' id='word_1_803' title='bbox 1175 3365 1282 3396; x_wconf 87' lang='lat' dir='ltr'>minus</span> <span class='ocrx_word' id='word_1_804' title='bbox 1304 3374 1396 3405; x_wconf 82' lang='lat' dir='ltr'>grave</span> <span class='ocrx_word' id='word_1_805' title='bbox 1420 3371 1474 3394; x_wconf 80' lang='lat' dir='ltr'>aut</span> 
     </span>
     <span class='ocr_line' id='line_1_117' title="bbox 417 3408 1473 3450; baseline 0 -12"><span class='ocrx_word' id='word_1_806' title='bbox 417 3415 521 3447; x_wconf 87' lang='lat' dir='ltr'>potest</span> <span class='ocrx_word' id='word_1_807' title='bbox 543 3408 616 3438; x_wconf 94' lang='lat' dir='ltr'>oriri</span> <span class='ocrx_word' id='word_1_808' title='bbox 640 3418 676 3438; x_wconf 89' lang='lat' dir='ltr'>ex</span> <span class='ocrx_word' id='word_1_809' title='bbox 699 3408 842 3448; x_wconf 80' lang='lat' dir='ltr'>graviori,</span> <span class='ocrx_word' id='word_1_810' title='bbox 867 3416 922 3440; x_wconf 84' lang='lat' dir='ltr'>aut</span> <span class='ocrx_word' id='word_1_811' title='bbox 945 3419 1020 3440; x_wconf 89' lang='lat' dir='ltr'>non.</span> <span class='ocrx_word' id='word_1_812' title='bbox 1044 3409 1077 3440; x_wconf 87' lang='lat' dir='ltr'>Si</span> <span class='ocrx_word' id='word_1_813' title='bbox 1101 3410 1154 3446; x_wconf 89' lang='lat' dir='ltr'>sic,</span> <span class='ocrx_word' id='word_1_814' title='bbox 1179 3418 1254 3450; x_wconf 88' lang='lat' dir='ltr'>ergo</span> <span class='ocrx_word' id='word_1_815' title='bbox 1284 3409 1372 3440; x_wconf 77' lang='lat' dir='ltr'>nulla</span> <span class='ocrx_word' id='word_1_816' title='bbox 1391 3408 1473 3439; x_wconf 81' lang='lat' dir='ltr'>ratio</span> 
     </span>
     <span class='ocr_line' id='line_1_118' title="bbox 418 3452 1471 3494; baseline 0.002 -12"><span class='ocrx_word' id='word_1_817' title='bbox 418 3452 500 3491; x_wconf 83' lang='lat' dir='ltr'>cogit</span> <span class='ocrx_word' id='word_1_818' title='bbox 523 3452 600 3492; x_wconf 91' lang='lat' dir='ltr'>quin</span> <span class='ocrx_word' id='word_1_819' title='bbox 623 3452 719 3482; x_wconf 90' lang='lat' dir='ltr'>simul</span> <span class='ocrx_word' id='word_1_820' title='bbox 741 3459 801 3483; x_wconf 90' lang='lat' dir='ltr'>stet</span> <span class='ocrx_word' id='word_1_821' title='bbox 814 3452 926 3483; x_wconf 91' lang='lat' dir='ltr'>odium</span> <span class='ocrx_word' id='word_1_822' title='bbox 950 3462 1016 3483; x_wconf 89' lang='lat' dir='ltr'>esse</span> <span class='ocrx_word' id='word_1_823' title='bbox 1031 3454 1253 3493; x_wconf 85' lang='lat' dir='ltr'>gravissimum</span> <span class='ocrx_word' id='word_1_824' title='bbox 1275 3460 1308 3484; x_wconf 84' lang='lat' dir='ltr'>et</span> <span class='ocrx_word' id='word_1_825' title='bbox 1330 3452 1471 3494; x_wconf 71' lang='lat' dir='ltr'>capit-le.</span> 
     </span>
     <span class='ocr_line' id='line_1_119' title="bbox 419 3495 874 3535; baseline 0.004 -10"><span class='ocrx_word' id='word_1_826' title='bbox 419 3495 450 3526; x_wconf 90' lang='lat' dir='ltr'>Si</span> <span class='ocrx_word' id='word_1_827' title='bbox 465 3505 540 3532; x_wconf 90' lang='lat' dir='ltr'>non,</span> <span class='ocrx_word' id='word_1_828' title='bbox 565 3505 639 3535; x_wconf 90' lang='lat' dir='ltr'>ergo</span> <span class='ocrx_word' id='word_1_829' title='bbox 656 3503 704 3527; x_wconf 93' lang='lat' dir='ltr'>tot</span> <span class='ocrx_word' id='word_1_830' title='bbox 726 3504 757 3527; x_wconf 84' lang='lat' dir='ltr'>et</span> <span class='ocrx_word' id='word_1_831' title='bbox 778 3503 874 3527; x_wconf 77' lang='lat' dir='ltr'>tanta.</span> 
     </span>
    </p>

    <p class='ocr_par' dir='ltr' id='par_1_39' title="bbox 473 3539 1473 3582">
     <span class='ocr_line' id='line_1_120' title="bbox 473 3539 1473 3582; baseline 0.003 -13"><span class='ocrx_word' id='word_1_832' title='bbox 473 3539 603 3576; x_wconf 88' lang='lat' dir='ltr'>Deinde,</span> <span class='ocrx_word' id='word_1_833' title='bbox 620 3541 772 3571; x_wconf 88' lang='lat' dir='ltr'>solvendo</span> <span class='ocrx_word' id='word_1_834' title='bbox 790 3540 954 3577; x_wconf 82' lang='lat' dir='ltr'>rationem,</span> <span class='ocrx_word' id='word_1_835' title='bbox 968 3541 1056 3572; x_wconf 89' lang='lat' dir='ltr'>dicit:</span> <span class='ocrx_word' id='word_1_836' title='bbox 1081 3555 1094 3569; x_wconf 75' lang='grc'>«</span> <span class='ocrx_word' id='word_1_837' title='bbox 1111 3541 1262 3572; x_wconf 90' lang='lat' dir='ltr'>Concedo</span> <span class='ocrx_word' id='word_1_838' title='bbox 1279 3541 1367 3582; x_wconf 86' lang='lat' dir='ltr'>quod</span> <span class='ocrx_word' id='word_1_839' title='bbox 1384 3550 1473 3581; x_wconf 83' lang='lat' dir='ltr'>regu—</span> 
     </span>
    </p>
   </div>
   <div class='ocr_carea' id='block_1_27' title="bbox 1526 3188 2596 3582">
    <p class='ocr_par' dir='ltr' id='par_1_40' title="bbox 1526 3188 2596 3264">
     <span class='ocr_line' id='line_1_121' title="bbox 1526 3188 2596 3229; baseline 0.001 -11"><span class='ocrx_word' id='word_1_840' title='bbox 1526 3188 1725 3229; x_wconf 73' lang='lat' dir='ltr'>perveniatur</span> <span class='ocrx_word' id='word_1_841' title='bbox 1738 3189 1780 3219; x_wconf 72' lang='lat' dir='ltr'>ad</span> <span class='ocrx_word' id='word_1_842' title='bbox 1796 3189 1958 3220; x_wconf 71' lang='lat' dir='ltr'>ultimum.</span> <span class='ocrx_word' id='word_1_843' title='bbox 1977 3189 2051 3219; x_wconf 89' lang='lat' dir='ltr'>Non</span> <span class='ocrx_word' id='word_1_844' title='bbox 2066 3188 2154 3219; x_wconf 81' lang='lat' dir='ltr'>enim</span> <span class='ocrx_word' id='word_1_845' title='bbox 2171 3194 2298 3229; x_wconf 70' lang='lat' dir='ltr'>oportet</span> <span class='ocrx_word' id='word_1_846' title='bbox 2310 3189 2495 3220; x_wconf 74' lang='lat' dir='ltr'>adulterum</span> <span class='ocrx_word' id='word_1_847' title='bbox 2507 3188 2596 3229; x_wconf 69' lang='lat' dir='ltr'>prins</span> 
     </span>
     <span class='ocr_line' id='line_1_122' title="bbox 1528 3232 2593 3264; baseline 0.002 -1"><span class='ocrx_word' id='word_1_848' title='bbox 1528 3233 1623 3264; x_wconf 83' lang='lat' dir='ltr'>fuisse</span> <span class='ocrx_word' id='word_1_849' title='bbox 1646 3232 1861 3264; x_wconf 75' lang='lat' dir='ltr'>fornicarium.</span> <span class='ocrx_word' id='word_1_850' title='bbox 1881 3246 1896 3262; x_wconf 78' lang='grc'>»</span> <span class='ocrx_word' id='word_1_851' title='bbox 2546 3248 2549 3253; x_wconf 52' lang='lat' dir='ltr'><strong><em>s</em></strong></span> <span class='ocrx_word' id='word_1_852' title='bbox 2581 3236 2593 3250; x_wconf 66' lang='lat'>&#39;³</span> 
     </span>
    </p>

    <p class='ocr_par' dir='ltr' id='par_1_41' title="bbox 1526 3275 2596 3582">
     <span class='ocr_line' id='line_1_123' title="bbox 1583 3275 2596 3318; baseline -0.001 -10"><span class='ocrx_word' id='word_1_853' title='bbox 1583 3277 1634 3307; x_wconf 87' lang='lat' dir='ltr'>Ad</span> <span class='ocrx_word' id='word_1_854' title='bbox 1657 3277 1776 3308; x_wconf 83' lang='lat' dir='ltr'>horum</span> <span class='ocrx_word' id='word_1_855' title='bbox 1799 3277 1940 3317; x_wconf 76' lang='lat' dir='ltr'>primum</span> <span class='ocrx_word' id='word_1_856' title='bbox 1969 3277 2086 3308; x_wconf 80' lang='lat' dir='ltr'>dicitur</span> <span class='ocrx_word' id='word_1_857' title='bbox 2111 3277 2202 3318; x_wconf 89' lang='lat' dir='ltr'>quod</span> <span class='ocrx_word' id='word_1_858' title='bbox 2230 3283 2419 3317; x_wconf 81' lang='lat' dir='ltr'>argumenta</span> <span class='ocrx_word' id='word_1_859' title='bbox 2445 3275 2500 3307; x_wconf 72' lang='lat' dir='ltr'>iun</span> <span class='ocrx_word' id='word_1_860' title='bbox 2527 3285 2596 3308; x_wconf 72' lang='lat' dir='ltr'>no·</span> 
     </span>
     <span class='ocr_line' id='line_1_124' title="bbox 1528 3320 2595 3361; baseline 0.001 -11"><span class='ocrx_word' id='word_1_861' title='bbox 1528 3327 1602 3351; x_wconf 90' lang='lat' dir='ltr'>sunt</span> <span class='ocrx_word' id='word_1_862' title='bbox 1625 3328 1732 3352; x_wconf 81' lang='lat' dir='ltr'>contra</span> <span class='ocrx_word' id='word_1_863' title='bbox 1748 3321 1830 3352; x_wconf 76' lang='lat' dir='ltr'>hanc</span> <span class='ocrx_word' id='word_1_864' title='bbox 1850 3321 1997 3359; x_wconf 77' lang='lat' dir='ltr'>litteram,</span> <span class='ocrx_word' id='word_1_865' title='bbox 2015 3324 2051 3352; x_wconf 84' lang='lat' dir='ltr'>ut</span> <span class='ocrx_word' id='word_1_866' title='bbox 2070 3330 2207 3361; x_wconf 74' lang='lat' dir='ltr'>arguens</span> <span class='ocrx_word' id='word_1_867' title='bbox 2223 3320 2404 3352; x_wconf 66' lang='lat' dir='ltr'>somniavit.</span> <span class='ocrx_word' id='word_1_868' title='bbox 2429 3320 2595 3357; x_wconf 65' lang='lat' dir='ltr'>Quonim</span> 
     </span>
     <span class='ocr_line' id='line_1_125' title="bbox 1526 3364 2594 3406; baseline 0 -11"><span class='ocrx_word' id='word_1_869' title='bbox 1526 3367 1648 3395; x_wconf 81' lang='lat' dir='ltr'>Auctor</span> <span class='ocrx_word' id='word_1_870' title='bbox 1672 3375 1737 3396; x_wconf 90' lang='lat' dir='ltr'>non</span> <span class='ocrx_word' id='word_1_871' title='bbox 1761 3375 1798 3396; x_wconf 88' lang='lat' dir='ltr'>ex</span> <span class='ocrx_word' id='word_1_872' title='bbox 1819 3365 2004 3397; x_wconf 78' lang='lat' dir='ltr'>excellentia</span> <span class='ocrx_word' id='word_1_873' title='bbox 2031 3364 2208 3406; x_wconf 72' lang='lat' dir='ltr'>gravitatis,</span> <span class='ocrx_word' id='word_1_874' title='bbox 2228 3365 2288 3396; x_wconf 71' lang='lat' dir='ltr'>sed</span> <span class='ocrx_word' id='word_1_875' title='bbox 2308 3374 2348 3396; x_wconf 63' lang='lat' dir='ltr'>a</span> <span class='ocrx_word' id='word_1_876' title='bbox 2369 3364 2483 3395; x_wconf 64' lang='lat' dir='ltr'>ordine</span> <span class='ocrx_word' id='word_1_877' title='bbox 2505 3364 2594 3395; x_wconf 71' lang='lat' dir='ltr'>deie-</span> 
     </span>
     <span class='ocr_line' id='line_1_126' title="bbox 1528 3407 2594 3450; baseline 0 -11"><span class='ocrx_word' id='word_1_878' title='bbox 1528 3408 1640 3439; x_wconf 79' lang='lat' dir='ltr'>ctionis</span> <span class='ocrx_word' id='word_1_879' title='bbox 1669 3409 1864 3440; x_wconf 82' lang='lat' dir='ltr'>naturalium</span> <span class='ocrx_word' id='word_1_880' title='bbox 1893 3410 2126 3450; x_wconf 80' lang='lat' dir='ltr'>perfectionum</span> <span class='ocrx_word' id='word_1_881' title='bbox 2164 3408 2308 3440; x_wconf 69' lang='lat' dir='ltr'>ordinate</span> <span class='ocrx_word' id='word_1_882' title='bbox 2343 3418 2376 3439; x_wconf 74' lang='lat' dir='ltr'>se</span> <span class='ocrx_word' id='word_1_883' title='bbox 2405 3407 2594 3439; x_wconf 71' lang='lat' dir='ltr'>habentium</span> 
     </span>
     <span class='ocr_line' id='line_1_127' title="bbox 1526 3451 2594 3493; baseline -0.001 -10"><span class='ocrx_word' id='word_1_884' title='bbox 1526 3452 1678 3493; x_wconf 80' lang='lat' dir='ltr'>procedit,</span> <span class='ocrx_word' id='word_1_885' title='bbox 1700 3460 1733 3484; x_wconf 87' lang='lat' dir='ltr'>et</span> <span class='ocrx_word' id='word_1_886' title='bbox 1754 3454 1918 3485; x_wconf 84' lang='lat' dir='ltr'>concludit</span> <span class='ocrx_word' id='word_1_887' title='bbox 1939 3454 2055 3488; x_wconf 86' lang='lat' dir='ltr'>odium</span> <span class='ocrx_word' id='word_1_888' title='bbox 2076 3463 2143 3485; x_wconf 81' lang='lat' dir='ltr'>noo</span> <span class='ocrx_word' id='word_1_889' title='bbox 2166 3463 2235 3484; x_wconf 67' lang='lat' dir='ltr'>esse</span> <span class='ocrx_word' id='word_1_890' title='bbox 2256 3453 2372 3484; x_wconf 71' lang='lat' dir='ltr'>vitium</span> <span class='ocrx_word' id='word_1_891' title='bbox 2395 3451 2537 3492; x_wconf 57' lang='lat' dir='ltr'>capitale,</span> <span class='ocrx_word' id='word_1_892' title='bbox 2556 3456 2594 3482; x_wconf 68' lang='lat' dir='ltr'>u!</span> 
     </span>
     <span class='ocr_line' id='line_1_128' title="bbox 1526 3495 2594 3538; baseline -0.001 -11"><span class='ocrx_word' id='word_1_893' title='bbox 1526 3497 1607 3527; x_wconf 74' lang='lat' dir='ltr'>clare</span> <span class='ocrx_word' id='word_1_894' title='bbox 1629 3503 1715 3537; x_wconf 75' lang='lat' dir='ltr'>patet</span> <span class='ocrx_word' id='word_1_895' title='bbox 1735 3497 1769 3527; x_wconf 87' lang='lat' dir='ltr'>in</span> <span class='ocrx_word' id='word_1_896' title='bbox 1791 3497 1904 3530; x_wconf 79' lang='lat' dir='ltr'>littera.</span> <span class='ocrx_word' id='word_1_897' title='bbox 1927 3499 1974 3529; x_wconf 85' lang='lat' dir='ltr'>Ex</span> <span class='ocrx_word' id='word_1_898' title='bbox 1997 3499 2060 3529; x_wconf 85' lang='lat' dir='ltr'>hoe</span> <span class='ocrx_word' id='word_1_899' title='bbox 2083 3506 2223 3538; x_wconf 70' lang='lat' dir='ltr'>namque</span> <span class='ocrx_word' id='word_1_900' title='bbox 2246 3497 2336 3538; x_wconf 86' lang='lat' dir='ltr'>quod</span> <span class='ocrx_word' id='word_1_901' title='bbox 2358 3495 2460 3536; x_wconf 67' lang='lat' dir='ltr'>magis</span> <span class='ocrx_word' id='word_1_902' title='bbox 2480 3504 2594 3526; x_wconf 63' lang='lat' dir='ltr'>”mn-</span> 
     </span>
     <span class='ocr_line' id='line_1_129' title="bbox 1529 3539 2591 3582; baseline -0.001 -11"><span class='ocrx_word' id='word_1_903' title='bbox 1529 3541 1606 3571; x_wconf 88' lang='lat' dir='ltr'>dum</span> <span class='ocrx_word' id='word_1_904' title='bbox 1630 3548 1776 3572; x_wconf 84' lang='lat' dir='ltr'>naturam</span> <span class='ocrx_word' id='word_1_905' title='bbox 1791 3549 1838 3573; x_wconf 89' lang='lat' dir='ltr'>est</span> <span class='ocrx_word' id='word_1_906' title='bbox 1860 3542 2011 3582; x_wconf 86' lang='lat' dir='ltr'>perfectio</span> <span class='ocrx_word' id='word_1_907' title='bbox 2027 3541 2205 3573; x_wconf 80' lang='lat' dir='ltr'>dilectionis</span> <span class='ocrx_word' id='word_1_908' title='bbox 2220 3541 2279 3572; x_wconf 77' lang='lat' dir='ltr'>Dei</span> <span class='ocrx_word' id='word_1_909' title='bbox 2293 3547 2327 3572; x_wconf 75' lang='lat' dir='ltr'>et</span> <span class='ocrx_word' id='word_1_910' title='bbox 2340 3539 2478 3581; x_wconf 78' lang='lat' dir='ltr'>proximi</span> <span class='ocrx_word' id='word_1_911' title='bbox 2493 3549 2591 3580; x_wconf 67' lang='lat' dir='ltr'>quun</span> 
     </span>
    </p>
   </div>
   <div class='ocr_carea' id='block_1_28' title="bbox 2628 1394 2837 1418">
    <p class='ocr_par' dir='ltr' id='par_1_42' title="bbox 2628 1394 2837 1418">
     <span class='ocr_line' id='line_1_130' title="bbox 2628 1394 2837 1418; baseline 0.005 -2"><span class='ocrx_word' id='word_1_912' title='bbox 2628 1394 2711 1416; x_wconf 62' lang='lat' dir='ltr'>&#39;Texn</span> <span class='ocrx_word' id='word_1_913' title='bbox 2717 1395 2747 1418; x_wconf 83' lang='grc'>18.</span> <span class='ocrx_word' id='word_1_914' title='bbox 2752 1406 2762 1412; x_wconf 88' lang='lat'><strong>·</strong></span> <span class='ocrx_word' id='word_1_915' title='bbox 2767 1394 2837 1418; x_wconf 83' lang='lat' dir='ltr'>s.·rh.</span> 
     </span>
    </p>
   </div>
   <div class='ocr_carea' id='block_1_29' title="bbox 2627 1421 2716 1443">
    <p class='ocr_par' dir='ltr' id='par_1_43' title="bbox 2627 1421 2716 1443">
     <span class='ocr_line' id='line_1_131' title="bbox 2627 1421 2716 1443; baseline 0.011 -1"><span class='ocrx_word' id='word_1_916' title='bbox 2627 1421 2680 1443; x_wconf 77' lang='lat' dir='ltr'>leet.</span> <span class='ocrx_word' id='word_1_917' title='bbox 2693 1427 2716 1443; x_wconf 80' lang='lat' dir='ltr'>v.</span> 
     </span>
    </p>
   </div>
   <div class='ocr_carea' id='block_1_30' title="bbox 2625 1714 2796 1788">
    <p class='ocr_par' dir='ltr' id='par_1_44' title="bbox 2625 1714 2796 1788">
     <span class='ocr_line' id='line_1_132' title="bbox 2625 1714 2750 1742; baseline 0 -6"><span class='ocrx_word' id='word_1_918' title='bbox 2625 1715 2636 1726; x_wconf 75' lang='lat'>⁸</span> <span class='ocrx_word' id='word_1_919' title='bbox 2650 1714 2678 1736; x_wconf 89' lang='lat' dir='ltr'>D.</span> <span class='ocrx_word' id='word_1_920' title='bbox 2693 1720 2750 1742; x_wconf 82' lang='lat'>¹¹7⁹-</span> 
     </span>
     <span class='ocr_line' id='line_1_133' title="bbox 2625 1758 2796 1788; baseline 0 -8"><span class='ocrx_word' id='word_1_921' title='bbox 2625 1759 2636 1770; x_wconf 79' lang='lat'><strong>·</strong></span> <span class='ocrx_word' id='word_1_922' title='bbox 2650 1758 2677 1780; x_wconf 86' lang='lat' dir='ltr'>In</span> <span class='ocrx_word' id='word_1_923' title='bbox 2691 1764 2796 1788; x_wconf 80' lang='lat' dir='ltr'>corpore.</span> 
     </span>
    </p>
   </div>
   <div class='ocr_carea' id='block_1_31' title="bbox 2722 1824 2741 1851">
    <p class='ocr_par' dir='ltr' id='par_1_45' title="bbox 2722 1824 2741 1851">
     <span class='ocr_line' id='line_1_134' title="bbox 2722 1824 2741 1851; baseline 0 0"><span class='ocrx_word' id='word_1_924' title='bbox 2722 1824 2741 1851; x_wconf 78' lang='grc' dir='ltr'><strong>Υ</strong></span> 
     </span>
    </p>
   </div>
   <div class='ocr_carea' id='block_1_32' title="bbox 2868 2650 2892 3949">
    <p class='ocr_par' dir='ltr' id='par_1_46' title="bbox 2868 2650 2892 3949">
     <span class='ocr_line' id='line_1_135' title="bbox 2868 2650 2892 3949; baseline 0 0"><span class='ocrx_word' id='word_1_925' title='bbox 2868 2650 2892 3949; x_wconf 95' lang='lat' dir='ltr'> </span> 
     </span>
    </p>
   </div>
   <div class='ocr_carea' id='block_1_33' title="bbox 2884 979 2892 1268">
    <p class='ocr_par' dir='ltr' id='par_1_47' title="bbox 2884 979 2892 1268">
     <span class='ocr_line' id='line_1_136' title="bbox 2884 979 2892 1148; baseline 0 0"><span class='ocrx_word' id='word_1_926' title='bbox 2884 979 2892 1148; x_wconf 71' lang='lat' dir='ltr'>i</span> 
     </span>
     <span class='ocr_line' id='line_1_137' title="bbox 2885 1149 2892 1268; baseline 0 0"><span class='ocrx_word' id='word_1_927' title='bbox 2885 1149 2892 1268; x_wconf 53' lang='grc' dir='ltr'>ἐ</span> 
     </span>
    </p>
   </div>
  </div>
 </body>
</html>
