2892 4056
1017 185 1282 231 QUAESTIO
1312 186 1467 233 XLVII,
1497 186 1792 224 ARTICULUS
1822 187 1873 223 IV

362 262 520 310 quidem
549 268 585 298 et
612 261 867 310 principaliter
895 269 950 298 est
976 262 1268 300 universalium:
1297 271 1421 312 potest
1446 266 1449 272 '

359 322 491 352 tamen
527 314 760 351 universales
798 314 962 352 rationes
999 315 1046 352 ad
1083 316 1320 363 particularia
1356 328 1421 365 ap-

126 378 136 387 ’
152 377 178 398 D·
193 383 240 405 453,
256 382 302 404 753-

315 470 318 476 '
363 474 459 519 res);
497 472 587 520 quia
614 473 823 509 intellectus
857 484 926 521 per
953 473 1146 521 quandam
1176 474 1422 511 reflexionem

361 537 403 562 se
440 524 490 562 ad
524 526 720 562 materiam
760 525 940 572 extendit,
973 532 1014 562 ut
1046 525 1179 562 dicitur
1215 527 1253 563 in
1292 528 1340 563 III
1378 527 1424 564 de

125 583 201 632 {aa
213 589 336 632 'mic
361 578 503 614 Anima
521 577 552 614 *-

142 626 149 631 ”
202 626 208 631 '
267 626 272 632 ’
329 626 335 632 ’
415 632 474 667 AD
494 642 684 668 SECUNDUM
703 641 888 667 morannum
907 629 1014 677 quod
1041 629 1131 678 quia
1159 630 1323 668 infinitas
1351 631 1425 668 sin-

361 683 550 731 gularium
565 695 643 720 non
658 691 782 732 potest
797 682 942 720 ratione
956 682 1124 719 humana
1140 684 1423 732 comprehendi,
1451 687 1453 707 ³

361 736 451 773 inde
471 744 527 773 est
554 735 661 784 quod
689 743 777 772 sunt
794 735 959 772 incertae
980 735 1240 782 providentiae
1263 743 1423 782 nostrae,

125 795 133 802 ·
149 793 263 820 vers-14·
362 796 403 825 ut
431 788 566 826 dieitur
585 790 672 836 Sap.
694 800 729 825 1x
746 789 778 824 *.
799 788 951 824 Tamen
970 799 1039 835 per
1060 788 1332 836 experientiam
1352 789 1426 826 sin-

362 367 501 416 plicare
520 367 540 388 *
566 369 683 413 (unde
717 367 1023 415 syllogismorum
1053 369 1316 406 conclusiones
1344 381 1422 406 non
1448 385 1450 402 z

363 420 488 456 solum
530 428 617 456 sunt
657 419 893 457 universales
909 449 918 467 ‚
961 420 1028 457 sed
1071 421 1183 458 etiam
1224 419 1450 470 particula-²

361 841 504 889 gularia
530 841 678 879 infinita
705 841 938 877 reducuntur
965 839 1014 876 ad
1042 840 1169 888 aliqua
1196 841 1303 878 finita
1327 854 1426 889 quae
1452 849 1454 853 '

2455 189 2531 224 351

1474 272 1516 300 ut
1544 264 1582 300 in
1609 265 1780 313 pluribus
1808 265 1996 312 accidunt,
2017 277 2183 314 quorum
2207 266 2370 313 cognitio
2399 266 2536 303 sufficit

1476 317 1525 354 ad
1553 317 1793 365 prudentiam
1822 318 2044 355 humanam.

1530 371 1588 406 AD
1616 381 1776 407 TERTluM
1804 382 1990 408 monimum
2019 370 2136 419 quod,
2158 370 2254 407 sicut
2280 370 2538 419 Philosophus

1478 422 1586 469 dicit,
1614 422 1652 459 in
1679 423 1730 459 Vl
1759 424 1878 460 Ethic.
1909 423 1945 470 ²¹²,
1971 423 2171 472 prudentia
2198 435 2277 460 non
2306 423 2474 460 consistit
2501 423 2539 460 in

1477 487 1591 512 sensu
1620 475 1806 522 exteriori,
1828 488 1904 524 quo
1935 476 2205 523 cognoscimus
2233 476 2425 513 sensibilia
2453 489 2540 524 pro-

1477 527 1581 576 pria:
1611 528 1679 564 sed
1711 528 1750 565 in
1786 541 1900 565 sensu
1934 527 2121 575 interiori,
2152 529 2216 576 qui
2249 529 2444 578 perficitur
2471 541 2542 577 per

1478 580 1708 617 memoriam
1729 588 1764 617 et
1785 581 2086 629 experimentum
2105 581 2155 618 ad
2173 589 2351 630 prompte
2371 581 2542 619 iudican-

1479 633 1573 670 dum
1603 634 1650 671 de
1679 633 1967 681 particularibus
2002 634 2176 682 expertis.
2214 635 2306 671 Non
2334 642 2465 671 tamen
2493 634 2542 670 ita

1480 685 1585 734 quod
1604 686 1804 734 prudentia
1820 686 1866 723 sit
1883 687 1921 723 in
1940 698 2054 723 sensu
2068 686 2237 724 interiori
2251 686 2346 724 sicut
2364 688 2403 724 in
2418 687 2542 724 subie-

1480 745 1541 775 cto
1569 738 1785 787 principali:
1816 739 1884 776 sed
1902 739 2157 788 principaliter
2176 740 2333 787 quidem
2354 747 2410 777 est
2426 740 2467 776 in
2486 752 2543 776 ra-

1479 791 1596 837 tione,
1615 804 1684 840 per
1703 791 1898 840 quandam
1928 799 2057 829 autem
2082 792 2376 841 applicationem
2405 792 2543 841 pertin-

1480 843 1532 890 git
1559 843 1608 880 ad
1636 843 1855 881 huiusmodi
1884 856 2052 882 sensum.

1036 925 1369 958 Commentaria
1391 928 1642 960 Cardinalis
1666 930 1868 962 Caietam

364 1007 411 1070 Iu
434 995 567 1028 articulo
590 995 694 1032 tertio,
717 994 751 1025 in
774 994 983 1034 responsione
1012 994 1052 1024 ad
1075 995 1272 1031 secundum,
1297 996 1424 1027 adverte
1450 999 1452 1028 ¹,
1478 1008 1560 1038 quae
1584 1007 1787 1029 consummat
1812 999 1990 1030 discursum
2015 1000 2053 1030 de
2072 999 2295 1039 singularibus·
2320 1000 2404 1040 Ergo
2420 999 2452 1030 in
2476 1000 2545 1040 ipsa

391 1040 480 1083 quod
504 1039 661 1070 certitudo
684 1037 871 1078 prudentiae
895 1045 943 1069 est
958 1037 1085 1078 duplex.
1109 1038 1277 1076 Quaedam
1299 1039 1332 1070 in
1356 1040 1425 1070 sola

361 1095 399 1116 co
423 1083 544 1114 nitione
573 1082 759 1114 consistens.
789 1082 830 1112 Et
852 1082 931 1112 haec
959 1082 993 1112 in
1024 1082 1192 1113 universali
1221 1083 1351 1124 quidem
1381 1091 1427 1114 est

361 1138 378 1159 e
399 1125 403 1130 “
421 1137 472 1159 em
495 1136 570 1157 cum
593 1126 779 1157 certitudine
802 1126 949 1156 scientiae
971 1126 1112 1163 moralis,
1138 1126 1228 1157 cuius
1251 1127 1427 1158 universale

360 1179 408 1203 est
429 1181 542 1202 verum
564 1177 600 1201 ut
622 1171 656 1201 in
679 1170 835 1210 pluribus.
860 1171 895 1200 In
915 1170 1095 1210 particulari
1118 1177 1226 1201 autem
1246 1182 1312 1202 non
1339 1182 1427 1203 exce-

361 1217 407 1247 dit
429 1215 652 1246 certitudinem
675 1214 856 1255 opinionis,
881 1224 956 1245 cum
980 1214 1018 1244 de
1042 1214 1156 1245 futuris
1187 1216 1350 1247 concludit
1373 1223 1428 1247 aut

359 1259 553 1302 absentibus.
577 1259 618 1291 Et
639 1259 718 1290 haec
741 1268 807 1290 non
831 1265 878 1289 est
900 1258 1029 1299 propria
1051 1259 1248 1299 prudentiae.

289 1322 295 1324 -
332 1316 350 1322 ⁷
414 1301 582 1342 Quaedam
600 1309 709 1334 autem
732 1309 779 1333 est
801 1301 957 1333 certitudo
990 1303 1145 1342 practicae
1167 1303 1319 1340 veritatis,
1343 1314 1426 1345 quae
1451 1323 1452 1326 =

123 1352 334 1391 2⁴2⁰&um
361 1348 507 1380 consistit
524 1348 557 1378 in
577 1346 751 1388 confesse*
769 1356 805 1378 se
817 1347 934 1378 habere
948 1348 1103 1387 appetitui
1117 1353 1203 1378 recto
1218 1347 1262 1378 **.
1289 1349 1331 1379 Et
1348 1349 1426 1379 haec

122 1378 334 1434 ιιῇῗῗίὲιξωιῖ,
361 1399 408 1424 est
430 1392 560 1433 propria
581 1391 777 1432 prudentiae,
801 1400 882 1432 quae
906 1401 973 1421 non
995 1391 1028 1421 in
1052 1391 1120 1421 sola
1135 1391 1257 1422 ratione
1272 1392 1426 1424 consistit.

122 1437 218 1481 {gast}
239 1431 263 1455 ⁸·
287 1431 333 1454 Τι’·
359 1438 402 1469 Et
425 1437 496 1468 talis
518 1436 674 1467 certitudo
698 1445 824 1475 semper
839 1436 927 1466 adest
949 1435 1146 1475 prudentiae,
1163 1435 1257 1466 etiam
1280 1443 1425 1476 respectu

359 1480 570 1522 singularium
599 1479 779 1511 absentium
809 1486 840 1510 et
862 1479 1056 1510 futurorum.
1090 1480 1254 1517 Quoniam
1284 1482 1426 1520 prudens

358 1524 556 1567 praecipiens
578 1524 624 1556 sic
646 1523 808 1564 agendum
831 1533 890 1563 pro
913 1523 1085 1564 republica,
1110 1525 1256 1564 quamvis
1272 1535 1339 1555 non
1355 1535 1426 1555 eve-

360 1569 427 1602 niat
444 1569 585 1600 intentus
607 1567 680 1599 finis
695 1574 750 1599 aut
764 1567 958 1608 impediatur
975 1568 1068 1604 actim
1085 1568 1179 1599 habet
1194 1575 1301 1599 tamen
1319 1576 1426 1600 actum

359 1613 518 1655 praecepti
540 1612 754 1649 verissimum,
778 1612 941 1652 optimum
964 1619 995 1643 et
1018 1618 1154 1648 certum,
1178 1619 1291 1653 utpote
1314 1623 1426 1644 conso-

358 1657 579 1691 num-rationi
602 1663 633 1688 et
655 1656 811 1697 appetitui
833 1656 934 1687 rectis.
957 1656 1116 1687 Dicuntur
1130 1663 1237 1688 autem
1257 1657 1426 1698 providen-

360 1702 422 1734 tiae
445 1708 571 1732 nostrae
594 1702 735 1732 incertae
757 1708 787 1731 et
807 1707 938 1741 propter
959 1700 1215 1732 incertitudinem
1239 1708 1380 1739 eventus,
1397 1709 1428 1732 et

360 1753 492 1788 propter
515 1745 641 1777 occulta
664 1744 770 1775 nobis.

416 1790 455 1820 Π.
481 1790 515 1820 In
539 1789 747 1829 responsione
771 1788 810 1818 ad
830 1787 959 1821 tertium
975 1788 1072 1819 habes
1087 1789 1176 1829 quod
1199 1789 1366 1828 prudentia
1381 1796 1428 1820 est

360 1834 575 1876 principaliter
589 1834 622 1863 in
637 1833 769 1868 ratione,
786 1832 975 1863 secundario
992 1839 1099 1863 autem
1114 1833 1146 1862 in
1162 1833 1340 1873 cogitativa.
1365 1833 1427 1864 Sed

361 1879 424 1909 hoc
454 1878 549 1908 habet
579 1877 810 1918 quaestionem.
844 1877 928 1914 Quia
955 1876 988 1906 in
1022 1877 1076 1907 illa
1107 1877 1249 1917 potentia
1278 1878 1427 1917 ponenda

361 1929 410 1953 est
427 1922 640 1963 principaliter
659 1921 828 1961 prudentia
851 1921 942 1951 cuius
966 1927 1013 1951 est
1034 1921 1223 1961 praecipuus
1242 1921 1428 1961 prudentiae

362 1973 460 1997 actus.
485 1966 546 1997 Sed
562 1965 752 2006 praecipuus
769 1971 857 1996 actus
873 1964 1059 2005 prudentiae
1083 1971 1129 1996 est
1143 1972 1348 2006 praeceptum
1366 1966 1428 1995 sin-

362 2011 470 2051 gulare
494 2020 629 2051 sequens
653 2010 812 2040 minorem
835 2009 1040 2049 singularem.
1063 2010 1151 2040 Haec
1167 2017 1274 2040 autem
1290 2010 1429 2049 singula-

362 2055 408 2087 ria
430 2061 574 2095 spectant
596 2054 636 2084 ad
659 2054 863 2094 cogitativam
887 2053 1013 2084 directe.

362 2142 482 2175 mativa
498 2142 618 2184 operis:
643 2143 728 2172 unde
751 2141 961 2182 temperantia
976 2141 1108 2181 ponitur
1125 2141 1156 2171 in
1175 2141 1429 2182 concupiscibili;

362 2193 396 2219 et
416 2186 621 2222 continentia,
637 2196 720 2227 quae
743 2195 810 2216 non
830 2193 877 2216 est
895 2185 928 2215 in
951 2185 1015 2222 illa,
1033 2195 1098 2215 non
1116 2193 1163 2216 est
1184 2186 1293 2222 virtus,
1318 2195 1431 2226 quarn-
1455 2196 1457 2225 3

362 2231 411 2262 vis
431 2237 516 2262 recte
538 2231 688 2271 disponat
716 2236 840 2270 partem
870 2229 1078 2270 superiorem.
1109 2229 1170 2260 Sed
1194 2229 1361 2270 cogitativa
1384 2236 1431 2260 est

1502 1042 1628 1072 onenda
1653 1049 1708 1073 est.

1478 1052 1499 1082 p
1534 1086 1586 1116 111.
1602 1086 1653 1116 Ad
1668 1087 1730 1116 hoc
1747 1086 1862 1116 dicitur
1880 1087 1979 1128 quod,
1997 1093 2126 1127 propter
2142 1087 2278 1117 rationes
2294 1086 2400 1123 dictas,
2419 1094 2546 1127 oportet

1478 1135 1543 1159 tam
1559 1130 1592 1160 in
1609 1130 1770 1160 intellectu
1788 1140 1886 1170 quam
1906 1130 2074 1170 cogitativa
2089 1141 2207 1170 ponere
2223 1131 2367 1161 habitum
2383 1141 2449 1171 quo
2465 1132 2545 1162 bene

1451 1197 1452 1204 ,
1478 1173 1667 1214 disponatur
1690 1175 1729 1204 ad
1753 1174 1939 1214 prudentiae
1963 1182 2061 1205 actuS.
2098 1175 2138 1205 Et
2161 1175 2234 1205 licet
2257 1176 2432 1205 secundum
2456 1176 2545 1215 quod

1478 1225 1608 1258 apparet
1630 1218 1673 1249 VI
1696 1219 1812 1255 Ethic„
1837 1229 1905 1258 cap.
1932 1230 1940 1248 1
1969 1219 1986 1237 *
2010 1226 2040 1249 et
2064 1229 2131 1258 cap.
2157 1219 2277 1259 penult.
2301 1219 2344 1255 **‚
2369 1219 2545 1250 intellectus

1477 1262 1617 1298 scientia,
1643 1268 1673 1292 et
1695 1262 1728 1292 in
1752 1263 1919 1302 proposito
1948 1263 2076 1299 morali;
2102 1263 2270 1303 cogitativa
2298 1270 2405 1294 autem
2436 1263 2544 1294 habitu

1478 1306 1559 1337 circa
1582 1306 1752 1346 singularia
1770 1306 1964 1338 intellectivo
1990 1314 2021 1338 et
2042 1307 2263 1338 ratiocinativo
2283 1306 2470 1347 perficiatur,
2486 1318 2546 1347 pro

1478 1357 1601 1391 quanto
1625 1357 1706 1381 recte
1726 1350 1844 1381 iudicat
1868 1351 1906 1381 de
1929 1351 1992 1381 fine
2008 1351 2158 1391 singulari
2182 1358 2213 1382 et
2236 1358 2317 1382 recte
2341 1351 2492 1392 praecipit
2507 1352 2546 1382 de

1477 1394 1629 1435 singulari
1653 1403 1764 1435 opere;
1789 1405 1825 1425 ac
1849 1405 1905 1435 per
1927 1395 1990 1426 hoc
2013 1395 2181 1435 prudentia
2205 1395 2419 1435 principaliter
2441 1396 2546 1426 videa-

1478 1445 1530 1469 tur
1553 1448 1620 1469 esse
1643 1438 1676 1468 in
1700 1438 1883 1478 cogitativa:
1918 1440 2096 1470 secundum
2120 1446 2226 1470 tamen
2256 1440 2405 1470 Auctoris
2429 1440 2545 1470 doctri-

1476 1492 1552 1513 nam
1575 1483 1608 1512 in
1630 1482 1793 1513 intellectu
1817 1483 2031 1523 principaliter
2054 1483 2194 1523 ponitur.
2220 1484 2260 1514 Et
2281 1485 2434 1523 probatur
2457 1484 2547 1524 quod

1477 1526 1520 1557 ita
1550 1526 1590 1557 sit
1612 1526 1668 1557 tali
1690 1526 1822 1557 ratione.
1859 1527 2013 1557 Eiusdem
2036 1534 2083 1558 est
2105 1527 2231 1558 habitus
2261 1527 2352 1558 cuius
2375 1535 2421 1558 est
2443 1535 2545 1558 actus:

1476 1570 1532 1600 sed
1551 1577 1639 1601 actus
1658 1570 1844 1610 prudentiae
1864 1578 1911 1602 est
1925 1571 2117 1602 intellectus:
2139 1581 2224 1611 ergo.
2254 1572 2408 1602 Probatur
2430 1572 2546 1602 minor.

1478 1617 1578 1645 Actus
1613 1615 1799 1654 prudentiae
1831 1622 1877 1645 est
1908 1625 2099 1655 cognoscere
2130 1615 2305 1646 universale
2332 1622 2362 1646 et
2391 1615 2547 1655 singulare

1451 1684 1453 1690 ,
1477 1665 1508 1689 et
1523 1657 1681 1698 applicare
1696 1659 1777 1690 illud
1795 1658 1881 1695 huic,
1898 1658 1935 1689 ut
1950 1666 2044 1699 patet.
2066 1659 2152 1699 Ergo
2168 1666 2215 1690 est
2229 1659 2406 1690 intellectus
2422 1666 2478 1690 aut
2494 1669 2545 1690 co-

1476 1702 1639 1742 gitativae:
1664 1713 1731 1733 non
1755 1703 1841 1733 enim
1865 1709 1971 1742 potest
1993 1713 2060 1733 esse
2084 1703 2223 1734 duorum
2251 1704 2494 1743 disparatorum,
2512 1710 2547 1734 ut

1451 1738 1453 1783 Ξ
1479 1753 1565 1786 patet
1590 1746 1623 1776 in
1650 1746 1676 1776 11
1703 1747 1742 1777 de
1767 1747 1884 1776 Anima
1910 1747 1936 1783 *,
1957 1747 1989 1777 in
2014 1757 2164 1787 processu
2188 1747 2407 1787 investigativo
2436 1757 2546 1777 sensus

1451 1808 1453 1832 5
1478 1790 1670 1820 communis.
1688 1790 1773 1830 Ergo
1786 1791 1836 1820 vel
1853 1797 1899 1820 est
1914 1791 2100 1830 cogitativae
2116 1791 2225 1827 solius,
2243 1792 2359 1822 utentis
2374 1792 2544 1822 intellectu:

1479 1840 1510 1864 et
1532 1834 1594 1864 hoc
1618 1844 1695 1870 non,
1713 1834 1788 1874 quia
1812 1835 1981 1874 cogitativa
2001 1845 2067 1864 non
2091 1845 2123 1864 se
2139 1836 2278 1866 extendit
2297 1837 2336 1869 ad
2361 1836 2546 1866 universale.

1478 1878 1537 1908 Vel
1554 1884 1600 1908 est
1622 1877 1800 1908 intellectus
1817 1879 1926 1914 solius,
1943 1879 1994 1908 vel
2010 1879 2127 1909 utentis
2149 1879 2326 1919 cogitativa.
2356 1880 2397 1910 Et
2415 1880 2547 1910 habetur

1478 1922 1652 1952 intentum:
1670 1923 1759 1962 quod
1774 1922 1894 1953 scilicet
1905 1929 1952 1953 est
1967 1923 2182 1962 principaliter
2197 1923 2229 1953 in
2246 1924 2418 1959 intellectu,
2431 1924 2463 1953 in
2480 1934 2546 1964 quo

1478 1966 1605 1996 habitus
1628 1966 1696 2005 ipse
1720 1973 1766 1996 est
1788 1966 1976 2003 subiective;
2001 1973 2032 1997 et
2055 1967 2242 1997 secundario
2261 1968 2294 1997 in
2318 1968 2496 2007 cogitativa,
2514 1968 2546 1997 in

1477 2020 1541 2051 qua
1575 2016 1622 2040 est
1645 2010 1898 2050 experimentalis
1921 2010 2049 2041 habitus
2073 2011 2206 2041 reddens
2231 2011 2435 2051 cogitativam
2459 2012 2547 2041 habi-

1454 2068 1456 2093 i
1478 2055 1543 2084 lem
1566 2054 1607 2083 ad
1630 2054 1872 2093 cooperandum
1889 2054 2063 2086 intellectui
2086 2055 2119 2085 in
2144 2055 2353 2092 consiliando,
2375 2056 2546 2086 iudicando

415 2098 458 2130 Et
472 2097 688 2129 confirmatur.
705 2097 790 2136 Quia
806 2097 904 2128 virtus
921 2096 1052 2137 ponitur
1070 2097 1103 2127 in
1123 2097 1265 2138 potentia
1281 2107 1429 2128 consum·
1454 2099 1456 2136 j

1480 2105 1511 2128 et
1526 2097 1750 2138 praecipiendo
1767 2098 1805 2128 de
1820 2098 2042 2139 singularibus.
2066 2099 2111 2129 Ita
2132 2099 2221 2140 quod
2236 2100 2269 2130 hi
2286 2106 2374 2130 actus
2390 2099 2547 2140 principa-

1454 2165 1456 2177 ,
1479 2141 1550 2172 liter
1565 2147 1640 2172 sunt
1654 2142 1842 2178 intellectus,
1858 2142 2103 2174 ministerialiter
2118 2149 2226 2173 autem
2249 2144 2446 2183 cogitativae.
2470 2144 2547 2174 Pro-

1454 2179 1457 2193 l

1479 2192 1550 2226 pter
1565 2186 1654 2227 quod
1676 2185 1888 2217 ministerium
1911 2186 2037 2217 videtur
2059 2187 2160 2227 magis
2183 2187 2334 2218 naturalis
2359 2194 2389 2218 et
2411 2185 2546 2218 aetatem

1481 2230 1571 2270 sequi
1602 2230 1770 2269 prudentia
1793 2240 1892 2270 quam
1920 2230 2065 2266 scientia,
2090 2238 2126 2261 ut
2149 2231 2263 2262 dicitur
2285 2232 2318 2262 in
2342 2232 2384 2263 Vl
2407 2231 2510 2263 Ethic.
2531 2232 2548 2251 *

1149 2380 1466 2422 ARTICULUS
1496 2381 1770 2433 QUARTUS

1038 2473 1217 2504 UTRUM
1247 2473 1548 2503 PRUDENTIA
1578 2472 1658 2503 SIT
1690 2473 1876 2504 VIRTUS

1106 2551 1130 2576 l·
1150 2552 1204 2581 11⁸0,
1224 2559 1270 2584 qu.
1289 2559 1349 2580 nvn,
1369 2556 1414 2575 art.
1436 2550 1458 2582 5,
1478 2552 1510 2576 ad
1531 2551 1560 2581 3;
1580 2559 1624 2584 qu.
1643 2558 1694 2582 Lxx,
1713 2556 1760 2575 art.
1783 2559 1806 2576 ι.

408 2647 459 2684 '³1⁵⁹
497 2655 549 2686 εἰ(

387 2672 448 2725 ’ἰὲ
460 2687 481 2717 2.
499 2679 551 2718 vid
577 2675 780 2726 prudentia
798 2688 877 2713 non
897 2675 943 2712 sit
961 2675 1093 2713 virtus.
1114 2675 1214 2712 Dicit
1234 2673 1335 2711 enim
1350 2675 1429 2711 Au-

516 2716 547 2770 ’ᾓ
562 2729 761 2779 gustinus,
781 2728 821 2766 in
849 2729 863 2765 I
883 2729 929 2765 de
946 2729 1030 2766 Lib.
1050 2728 1144 2765 Arb.
1164 2728 1195 2775 ³¹⁸,
1217 2727 1322 2777 quod
1342 2739 1430 2776 pru-

536 2776 567 2818 &
578 2782 705 2821 dentia
734 2789 790 2819 est
807 2782 1103 2830 appetendarum
1132 2787 1168 2818 et
1188 2781 1430 2818 vitandarum

356 2847 496 2879 ¹rerum
523 2835 690 2873 scientia.
721 2834 799 2872 Sed
822 2834 978 2873 scientia
1007 2841 1137 2871 contra
1169 2834 1348 2871 virtutem
1378 2832 1432 2869 di-

128 2892 212 2920 ·‹:.p.
232 2897 264 2918 '¹2
279 2896 341 2918 ¹¹·4·
366 2887 526 2932 viditur;
555 2897 598 2926 ut
623 2895 727 2937 patet
753 2888 791 2925 in
819 2888 1136 2924 Praedicamentis
1154 2886 1185 2923 ³³⁸.
1215 2888 1316 2934 Ergo
1344 2898 1432 2935 pru-

369 2941 496 2979 dentia
523 2953 602 2978 non
632 2948 687 2978 est
713 2940 846 2978 virtus.

423 3006 459 3031 2.
488 2993 725 3041 PRAETEREA,
743 2993 891 3030 virtutis
910 3006 989 3030 non
1008 2991 1213 3040 estvirtus.
1245 2991 1322 3028 Sed
1341 2992 1434 3028 artis

369 3051 424 3084 est
447 3046 590 3091 virtus,·
616 3053 658 3083 ut
691 3046 949 3095 Philosophus
985 3045 1094 3091 dicit,
1121 3045 1159 3082 in
1187 3045 1238 3082 VI
1266 3045 1386 3081 Ethic.
1411 3044 1432 3065 ²¹⁸

370 3098 472 3147 Ergo
493 3111 554 3136 ars
581 3111 660 3136 non
680 3107 736 3136 est
761 3099 893 3136 virtus.
921 3099 998 3136 Sed
1026 3098 1064 3135 in
1086 3105 1164 3135 arte
1194 3106 1248 3134 est
1267 3097 1433 3146 pruden-

369 3151 441 3189 tia:
480 3150 614 3189 dicitur
637 3151 739 3188 enim
765 3153 796 3188 11
825 3151 952 3189 Paral.
982 3151 1044 3188 11*
1081 3151 1126 3187 de
1161 3150 1293 3187 Hiram
1328 3150 1433 3198 quod

444 2746 503 2772 Ἰν,

226 3048 250 3071 V,
263 3047 287 3067 11.
300 3050 321 3069 7.
332 3055 342 3060 ·

233 3072 284 3093 leet.
302 3077 332 3092 tv.

131 3045 218 3095 ‘sfttz

133 3157 141 3165 ·
163 3153 231 3176 Ver-s.
246 3159 279 3180 ¹4.

229 3211 248 3228 fl

372 3257 454 3294 nire
473 3257 681 3306 prudenter
699 3258 958 3306 quodcumque
985 3258 1022 3294 in
1051 3269 1163 3305 opere
1181 3256 1431 3293 necessarium

371 3315 434 3347 est.
464 3310 566 3358 Ergo
594 3309 795 3359 prudentia
822 3323 901 3348 non
929 3317 986 3347 est
1011 3309 1142 3347 virtus.

428 3363 462 3400 3.
492 3363 730 3410 Famam,
750 3362 853 3400 nulla
879 3362 999 3400 virtus
1026 3370 1151 3411 potest
1183 3373 1265 3398 esse
1294 3361 1431 3398 immo-

427 3477 454 3510 α)
471 3477 585 3502 caelare.
602 3490 620 3496 -
637 3483 736 3502 sanare
754 3476 914 3510 ABEFLpK.
933 3478 1022 3502 colare
1041 3477 1058 3506 1,
1073 3483 1170 3500 sanare
1183 3482 1280 3500 sanare
1292 3483 1318 3505 x,
1333 3483 1386 3499 om.
1400 3475 1432 3498 G.

371 3203 515 3242 sciebat
541 3205 691 3242 caelare
716 3209 733 3226 ‘²
761 3216 910 3242 omnem
947 3205 1196 3253 sculpturam,
1222 3209 1257 3239 et
1282 3203 1432 3240 adinve—
1457 3221 1460 3264 ι

405 2643 409 2656 .
454 2644 458 2652 ι
482 2643 491 2658 .
511 2655 513 2657 .
549 2648 553 2655 f·
577 2636 600 2661 ι)
620 2635 794 2667 QUARTUM
813 2634 867 2659 stc
887 2634 1126 2660 PROCEDITUR.
1146 2622 1307 2659 Videtur
1324 2621 1428 2670 quod
1454 2621 1456 2636 ’
1481 2621 1623 2658 derata.
1654 2621 1732 2657 Sed
1759 2621 1965 2669 prudentia
1993 2630 2048 2659 est
2077 2622 2344 2660 immoderata:
2377 2624 2547 2674 alioquin

1481 2674 1618 2711 frustra
1639 2673 1828 2710 diceretur
1851 2675 1888 2710 in
1907 2674 2023 2727 Proif’.
2043 2687 2127 2711 xxm
2147 2675 2184 2712 *ε
2213 2677 2444 2714 Prudentiae
2461 2683 2548 2716 tuae

1476 2739 1578 2775 pone
1606 2727 1771 2763 modum.
1802 2727 1903 2774 Ergo
1931 2728 2132 2775 prudentia
2161 2741 2239 2766 non
2277 2738 2333 2766 est
2360 2730 2491 2767 virtus.

1538 2780 1613 2816 SED
1633 2791 1779 2816 CONTRA
1798 2791 1864 2816 EST
1883 2779 1989 2828 quod
2009 2781 2227 2828 Gregorius,
2243 2781 2281 2818 in
2297 2783 2327 2819 11
2347 2783 2492 2820 Moral.
2512 2783 2544 2830 ²¹²,

1482 2833 1737 2882 prudentiam,
1759 2833 2063 2881 temperantiam,
2092 2833 2351 2872 fortitudinem
2381 2843 2416 2873 et
2443 2835 2546 2872 iusti-

1481 2886 1573 2922 tiam
1602 2885 1690 2921 dicit
1718 2897 1801 2922 esse
1831 2893 1994 2933 quatuor
2021 2885 2190 2923 virtutes.

1537 2939 1762 2975 RESPONDEO
1783 2949 1967 2975 DlCENDUM
1986 2940 2103 2986 quod,
2120 2939 2216 2976 sicut
2234 2944 2349 2988 supra
2362 2940 2383 2961 ‘¹²
2402 2940 2544 2978 dictum

1484 2999 1540 3028 est
1559 3004 1647 3028 cum
1677 2992 1723 3027 de
1743 2989 1944 3027 virtutibus
1973 2990 2011 3028 in
2040 2992 2236 3029 communi
2261 3001 2445 3041 ageretur,
2469 2995 2544 3031 vir-

1484 3050 1542 3080 tus
1569 3051 1623 3080 est
1648 3055 1746 3092 quae
1773 3044 1912 3080 bonum
1927 3039 2032 3092 facit
2057 3044 2254 3082 habentem
2282 3052 2318 3082 et
2347 3058 2440 3095 opus
2467 3048 2545 3084 eius
2589 3091 2592 3094 Δ

1484 3098 1623 3141 bonum
1651 3096 1780 3133 reddit.
1817 3096 1971 3133 Bonum
1991 3103 2119 3134 autem
2148 3106 2272 3146 potest
2290 3098 2363 3136 dici
2388 3099 2543 3147 duplici-

1484 3157 1560 3186 ter:
1590 3162 1667 3186 uno
1689 3148 1819 3195 mod0‚
1841 3148 2091 3197 materialiter,
2112 3163 2181 3199 pro
2202 3163 2248 3187 eo
2278 3151 2381 3200 quod
2402 3159 2457 3188 est
2476 3153 2543 3189 bo-

1485 3214 1599 3248 num;
1630 3202 1703 3238 alio
1732 3201 1863 3248 modo,
1884 3201 2100 3250 formaliter,
2121 3204 2331 3240 secundum
2356 3204 2542 3242 rationem

1485 3254 1588 3292 boni.
1618 3255 1771 3291 Bonum
1801 3262 1940 3302 autem,
1969 3254 2193 3304 inquantum
2222 3256 2459 3304 huiusmodi,
2489 3265 2544 3294 est

1485 3308 1677 3344 obiectum
1707 3306 1935 3356 appetitivae
1961 3307 2121 3345 virtutis.
2151 3309 2199 3345 Et
2221 3309 2307 3346 ideo
2336 3309 2366 3345 si
2395 3309 2459 3357 qui
2477 3310 2542 3346 ha-

1486 3360 1585 3397 bitus
1622 3367 1709 3396 sunt
1745 3360 1810 3407 qui
1843 3360 1981 3397 faciant
2018 3369 2160 3398 rectam
2198 3361 2541 3399 considerationem

2570 426 2577 434 ⁸
2587 424 2618 446 ca
2638 430 2730 450 .v1n,n.
2738 431 2759 452 9.
2769 436 2779 440 -

2569 451 2594 472 S.
2642 467 2647 471 .
2658 452 2710 485 lect.
2724 457 2765 471 vn.

2573 1225 2582 1233 ⁸
2601 1224 2670 1245 Num.
2688 1230 2710 1251 5.
2735 1223 2756 1244 ὑ.
2773 1235 2781 1238 -

2573 1250 2596 1271 δ’,
2605 1250 2649 1271 Th.
2665 1251 2716 1271 lect.
2731 1256 2748 1271 1.

2572 1279 2592 1287 ⁸⁸
2609 1277 2659 1298 Did.
2679 1283 2728 1321 cap.
2751 1282 2780 1299 xi.

2573 1310 2594 1324 n.
2604 1309 2615 1324 2
2625 1309 2676 1330 sqq.
2685 1315 2695 1319 —
2706 1302 2782 1323 .?.Th.

2573 1331 2624 1351 lect.
2641 1335 2672 1350 ix.

2574 1748 2583 1757 ·
2610 1748 2648 1768 Al.
2676 1746 2714 1767 tib.
2739 1747 2782 1771 111,

2573 1779 2783 1821 Ῥὲτιῖἰῖἷὲέῐῖῆῖἳζ

2574 2216 2583 2223 ”
2594 2213 2651 2260 Capr.
2659 2219 2690 2239 xi,
2701 2219 2724 2234 n.
2732 2219 2751 2240 5.
2761 2214 2783 2234 ὁ.

2574 2251 2584 2256 -
2595 2240 2620 2260 S.
2652 2239 2673 2260 h.
2690 2239 2740 2260 lect.
2754 2246 2783 2260 ix.

2574 2687 2583 2696 ⁸
2598 2687 2664 2708 Vers.
2680 2695 2704 2713 4.

2575 2790 2581 2796 ”
2598 2787 2654 2814 Cap.
2670 2793 2737 2817 xux,
2753 2787 2781 2808 al.

2573 2820 2635 2834 xxvn
2645 2830 2650 2839 ,
2679 2819 2701 2834 in
2737 2818 2782 2834 vet.

2573 2846 2648 2860 XXXVI.

2573 2946 2580 2953 ⁸
2596 2944 2618 2965 1¹²
2629 2944 2682 2970 Ilm,
2693 2950 2731 2971 qu.
2746 2950 2781 2966 ιν,

2572 2974 2612 2991 art.
2628 2977 2652 2997 3,
2673 2977 2719 2997 arg.
2734 2970 2783 2991 Sed

2572 2999 2649 3019 cont.:
2671 3003 2711 3024 qu.
2732 3003 2779 3021 LVI,

2572 3027 2612 3044 art.
2630 3030 2645 3044 1.
