2892 4056
176 815 187 825 ⁸
202 814 273 836 Num.
288 821 323 836 ιιι.

177 1654 184 1661 ·
200 1651 266 1673 Vers.
281 1652 303 1673 8.

172 1751 181 1761 “
196 1749 263 1770 Vers.
278 1755 298 1770 2.

173 1913 180 1919 ·
198 1910 254 1938 Cap.
270 1916 316 1937 xlv,
333 1917 369 1931 xv.

172 2178 183 2186 ⁸
199 2178 246 2205 Qu.
262 2184 295 2204 111,
310 2181 351 2199 art.
366 2185 381 2199 1.

173 2334 181 2341 ·
197 2333 262 2355 Vers.
277 2339 309 2359 14.

177 2708 183 2714 ”
199 2705 265 2727 Vers.
280 2711 299 2733 5.

177 3368 185 3379 ⁸
202 3368 280 3388 unitas
299 3373 346 3389 om.
362 3368 387 3388 P.

422 164 468 199 50

418 242 502 271 enim
527 248 613 271 actus
637 240 860 280 temperantiae
884 240 991 280 quoad
1015 249 1080 269 esse
1105 238 1279 278 perfectum
1310 239 1476 270 intrinsece

418 285 573 325 dependet
602 295 620 314 a
650 285 830 325 prudentia,
863 284 937 324 quia
973 290 1018 313 est
1041 290 1127 313 actus
1156 283 1408 324 concupiscibilis
1442 290 1478 313 ut

417 330 523 360 subest
547 329 676 364 rationi;
702 329 743 358 ita
767 335 853 358 actus
877 326 949 357 fidei
980 327 1087 367 quoad
1111 336 1177 356 esse
1203 328 1379 366 perfectum
1403 327 1476 357 sim·
1502 332 1504 355 t

416 373 538 412 pliciter
562 373 718 412 dependet
741 382 757 401 a
782 371 923 406 caritate,
949 371 1023 411 quia
1052 377 1098 400 est
1124 377 1212 401 actus
1242 372 1417 402 intellectus
1442 377 1477 400 ut

417 418 523 447 subest
541 417 706 446 voluntati.
725 434 744 437 -
760 416 800 446 Et
823 415 901 444 nihil
925 414 998 444 facit
1020 415 1059 443 ad
1083 415 1144 444 hoc
1168 422 1280 446 mutua
1310 415 1475 450 connexio,

416 471 514 501 quarn
546 460 653 490 obiicit
683 459 863 490 Durandus.
898 458 1117 497 Dependentia
1147 458 1178 488 in
1203 469 1296 489 causa
1326 466 1381 495 est,
1410 468 1475 488 non

417 505 588 535 connexio:
624 514 680 544 per
714 503 856 533 accidens
890 502 973 532 enim
1010 503 1165 533 connexio
1198 504 1237 533 ad
1273 503 1475 544 propositum
1501 506 1503 519 ¹

417 555 584 579 concurrit.

468 592 553 622 Cum
577 591 624 621 his
649 598 753 621 tamen
778 597 847 620 tene
872 590 960 629 quod
984 589 1061 619 fides
1085 589 1230 620 informis
1254 598 1300 621 est
1315 591 1413 620 virtus
1430 599 1476 619 se-

415 636 557 666 cundum
587 635 681 675 quid:
714 634 787 674 quia
821 640 867 663 est
899 643 1024 673 semper
1054 634 1246 674 principium
1282 640 1369 664 actus
1399 634 1476 663 boni

414 679 494 709 infra
517 679 716 709 latitudinem
739 677 927 713 intellectus,
953 677 1028 717 quia
1051 687 1118 707 non
1142 685 1187 708 est
1210 678 1270 708 nisi
1293 678 1367 708 veri.
1393 677 1477 714 Quia
1501 684 1502 691 ¹

413 730 518 753 tamen
543 732 607 752 non
633 729 678 752 est
702 722 864 757 evidentis,
880 722 952 752 ideo
977 731 1042 751 non
1070 728 1117 752 est
1132 722 1229 752 virtus
1246 721 1475 758 intellectualis,
1501 746 1503 766 ,γ

413 767 467 797 sed
490 766 667 806 theologica
686 767 866 823 ³'secundum
891 765 984 806 quid:
1009 766 1144 796 formata
1160 773 1267 796 autern
1284 765 1476 807 simpliciter.

414 818 450 840 ut
472 811 592 840 dictum
617 818 662 841 est
704 834 710 839 .

468 855 521 885 Vl.
547 855 582 884 ln
606 855 719 884 eodem
736 854 848 893 quinto
869 853 1011 890 articulo,
1029 853 1060 883 in
1078 864 1210 894 corpore
1225 861 1256 884 et
1270 853 1476 894 responsione

413 993 498 1026 parte
522 986 648 1017 habitus
671 986 704 1017 in
728 996 794 1016 non
826 986 928 1026 decipi
960 996 1058 1026 quam
1091 986 1168 1016 fides
1199 987 1360 1028 acquisita.
1393 987 1477 1024 Quia

413 1040 479 1061 non
503 1030 604 1070 decipi
634 1041 699 1061 non
725 1040 756 1061 se
780 1037 865 1061 tenet
889 1041 924 1061 ex
948 1038 1035 1070 parte
1065 1030 1209 1067 habitus,
1244 1041 1301 1062 nec
1324 1042 1361 1062 ex
1389 1038 1476 1072 parte

413 1084 558 1105 assensus
583 1085 680 1115 quem
705 1074 794 1105 facit:
819 1075 874 1105 sed
898 1085 934 1105 ex
949 1082 1038 1115 parte
1053 1075 1178 1112 obiecti,
1196 1076 1372 1106 secundum
1389 1077 1477 1116 quod

413 1118 574 1149 obiectum
607 1119 656 1149 cui
681 1119 809 1149 assentit
838 1129 909 1149 vere
932 1119 982 1149 vel
1006 1119 1083 1150 false
1108 1127 1323 1160 praesentatur
1355 1120 1476 1150 habitui

412 1163 584 1193 inclinanti.
611 1163 698 1194 Sicut
721 1162 846 1194 habitus
870 1163 1100 1204 principiorum
1124 1164 1254 1194 inclinat
1269 1174 1305 1194 ex
1325 1170 1412 1203 parte
1429 1164 1475 1194 sui

1087 162 1352 207 QUAESTIO
1383 163 1450 210 lV,
1481 163 1776 200 ARTICULUS
1805 164 1854 199 Vl

1531 240 1710 270 naturaliter
1725 240 1756 269 in
1774 248 1899 270 verum:
1921 247 1951 270 et
1966 240 1991 270 si
2007 240 2047 270 sit
2065 241 2080 259 ⁴
2098 241 2251 281 deceptio,
2267 242 2329 273 hoc
2345 249 2391 274 est
2406 253 2443 274 ex
2459 244 2588 275 obiectis

1531 283 1610 313 falso
1635 283 1871 313 occurrentibus
1895 290 1925 314 et
1947 284 2151 324 praesentatis
2173 285 2355 317 intellectui.
2380 287 2442 318 Sed
2463 288 2495 318 in
2520 298 2590 328 pro-

1530 327 1636 366 posito
1661 334 1794 366 uterque
1816 326 1940 357 habitus
1963 327 2092 358 inclinat
2115 329 2304 366 naturaliter,
2329 337 2359 362 et
2382 341 2438 372 per
2453 332 2589 362 modurn

1531 377 1658 400 naturae
1683 371 1810 410 praebet
1833 380 2006 401 assensum.
2032 371 2132 411 Erg0,
2158 378 2215 403 etc.
2231 373 2250 391 α’

1585 415 1634 444 Ad
1659 414 1729 450 hoc,
1754 424 1820 444 non
1844 414 1903 444 nisi
1928 424 2001 444 cum
2025 415 2233 447 admiratione
2255 417 2344 448 istius
2371 418 2437 454 viri,
2462 428 2591 459 respon-

1530 458 1590 487 deo
1621 459 1709 498 quod
1743 458 1865 499 liquido
1896 465 1981 498 patet
2011 469 2078 489 non
2110 459 2211 500 decipi
2241 467 2345 492 tenere
2377 472 2409 492 se
2438 471 2475 492 ex
2502 470 2590 502 parte

1529 502 1654 532 habitus
1683 512 1721 532 ex
1743 502 1811 542 ipsa
1834 502 2006 533 differentia
2031 503 2111 534 inter
2134 503 2259 535 habitus
2285 505 2511 536 intellectuales
2534 507 2590 547 qui

1529 552 1603 576 sunt
1634 545 1763 576 virtutes
1794 554 1824 577 et
1852 547 1923 578 illos
1952 547 2007 588 qui
2039 557 2104 577 non
2137 554 2211 578 sunt
2238 548 2377 580 virtutes.
2411 549 2458 580 Illi
2487 550 2588 584 enim.

1529 597 1686 630 quantum
1710 597 1756 620 est
1779 600 1815 621 ex
1839 601 1881 628 se,
1912 590 2064 621 inclinant
2087 598 2211 622 tanturn
2234 591 2266 622 in
2294 602 2422 629 verum,
2453 594 2528 634 quia
2551 594 2590 624 ad

1529 634 1788 673 cognoscendum
1807 645 1873 665 esse
1891 636 1979 675 quod
1995 641 2041 666 est
2057 642 2087 665 et
2103 645 2167 665 non
2185 646 2251 666 esse
2267 637 2356 676 quod
2370 646 2435 667 non
2456 644 2516 675 est;
2534 648 2590 669 nec

1529 684 1664 717 possunt
1675 678 1824 709 inclinare
1840 679 1880 709 ad
1895 686 1999 709 actum
2013 679 2211 719 oppositum.
2229 680 2282 710 Isti
2295 687 2401 710 autem
2416 681 2456 711 ad
2468 689 2590 712 utrum-

1529 731 1591 762 que
1615 732 1648 752 se
1670 722 1801 753 habent:
1827 730 1857 754 et
1872 723 1944 754 ideo
1962 733 2027 753 non
2044 730 2118 754 sunt
2132 723 2271 754 virtutes.
2296 725 2389 755 Unde
2404 726 2591 765 oppositum

1530 773 1575 796 est
1598 766 1665 797 eius
1685 767 1773 807 quod
1790 777 1923 807 arguens
1938 767 2036 807 fingit.
2063 768 2147 805 Quia
2163 768 2302 808 cognitio
2320 775 2350 798 et
2365 769 2504 800 assensio
2518 773 2592 801 vefa

1501 821 1503 842 ;
1530 820 1566 840 ex
1590 810 1707 841 meritis
1733 810 1856 842 habitus
1880 818 1927 842 est
1950 822 1986 842 ex
2010 812 2136 852 propria
2170 819 2281 842 natura
2304 812 2343 842 ad
2367 819 2474 844 actum
2495 814 2592 844 talem

1502 880 1503 885 ,
1529 854 1720 885 inclinantis:
1739 862 1769 885 et
1781 855 1806 885 si
1819 856 1980 895 contingat
1992 856 2103 896 decipi,
2118 867 2154 887 ex
2166 856 2275 887 habitu
2288 856 2344 886 illo
2358 867 2422 886 non
2437 857 2590 896 provenit,

413 899 451 928 ad
476 898 662 935 secundum,
694 898 827 928 dubium
857 897 992 928 occurrit
1023 908 1059 928 ex
1088 897 1200 934 Scoto,
1231 898 1263 928 in
1294 899 1334 928 III
1375 898 1475 936 Sent.‚
1502 898 1504 913 ²

413 942 482 973 dist.
498 953 580 978 xxm,
600 943 726 973 volente
750 943 838 982 quod
862 941 939 972 fides
963 941 1068 972 infusa
1084 953 1150 972 non
1173 942 1273 982 magis
1296 943 1424 973 inclinat
1441 952 1477 973 ex
1502 953 1503 966 1

1530 908 1587 929 nec
1611 909 1647 929 ex
1670 899 1794 930 obiecto
1817 906 2015 939 praesentato
2041 900 2245 932 sufficienter:
2278 911 2352 931 curn
2375 901 2477 940 possit
2499 901 2592 932 intel-

1529 943 1628 973 lectus
1654 943 1699 974 uti
1714 943 1822 975 habitu
1838 944 1961 975 virtutis
1985 951 2016 975 et
2031 955 2096 975 non
2114 945 2280 976 adhaerere
2296 945 2392 976 falsae
2413 951 2591 985 praesenta-

1530 987 1628 1024 tioni;
1663 987 1779 1018 falsum
1812 988 1899 1018 enim
1928 988 2083 1020 obiective
2111 999 2176 1020 non
2201 990 2295 1020 habet
2321 990 2386 1020 vim
2417 990 2591 1020 coactivam

1529 1032 1706 1063 intellectus
1730 1033 1769 1062 ad
1792 1042 1835 1068 se,
1860 1033 1941 1063 sicut
1969 1033 2063 1063 habet
2085 1043 2196 1064 verum
2223 1034 2353 1074 quando
2385 1041 2431 1064 est
2454 1034 2590 1067 evidens.

1502 1109 1503 1114 ¹
1530 1076 1623 1106 Fides
1647 1086 1722 1116 ergo
1744 1076 1849 1107 infusa
1872 1076 2002 1107 inclinat
2018 1077 2057 1107 ad
2080 1087 2191 1108 verum
2210 1078 2447 1118 supernaturale
2469 1078 2592 1108 indece-

1531 1119 1693 1194 ptibilifteli,
1723 1120 1798 1160 quia
1828 1121 2004 1151 secundum
2033 1121 2136 1161 ipsam
2159 1122 2357 1154 assentiendo
2384 1132 2450 1153 non
2479 1132 2592 1164 possu-

1531 1174 1602 1194 mus
1637 1175 1654 1194 a
1680 1175 1700 1194 1.

1191 1295 1546 1338 ARTICULUS
1585 1295 1817 1337 SEXTUS

1252 1380 1408 1412 UTRUM
1432 1380 1553 1411 Fmsss
1577 1380 1643 1411 SIT
1668 1379 1758 1410 UNA

745 1460 776 1484 111
796 1460 878 1490 Sent.‚
901 1460 958 1484 dist.
978 1468 1046 1491 xxm,
1067 1468 1112 1493 qu.
1130 1468 1157 1491 11,
1177 1465 1223 1485 art.
1243 1468 1269 1491 4,
1289 1459 1339 1493 qu⁸
1360 1467 1390 1491 23
1411 1459 1452 1484 De
1475 1459 1565 1489 Verit„
1585 1467 1629 1491 qu.
1648 1466 1698 1490 x1V‚
1713 1464 1759 1484 art.
1782 1467 1828 1490 12;
1847 1459 1891 1485 Ad
1910 1460 2014 1492 Ephes„
2035 1467 2091 1493 cap.
2110 1468 2144 1492 w,
2164 1461 2222 1485 lect.
2241 1469 2269 1486 n.

625 1542 647 1566 u
676 1542 817 1568 SEXTUM
845 1543 898 1567 stc
927 1542 1167 1569 PROCEDITUR.
1191 1530 1351 1568 Videtur
1370 1530 1475 1578 quod

553 1614 567 1634 N,-
595 1619 600 1631 l
626 1595 704 1620 non
733 1583 779 1620 sit
805 1596 882 1621 una
909 1584 1017 1621 fides.
1048 1584 1153 1620 Sicut
1173 1584 1275 1620 enim
1303 1584 1400 1621 fides
1424 1589 1477 1620 est

430 1621 596 1695 ,5553er
610 1635 765 1673 donum
786 1637 869 1683 Dei,
889 1644 930 1674 ut
951 1637 1084 1675 dicitur
1103 1638 1154 1674 ad
1169 1638 1305 1686 Ephes.
1327 1649 1349 1673 11
1363 1636 1400 1683 ³²,
1425 1636 1476 1673 ita

470 1665 562 1721 ἐξ
584 1682 738 1729 &etiam
777 1690 960 1738 sapientia
995 1699 1031 1727 et
1063 1690 1218 1727 scientia
1251 1692 1346 1727 inter
1374 1690 1476 1726 dona

411 1741 483 1778 Dei
513 1750 801 1790 computantur:
840 1751 882 1780 ut
909 1751 1012 1792 patet
1040 1745 1159 1781 Isaiae
1183 1755 1218 1780 Χι
1244 1743 1273 1779 *.
1314 1743 1390 1780 Sed
1419 1755 1476 1779 sa-

409 1795 551 1844 pientia
567 1802 603 1831 et
617 1796 771 1833 scientia
791 1796 969 1834 differunt
988 1810 1056 1845 per
1074 1798 1149 1834 hoc
1169 1797 1274 1846 quod
1293 1796 1477 1845 sapientia

411 1856 467 1885 est
494 1848 541 1885 de
571 1849 753 1896 aeternis,
788 1850 942 1888 scientia
971 1862 1063 1887 vero
1098 1851 1145 1887 de
1182 1850 1475 1899 temporalibus:

409 1909 450 1938 ut
478 1909 580 1949 patet
607 1915 676 1950 per
703 1904 973 1950 Augustinum,
1003 1905 1073 1940 XII
1111 1905 1157 1940 de
1189 1905 1225 1940 T
1221 1905 1292 1941 rin.
1318 1903 1338 1924 ‘³²
1375 1904 1475 1940 Cum

409 1954 520 2002 igitur
547 1955 643 1992 fides
671 1955 718 1992 sit
745 1963 782 1992 et
818 1957 865 1993 de
894 1957 1055 1994 aeternis
1094 1965 1130 1993 et
1169 1957 1215 1993 de
1245 1957 1474 2006 quibusdam

409 2009 706 2056 temporalibus,
735 2009 888 2046 videtur
924 2010 1030 2059 quod
1067 2022 1145 2047 non
1179 2010 1224 2047 sit
1256 2022 1334 2047 una
1366 2011 1475 2058 fides,

410 2061 478 2098 sed
508 2061 755 2110 distinguatur
783 2063 820 2099 in
848 2070 986 2111 partes.

464 2126 498 2150 2.
529 2115 763 2160 PRAETEREA,
795 2117 982 2154 confessio
1013 2123 1069 2152 est
1096 2124 1201 2152 actus
1229 2115 1331 2163 fidei,
1352 2124 1394 2153 ut
1417 2129 1477 2153 su-

408 2179 477 2215 pra
491 2166 510 2188 *
539 2167 681 2205 dictum
704 2175 769 2205 est.
801 2169 878 2206 Sed
898 2182 975 2207 non
997 2176 1052 2206 est
1078 2181 1155 2206 una
1175 2176 1212 2205 et
1232 2170 1367 2206 eadem
1388 2182 1478 2206 con-

410 2220 522 2257 fessio
552 2221 643 2258 fidei
671 2222 774 2270 apud
803 2234 952 2259 omnes:
983 2234 1074 2259 nam
1103 2222 1209 2270 quod
1229 2235 1299 2260 nos
1320 2223 1476 2260 confite-

1528 1529 1776 1566 continentur.
1806 1529 1893 1566 Alio
1913 1531 2045 1578 modo,
2075 1542 2120 1567 ex
2147 1538 2253 1579 parte
2273 1531 2443 1569 subiecti.
2473 1533 2523 1570 Et
2540 1533 2594 1571 sic

1527 1583 1624 1619 fides
1662 1582 1938 1619 diversificatur
1965 1583 2178 1620 secundum
2207 1585 2313 1633 quod
2342 1593 2397 1622 est
2425 1585 2594 1623 diverso-

1529 1648 1626 1672 rum.
1657 1635 1903 1673 Manifestum
1929 1643 1985 1673 est
2007 1643 2135 1674 autem
2164 1637 2268 1685 quod
2295 1638 2404 1685 fides,
2435 1638 2531 1676 sicut
2559 1648 2595 1677 et

1529 1689 1687 1737 quilibet
1713 1688 1808 1726 alius
1835 1688 2000 1736 habitus,
2031 1701 2076 1726 ex
2105 1690 2254 1727 formali
2282 1691 2428 1728 ratione
2456 1692 2595 1731 obiecti

1528 1743 1644 1779 habet
1666 1742 1846 1790 speciem,
1876 1743 1942 1780 sed
1972 1755 2016 1779 ex
2045 1742 2216 1780 subiecto
2244 1743 2512 1782 individuamr.
2546 1742 2596 1783 Εἰ

1529 1795 1629 1842 ideo,
1650 1795 1680 1831 si
1702 1796 1799 1833 fides
1823 1802 1995 1833 sumatur
2021 1808 2092 1845 pro
2120 1797 2251 1834 habitu
2278 1809 2356 1845 quo
2390 1797 2594 1847 credimus,

1530 1849 1583 1886 sic
1610 1847 1706 1886 fides
1737 1856 1792 1885 est
1819 1861 1896 1886 una
1923 1848 2062 1897 specie,
2092 1857 2130 1886 et
2157 1849 2337 1887 differens
2365 1862 2526 1889 numero
2555 1851 2596 1897 in

1530 1901 1701 1939 diversis.
1721 1923 1745 1930 -
1767 1902 1807 1939 Si
1830 1913 1924 1939 vero
1944 1910 2117 1939 sumatur
2135 1914 2205 1950 pro
2227 1915 2274 1940 eo
2294 1903 2399 1952 quod
2419 1904 2598 1951 creditur,-

2617 248 2706 274 unp,

2617 377 2761 405 'Ergofides
2769 379 2828 410 {nsu-

2616 405 2828 462 {tamtam

2617 459 2640 477 te
2646 456 2739 479 habttuae
2749 463 2773 478 m
2781 463 2827 479 nou

2617 482 2695 510 decipi
2708 489 2776 511 quam
2791 489 2828 504 ac-

2617 509 2705 536 quisita
2722 510 2747 530 Ρ.

1531 1956 1583 1993 sic
1604 1955 1718 1992 etiam
1748 1963 1804 1992 est
1830 1967 1907 1992 una
1934 1955 2043 1993 fides.
2074 1956 2175 2002 Quia
2194 1955 2298 1992 idem
2337 1965 2392 1994 est
2420 1958 2527 2007 quod
2545 1958 2596 1995 ab

1531 2009 1711 2046 omnibus
1750 2008 1934 2046 creditur:
1973 2016 2010 2045 et
2045 2008 2075 2044 si
2108 2008 2180 2046 sint
2216 2009 2366 2047 diversa
2403 2010 2597 2063 credibilia
2647 2003 2688 2036 ··Ῑ

1530 2074 1629 2111 quae
1658 2062 1912 2100 communiter
1939 2072 2075 2099 omnes
2104 2062 2278 2109 credunt,
2306 2069 2436 2101 tamen
2464 2060 2595 2102 omnia

1531 2117 1764 2153 reducuntur
1791 2115 1840 2152 ad
1868 2126 1989 2152 unum
2005 2113 2029 2150 β.

1582 2171 1642 2206 An
1657 2179 1795 2205 prunum
1810 2179 1909 2205 aaoo
1924 2178 2109 2204 mcENDUM
2124 2167 2233 2218 quod
2253 2168 2477 2216 temporalia
2495 2180 2595 2217 quae

1530 2221 1567 2258 in
1595 2221 1673 2258 fide
1700 2228 1968 2270 proponuntur
2002 2232 2083 2257 non
2108 2220 2298 2268 pertinent
2323 2220 2373 2258 ad
2400 2221 2595 2259 obiectum

410 2286 498 2310 mur
520 2274 661 2311 factum
682 2274 824 2324 antiqui
839 2274 969 2313 Patres
989 2268 1268 2312 confitebantur
1286 2276 1475 2324 futurum,
1501 2273 1507 2309 Ι
1529 2275 1620 2312 fidei
1649 2274 1720 2311 nisi
1746 2274 1785 2311 in
1814 2273 1947 2311 ordine
1975 2274 2025 2310 ad
2053 2272 2217 2321 aliquod
2236 2281 2456 2322 aeternum,
2488 2274 2596 2324 quod

409 2333 451 2363 ut
477 2334 580 2376 patet
609 2328 726 2364 Isaiae
750 2328 852 2364 vi1*:
881 2329 981 2366 Ecce
1008 2329 1119 2378 virgo
1148 2329 1339 2377 concipiet.
1373 2330 1475 2377 Ergo

410 2392 489 2417 non
518 2388 574 2417 est
600 2392 677 2417 una
705 2381 814 2417 fides.

466 2434 499 2469 3.
531 2434 763 2480 PRAETEREA,
794 2433 890 2470 fides
919 2441 975 2470 est
996 2434 1213 2470 communis
1233 2435 1414 2471 omnibus
1433 2435 1477 2471 fi-

410 2486 558 2523 delibus
587 2487 736 2523 Christi.
776 2487 851 2524 Sed
880 2499 1001 2524 unum
1031 2487 1207 2524 accidens
1240 2499 1318 2524 non
1352 2495 1478 2536 potest

411 2551 493 2575 esse
521 2540 558 2576 in
588 2540 747 2577 diversis
776 2539 964 2577 subiectis.
1002 2541 1105 2588 Ergo
1134 2552 1213 2576 non
1240 2547 1365 2589 potest
1393 2553 1475 2577 esse

410 2604 488 2629 una
515 2592 613 2629 fides
642 2593 827 2630 omnium.

465 2646 538 2681 SED
586 2657 732 2683 CONTRA
773 2658 839 2683 EST
879 2646 986 2693 quod
1027 2646 1235 2694 Apostolus
1277 2646 1385 2693 dicit,
1427 2636 1493 2683 ad¹

410 2699 544 2746 Ephes.
567 2699 649 2735 1v*:
686 2701 790 2737 Unus
818 2699 1017 2745 Dominus,
1048 2711 1125 2736 una
1141 2699 1254 2746 fides.

466 2752 690 2789 Respouuao
733 2764 917 2789 mesanum
965 2752 1071 2801 quod
1099 2752 1217 2797 fides,
1247 2751 1277 2788 si
1306 2758 1478 2788 sumatur

411 2816 481 2852 pro
519 2805 669 2852 habitu,
710 2805 907 2854 dupliciter
944 2813 1070 2854 potest
1108 2804 1351 2842 considerari.
1389 2804 1477 2841 Uno

414 2857 552 2903 modo,
589 2871 634 2895 ex
668 2867 773 2907 parte
802 2858 951 2895 obiecti.
991 2859 1040 2895 Et
1075 2858 1128 2895 sic
1161 2866 1217 2895 est
1250 2870 1327 2895 una
1358 2856 1476 2894 fides:

414 2910 606 2947 obiectum
637 2912 738 2949 enirn
774 2913 933 2948 formale
961 2911 1053 2948 fidei
1082 2918 1138 2948 est
1165 2911 1304 2949 veritas
1333 2910 1477 2959 prima,

415 2963 473 2999 cui
495 2963 728 3001 inhaerendo
750 2970 766 2986 α
795 2965 985 3001 credimus
1009 2976 1278 3013 quaecumque
1303 2964 1374 3000 sub
1402 2963 1479 3001 fide

467 3097 494 3129 α)
514 3096 684 3121 inhaerendo.
702 3109 720 3114 -
738 3095 818 3119 etiam
839 3095 1002 3120 inhaerendo
1021 3095 1098 3120 Phra.

468 3131 493 3165 β)
513 3138 634 3157 omnes...
654 3138 744 3155 unum.
764 3144 782 3149 -
801 3131 862 3155 Om.
882 3130 899 3154 1.

1531 2335 1586 2364 est
1612 2326 1753 2365 veritas
1781 2327 1926 2376 prima,
1955 2325 2051 2363 sicut
2078 2338 2194 2375 supra
2216 2326 2235 2347 ²²²
2269 2325 2412 2364 dictum
2441 2334 2509 2365 est.
2547 2324 2597 2369 Et

1529 2381 1618 2418 ideo
1646 2380 1744 2418 fides
1772 2392 1848 2418 una
1875 2387 1932 2417 est
1964 2379 2012 2416 de
2040 2378 2316 2427 temporalibus
2353 2387 2390 2417 et
2420 2379 2595 2420 aeternis.

1531 2435 1650 2471 Secus
1678 2440 1809 2470 autem
1838 2441 1894 2470 est
1930 2432 1978 2469 de
2006 2432 2189 2480 sapientia
2223 2439 2260 2469 et
2285 2432 2458 2480 scientia,
2497 2444 2596 2482 quae

1530 2486 1773 2524 considerant
1799 2485 2025 2534 temporalia
2044 2493 2082 2521 et
2101 2493 2255 2522 aeterna
2276 2485 2488 2523 secundum
2506 2496 2598 2535 pros

1529 2540 1630 2589 prias
1658 2539 1822 2576 rationes
1849 2546 2111 2587 utrorumque.

1582 2596 1642 2630 An
1657 2604 1848 2630 SECUNDUM
1863 2603 2048 2630 memnon
2062 2591 2168 2640 quod
2181 2590 2243 2628 illa
2258 2589 2469 2629 differentia
2486 2593 2595 2640 prae-⁴

1529 2646 1626 2684 teriti
1655 2653 1700 2693 et·
1718 2646 1830 2683 futuri
1852 2657 1930 2682 non
1951 2643 2133 2692 contingit
2161 2655 2205 2681 ex
2225 2643 2351 2692 aliqua
2379 2643 2595 2685 diversitate

1531 2699 1583 2735 rei
1612 2698 1797 2736 creditae:
1834 2698 1902 2735 sed
1931 2709 1976 2734 ex
2005 2697 2155 2734 diversa
2188 2696 2411 2734 habitudine
2439 2698 2596 2736 creden-

1530 2751 1626 2788 tium
1654 2751 1702 2788 ad
1730 2762 1848 2787 unam
1877 2762 1959 2787 rem
1973 2755 1989 2778 Υ
2018 2749 2211 2796 creditam,
2240 2757 2283 2786 ut
2305 2749 2419 2787 etiam
2444 2762 2559 2799 supra
2573 2751 2594 2772 *

1530 2804 1704 2841 habitum
1732 2810 1798 2840 est.

1584 2858 1642 2894 Αι)
1670 2868 1831 2894 'ram-ium
1860 2860 2045 2893 mesanum
2073 2854 2179 2903 quod
2206 2854 2269 2893 illa
2297 2855 2391 2892 ratio
2423 2856 2596 2904 procedit

1534 2922 1578 2947 ex
1607 2909 1821 2947 diversitate
1850 2908 1940 2946 fidei
1969 2909 2179 2946 secundum
2207 2920 2424 2946 numerum.

1584 3094 1611 3127 γ)
1631 3100 1696 3118 rem.
1714 3106 1733 3112 —
1752 3093 1883 3118 rationem
1904 3091 2044 3124 ABFHpE.

1091 3204 1420 3237 Commentariis
1443 3203 1692 3236 Cardinalis
1715 3202 1915 3236 Caietam

445 3287 465 3307 N
489 3277 582 3308 titulo
606 3276 728 3307 articuli
752 3275 828 3306 sexti
852 3282 897 3305 est
920 3285 1024 3305 sermo
1041 3275 1079 3305 de
1096 3275 1215 3305 unitate
1239 3284 1294 3315 per
1308 3284 1341 3304 se
1357 3281 1388 3305 et
1403 3274 1476 3304 sim-

418 3289 568 3362 lpliciter
590 3320 736 3356 habitus,
768 3329 850 3360 quae
883 3327 929 3350 est
952 3319 1056 3349 unitas
1087 3319 1201 3359 speciei
1225 3318 1477 3359 specialissimae.

415 3365 527 3396 Unitas
547 3364 633 3395 enim
651 3363 793 3404 generice.
812 3370 858 3394 est
877 3363 981 3393 unitas
997 3361 1011 3378 *
1027 3364 1203 3394 secundum
1221 3363 1312 3404 quid;
1329 3369 1360 3393 et
1374 3362 1477 3393 unitas

416 3409 585 3440 numeralis
607 3415 653 3439 est
673 3418 730 3449 per
755 3408 907 3444 accidens,
933 3407 993 3437 hoc
1018 3414 1064 3437 est
1087 3417 1143 3447 per
1164 3407 1258 3443 aliud,
1284 3406 1401 3437 scilicet
1423 3416 1479 3447 per

416 3452 603 3484 subiectum.

1586 3274 1621 3303 In
1645 3283 1779 3314 corpore
1802 3273 1924 3304 articuli
1952 3272 2089 3303 dubium
2109 3282 2146 3303 ex
2169 3273 2276 3309 Scoto,
2295 3272 2328 3303 in
2349 3282 2410 3303 xxv
2430 3272 2502 3304 dist.
2519 3272 2594 3304 *111

1529 3318 1629 3355 Sent.‚
1648 3317 1792 3353 occurrit,
1808 3323 1957 3357 arguente
1981 3323 2091 3348 contra
2110 3316 2182 3349 hoc.
2199 3316 2317 3348 scilicet
2335 3315 2425 3357 quod
2447 3315 2525 3347 fides
2547 3316 2594 3348 in-

1530 3362 1600 3392 fusa
1624 3362 1718 3392 habet
1734 3361 1889 3392 unitatem
1905 3371 1942 3392 ex
1965 3361 2090 3392 obiecto
2107 3361 2222 3401 primo,
2240 3360 2358 3392 scilicet
2371 3360 2451 3391 Deo.
2473 3360 2592 3397 Primo,

1530 3406 1605 3447 quia
1628 3406 1715 3436 Deus
1739 3415 1805 3436 non
1835 3411 1943 3436 movet
1969 3405 2002 3435 in
2026 3405 2147 3436 ratione
2178 3405 2294 3436 obiecti
2316 3405 2356 3435 ad
2378 3404 2594 3444 cognitionem

1532 3450 1680 3480 omnium
1710 3449 1918 3481 credibilium.
1935 3467 1955 3472 —
1971 3449 2138 3486 Secundo,
2163 3449 2238 3490 quia
2260 3448 2292 3480 in
2316 3449 2386 3480 Deo
2410 3455 2445 3480 ut
2468 3448 2592 3480 obiecto

2623 2329 2633 2338 '
2649 2328 2697 2356 Qu.
2712 2333 2728 2355 ι,
2743 2331 2787 2350 ert.
2801 2334 2817 2350 ι.

2623 2776 2631 2784 ”
2639 2774 2662 2795 l·
2670 2749 2771 2802 Iluyqu.
2783 2781 2834 2802 cui,

2622 2804 2664 2822 art.
2679 2808 2703 2828 4.

2623 3271 2670 3293 ἈΔ
2678 3277 2691 3293 2
2699 3271 2811 3299 quoe-it:
