2892 4056
0 571 9 620 ε’
59 572 269 627 witnesse-

0 637 5 654 ,-
61 629 130 648 ment.
138 631 200 646 num.
207 631 228 650 v,
237 630 270 646 vi.

60 659 213 681 ’ct'.Au.

241 658 270 679 de

61 685 124 707 Unde.
133 685 184 713 Bap
196 700 211 712 .‚
219 690 268 712 cap.

57 717 103 734 xvr.

989 151 1254 198 QUAEsrio
1284 152 1369 198 xii,

1399 152 1692 190 ARTICULUS
1722 153 1754 189 11
2386 153 2453 188 105

297 227 424 259 stasiam
446 226 594 258 incurrit:
618 228 763 267 quamvis
786 228 924 260 incurrat
941 236 1106 268 peccatum
1120 230 1351 261 inobedientiae
1404 236 1512 270 peccat
1534 231 1715 266 mortaliter,
1733 231 1827 262 etiam
1850 230 1875 260 si
1899 230 1938 261 sit
1960 230 2056 260 timor
2071 230 2184 260 cadens
2198 229 2231 259 in
2247 229 2460 260 constantissi-

297 278 328 302 et
350 270 530 302 rebellionis
559 278 668 301 contra
691 279 894 312 praeceptum
921 273 1050 312 praelati
1079 274 1233 304 exeundo.
1264 273 1351 304 Sicut
1404 283 1496 304 mum
1518 274 1637 304 virum:
1662 274 1768 305 nullus
1793 274 1878 304 enim
1900 274 1996 305 timor
2020 280 2145 304 excusat
2161 273 2200 303 ab
2218 273 2266 303 his
2289 282 2371 313 quae
2387 281 2461 304 sunt

297 315 392 347 etiam
414 321 498 345 stans
521 314 554 344 in
577 315 712 345 claustro
733 322 763 345 et
782 316 893 346 nolens
911 317 1108 356 pertinaciter
1122 317 1249 348 obedire
1264 327 1350 357 prae-
1404 317 1581 348 secundum
1595 328 1627 348 se
1642 318 1735 354 mala,
1751 318 1845 359 quale
1868 325 1914 348 est
1937 317 2123 348 sacrificium
2137 316 2310 347 idolorum.
2334 316 2374 347 Et
2388 316 2461 347 licet

296 359 362 390 lato
385 358 505 398 aliquid
527 358 609 388 iuste
633 359 852 398 praecipienti,
875 360 998 391 rebellis
1021 367 1085 396 est,
1109 370 1175 391 non
1198 367 1349 400 apostata.

297 403 429 442 Propter
451 402 550 442 quod,
567 402 687 432 dictum
712 403 885 434 innocentii
901 403 934 433 in
949 404 1052 443 primo
1069 414 1142 435 casu
1158 403 1350 435 verificatur:

298 452 328 477 et
349 446 383 476 in
405 445 461 476 illo
485 455 579 475 sensu
603 453 726 476 tantum
745 453 824 486 puto
844 447 951 486 ipsum
965 447 1135 484 intendere,
1151 448 1206 488 qui
1222 448 1351 478 delatio-

298 499 372 520 nem
393 489 519 520 habitus
542 499 607 520 non
631 499 776 520 excusare
799 490 990 530 apostasiam
1013 491 1124 521 docere
1147 491 1280 522 volebat.

352 533 420 564 V11.
444 533 479 562 ln
502 533 707 573 responsione
723 534 763 564 ad
779 534 954 564 secundum
969 533 1243 565 confirmationem
1256 535 1352 566 habes

298 577 386 616 quod
410 584 496 607 actus
520 577 652 607 exterior
680 578 747 608 sola
774 577 1031 608 denominatione
1058 578 1096 608 ab
1119 585 1190 608 actu
1213 579 1352 609 interiori

297 620 411 651 dicitur
425 620 494 651 talis
505 620 532 656 *,
550 628 627 660 puta
642 620 742 652 fidelis
757 628 788 652 et
801 620 946 656 infidelis,
962 622 1044 652 sicut
1057 622 1187 661 signum
1202 623 1351 653 sanitatis

296 673 422 695 sanum.
448 664 489 694 Et
504 664 582 695 scito
610 665 699 705 quod
718 673 861 695 exercens
885 664 972 703 signa
987 663 1176 695 infidelitatis
1189 675 1226 695 ex
1238 665 1352 696 timore

298 706 348 749 (ut
363 708 401 738 de
424 708 607 739 Marcellino
622 709 708 748 Papa
730 708 864 738 habetur
877 708 967 748 quod
989 708 1098 747 posuit
1120 715 1191 739 tura
1212 709 1305 739 idolis
1321 708 1351 751 *)

1403 361 1473 392 talis
1496 371 1562 391 non
1585 368 1692 401 peccet
1714 368 1842 401 peccato
1861 361 2050 392 infidelitatis
2065 360 2215 396 interiori,
2232 367 2340 399 peccat
2354 367 2459 390 tamen

1376 403 1379 425 ¹
1404 411 1533 446 peccato
1556 404 1745 435 infidelitatis
1768 405 1925 441 exteriori,
1950 415 2015 435 non
2041 404 2191 445 opposito
2214 403 2302 439 fidei,
2326 404 2380 433 sed
2404 414 2461 443 op—

1404 447 1510 488 posito
1533 447 1606 478 fidei
1629 448 1830 479 confessioni.
1858 449 1900 479 Et
1922 455 2104 489 propterea,
2128 448 2200 478 licet
2229 447 2300 478 talis
2328 457 2394 477 non
2421 448 2461 477 sit

1377 525 1379 536 Ι
1404 492 1577 522 haereticus
1594 502 1651 522 nec
1672 492 1838 523 idololatra
1853 493 2028 523 secundum
2043 498 2194 527 mentem,
2211 498 2257 522 est
2272 498 2378 522 tamen
2393 490 2460 520 ido—

1377 537 1379 590 ᾗ
1404 535 1516 566 lolatra
1533 542 1605 566 actu
1621 536 1773 572 exteriori,
1790 543 1820 566 et
1835 536 1992 566 subiectus
2015 535 2136 566 iuribus
2158 535 2217 566 Dei
2240 542 2271 565 et
2291 534 2461 565 hominum

1377 595 1379 646 Α
1406 586 1514 609 contra
1537 579 1737 610 idololatras:
1760 580 1836 620 quia
1858 580 1958 610 homo
1981 580 2099 610 iudicat
2114 589 2150 610 ea
2176 588 2258 619 quae
2274 585 2358 608 extra
2372 585 2460 614 sunt,

1406 629 1437 653 et
1457 623 1544 653 Deus
1571 623 1768 654 voluntatem
1791 623 2040 654 consentientem
2062 623 2095 653 in
2118 622 2251 653 exterius
2274 621 2461 652 sacrificium

1377 647 1379 704 i
1407 673 1515 698 contra
1530 677 1572 698 se.
1597 667 1704 697 Mitius
1723 674 1829 697 tamen
1853 667 2022 698 exercenda
2045 673 2128 700 sunt.
2153 673 2281 706 propter
2303 666 2459 702 timorem,

1377 705 1379 734 Ε
1406 710 1473 740 iura
1489 717 1598 741 contra
1616 710 1734 750 ipsum.

1055 835 1368 877 ARTICULUS
1398 836 1695 877 SECUNDUS

452 906 607 937 UTRUM
630 905 834 937 PRINCEPS
857 906 1056 938 PROPTER
1078 908 1349 940 APOSTASIAM
1371 912 1400 939 A
1423 909 1520 940 FIDE
1546 893 1746 940 AMITTAT
1770 909 1990 940 DOMINIUM
2015 910 2057 940 IN
2080 909 2305 945 SUBDITOS,

930 951 1003 981 ITA
1027 951 1149 988 QUOD
1173 952 1214 982 El
1237 952 1422 983 OBEDIRE
1445 953 1537 984 NON
1560 953 1827 984 TENEANTUR

415 1052 478 1084 ,μή
506 1033 530 1058 t>
545 1033 732 1059 SECUNDUM
747 1034 799 1059 Sic
814 1034 1052 1061 Paocanrrua.
1073 1024 1231 1062 Videtur
1249 1025 1353 1073 quod

365 1074 370 1079 '
427 1075 476 1133 {¹33
506 1074 683 1124 princeps
709 1082 866 1125 propter
889 1076 1118 1125 apostasiam
1138 1090 1160 1115 a
1179 1078 1255 1115 fide
1275 1091 1354 1116 non

316 1155 325 1169 .
347 1118 359 1134 Ἰ
412 1162 415 1163 ⁷
450 1126 653 1166 (amittat
680 1127 892 1166 dominium
921 1129 959 1166 in
983 1129 1170 1177 subditos,
1200 1130 1291 1179 quin
1319 1130 1354 1168 ei
1380 1154 1381 1164 η

316 1172 323 1181 ”
352 1172 705 1218 Qw‘steneantur
733 1182 900 1220 obedire.
933 1182 1032 1220 Dicit
1061 1183 1162 1220 enim
1187 1185 1355 1222 Ambro-

297 1232 374 1269 sius
394 1237 412 1253 ²
429 1231 450 1254 *
478 1233 582 1282 quod
610 1234 781 1271 Iulianus
807 1236 1032 1283 Imperator,
1061 1237 1233 1284 quamvis
1263 1243 1356 1274 esset

296 1286 627 1333 apostatasssttabuit
644 1292 766 1324 tamen
786 1289 854 1325 sub
871 1299 912 1324 se
934 1289 1162 1326 Christianos
1181 1289 1313 1327 milites
1326 1288 1353 1336 β,

297 1336 429 1387 quibus
457 1349 542 1375 cum
562 1339 726 1376 dicebat.-
757 1356 775 1373 «
787 1339 987 1377 Producite
1004 1342 1123 1379 aciem
1136 1354 1211 1390 pro
1230 1342 1354 1391 defen-

257 1432 270 1436 ·
297 1391 400 1429 sione
435 1391 660 1440 reipublicae
682 1408 720 1438 »,
749 1393 968 1430 obediebant
993 1393 1038 1430 ei.
1070 1394 1173 1442 Ergo
1201 1403 1356 1443 propter

154 1659 173 1686 -ς

109 3393 142 3415 τι.
156 3386 205 3409 Sed
217 3392 273 3408 con-

297 1443 526 1492 apostasiam
549 1444 730 1493 principis
757 1445 896 1483 subditi
923 1457 1000 1482 non
1029 1447 1279 1484 absolvuntur
1305 1448 1355 1484 ab

298 1496 379 1533 eius
407 1496 590 1534 dominio.
1047 1528 1049 1531 .

352 1559 388 1585 2.
417 1549 650 1596 Pium-Eam,
680 1557 851 1598 apostata
870 1562 892 1586 a
909 1550 986 1587 fide
1006 1551 1168 1588 infidelis
1189 1559 1254 1588 est.
1277 1551 1355 1588 Sed

295 1596 513 1645 infidelibus
541 1601 705 1639 dominis
733 1602 978 1643 inveniuntur
1003 1604 1116 1653 aliqui
1142 1604 1260 1644 sancti
1284 1604 1356 1641 viri
1381 1609 1382 1628 ³

296 1647 458 1703 fideliter
475 1660 491 1683 Υ
510 1656 690 1693 servisse:
715 1657 812 1694 sicut
837 1655 974 1704 Ioseph
1002 1657 1205 1704 Pharaoni,
1224 1665 1260 1695 et
1282 1658 1355 1694 Da-

297 1706 372 1748 niel
397 1707 773 1755 Nabuchodonosor,
803 1718 838 1747 et
865 1708 1146 1747 Mardochaeus
1172 1713 1355 1747 Assuero.

297 1760 400 1808 Ergo
428 1770 585 1810 propter
601 1763 832 1811 apostasiam
853 1775 875 1800 a
893 1763 970 1800 fide
989 1775 1068 1800 non
1088 1770 1144 1800 est
1168 1763 1355 1800 dimitten-

298 1813 391 1865 dum
420 1815 511 1864 quin
538 1814 697 1866 principi
726 1816 927 1854 obediatur
953 1829 976 1854 a
1003 1816 1173 1853 subditis.
1288 1850 1292 1851 ⁷

321 1870 323 1874 '
353 1862 388 1903 3.
416 1864 650 1917 Palmum,
679 1869 774 1907 sicut
799 1882 867 1919 per
895 1869 1124 1918 apostasiam
1152 1881 1174 1906 a
1201 1868 1278 1906 fide
1299 1881 1355 1906 re-

298 1911 443 1967 ceditur
469 1932 493 1958 a
520 1920 627 1969 Deo,
655 1921 706 1959 ita
736 1934 807 1971 per
837 1922 1036 1971 quodlibet
1064 1929 1276 1971 peccatum.
1315 1921 1355 1959 Si
1381 1926 1383 1973 ξ

299 1983 399 2031 ergo.
415 1981 570 2022 propter
597 1975 827 2023 apostasiam
856 1988 878 2012 a
905 1976 982 2014 fide
1002 1975 1204 2023 perderent
1220 1974 1356 2023 princi·
1381 1976 1383 2011 Ξ

296 2037 364 2073 pes
391 2038 449 2063 ius
475 2026 687 2075 imperandi
715 2029 872 2066 subditis
898 2029 1086 2074 fidelibus,
1106 2028 1188 2077 pari
1211 2027 1354 2065 ratione

295 2086 452 2127 propter
466 2079 538 2116 alia
551 2089 708 2129 peccata
726 2082 801 2118 hoc
820 2081 1043 2119 amitterent.
1065 2081 1142 2118 Sed
1161 2082 1235 2118 hoc
1253 2088 1356 2129 patet
1381 2091 1382 2129 ᾗ

297 2143 379 2168 esse
407 2131 554 2170 falsum.
585 2135 676 2170 Non
702 2146 790 2182 ergo
809 2142 965 2183 propter
987 2134 1216 2184 apostasiam
1237 2145 1259 2169 a
1277 2134 1354 2171 fide
1381 2145 1382 2165 1

297 2191 353 2221 est
380 2185 637 2224 recedendum
666 2187 714 2224 ab
743 2188 959 2225 obedientia
985 2187 1213 2237 principum.

349 2237 424 2274 San
453 2250 599 2276 coum
630 2251 697 2277 Es'r
728 2241 833 2288 quod
862 2241 1067 2289 Gregorius
1099 2241 1168 2277 VII
1206 2239 1295 2277 dicit
1317 2241 1353 2275 *ς
1380 2267 1382 2276 2

261 2313 268 2321 -
294 2288 392 2336 Nos,
419 2297 636 2329 sanctorum
657 2294 990 2340 praedecessorum
1017 2299 1153 2331 statuta
1181 2298 1353 2338 tenentes,

295 2353 359 2379 eos
377 2343 443 2391 qui
459 2346 791 2383 excommunicatis
802 2347 986 2394 fidelitate
1003 2353 1070 2384 aut
1086 2351 1321 2383 sacramento
1341 2343 1355 2367 ὃ

294 2401 382 2431 sunt
393 2398 591 2443 constricti,
606 2398 820 2446 Apostolica
839 2400 1059 2436 auctoritate
1077 2411 1100 2435 a
1118 2404 1354 2435 sacramento

295 2448 535 2495 absolvimus,
564 2456 600 2487 et
625 2463 672 2487 ne
688 2452 761 2488 sihi
770 2452 991 2499 fidelitatem
1011 2453 1207 2488 observent
1236 2451 1355 2487 omni·
1380 2455 1381 2492 i

295 2501 364 2538 bus
382 2503 501 2540 modis
514 2504 769 2551 prohibemus,
789 2517 981 2553 quousque
998 2505 1050 2542 ad
1065 2504 1354 2552 satisfactionem

294 2554 456 2592 veniant.
479 2556 556 2594 Sed
575 2565 770 2604 apostatae
790 2571 812 2594 a
831 2559 908 2595 fide
923 2565 1010 2595 sunt
1025 2556 1353 2602 excommunicati,
1380 2597 1382 2601 .

296 2604 391 2644 sieut
411 2615 447 2645 et
464 2609 662 2657 haeretici:
690 2620 731 2648 ut
759 2611 845 2648 dicit
864 2611 1070 2648 Decretalis
1095 2615 1107 2630 ⁸
1126 2610 1188 2646 Ad
1204 2608 1355 2646 abolen-

261 2676 267 2682 ·
295 2659 385 2698 dam
401 2662 432 2698 ²³.
453 2662 555 2710 Ergo
576 2663 807 2712 principibus
827 2663 1125 2712 apostatantibus
1140 2675 1162 2698 a
1179 2662 1257 2699 fide
1275 2673 1355 2698 non
1380 2651 1383 2695 Ϊ

297 2720 352 2751 est
380 2714 652 2753 obediendum.

349 2767 575 2805 Responnno
594 2781 777 2807 monimum
796 2769 914 2818 quod,
931 2769 1026 2805 sicut
1045 2779 1159 2815 supra
1172 2766 1192 2788 ’¹‘
1212 2766 1354 2803 dictum

1380 1027 1382 1069 l
1407 1033 1482 1073 est,
1512 1026 1711 1063 infidelitas
1740 1026 1950 1062 secundum
1980 1026 2144 1075 seipsam
2172 1037 2250 1061 non
2279 1033 2462 1074 repugnat

1379 1072 1382 1152 ἰ
1407 1078 1590 1126 dominio,
1613 1091 1658 1115 eo
1678 1079 1782 1127 quod
1812 1078 2025 1116 dominium
2053 1078 2310 1115 introductum
2340 1087 2395 1115 est
2415 1079 2461 1115 de

1407 1131 1487 1168 iure
1513 1131 1696 1179 gentium,
1725 1131 1830 1179 quod
1859 1138 1915 1167 est
1936 1130 1994 1167 ius
2012 1134 2246 1176 humanum;
2276 1129 2461 1168 distinctio

1380 1169 1382 1229 ξ
1407 1192 1535 1221 autem
1566 1183 1739 1221 fidelium
1771 1192 1809 1220 et
1843 1183 2053 1220 infidelium
2082 1191 2138 1220 est
2165 1183 2376 1220 secundum
2404 1184 2462 1219 ius

1380 1237 1382 1279 ῗ
1407 1237 1600 1284 divinum,
1628 1247 1697 1285 per
1728 1236 1835 1285 quod
1866 1247 1944 1272 non
1979 1236 2120 1273 tollitur
2151 1235 2208 1271 ius
2235 1237 2462 1273 humanum.

1408 1290 1484 1326 Sed
1513 1289 1647 1338 aliquis
1673 1301 1743 1337 per
1769 1289 2030 1327 infidelitatem
2054 1299 2218 1338 peccans
2237 1295 2362 1336 potest
2380 1300 2463 1324 sen-

1406 1341 1604 1379 tentialiter
1632 1341 1688 1381 ius
1717 1339 1900 1380 dominii*
1920 1341 2104 1388 amittere,
2125 1341 2218 1379 sicut
2238 1348 2274 1378 et
2292 1340 2464 1389 quando-

1380 1427 1382 1450 )
1407 1407 1482 1443 que
1499 1402 1655 1442 propter
1669 1393 1759 1431 alias
1779 1394 1920 1442 culpas.
1940 1394 2000 1431 Ad
2015 1393 2227 1430 Ecclesiam
2242 1401 2369 1430 autem
2385 1406 2463 1430 non

1406 1446 1567 1495 pertinet
1585 1446 1718 1494 punire
1746 1447 2003 1483 infidelitatem
2022 1447 2061 1483 in
2078 1446 2148 1482 illis
2176 1445 2241 1494 qui
2268 1457 2463 1494 nunquam

1380 1499 1382 1526 Ρ
1406 1499 1526 1536 fidem
1547 1506 1812 1546 susceperunt:
1838 1501 2049 1536 secundum
2069 1498 2158 1534 illud
2178 1498 2362 1546 Apostoli,
2383 1499 2395 1533 1
2416 1498 2466 1534 ad

1381 1565 1382 1568 ¹
1413 1552 1535 1588 Cor.v
1551 1552 1586 1587 *z
1611 1551 1710 1593 Quid
1727 1551 1820 1588 mihi
1835 1552 1881 1588 de
1898 1551 1954 1587 his
1973 1552 2038 1600 qui
2042 1551 2147 1599 foris
2165 1556 2250 1586 sunt
2268 1550 2464 1587 iudicare?

1409 1604 1487 1642 Sed
1514 1603 1772 1641 infidelitatem
1802 1603 1951 1641 illorum
1979 1604 2043 1652 qui
2068 1603 2186 1640 fidem
2220 1610 2466 1651 susceperunt

1407 1665 1532 1706 potest
1569 1656 1833 1694 sententialiter
1866 1657 2010 1705 punire.
2050 1657 2099 1693 Et
2126 1655 2396 1692 convenienter
2426 1655 2465 1692 in

1381 1726 1383 1740 τ
1408 1711 1483 1746 hoc
1509 1710 1716 1758 puniuntur
1743 1710 1848 1757 quod
1881 1709 2039 1747 subditis
2073 1708 2247 1746 fidelibus
2277 1708 2465 1744 dominari

1408 1775 1487 1799 non
1515 1762 1661 1811 possint
1679 1768 1718 1798 ⁷²:
1746 1763 1821 1799 hoc
1849 1763 1951 1799 enim
1978 1773 2134 1809 vergere
2163 1768 2292 1809 posset
2318 1760 2356 1797 in
2384 1772 2465 1797 ma-

1408 1827 1522 1864 gnam
1550 1815 1640 1852 fidei
1669 1815 1970 1863 corruptionem
2000 1814 2100 1864 quia,
2128 1822 2170 1850 ut
2198 1813 2338 1851 dictum
2360 1821 2414 1849 est
2432 1813 2464 1860 ³⁸,

1407 1870 1519 1906 homo
1548 1873 1717 1916 apostata
1743 1880 1812 1905 suo
1831 1866 1844 1889 ⁰
1873 1868 1984 1905 corde
2011 1867 2249 1904 machinatur
2271 1865 2413 1903 malum
2432 1872 2468 1902 et

1409 1921 1536 1971 iurgia
1554 1921 1725 1966 seminat,
1740 1921 1940 1958 intendens
1955 1920 2132 1958 homines
2146 1931 2319 1967 separare
2339 1931 2361 1955 a
2374 1919 2464 1956 fide.

1409 1975 1458 2011 Et
1483 1974 1571 2012 ideo
1600 1986 1727 2022 quam2
1746 1974 1818 2010 cito
1840 1973 1971 2022 aliquis
1990 1986 2059 2021 per
2077 1972 2300 2009 sententiam
2321 1971 2466 2008 denun-

1381 2045 1382 2048 ¹
1407 2027 1519 2064 tiatur
1538 2027 1888 2063 excommunicatus
1911 2034 2066 2075 propter
2085 2025 2315 2073 apostasiam
2335 2037 2357 2060 a
2376 2025 2463 2071 fide,

1408 2078 1490 2128 ipso
1520 2081 1616 2116 facto
1652 2079 1731 2116 eius
1764 2079 1902 2116 subditi
1935 2087 2022 2116 sunt
2058 2078 2218 2114 absoluti
2246 2090 2268 2114 a
2297 2077 2465 2114 dominio

1409 2133 1489 2170 eius
1518 2140 1554 2169 et
1582 2133 1794 2169 iuramento
1820 2131 2006 2169 fidelitatis
2025 2144 2103 2179 quo
2123 2129 2156 2167 ei
2177 2131 2411 2167 tenebantur.

1461 2187 1521 2222 An
1550 2197 1686 2223 PR1MUM
1713 2197 1811 2222 ERGO
1840 2197 2023 2222 DlCENDUM
2055 2184 2160 2232 quod
2192 2183 2255 2219 illo
2293 2190 2465 2232 tempore

1408 2238 1590 2285 Ecclesia,
1619 2238 1658 2274 in
1686 2238 1743 2274 sui
1771 2238 1951 2284 novitate,
1981 2237 2153 2274 nondum
2176 2237 2342 2273 habebat
2359 2244 2466 2285 pote-

1380 2303 1382 2344 j
1408 2299 1543 2328 statem
1572 2299 1742 2328 terrenos
1773 2291 1962 2339 principes
1991 2289 2268 2338 compescendi.
2303 2290 2352 2325 Et
2380 2289 2465 2326 ideo

1380 2347 1382 2381 i
1408 2344 1583 2381 toleravit
1609 2344 1743 2381 fideles
1771 2344 1915 2380 Iuliano
1943 2345 2149 2392 Apostatae
2178 2341 2333 2379 obedire
2353 2342 2391 2378 in
2409 2342 2466 2379 his

1380 2395 1382 2429 ἓ
1408 2410 1506 2446 quae
1526 2409 1605 2434 non
1625 2402 1632 2417 ‘
1661 2404 1767 2433 erant
1795 2405 1924 2439 contra
1943 2396 2074 2443 fidem,
2094 2403 2135 2432 ut
2153 2395 2275 2432 maius
2293 2395 2382 2431 fidei
2401 2408 2466 2443 pe-

1409 2449 1566 2486 riculum
1594 2449 1786 2486 vitaretur.
2091 2448 2102 2461 ⁴

1461 2504 1520 2538 AD
1553 2513 1743 2538 SECUNDUM
1775 2513 1959 2538 DICENDUM
1982 2501 2087 2549 quod
2115 2501 2185 2537 alia
2213 2500 2306 2537 ratio
2336 2508 2390 2536 est
2419 2500 2465 2537 de

1408 2553 1487 2591 aliis
1514 2553 1742 2594 infidelibus.
1763 2553 1827 2602 qui
1852 2566 2048 2601 nunquam
2068 2553 2186 2590 fidem
2207 2560 2464 2601 susceperunt,

1380 2607 1383 2648 1
1408 2613 1449 2643 ut
1476 2605 1620 2644 dictum
1648 2614 1703 2642 est
1721 2606 1751 2642 ’Ξῖ

1461 2660 1520 2696 An
1547 2670 1707 2696 TERTmM
1735 2670 1918 2695 DICENDUM
1943 2658 2047 2706 quod
2067 2658 2256 2706 apostasia
2275 2670 2296 2694 a
2315 2658 2392 2695 fide
2411 2666 2467 2694 to-

1381 2717 1383 2760 }
1408 2712 1530 2749 taliter
1556 2720 1705 2760 separat
1728 2711 1926 2748 hominem
1954 2723 1976 2747 a
1995 2712 2092 2757 Deo,
2114 2719 2155 2747 ut
2183 2710 2326 2747 dictum
2351 2719 2406 2747 est
2424 2711 2464 2747 *ε

1382 2763 1384 2805 l
1409 2765 1512 2813 quod
1529 2777 1607 2801 non
1623 2764 1802 2811 contingit
1815 2764 1852 2801 in
1867 2763 2171 2812 quibuscumque
2192 2763 2273 2800 aliis
2291 2763 2465 2812 peccatis.

348 2877 376 2908 α)
394 2878 560 2904 Ambrosius.
577 2893 596 2898 —
613 2882 641 2904 et
658 2880 770 2904 habetur
788 2879 834 2904 XI
848 2887 891 2911 qu.
910 2887 935 2903 vi
954 2879 1050 2903 addunt
1069 2879 1137 2903 PlsK
1157 2884 1182 2903 et
1200 2885 1244 2903 im.

1461 2877 1487 2909 ζ)
1507 2877 1628 2901 dominii.
1645 2890 1664 2895 -
1682 2877 1800 2901 divinum
1819 2875 2044 2907 ABDEFGHLpK
2064 2881 2089 2899 et
2106 2883 2152 2900 im.

350 2910 375 2944 β)
395 2913 500 2938 milites.
519 2927 537 2932 -
556 2914 651 2939 multos
670 2914 720 2944 BF,
740 2914 869 2939 militares
890 2915 908 2939 l.
953 2922 965 2930 κ
1382 2919 1383 2945 1

349 2949 376 2981 γ)
388 2948 518 2980 fideliter.
535 2962 555 2968 —
572 2949 716 2982 infideliter
732 2949 943 2982 ABDEpCFHK.

349 2982 374 3014 ὃ)
393 2988 571 3010 saer-mento.
588 2998 607 3004 -
625 2985 769 3009 iuramenti
786 2988 954 3010 sacramento
973 2985 1020 3009 Pa.

350 3019 373 3051 ι)
394 3019 550 3044 Decretalis.
568 3034 585 3038 -
605 3019 696 3044 Extra
715 3019 748 3044 de
766 3019 914 3045 Haereticis
934 3020 1030 3044 addunt
1048 3019 1115 3043 Plaa
1134 3023 1159 3042 et
1183 3025 1272 3050 margo
1291 3017 1321 3043 C.

1462 2913 1489 2944 η)
1505 2913 1618 2944 possint.
1636 2925 1654 2930 -
1669 2914 1783 2943 possunt
1802 2911 1946 2935 BEFGhm.

1462 2946 1486 2979 θ)
1506 2955 1562 2972 suo.
1580 2961 1599 2966 —
1614 2954 1700 2978 pravo
1720 2947 1766 2971 Pa.

1465 2981 1484 3015 ι)
1504 2990 1565 3007 ηοη.
1582 2996 1602 3002 -
1621 2982 1737 3006 nondum
1757 2981 1887 3006 PBDFna.
1914 2981 1935 3005 C
1954 2988 2006 3005 om.
2026 2981 2091 3005 hanc
2109 2981 2273 3005 solutionem.

1407 3158 1455 3194 tis,
1479 3159 1580 3188 donec
1600 3157 1890 3188 excommunicatus
1914 3156 2063 3187 dominus
2087 3157 2126 3186 ad
2151 3156 2395 3187 satisfactionem
2418 3166 2467 3186 ve-

363 3215 419 3236 um
443 3204 592 3240 occurrit,
617 3214 656 3233 an
680 3210 809 3244 propter
832 3203 1192 3234 excommunicationem
1216 3212 1252 3232 ex
1275 3212 1353 3243 qua·
1380 3196 1382 3248 l.
1409 3203 1484 3233 niat.
1509 3203 1550 3232 Et
1572 3202 1604 3231 in
1623 3209 1747 3231 tantum
1770 3201 1831 3231 hoc
1856 3207 2032 3240 acceptatur
2061 3208 2096 3231 ut
2121 3200 2299 3230 canonistae
2326 3199 2469 3229 dubitent

299 3259 437 3290 cumque
454 3258 548 3279 causa
565 3248 657 3284 iusta,
674 3258 714 3278 an
728 3248 836 3278 solum
850 3254 979 3287 propter
994 3246 1355 3277 excommunicationem
1380 3272 1382 3287 ἴ
1408 3256 1448 3276 an
1472 3246 1566 3277 etiam
1591 3246 1731 3275 absolvat
1754 3255 1771 3274 a
1795 3244 1900 3275 debito
1924 3244 2066 3275 solvendi
2089 3251 2239 3274 mutuum
2263 3250 2467 3283 acceptum.-

299 3304 336 3325 ex
351 3303 444 3324 causa
459 3291 634 3332 apostasiae
649 3302 667 3321 a
681 3290 753 3327 fide,
770 3290 950 3321 dominium
965 3290 1134 3321 amittatur.
1159 3291 1199 3320 Et
1215 3297 1260 3321 est
1275 3290 1354 3320 ratio
1380 3290 1382 3323 Ι,
1409 3290 1455 3320 Ex
1479 3290 1574 3320 altera
1600 3296 1686 3329 parte
1710 3288 1846 3319 occurrit
1872 3289 1961 3329 quod
1984 3291 2104 3319 Auctor
2128 3287 2260 3327 speciale
2288 3287 2406 3327 aliquid
2429 3287 2468 3316 de

300 3337 388 3368 dubii
410 3336 484 3378 quia
510 3336 542 3366 in
558 3336 713 3372 Decretis,
734 3335 815 3370 XV‘,
836 3344 889 3375 qu.
910 3345 954 3371 VI,
975 3345 1041 3365 can.
1062 3335 1129 3365 Nos
1151 3340 1353 3371 sanctorum,
1380 3325 1383 3364 l
1409 3334 1565 3373 apostasia
1583 3333 1706 3363 videtur
1724 3333 1803 3362 velle
1823 3332 1934 3363 dicere.
1954 3333 1988 3362 In
2008 3333 2098 3362 cuius
2121 3332 2262 3371 signum,
2287 3331 2319 3360 in
2339 3340 2467 3370 respon-

299 3382 388 3423 quod
407 3383 528 3411 Auctor
550 3379 582 3410 in
601 3378 836 3415 littera*affert‚
861 3386 890 3409 et
914 3378 946 3408 in
965 3388 1031 3409 can.
1051 3378 1192 3416 luratos,
1213 3378 1355 3408 absolute
1381 3365 1383 3391 ‘⁸
1410 3378 1498 3407 sione
1522 3378 1562 3407 ad
1580 3377 1708 3407 tertium
1732 3376 1806 3406 dicit
1828 3377 1916 3417 quod
1940 3386 2005 3406 non
2025 3383 2071 3406 est
2095 3376 2203 3406 eadem
2227 3374 2305 3405 ratio
2331 3374 2369 3404 de
2392 3384 2468 3414 apo-

300 3425 414 3456 dicitur
432 3424 520 3465 quod
539 3422 824 3454 excommunicatio
844 3422 978 3452 absolvit
995 3432 1013 3452 a
1031 3422 1207 3452 iuramento
1226 3421 1356 3452 fidelita-
1381 3394 1384 3458 i
1409 3421 1500 3452 stasia
1520 3428 1550 3451 et
1569 3420 1636 3451 aliis
1656 3420 1847 3451 criminibus.

969 3089 1299 3122 Commenta-ia
1320 3088 1570 3121 cardinalis
1591 3088 1790 3120 Caietam·

302 3172 360 3236 ligi
371 3160 504 3191 articulo
527 3160 667 3190 secundo
691 3160 832 3190 eiusdem
856 3159 1050 3200 quaestionis
1074 3158 1279 3189 duodecimae
1296 3158 1353 3189 du'-
1379 3158 1381 3192 i

443 3487 553 3511 Sumus
572 3486 672 3510 Timor..
692 3485 723 3509 D.
742 3485 856 3509 Tuon:
871 3484 903 3509 Τ.
917 3485 947 3509 V.
2295 3487 2324 3510 ¹4

2492 1556 2499 1563 ·
2516 1554 2581 1575 Vei-s.
2596 1560 2625 1575 ιι.

2493 1814 2500 1821 ·
2516 1814 2565 1834 Art.
2587 1811 2700 1839 praeced„

2492 1845 2539 1866 arg.
2553 1844 2574 1860 ι.

2492 2612 2502 2622 “
2517 2612 2541 2632 ln
2557 2617 2661 2638 corpore.

2492 2717 2503 2727 '
2517 2717 2567 2738 Art.
2583 2716 2688 2743 praeced.
