<?xml version="1.0" encoding="UTF-8"?>
<!DOCTYPE html PUBLIC "-//W3C//DTD XHTML 1.0 Transitional//EN"
    "http://www.w3.org/TR/xhtml1/DTD/xhtml1-transitional.dtd">
<html xmlns="http://www.w3.org/1999/xhtml" xml:lang="en" lang="en">
 <head>
  <title>
</title>
<meta http-equiv="Content-Type" content="text/html;charset=utf-8" />
  <meta name='ocr-system' content='tesseract 3.04.00' />
  <meta name='ocr-capabilities' content='ocr_page ocr_carea ocr_par ocr_line ocrx_word'/>
</head>
<body>
  <div class='ocr_page' id='page_1' title='image "./operaomniaiussui08thom/operaomniaiussui08thom_0397.png"; bbox 0 0 2892 4056; ppageno 0'>
   <div class='ocr_carea' id='block_1_1' title="bbox 114 248 314 374">
    <p class='ocr_par' dir='ltr' id='par_1_1' title="bbox 114 248 314 374">
     <span class='ocr_line' id='line_1_1' title="bbox 115 248 224 274; baseline 0 -5"><span class='ocrx_word' id='word_1_1' title='bbox 115 249 122 258; x_wconf 79' lang='lat'>⁸</span> <span class='ocrx_word' id='word_1_2' title='bbox 138 248 194 274; x_wconf 81' lang='lat' dir='ltr'>Cap.</span> <span class='ocrx_word' id='word_1_3' title='bbox 210 254 224 269; x_wconf 87' lang='lat' dir='ltr'>u</span> 
     </span>
     <span class='ocr_line' id='line_1_2' title="bbox 114 264 314 322; baseline -0.005 0"><span class='ocrx_word' id='word_1_4' title='bbox 114 264 286 322; x_wconf 44' lang='lat' dir='ltr'>{tritt-&amp;1⁶¹-</span> <span class='ocrx_word' id='word_1_5' title='bbox 292 280 314 295; x_wconf 84' lang='lat'>..</span> 
     </span>
     <span class='ocr_line' id='line_1_3' title="bbox 115 332 252 374; baseline -0.007 0"><span class='ocrx_word' id='word_1_6' title='bbox 115 332 219 374; x_wconf 59' lang='lat' dir='ltr'>1202¹3½1²f</span> <span class='ocrx_word' id='word_1_7' title='bbox 241 333 252 348; x_wconf 85' lang='lat'><strong>¹</strong></span> 
     </span>
    </p>
   </div>
   <div class='ocr_carea' id='block_1_2' title="bbox 253 251 314 269">
    <p class='ocr_par' dir='ltr' id='par_1_2' title="bbox 253 251 314 269">
     <span class='ocr_line' id='line_1_4' title="bbox 253 251 314 269; baseline -0.016 0"><span class='ocrx_word' id='word_1_8' title='bbox 253 254 275 269; x_wconf 81' lang='lat' dir='ltr'>n·</span> <span class='ocrx_word' id='word_1_9' title='bbox 292 251 314 269; x_wconf 75' lang='lat'>10</span> 
     </span>
    </p>
   </div>
   <div class='ocr_carea' id='block_1_3' title="bbox 0 207 21 705">
    <p class='ocr_par' dir='ltr' id='par_1_3' title="bbox 0 207 21 705">
     <span class='ocr_line' id='line_1_5' title="bbox 0 207 21 705; textangle 90"><span class='ocrx_word' id='word_1_10' title='bbox 0 679 15 705; x_wconf 61' lang='lat'>31³*</span> <span class='ocrx_word' id='word_1_11' title='bbox 0 347 21 671; x_wconf 49' lang='lat' dir='ltr'>Wt-&#39;&#39;ZW‘Q-oea*</span> <span class='ocrx_word' id='word_1_12' title='bbox 5 299 18 342; x_wconf 54' lang='lat' dir='ltr'>‘a‘</span> <span class='ocrx_word' id='word_1_13' title='bbox 8 291 10 294; x_wconf 62' lang='lat'>&lt;</span> <span class='ocrx_word' id='word_1_14' title='bbox 6 222 19 285; x_wconf 46' lang='grc' dir='ltr'>’ν’-ψ</span> <span class='ocrx_word' id='word_1_15' title='bbox 8 207 10 210; x_wconf 59' lang='grc'>’</span> 
     </span>
    </p>
   </div>
   <div class='ocr_carea' id='block_1_4' title="bbox 10 715 18 768">
    <p class='ocr_par' dir='ltr' id='par_1_4' title="bbox 10 715 18 768">
     <span class='ocr_line' id='line_1_6' title="bbox 10 715 18 768; textangle 90"><span class='ocrx_word' id='word_1_16' title='bbox 10 715 18 768; x_wconf 29' lang='grc' dir='ltr'>ι-Αα-</span> 
     </span>
    </p>
   </div>
   <div class='ocr_carea' id='block_1_5' title="bbox 0 748 5 787">
    <p class='ocr_par' dir='ltr' id='par_1_5' title="bbox 0 748 5 787">
     <span class='ocr_line' id='line_1_7' title="bbox 0 748 5 787; baseline 0 0"><span class='ocrx_word' id='word_1_17' title='bbox 0 748 5 787; x_wconf 59' lang='lat' dir='ltr'>l</span> 
     </span>
    </p>
   </div>
   <div class='ocr_carea' id='block_1_6' title="bbox 112 1114 323 1195">
    <p class='ocr_par' dir='ltr' id='par_1_6' title="bbox 112 1114 323 1195">
     <span class='ocr_line' id='line_1_8' title="bbox 113 1114 323 1137; baseline 0 -1"><span class='ocrx_word' id='word_1_18' title='bbox 113 1114 124 1125; x_wconf 75' lang='lat'>⁸</span> <span class='ocrx_word' id='word_1_19' title='bbox 137 1114 162 1137; x_wconf 88' lang='lat' dir='ltr'>S.</span> <span class='ocrx_word' id='word_1_20' title='bbox 172 1114 217 1136; x_wconf 75' lang='lat' dir='ltr'>Th.</span> <span class='ocrx_word' id='word_1_21' title='bbox 228 1115 281 1136; x_wconf 84' lang='lat' dir='ltr'>lect.</span> <span class='ocrx_word' id='word_1_22' title='bbox 292 1121 323 1136; x_wconf 76' lang='lat' dir='ltr'>vr.</span> 
     </span>
     <span class='ocr_line' id='line_1_9' title="bbox 114 1140 322 1168; baseline 0 -6"><span class='ocrx_word' id='word_1_23' title='bbox 114 1151 126 1158; x_wconf 85' lang='lat'><strong>·</strong></span> <span class='ocrx_word' id='word_1_24' title='bbox 136 1140 188 1163; x_wconf 82' lang='lat' dir='ltr'>Did.</span> <span class='ocrx_word' id='word_1_25' title='bbox 205 1141 246 1163; x_wconf 78' lang='lat' dir='ltr'>lib.</span> <span class='ocrx_word' id='word_1_26' title='bbox 261 1141 322 1168; x_wconf 84' lang='lat' dir='ltr'>vm,</span> 
     </span>
     <span class='ocr_line' id='line_1_10' title="bbox 112 1172 286 1195; baseline 0 -6"><span class='ocrx_word' id='word_1_27' title='bbox 112 1172 164 1195; x_wconf 73' lang='lat' dir='ltr'>up.</span> <span class='ocrx_word' id='word_1_28' title='bbox 178 1173 217 1195; x_wconf 80' lang='lat' dir='ltr'>vu,</span> <span class='ocrx_word' id='word_1_29' title='bbox 233 1173 256 1189; x_wconf 89' lang='lat' dir='ltr'>n.</span> <span class='ocrx_word' id='word_1_30' title='bbox 266 1173 286 1189; x_wconf 70' lang='lat' dir='ltr'>a.</span> 
     </span>
    </p>
   </div>
   <div class='ocr_carea' id='block_1_7' title="bbox 111 2481 321 2561">
    <p class='ocr_par' dir='ltr' id='par_1_7' title="bbox 111 2481 321 2561">
     <span class='ocr_line' id='line_1_11' title="bbox 111 2481 321 2510; baseline 0.005 -6"><span class='ocrx_word' id='word_1_31' title='bbox 111 2482 123 2493; x_wconf 77' lang='lat'>⁸</span> <span class='ocrx_word' id='word_1_32' title='bbox 142 2481 200 2510; x_wconf 82' lang='lat' dir='ltr'>Cap.</span> <span class='ocrx_word' id='word_1_33' title='bbox 220 2487 241 2508; x_wconf 86' lang='grc' dir='ltr'>ι,</span> <span class='ocrx_word' id='word_1_34' title='bbox 256 2487 279 2503; x_wconf 83' lang='lat' dir='ltr'>u.</span> <span class='ocrx_word' id='word_1_35' title='bbox 298 2487 321 2508; x_wconf 80' lang='lat'>5:</span> 
     </span>
     <span class='ocr_line' id='line_1_12' title="bbox 113 2513 321 2532; baseline -0.01 -2"><span class='ocrx_word' id='word_1_36' title='bbox 113 2514 139 2530; x_wconf 80' lang='lat' dir='ltr'>ca</span> <span class='ocrx_word' id='word_1_37' title='bbox 157 2523 163 2530; x_wconf 88' lang='lat'>.</span> <span class='ocrx_word' id='word_1_38' title='bbox 183 2514 213 2532; x_wconf 76' lang='lat' dir='ltr'>vi.</span> <span class='ocrx_word' id='word_1_39' title='bbox 236 2514 260 2530; x_wconf 87' lang='lat' dir='ltr'>n.</span> <span class='ocrx_word' id='word_1_40' title='bbox 279 2513 321 2529; x_wconf 78' lang='lat'>1.-</span> 
     </span>
     <span class='ocr_line' id='line_1_13' title="bbox 113 2534 321 2561; baseline -0.01 -4"><span class='ocrx_word' id='word_1_41' title='bbox 113 2534 138 2557; x_wconf 91' lang='lat' dir='ltr'>S.</span> <span class='ocrx_word' id='word_1_42' title='bbox 185 2550 191 2556; x_wconf 94' lang='lat'>.</span> <span class='ocrx_word' id='word_1_43' title='bbox 206 2535 257 2556; x_wconf 79' lang='lat' dir='ltr'>leet.</span> <span class='ocrx_word' id='word_1_44' title='bbox 273 2540 321 2561; x_wconf 79' lang='lat' dir='ltr'>1‚v.</span> 
     </span>
    </p>
   </div>
   <div class='ocr_carea' id='block_1_8' title="bbox 0 774 28 2615">
    <p class='ocr_par' dir='ltr' id='par_1_8' title="bbox 0 774 28 2615">
     <span class='ocr_line' id='line_1_14' title="bbox 0 774 28 2615; baseline 0 0"><span class='ocrx_word' id='word_1_45' title='bbox 0 774 28 2615; x_wconf 95' lang='lat' dir='ltr'> </span> 
     </span>
    </p>
   </div>
   <div class='ocr_carea' id='block_1_9' title="bbox 207 2753 324 2796">
    <p class='ocr_par' dir='ltr' id='par_1_9' title="bbox 207 2753 324 2796">
     <span class='ocr_line' id='line_1_15' title="bbox 207 2753 324 2796; baseline 0 0"><span class='ocrx_word' id='word_1_46' title='bbox 207 2753 303 2796; x_wconf 56' lang='grc' dir='ltr'>ι’ἐεῗῐῒ</span> <span class='ocrx_word' id='word_1_47' title='bbox 312 2758 324 2763; x_wconf 83' lang='grc'><em>’</em></span> 
     </span>
    </p>
   </div>
   <div class='ocr_carea' id='block_1_10' title="bbox 1016 164 1856 211">
    <p class='ocr_par' dir='ltr' id='par_1_10' title="bbox 1016 164 1856 211">
     <span class='ocr_line' id='line_1_16' title="bbox 1016 164 1856 211; baseline 0.001 -10"><span class='ocrx_word' id='word_1_48' title='bbox 1016 164 1281 210; x_wconf 88' lang='lat' dir='ltr'>QUAESTlo</span> <span class='ocrx_word' id='word_1_49' title='bbox 1310 164 1470 211; x_wconf 83' lang='lat' dir='ltr'>XLVII,</span> <span class='ocrx_word' id='word_1_50' title='bbox 1500 165 1795 202; x_wconf 91' lang='lat' dir='ltr'>ARTICULUS</span> <span class='ocrx_word' id='word_1_51' title='bbox 1825 166 1856 202; x_wconf 90' lang='lat'>11</span> 
     </span>
    </p>
   </div>
   <div class='ocr_carea' id='block_1_11' title="bbox 318 241 1409 294">
    <p class='ocr_par' dir='ltr' id='par_1_11' title="bbox 318 241 1409 294">
     <span class='ocr_line' id='line_1_17' title="bbox 318 241 1409 294; baseline 0 -15"><span class='ocrx_word' id='word_1_52' title='bbox 318 263 324 294; x_wconf 78' lang='lat'>3</span> <span class='ocrx_word' id='word_1_53' title='bbox 351 249 409 279; x_wconf 84' lang='lat' dir='ltr'>tus</span> <span class='ocrx_word' id='word_1_54' title='bbox 429 241 720 290; x_wconf 84' lang='lat' dir='ltr'>praeconsiliati,</span> <span class='ocrx_word' id='word_1_55' title='bbox 745 249 787 279; x_wconf 91' lang='lat' dir='ltr'>ut</span> <span class='ocrx_word' id='word_1_56' title='bbox 814 242 948 279; x_wconf 90' lang='lat' dir='ltr'>dicitur</span> <span class='ocrx_word' id='word_1_57' title='bbox 974 242 1013 279; x_wconf 91' lang='lat' dir='ltr'>in</span> <span class='ocrx_word' id='word_1_58' title='bbox 1037 243 1087 279; x_wconf 94' lang='lat' dir='ltr'>III</span> <span class='ocrx_word' id='word_1_59' title='bbox 1114 243 1234 279; x_wconf 76' lang='lat' dir='ltr'>Ethic.</span> <span class='ocrx_word' id='word_1_60' title='bbox 1254 242 1294 288; x_wconf 81' lang='lat'>*;</span> <span class='ocrx_word' id='word_1_61' title='bbox 1322 243 1409 279; x_wconf 89' lang='lat' dir='ltr'>ideo</span> 
     </span>
    </p>
   </div>
   <div class='ocr_carea' id='block_1_12' title="bbox 259 294 1411 348">
    <p class='ocr_par' dir='ltr' id='par_1_12' title="bbox 259 294 1411 348">
     <span class='ocr_line' id='line_1_18' title="bbox 259 294 1411 348; baseline -0.001 -16"><span class='ocrx_word' id='word_1_62' title='bbox 259 305 324 348; x_wconf 55' lang='lat' dir='ltr'>‚effi</span> <span class='ocrx_word' id='word_1_63' title='bbox 353 294 466 332; x_wconf 88' lang='lat' dir='ltr'>etiam</span> <span class='ocrx_word' id='word_1_64' title='bbox 500 295 636 342; x_wconf 87' lang='lat' dir='ltr'><strong>eligere</strong></span> <span class='ocrx_word' id='word_1_65' title='bbox 673 302 798 343; x_wconf 93' lang='lat' dir='ltr'>potest</span> <span class='ocrx_word' id='word_1_66' title='bbox 833 295 982 332; x_wconf 85' lang='lat' dir='ltr'>attribui</span> <span class='ocrx_word' id='word_1_67' title='bbox 1021 295 1245 343; x_wconf 87' lang='lat' dir='ltr'>prudentiae</span> <span class='ocrx_word' id='word_1_68' title='bbox 1280 307 1411 332; x_wconf 89' lang='lat' dir='ltr'>conse-</span> 
     </span>
    </p>
   </div>
   <div class='ocr_carea' id='block_1_13' title="bbox 1435 243 1438 318">
    <p class='ocr_par' dir='ltr' id='par_1_13' title="bbox 1435 243 1438 318">
     <span class='ocr_line' id='line_1_19' title="bbox 1435 243 1438 318; baseline 0 3738"><span class='ocrx_word' id='word_1_69' title='bbox 1435 243 1438 318; x_wconf 95' lang='lat' dir='ltr'> </span> 
     </span>
    </p>
   </div>
   <div class='ocr_carea' id='block_1_14' title="bbox 2443 169 2518 216">
    <p class='ocr_par' dir='ltr' id='par_1_14' title="bbox 2443 169 2518 216">
     <span class='ocr_line' id='line_1_20' title="bbox 2443 169 2518 216; baseline 0.013 -1"><span class='ocrx_word' id='word_1_70' title='bbox 2443 169 2518 216; x_wconf 85' lang='lat'>349</span> 
     </span>
    </p>
   </div>
   <div class='ocr_carea' id='block_1_15' title="bbox 1465 242 2524 346">
    <p class='ocr_par' dir='ltr' id='par_1_15' title="bbox 1465 242 2524 346">
     <span class='ocr_line' id='line_1_21' title="bbox 1465 242 2523 290; baseline 0.004 -11"><span class='ocrx_word' id='word_1_71' title='bbox 1465 242 1495 279; x_wconf 94' lang='lat' dir='ltr'>si</span> <span class='ocrx_word' id='word_1_72' title='bbox 1522 243 1561 279; x_wconf 93' lang='lat' dir='ltr'>in</span> <span class='ocrx_word' id='word_1_73' title='bbox 1588 244 1663 280; x_wconf 93' lang='lat' dir='ltr'>hoc</span> <span class='ocrx_word' id='word_1_74' title='bbox 1701 244 1869 280; x_wconf 86' lang='lat' dir='ltr'>defectus</span> <span class='ocrx_word' id='word_1_75' title='bbox 1905 243 2070 290; x_wconf 88' lang='lat' dir='ltr'>accidat,</span> <span class='ocrx_word' id='word_1_76' title='bbox 2099 244 2264 281; x_wconf 88' lang='lat' dir='ltr'>maxime</span> <span class='ocrx_word' id='word_1_77' title='bbox 2294 253 2347 282; x_wconf 92' lang='lat' dir='ltr'>est</span> <span class='ocrx_word' id='word_1_78' title='bbox 2376 254 2523 283; x_wconf 91' lang='lat' dir='ltr'>contra-</span> 
     </span>
     <span class='ocr_line' id='line_1_22' title="bbox 1466 295 2524 346; baseline 0.005 -15"><span class='ocrx_word' id='word_1_79' title='bbox 1466 295 1563 332; x_wconf 90' lang='lat' dir='ltr'>rium</span> <span class='ocrx_word' id='word_1_80' title='bbox 1592 296 1834 344; x_wconf 83' lang='lat' dir='ltr'>prudentiae:</span> <span class='ocrx_word' id='word_1_81' title='bbox 1863 297 1952 345; x_wconf 90' lang='lat' dir='ltr'>quia</span> <span class='ocrx_word' id='word_1_82' title='bbox 1980 296 2076 333; x_wconf 92' lang='lat' dir='ltr'>sicut</span> <span class='ocrx_word' id='word_1_83' title='bbox 2102 296 2188 333; x_wconf 90' lang='lat' dir='ltr'>finis</span> <span class='ocrx_word' id='word_1_84' title='bbox 2223 305 2279 334; x_wconf 91' lang='lat' dir='ltr'>est</span> <span class='ocrx_word' id='word_1_85' title='bbox 2306 298 2524 346; x_wconf 89' lang='lat' dir='ltr'>potissimus</span> 
     </span>
    </p>
   </div>
   <div class='ocr_carea' id='block_1_16' title="bbox 352 347 2525 396">
    <p class='ocr_par' dir='ltr' id='par_1_16' title="bbox 352 347 2525 396">
     <span class='ocr_line' id='line_1_23' title="bbox 352 347 2525 396; baseline 0.001 -12"><span class='ocrx_word' id='word_1_86' title='bbox 352 354 521 396; x_wconf 88' lang='lat' dir='ltr'>quenter,</span> <span class='ocrx_word' id='word_1_87' title='bbox 551 347 777 394; x_wconf 88' lang='lat' dir='ltr'><strong>inquantum</strong></span> <span class='ocrx_word' id='word_1_88' title='bbox 806 348 946 385; x_wconf 88' lang='lat' dir='ltr'>scilicet</span> <span class='ocrx_word' id='word_1_89' title='bbox 973 348 1198 384; x_wconf 85' lang='lat' dir='ltr'>electionem</span> <span class='ocrx_word' id='word_1_90' title='bbox 1227 359 1296 396; x_wconf 91' lang='lat' dir='ltr'>per</span> <span class='ocrx_word' id='word_1_91' title='bbox 1324 356 1437 393; x_wconf 58' lang='lat' dir='ltr'>con-⁴}</span> <span class='ocrx_word' id='word_1_92' title='bbox 1464 360 1502 384; x_wconf 83' lang='lat' dir='ltr'>in</span> <span class='ocrx_word' id='word_1_93' title='bbox 1520 360 1768 396; x_wconf 88' lang='lat' dir='ltr'>unoquoque,</span> <span class='ocrx_word' id='word_1_94' title='bbox 1790 349 1839 385; x_wconf 91' lang='lat' dir='ltr'>ita</span> <span class='ocrx_word' id='word_1_95' title='bbox 1859 357 1895 385; x_wconf 94' lang='lat' dir='ltr'>et</span> <span class='ocrx_word' id='word_1_96' title='bbox 1924 349 2092 386; x_wconf 91' lang='lat' dir='ltr'>defectus</span> <span class='ocrx_word' id='word_1_97' title='bbox 2113 349 2177 396; x_wconf 91' lang='lat' dir='ltr'>qui</span> <span class='ocrx_word' id='word_1_98' title='bbox 2210 357 2266 386; x_wconf 92' lang='lat' dir='ltr'>est</span> <span class='ocrx_word' id='word_1_99' title='bbox 2285 351 2382 387; x_wconf 90' lang='lat' dir='ltr'>circa</span> <span class='ocrx_word' id='word_1_100' title='bbox 2406 351 2525 388; x_wconf 89' lang='lat' dir='ltr'><strong>finem</strong></span> 
     </span>
    </p>
   </div>
   <div class='ocr_carea' id='block_1_17' title="bbox 352 399 1411 501">
    <p class='ocr_par' dir='ltr' id='par_1_17' title="bbox 352 399 1411 501">
     <span class='ocr_line' id='line_1_24' title="bbox 352 399 637 447; baseline -0.004 -10"><span class='ocrx_word' id='word_1_101' title='bbox 352 399 475 437; x_wconf 90' lang='lat' dir='ltr'>silium</span> <span class='ocrx_word' id='word_1_102' title='bbox 504 399 637 447; x_wconf 86' lang='lat' dir='ltr'>dirigit.</span> 
     </span>
     <span class='ocr_line' id='line_1_25' title="bbox 403 453 1411 501; baseline 0 -12"><span class='ocrx_word' id='word_1_103' title='bbox 403 454 464 490; x_wconf 82' lang='lat' dir='ltr'>Au</span> <span class='ocrx_word' id='word_1_104' title='bbox 482 463 641 490; x_wconf 71' lang='lat' dir='ltr'>Tannum</span> <span class='ocrx_word' id='word_1_105' title='bbox 661 465 845 490; x_wconf 63' lang='lat' dir='ltr'>mensuum</span> <span class='ocrx_word' id='word_1_106' title='bbox 864 453 970 501; x_wconf 93' lang='lat' dir='ltr'>quod</span> <span class='ocrx_word' id='word_1_107' title='bbox 989 454 1072 490; x_wconf 90' lang='lat' dir='ltr'>laus</span> <span class='ocrx_word' id='word_1_108' title='bbox 1090 453 1313 501; x_wconf 86' lang='lat' dir='ltr'>prudentiae</span> <span class='ocrx_word' id='word_1_109' title='bbox 1333 465 1411 489; x_wconf 91' lang='lat' dir='ltr'>non</span> 
     </span>
    </p>
   </div>
   <div class='ocr_carea' id='block_1_18' title="bbox 352 504 2229 607">
    <p class='ocr_par' dir='ltr' id='par_1_18' title="bbox 352 504 2229 607">
     <span class='ocr_line' id='line_1_26' title="bbox 352 504 2196 554; baseline 0.001 -11"><span class='ocrx_word' id='word_1_110' title='bbox 352 504 520 543; x_wconf 90' lang='lat' dir='ltr'>consistit</span> <span class='ocrx_word' id='word_1_111' title='bbox 537 505 576 543; x_wconf 90' lang='lat' dir='ltr'>in</span> <span class='ocrx_word' id='word_1_112' title='bbox 591 506 672 542; x_wconf 90' lang='lat' dir='ltr'>sola</span> <span class='ocrx_word' id='word_1_113' title='bbox 691 505 1007 553; x_wconf 87' lang='lat' dir='ltr'>consideratione,</span> <span class='ocrx_word' id='word_1_114' title='bbox 1023 505 1142 541; x_wconf 90' lang='lat' dir='ltr'>sedin</span> <span class='ocrx_word' id='word_1_115' title='bbox 1157 505 1411 553; x_wconf 88' lang='lat' dir='ltr'>applicatione</span> <span class='ocrx_word' id='word_1_116' title='bbox 1436 507 1438 537; x_wconf 92' lang='grc' dir='ltr'>Ι</span> <span class='ocrx_word' id='word_1_117' title='bbox 1466 517 1542 542; x_wconf 88' lang='lat' dir='ltr'>ars:</span> <span class='ocrx_word' id='word_1_118' title='bbox 1571 506 1686 542; x_wconf 90' lang='lat' dir='ltr'>habet</span> <span class='ocrx_word' id='word_1_119' title='bbox 1717 506 1841 552; x_wconf 89' lang='lat' dir='ltr'>enim,</span> <span class='ocrx_word' id='word_1_120' title='bbox 1870 514 1912 542; x_wconf 94' lang='lat' dir='ltr'>ut</span> <span class='ocrx_word' id='word_1_121' title='bbox 1940 506 2083 544; x_wconf 89' lang='lat' dir='ltr'>dictum</span> <span class='ocrx_word' id='word_1_122' title='bbox 2121 515 2196 554; x_wconf 89' lang='lat' dir='ltr'>est,</span> 
     </span>
     <span class='ocr_line' id='line_1_27' title="bbox 1436 558 2229 607; baseline 0.003 -13"><span class='ocrx_word' id='word_1_123' title='bbox 1436 593 1439 598; x_wconf 24' lang='grc' dir='ltr'><strong>Δ</strong></span> <span class='ocrx_word' id='word_1_124' title='bbox 1465 558 1515 595; x_wconf 88' lang='lat' dir='ltr'>ad</span> <span class='ocrx_word' id='word_1_125' title='bbox 1543 570 1652 606; x_wconf 86' lang='lat' dir='ltr'>opus,</span> <span class='ocrx_word' id='word_1_126' title='bbox 1683 559 1787 607; x_wconf 92' lang='lat' dir='ltr'>quod</span> <span class='ocrx_word' id='word_1_127' title='bbox 1814 559 1857 595; x_wconf 85' lang='lat' dir='ltr'>fit</span> <span class='ocrx_word' id='word_1_128' title='bbox 1883 571 1953 607; x_wconf 88' lang='lat' dir='ltr'>per</span> <span class='ocrx_word' id='word_1_129' title='bbox 1979 561 2229 596; x_wconf 87' lang='lat' dir='ltr'>voluntatem.</span> 
     </span>
    </p>
   </div>
   <div class='ocr_carea' id='block_1_19' title="bbox 352 557 1410 606">
    <p class='ocr_par' dir='ltr' id='par_1_19' title="bbox 352 557 1410 606">
     <span class='ocr_line' id='line_1_28' title="bbox 352 557 1410 606; baseline -0.001 -11"><span class='ocrx_word' id='word_1_130' title='bbox 352 558 401 595; x_wconf 92' lang='lat' dir='ltr'>ad</span> <span class='ocrx_word' id='word_1_131' title='bbox 421 569 530 606; x_wconf 92' lang='lat' dir='ltr'>opus,</span> <span class='ocrx_word' id='word_1_132' title='bbox 551 559 656 606; x_wconf 93' lang='lat' dir='ltr'>quod</span> <span class='ocrx_word' id='word_1_133' title='bbox 676 566 731 595; x_wconf 89' lang='lat' dir='ltr'>est</span> <span class='ocrx_word' id='word_1_134' title='bbox 748 558 834 595; x_wconf 92' lang='lat' dir='ltr'>finis</span> <span class='ocrx_word' id='word_1_135' title='bbox 852 558 1041 606; x_wconf 87' lang='lat' dir='ltr'>practicae</span> <span class='ocrx_word' id='word_1_136' title='bbox 1061 557 1227 594; x_wconf 90' lang='lat' dir='ltr'>rationis.</span> <span class='ocrx_word' id='word_1_137' title='bbox 1257 558 1306 594; x_wconf 89' lang='lat' dir='ltr'>Et</span> <span class='ocrx_word' id='word_1_138' title='bbox 1323 557 1410 595; x_wconf 91' lang='lat' dir='ltr'>ideo</span> 
     </span>
    </p>
   </div>
   <div class='ocr_carea' id='block_1_20' title="bbox 1465 401 2526 557">
    <p class='ocr_par' dir='ltr' id='par_1_20' title="bbox 1465 401 2526 557">
     <span class='ocr_line' id='line_1_29' title="bbox 1465 401 2525 451; baseline 0.004 -15"><span class='ocrx_word' id='word_1_139' title='bbox 1465 408 1520 437; x_wconf 90' lang='lat' dir='ltr'>est</span> <span class='ocrx_word' id='word_1_140' title='bbox 1545 401 1746 448; x_wconf 89' lang='lat' dir='ltr'>pessimus.</span> <span class='ocrx_word' id='word_1_141' title='bbox 1776 401 1886 439; x_wconf 90' lang='lat' dir='ltr'>Unde</span> <span class='ocrx_word' id='word_1_142' title='bbox 1916 401 2094 438; x_wconf 85' lang='lat' dir='ltr'>ibidem*</span> <span class='ocrx_word' id='word_1_143' title='bbox 2113 402 2369 451; x_wconf 88' lang='lat' dir='ltr'>Philosophus</span> <span class='ocrx_word' id='word_1_144' title='bbox 2398 404 2525 441; x_wconf 88' lang='lat' dir='ltr'>subdit</span> 
     </span>
     <span class='ocr_line' id='line_1_30' title="bbox 1466 453 2526 501; baseline 0.004 -12"><span class='ocrx_word' id='word_1_145' title='bbox 1466 453 1572 501; x_wconf 87' lang='lat' dir='ltr'>quod</span> <span class='ocrx_word' id='word_1_146' title='bbox 1590 454 1790 501; x_wconf 91' lang='lat' dir='ltr'>prudentia</span> <span class='ocrx_word' id='word_1_147' title='bbox 1818 466 1892 490; x_wconf 90' lang='lat' dir='ltr'>non</span> <span class='ocrx_word' id='word_1_148' title='bbox 1912 460 1966 490; x_wconf 87' lang='lat' dir='ltr'>est</span> <span class='ocrx_word' id='word_1_149' title='bbox 1995 454 2115 491; x_wconf 83' lang='lat' dir='ltr'>solum</span> <span class='ocrx_word' id='word_1_150' title='bbox 2139 466 2225 491; x_wconf 87' lang='lat' dir='ltr'>cum</span> <span class='ocrx_word' id='word_1_151' title='bbox 2253 456 2410 501; x_wconf 84' lang='lat' dir='ltr'>ratione,</span> <span class='ocrx_word' id='word_1_152' title='bbox 2431 456 2526 494; x_wconf 88' lang='lat' dir='ltr'>sicut</span> 
     </span>
     <span class='ocr_line' id='line_1_31' title="bbox 2235 508 2524 557; baseline 0.007 -13"><span class='ocrx_word' id='word_1_153' title='bbox 2235 508 2524 557; x_wconf 84' lang='lat' dir='ltr'>applicationem</span> 
     </span>
    </p>
   </div>
   <div class='ocr_carea' id='block_1_21' title="bbox 1023 643 1852 678">
    <p class='ocr_par' dir='ltr' id='par_1_21' title="bbox 1023 643 1852 678">
     <span class='ocr_line' id='line_1_32' title="bbox 1023 643 1852 678; baseline 0.002 -2"><span class='ocrx_word' id='word_1_154' title='bbox 1023 643 1356 677; x_wconf 79' lang='lat' dir='ltr'>Commentaria</span> <span class='ocrx_word' id='word_1_155' title='bbox 1378 645 1630 678; x_wconf 67' lang='lat' dir='ltr'>Oardjnalis</span> <span class='ocrx_word' id='word_1_156' title='bbox 1652 645 1852 678; x_wconf 72' lang='lat' dir='ltr'>Caietam</span> 
     </span>
    </p>
   </div>
   <div class='ocr_carea' id='block_1_22' title="bbox 350 715 1417 1066">
    <p class='ocr_par' dir='ltr' id='par_1_22' title="bbox 350 715 1417 1066">
     <span class='ocr_line' id='line_1_33' title="bbox 381 715 1414 758; baseline -0.002 -10"><span class='ocrx_word' id='word_1_157' title='bbox 381 727 401 748; x_wconf 78' lang='lat' dir='ltr'>N</span> <span class='ocrx_word' id='word_1_158' title='bbox 425 717 611 758; x_wconf 83' lang='lat' dir='ltr'>quaestione</span> <span class='ocrx_word' id='word_1_159' title='bbox 635 715 1029 758; x_wconf 86' lang='lat' dir='ltr'>quadragesimaseptima,</span> <span class='ocrx_word' id='word_1_160' title='bbox 1062 715 1116 745; x_wconf 91' lang='lat' dir='ltr'>ubi</span> <span class='ocrx_word' id='word_1_161' title='bbox 1140 715 1251 755; x_wconf 88' lang='lat' dir='ltr'>incipit</span> <span class='ocrx_word' id='word_1_162' title='bbox 1282 722 1414 755; x_wconf 85' lang='lat' dir='ltr'>quartus</span> 
     </span>
     <span class='ocr_line' id='line_1_34' title="bbox 355 729 1414 801; baseline -0.002 -10"><span class='ocrx_word' id='word_1_163' title='bbox 355 729 477 792; x_wconf 81' lang='lat' dir='ltr'>Ihuius</span> <span class='ocrx_word' id='word_1_164' title='bbox 499 761 614 801; x_wconf 88' lang='lat' dir='ltr'>Operis</span> <span class='ocrx_word' id='word_1_165' title='bbox 630 767 789 796; x_wconf 86' lang='lat' dir='ltr'>tractatus,</span> <span class='ocrx_word' id='word_1_166' title='bbox 805 759 839 789; x_wconf 91' lang='lat' dir='ltr'>in</span> <span class='ocrx_word' id='word_1_167' title='bbox 862 759 993 789; x_wconf 86' lang='lat' dir='ltr'>articulo</span> <span class='ocrx_word' id='word_1_168' title='bbox 1017 758 1132 799; x_wconf 78' lang='lat' dir='ltr'>prime,</span> <span class='ocrx_word' id='word_1_169' title='bbox 1149 759 1183 789; x_wconf 90' lang='lat' dir='ltr'>in</span> <span class='ocrx_word' id='word_1_170' title='bbox 1205 759 1414 799; x_wconf 86' lang='lat' dir='ltr'>responsione</span> 
     </span>
     <span class='ocr_line' id='line_1_35' title="bbox 351 802 1413 842; baseline -0.004 -6"><span class='ocrx_word' id='word_1_171' title='bbox 351 806 391 836; x_wconf 81' lang='lat' dir='ltr'>ad</span> <span class='ocrx_word' id='word_1_172' title='bbox 405 805 545 842; x_wconf 89' lang='lat' dir='ltr'>tertium,</span> <span class='ocrx_word' id='word_1_173' title='bbox 561 805 687 835; x_wconf 87' lang='lat' dir='ltr'>adverte</span> <span class='ocrx_word' id='word_1_174' title='bbox 703 802 912 834; x_wconf 84' lang='lat' dir='ltr'>differentiam</span> <span class='ocrx_word' id='word_1_175' title='bbox 934 802 1015 833; x_wconf 92' lang='lat' dir='ltr'>inter</span> <span class='ocrx_word' id='word_1_176' title='bbox 1031 809 1131 833; x_wconf 88' lang='lat' dir='ltr'>artem</span> <span class='ocrx_word' id='word_1_177' title='bbox 1154 809 1184 832; x_wconf 94' lang='lat' dir='ltr'>et</span> <span class='ocrx_word' id='word_1_178' title='bbox 1195 803 1413 842; x_wconf 86' lang='lat' dir='ltr'>prudentiam:</span> 
     </span>
     <span class='ocr_line' id='line_1_36' title="bbox 351 845 1414 890; baseline -0.005 -10"><span class='ocrx_word' id='word_1_179' title='bbox 351 850 440 890; x_wconf 90' lang='lat' dir='ltr'>quod</span> <span class='ocrx_word' id='word_1_180' title='bbox 463 849 535 879; x_wconf 89' lang='lat' dir='ltr'>licet</span> <span class='ocrx_word' id='word_1_181' title='bbox 566 855 701 889; x_wconf 88' lang='lat' dir='ltr'>utraque</span> <span class='ocrx_word' id='word_1_182' title='bbox 734 847 897 878; x_wconf 78' lang='lat' dir='ltr'>ordinetur</span> <span class='ocrx_word' id='word_1_183' title='bbox 921 846 960 876; x_wconf 87' lang='lat' dir='ltr'>ad</span> <span class='ocrx_word' id='word_1_184' title='bbox 983 856 1080 886; x_wconf 87' lang='lat' dir='ltr'>opus,</span> <span class='ocrx_word' id='word_1_185' title='bbox 1106 853 1136 876; x_wconf 93' lang='lat' dir='ltr'>et</span> <span class='ocrx_word' id='word_1_186' title='bbox 1158 845 1191 875; x_wconf 91' lang='lat' dir='ltr'>in</span> <span class='ocrx_word' id='word_1_187' title='bbox 1214 846 1276 876; x_wconf 92' lang='lat' dir='ltr'>hoc</span> <span class='ocrx_word' id='word_1_188' title='bbox 1300 847 1414 876; x_wconf 88' lang='lat' dir='ltr'>eodem</span> 
     </span>
     <span class='ocr_line' id='line_1_37' title="bbox 351 889 1417 935; baseline -0.005 -11"><span class='ocrx_word' id='word_1_189' title='bbox 351 893 413 924; x_wconf 89' lang='lat' dir='ltr'>fine</span> <span class='ocrx_word' id='word_1_190' title='bbox 437 893 627 924; x_wconf 88' lang='lat' dir='ltr'>conveniant</span> <span class='ocrx_word' id='word_1_191' title='bbox 649 890 740 935; x_wconf 88' lang='lat' dir='ltr'>(quia</span> <span class='ocrx_word' id='word_1_192' title='bbox 763 890 862 922; x_wconf 91' lang='lat' dir='ltr'>totius</span> <span class='ocrx_word' id='word_1_193' title='bbox 885 890 1039 930; x_wconf 80' lang='lat' dir='ltr'>practicae</span> <span class='ocrx_word' id='word_1_194' title='bbox 1062 889 1206 925; x_wconf 85' lang='lat' dir='ltr'>rationis,</span> <span class='ocrx_word' id='word_1_195' title='bbox 1222 900 1304 930; x_wconf 90' lang='lat' dir='ltr'>quae</span> <span class='ocrx_word' id='word_1_196' title='bbox 1329 900 1417 920; x_wconf 89' lang='lat' dir='ltr'>com-</span> 
     </span>
     <span class='ocr_line' id='line_1_38' title="bbox 350 931 1417 978; baseline -0.005 -10"><span class='ocrx_word' id='word_1_197' title='bbox 350 935 517 978; x_wconf 86' lang='lat' dir='ltr'>prehendit</span> <span class='ocrx_word' id='word_1_198' title='bbox 539 942 639 967; x_wconf 85' lang='lat' dir='ltr'>artem</span> <span class='ocrx_word' id='word_1_199' title='bbox 662 942 693 966; x_wconf 92' lang='lat' dir='ltr'>et</span> <span class='ocrx_word' id='word_1_200' title='bbox 716 934 929 975; x_wconf 84' lang='lat' dir='ltr'>prudentiam,</span> <span class='ocrx_word' id='word_1_201' title='bbox 945 933 1017 963; x_wconf 89' lang='lat' dir='ltr'>finis</span> <span class='ocrx_word' id='word_1_202' title='bbox 1041 940 1088 964; x_wconf 90' lang='lat' dir='ltr'>est</span> <span class='ocrx_word' id='word_1_203' title='bbox 1109 931 1218 975; x_wconf 82' lang='lat' dir='ltr'>opus),</span> <span class='ocrx_word' id='word_1_204' title='bbox 1243 933 1417 963; x_wconf 82' lang='lat' dir='ltr'>differentia</span> 
     </span>
     <span class='ocr_line' id='line_1_39' title="bbox 350 977 1416 1019; baseline -0.005 -8"><span class='ocrx_word' id='word_1_205' title='bbox 350 988 457 1012; x_wconf 80' lang='lat' dir='ltr'>tamen</span> <span class='ocrx_word' id='word_1_206' title='bbox 482 979 564 1010; x_wconf 78' lang='lat' dir='ltr'>inter</span> <span class='ocrx_word' id='word_1_207' title='bbox 587 989 638 1010; x_wconf 87' lang='lat' dir='ltr'>eas</span> <span class='ocrx_word' id='word_1_208' title='bbox 662 985 710 1010; x_wconf 93' lang='lat' dir='ltr'>est</span> <span class='ocrx_word' id='word_1_209' title='bbox 731 978 821 1019; x_wconf 90' lang='lat' dir='ltr'>quod</span> <span class='ocrx_word' id='word_1_210' title='bbox 843 977 1015 1018; x_wconf 78' lang='lat' dir='ltr'>applicatio</span> <span class='ocrx_word' id='word_1_211' title='bbox 1039 977 1080 1007; x_wconf 92' lang='lat' dir='ltr'>ad</span> <span class='ocrx_word' id='word_1_212' title='bbox 1102 985 1185 1017; x_wconf 91' lang='lat' dir='ltr'>opus</span> <span class='ocrx_word' id='word_1_213' title='bbox 1216 984 1263 1008; x_wconf 89' lang='lat' dir='ltr'>est</span> <span class='ocrx_word' id='word_1_214' title='bbox 1285 977 1324 1007; x_wconf 88' lang='lat' dir='ltr'>ab</span> <span class='ocrx_word' id='word_1_215' title='bbox 1348 977 1416 1017; x_wconf 84' lang='lat' dir='ltr'>ipsa</span> 
     </span>
     <span class='ocr_line' id='line_1_40' title="bbox 350 1020 1415 1066; baseline -0.005 -11"><span class='ocrx_word' id='word_1_216' title='bbox 350 1023 532 1066; x_wconf 87' lang='lat' dir='ltr'>prudentia,</span> <span class='ocrx_word' id='word_1_217' title='bbox 556 1022 726 1064; x_wconf 81' lang='lat' dir='ltr'>applicatio</span> <span class='ocrx_word' id='word_1_218' title='bbox 742 1029 849 1053; x_wconf 84' lang='lat' dir='ltr'>autern</span> <span class='ocrx_word' id='word_1_219' title='bbox 866 1021 939 1063; x_wconf 83' lang='lat' dir='ltr'>artis</span> <span class='ocrx_word' id='word_1_220' title='bbox 958 1031 1024 1052; x_wconf 90' lang='lat' dir='ltr'>non</span> <span class='ocrx_word' id='word_1_221' title='bbox 1041 1027 1088 1051; x_wconf 90' lang='lat' dir='ltr'>est</span> <span class='ocrx_word' id='word_1_222' title='bbox 1102 1021 1141 1051; x_wconf 89' lang='lat' dir='ltr'>ab</span> <span class='ocrx_word' id='word_1_223' title='bbox 1156 1020 1225 1061; x_wconf 90' lang='lat' dir='ltr'>ipsa</span> <span class='ocrx_word' id='word_1_224' title='bbox 1240 1027 1315 1052; x_wconf 84' lang='lat' dir='ltr'>arte.</span> <span class='ocrx_word' id='word_1_225' title='bbox 1340 1021 1415 1051; x_wconf 89' lang='lat' dir='ltr'>Non</span> 
     </span>
    </p>
   </div>
   <div class='ocr_carea' id='block_1_23' title="bbox 350 1064 1442 1152">
    <p class='ocr_par' dir='ltr' id='par_1_23' title="bbox 350 1064 1442 1152">
     <span class='ocr_line' id='line_1_41' title="bbox 351 1064 1442 1107; baseline -0.005 -8"><span class='ocrx_word' id='word_1_226' title='bbox 351 1069 437 1099; x_wconf 87' lang='lat' dir='ltr'>enim</span> <span class='ocrx_word' id='word_1_227' title='bbox 459 1077 509 1098; x_wconf 89' lang='lat' dir='ltr'>ars</span> <span class='ocrx_word' id='word_1_228' title='bbox 532 1067 708 1098; x_wconf 87' lang='lat' dir='ltr'>medicinae</span> <span class='ocrx_word' id='word_1_229' title='bbox 731 1064 871 1107; x_wconf 81' lang='lat' dir='ltr'>applicat</span> <span class='ocrx_word' id='word_1_230' title='bbox 892 1075 925 1096; x_wconf 90' lang='lat' dir='ltr'>se</span> <span class='ocrx_word' id='word_1_231' title='bbox 948 1066 988 1095; x_wconf 93' lang='lat' dir='ltr'>ad</span> <span class='ocrx_word' id='word_1_232' title='bbox 1012 1065 1203 1096; x_wconf 88' lang='lat' dir='ltr'>sanandum:</span> <span class='ocrx_word' id='word_1_233' title='bbox 1229 1066 1294 1102; x_wconf 89' lang='lat' dir='ltr'>sed,</span> <span class='ocrx_word' id='word_1_234' title='bbox 1311 1071 1348 1095; x_wconf 89' lang='lat' dir='ltr'>ut</span> <span class='ocrx_word' id='word_1_235' title='bbox 1371 1064 1416 1094; x_wconf 88' lang='lat' dir='ltr'>di·</span> <span class='ocrx_word' id='word_1_236' title='bbox 1440 1078 1442 1082; x_wconf 45' lang='lat' dir='ltr'>v</span> 
     </span>
     <span class='ocr_line' id='line_1_42' title="bbox 350 1103 1442 1152; baseline -0.005 -8"><span class='ocrx_word' id='word_1_237' title='bbox 350 1113 432 1144; x_wconf 86' lang='lat' dir='ltr'>citur</span> <span class='ocrx_word' id='word_1_238' title='bbox 447 1111 490 1143; x_wconf 84' lang='lat' dir='ltr'>lx</span> <span class='ocrx_word' id='word_1_239' title='bbox 504 1111 688 1152; x_wconf 74' lang='lat' dir='ltr'>Metaphrs.</span> <span class='ocrx_word' id='word_1_240' title='bbox 703 1109 733 1147; x_wconf 61' lang='lat'>³,</span> <span class='ocrx_word' id='word_1_241' title='bbox 757 1109 935 1151; x_wconf 81' lang='lat' dir='ltr'>applicatur</span> <span class='ocrx_word' id='word_1_242' title='bbox 950 1110 988 1140; x_wconf 91' lang='lat' dir='ltr'>ab</span> <span class='ocrx_word' id='word_1_243' title='bbox 1006 1109 1172 1146; x_wconf 87' lang='lat' dir='ltr'>electione,</span> <span class='ocrx_word' id='word_1_244' title='bbox 1189 1119 1272 1150; x_wconf 90' lang='lat' dir='ltr'>quae</span> <span class='ocrx_word' id='word_1_245' title='bbox 1295 1116 1342 1140; x_wconf 90' lang='lat' dir='ltr'>est</span> <span class='ocrx_word' id='word_1_246' title='bbox 1365 1119 1415 1139; x_wconf 87' lang='lat' dir='ltr'>ex·</span> <span class='ocrx_word' id='word_1_247' title='bbox 1440 1103 1442 1138; x_wconf 79' lang='grc' dir='ltr'><strong>ἓ</strong></span> 
     </span>
    </p>
   </div>
   <div class='ocr_carea' id='block_1_24' title="bbox 349 1153 1415 1285">
    <p class='ocr_par' dir='ltr' id='par_1_24' title="bbox 349 1153 1415 1285">
     <span class='ocr_line' id='line_1_43' title="bbox 349 1153 1414 1195; baseline -0.004 -8"><span class='ocrx_word' id='word_1_248' title='bbox 349 1156 482 1188; x_wconf 81' lang='lat' dir='ltr'>trinseca</span> <span class='ocrx_word' id='word_1_249' title='bbox 494 1156 532 1187; x_wconf 85' lang='lat' dir='ltr'>ab</span> <span class='ocrx_word' id='word_1_250' title='bbox 545 1162 620 1187; x_wconf 85' lang='lat' dir='ltr'>arte.</span> <span class='ocrx_word' id='word_1_251' title='bbox 637 1154 808 1186; x_wconf 84' lang='lat' dir='ltr'>Prudentia</span> <span class='ocrx_word' id='word_1_252' title='bbox 817 1160 925 1185; x_wconf 86' lang='lat' dir='ltr'>autem</span> <span class='ocrx_word' id='word_1_253' title='bbox 941 1153 1079 1195; x_wconf 86' lang='lat' dir='ltr'>applicat</span> <span class='ocrx_word' id='word_1_254' title='bbox 1094 1153 1231 1194; x_wconf 82' lang='lat' dir='ltr'>seipsam</span> <span class='ocrx_word' id='word_1_255' title='bbox 1247 1154 1287 1183; x_wconf 86' lang='lat' dir='ltr'>ad</span> <span class='ocrx_word' id='word_1_256' title='bbox 1302 1162 1414 1194; x_wconf 85' lang='lat' dir='ltr'>opera:</span> 
     </span>
     <span class='ocr_line' id='line_1_44' title="bbox 349 1198 1415 1243; baseline -0.004 -12"><span class='ocrx_word' id='word_1_257' title='bbox 349 1200 426 1243; x_wconf 90' lang='lat' dir='ltr'>quia</span> <span class='ocrx_word' id='word_1_258' title='bbox 448 1200 516 1242; x_wconf 86' lang='lat' dir='ltr'>ipse</span> <span class='ocrx_word' id='word_1_259' title='bbox 540 1206 628 1231; x_wconf 88' lang='lat' dir='ltr'>actus</span> <span class='ocrx_word' id='word_1_260' title='bbox 645 1198 819 1230; x_wconf 88' lang='lat' dir='ltr'>voluntatis</span> <span class='ocrx_word' id='word_1_261' title='bbox 842 1198 899 1240; x_wconf 92' lang='lat' dir='ltr'>qui</span> <span class='ocrx_word' id='word_1_262' title='bbox 914 1205 961 1229; x_wconf 86' lang='lat' dir='ltr'>est</span> <span class='ocrx_word' id='word_1_263' title='bbox 984 1198 1031 1228; x_wconf 90' lang='lat' dir='ltr'>uti</span> <span class='ocrx_word' id='word_1_264' title='bbox 1054 1198 1190 1238; x_wconf 88' lang='lat' dir='ltr'>ipsamet</span> <span class='ocrx_word' id='word_1_265' title='bbox 1212 1198 1252 1227; x_wconf 88' lang='lat' dir='ltr'>ad</span> <span class='ocrx_word' id='word_1_266' title='bbox 1275 1198 1415 1237; x_wconf 88' lang='lat' dir='ltr'>pruden-</span> 
     </span>
     <span class='ocr_line' id='line_1_45' title="bbox 349 1241 1415 1285; baseline -0.005 -9"><span class='ocrx_word' id='word_1_267' title='bbox 349 1245 411 1276; x_wconf 82' lang='lat' dir='ltr'>tiae</span> <span class='ocrx_word' id='word_1_268' title='bbox 433 1244 590 1275; x_wconf 88' lang='lat' dir='ltr'>rationem</span> <span class='ocrx_word' id='word_1_269' title='bbox 620 1249 756 1285; x_wconf 87' lang='lat' dir='ltr'>spectat,</span> <span class='ocrx_word' id='word_1_270' title='bbox 781 1252 864 1284; x_wconf 89' lang='lat' dir='ltr'>quae</span> <span class='ocrx_word' id='word_1_271' title='bbox 886 1242 920 1272; x_wconf 93' lang='lat' dir='ltr'>in</span> <span class='ocrx_word' id='word_1_272' title='bbox 939 1242 1063 1273; x_wconf 90' lang='lat' dir='ltr'>ratione</span> <span class='ocrx_word' id='word_1_273' title='bbox 1093 1248 1140 1272; x_wconf 90' lang='lat' dir='ltr'>est</span> <span class='ocrx_word' id='word_1_274' title='bbox 1162 1251 1228 1274; x_wconf 87' lang='lat' dir='ltr'>non</span> <span class='ocrx_word' id='word_1_275' title='bbox 1259 1241 1415 1278; x_wconf 87' lang='lat' dir='ltr'>absolute,</span> 
     </span>
    </p>
   </div>
   <div class='ocr_carea' id='block_1_25' title="bbox 278 1285 1416 1329">
    <p class='ocr_par' dir='ltr' id='par_1_25' title="bbox 278 1285 1416 1329">
     <span class='ocr_line' id='line_1_46' title="bbox 278 1285 1416 1329; baseline -0.004 -8"><span class='ocrx_word' id='word_1_276' title='bbox 278 1327 291 1329; x_wconf 56' lang='grc'>-</span> <span class='ocrx_word' id='word_1_277' title='bbox 349 1289 417 1321; x_wconf 75' lang='lat' dir='ltr'>sed.</span> <span class='ocrx_word' id='word_1_278' title='bbox 428 1295 465 1320; x_wconf 82' lang='lat' dir='ltr'>ut</span> <span class='ocrx_word' id='word_1_279' title='bbox 478 1288 627 1319; x_wconf 59' lang='lat' dir='ltr'>movetur</span> <span class='ocrx_word' id='word_1_280' title='bbox 649 1297 667 1318; x_wconf 90' lang='lat' dir='ltr'>a</span> <span class='ocrx_word' id='word_1_281' title='bbox 689 1287 863 1323; x_wconf 87' lang='lat' dir='ltr'>voluntate,</span> <span class='ocrx_word' id='word_1_282' title='bbox 881 1286 962 1317; x_wconf 89' lang='lat' dir='ltr'>sicut</span> <span class='ocrx_word' id='word_1_283' title='bbox 985 1293 1016 1317; x_wconf 89' lang='lat' dir='ltr'>et</span> <span class='ocrx_word' id='word_1_284' title='bbox 1036 1293 1253 1327; x_wconf 88' lang='lat' dir='ltr'>praeceptum.</span> <span class='ocrx_word' id='word_1_285' title='bbox 1278 1286 1318 1316; x_wconf 90' lang='lat' dir='ltr'>Et</span> <span class='ocrx_word' id='word_1_286' title='bbox 1342 1285 1416 1316; x_wconf 89' lang='lat' dir='ltr'>hinc</span> 
     </span>
    </p>
   </div>
   <div class='ocr_carea' id='block_1_26' title="bbox 348 1329 1416 1418">
    <p class='ocr_par' dir='ltr' id='par_1_26' title="bbox 348 1329 1416 1418">
     <span class='ocr_line' id='line_1_47' title="bbox 349 1329 1416 1374; baseline -0.005 -10"><span class='ocrx_word' id='word_1_287' title='bbox 349 1333 385 1364; x_wconf 84' lang='lat' dir='ltr'>fit</span> <span class='ocrx_word' id='word_1_288' title='bbox 406 1340 443 1364; x_wconf 90' lang='lat' dir='ltr'>ut</span> <span class='ocrx_word' id='word_1_289' title='bbox 466 1332 616 1374; x_wconf 77' lang='lat' dir='ltr'>appficari</span> <span class='ocrx_word' id='word_1_290' title='bbox 638 1332 689 1362; x_wconf 88' lang='lat' dir='ltr'>vel</span> <span class='ocrx_word' id='word_1_291' title='bbox 711 1341 778 1362; x_wconf 91' lang='lat' dir='ltr'>non</span> <span class='ocrx_word' id='word_1_292' title='bbox 801 1329 952 1372; x_wconf 85' lang='lat' dir='ltr'>applicari</span> <span class='ocrx_word' id='word_1_293' title='bbox 966 1330 1016 1365; x_wconf 60' lang='lat' dir='ltr'>,ad</span> <span class='ocrx_word' id='word_1_294' title='bbox 1039 1340 1123 1371; x_wconf 91' lang='lat' dir='ltr'>opus</span> <span class='ocrx_word' id='word_1_295' title='bbox 1145 1329 1324 1360; x_wconf 88' lang='lat' dir='ltr'>voluntarie</span> <span class='ocrx_word' id='word_1_296' title='bbox 1350 1339 1416 1359; x_wconf 89' lang='lat' dir='ltr'>non</span> 
     </span>
     <span class='ocr_line' id='line_1_48' title="bbox 348 1373 1415 1418; baseline -0.006 -9"><span class='ocrx_word' id='word_1_297' title='bbox 348 1378 507 1418; x_wconf 69' lang='lat' dir='ltr'>vituperet</span> <span class='ocrx_word' id='word_1_298' title='bbox 528 1383 639 1413; x_wconf 85' lang='lat' dir='ltr'>artem,</span> <span class='ocrx_word' id='word_1_299' title='bbox 664 1375 719 1406; x_wconf 90' lang='lat' dir='ltr'>sed</span> <span class='ocrx_word' id='word_1_300' title='bbox 742 1374 961 1416; x_wconf 86' lang='lat' dir='ltr'>prudentiam:</span> <span class='ocrx_word' id='word_1_301' title='bbox 986 1383 1091 1415; x_wconf 87' lang='lat' dir='ltr'>neque</span> <span class='ocrx_word' id='word_1_302' title='bbox 1115 1374 1201 1404; x_wconf 90' lang='lat' dir='ltr'>enim</span> <span class='ocrx_word' id='word_1_303' title='bbox 1225 1374 1333 1404; x_wconf 91' lang='lat' dir='ltr'>minus</span> <span class='ocrx_word' id='word_1_304' title='bbox 1358 1373 1415 1403; x_wconf 91' lang='lat' dir='ltr'>do-</span> 
     </span>
    </p>
   </div>
   <div class='ocr_carea' id='block_1_27' title="bbox 1439 716 1444 1408">
    <p class='ocr_par' dir='ltr' id='par_1_27' title="bbox 1439 716 1444 1408">
     <span class='ocr_line' id='line_1_49' title="bbox 1439 716 1444 1408; baseline 0 0"><span class='ocrx_word' id='word_1_305' title='bbox 1439 716 1444 1408; x_wconf 95' lang='lat' dir='ltr'> </span> 
     </span>
    </p>
   </div>
   <div class='ocr_carea' id='block_1_28' title="bbox 1465 717 2528 1240">
    <p class='ocr_par' dir='ltr' id='par_1_28' title="bbox 1465 717 2528 1240">
     <span class='ocr_line' id='line_1_50' title="bbox 1466 717 2526 759; baseline 0.003 -13"><span class='ocrx_word' id='word_1_306' title='bbox 1466 723 1534 747; x_wconf 90' lang='lat' dir='ltr'>ctus</span> <span class='ocrx_word' id='word_1_307' title='bbox 1566 717 1711 747; x_wconf 88' lang='lat' dir='ltr'>medicus</span> <span class='ocrx_word' id='word_1_308' title='bbox 1743 724 1887 747; x_wconf 90' lang='lat' dir='ltr'>censetur</span> <span class='ocrx_word' id='word_1_309' title='bbox 1910 718 1965 758; x_wconf 93' lang='lat' dir='ltr'>qui</span> <span class='ocrx_word' id='word_1_310' title='bbox 1999 718 2112 755; x_wconf 89' lang='lat' dir='ltr'>noluit,</span> <span class='ocrx_word' id='word_1_311' title='bbox 2145 719 2275 759; x_wconf 84' lang='lat' dir='ltr'>quando</span> <span class='ocrx_word' id='word_1_312' title='bbox 2299 719 2452 759; x_wconf 86' lang='lat' dir='ltr'>oportuit,</span> <span class='ocrx_word' id='word_1_313' title='bbox 2480 729 2526 749; x_wconf 87' lang='lat' dir='ltr'>sa-</span> 
     </span>
     <span class='ocr_line' id='line_1_51' title="bbox 1466 760 2527 803; baseline 0.002 -13"><span class='ocrx_word' id='word_1_314' title='bbox 1466 769 1556 796; x_wconf 88' lang='lat' dir='ltr'>nare;</span> <span class='ocrx_word' id='word_1_315' title='bbox 1581 761 1635 790; x_wconf 91' lang='lat' dir='ltr'>sed</span> <span class='ocrx_word' id='word_1_316' title='bbox 1656 760 1763 790; x_wconf 89' lang='lat' dir='ltr'>minus</span> <span class='ocrx_word' id='word_1_317' title='bbox 1776 761 1914 800; x_wconf 91' lang='lat' dir='ltr'>prudens</span> <span class='ocrx_word' id='word_1_318' title='bbox 1932 762 2065 792; x_wconf 90' lang='lat' dir='ltr'>habetur</span> <span class='ocrx_word' id='word_1_319' title='bbox 2084 762 2151 802; x_wconf 94' lang='lat' dir='ltr'>qui,</span> <span class='ocrx_word' id='word_1_320' title='bbox 2171 762 2302 803; x_wconf 92' lang='lat' dir='ltr'>quando</span> <span class='ocrx_word' id='word_1_321' title='bbox 2319 770 2455 802; x_wconf 88' lang='lat' dir='ltr'>oportet,</span> <span class='ocrx_word' id='word_1_322' title='bbox 2473 763 2527 793; x_wconf 90' lang='lat' dir='ltr'>ubi</span> 
     </span>
     <span class='ocr_line' id='line_1_52' title="bbox 1466 805 2527 847; baseline 0.003 -13"><span class='ocrx_word' id='word_1_323' title='bbox 1466 811 1602 844; x_wconf 85' lang='lat' dir='ltr'>oportet,</span> <span class='ocrx_word' id='word_1_324' title='bbox 1626 810 1696 840; x_wconf 67' lang='lat' dir='ltr'>etc„</span> <span class='ocrx_word' id='word_1_325' title='bbox 1721 814 1787 834; x_wconf 92' lang='lat' dir='ltr'>non</span> <span class='ocrx_word' id='word_1_326' title='bbox 1810 805 1879 835; x_wconf 90' lang='lat' dir='ltr'>vult</span> <span class='ocrx_word' id='word_1_327' title='bbox 1902 806 2023 846; x_wconf 86' lang='lat' dir='ltr'>exequi,</span> <span class='ocrx_word' id='word_1_328' title='bbox 2048 816 2066 835; x_wconf 92' lang='lat' dir='ltr'>a</span> <span class='ocrx_word' id='word_1_329' title='bbox 2089 816 2121 835; x_wconf 90' lang='lat' dir='ltr'>se</span> <span class='ocrx_word' id='word_1_330' title='bbox 2144 807 2194 836; x_wconf 91' lang='lat' dir='ltr'>vel</span> <span class='ocrx_word' id='word_1_331' title='bbox 2217 806 2289 842; x_wconf 87' lang='lat' dir='ltr'>alio,</span> <span class='ocrx_word' id='word_1_332' title='bbox 2313 817 2394 847; x_wconf 89' lang='lat' dir='ltr'>quae</span> <span class='ocrx_word' id='word_1_333' title='bbox 2418 817 2527 837; x_wconf 85' lang='lat' dir='ltr'>execu-</span> 
     </span>
     <span class='ocr_line' id='line_1_53' title="bbox 1465 847 2527 889; baseline 0.004 -12"><span class='ocrx_word' id='word_1_334' title='bbox 1465 847 1546 878; x_wconf 92' lang='lat' dir='ltr'>tioni</span> <span class='ocrx_word' id='word_1_335' title='bbox 1570 854 1676 878; x_wconf 90' lang='lat' dir='ltr'>essent</span> <span class='ocrx_word' id='word_1_336' title='bbox 1699 849 1887 879; x_wconf 87' lang='lat' dir='ltr'>mandanda.</span> <span class='ocrx_word' id='word_1_337' title='bbox 1912 849 1953 879; x_wconf 86' lang='lat' dir='ltr'>Et</span> <span class='ocrx_word' id='word_1_338' title='bbox 1975 850 2050 889; x_wconf 88' lang='lat' dir='ltr'>quia</span> <span class='ocrx_word' id='word_1_339' title='bbox 2074 850 2245 880; x_wconf 89' lang='lat' dir='ltr'>accidentia</span> <span class='ocrx_word' id='word_1_340' title='bbox 2268 850 2432 881; x_wconf 87' lang='lat' dir='ltr'>imitantur</span> <span class='ocrx_word' id='word_1_341' title='bbox 2455 851 2527 881; x_wconf 91' lang='lat' dir='ltr'>sub-</span> 
     </span>
     <span class='ocr_line' id='line_1_54' title="bbox 1466 891 2527 935; baseline 0.005 -15"><span class='ocrx_word' id='word_1_342' title='bbox 1466 891 1623 929; x_wconf 82' lang='lat' dir='ltr'>stantiam,</span> <span class='ocrx_word' id='word_1_343' title='bbox 1641 891 1724 922; x_wconf 88' lang='lat' dir='ltr'>sicut</span> <span class='ocrx_word' id='word_1_344' title='bbox 1739 892 1778 922; x_wconf 90' lang='lat' dir='ltr'>de</span> <span class='ocrx_word' id='word_1_345' title='bbox 1800 892 1870 931; x_wconf 80' lang='lat' dir='ltr'>ipsa</span> <span class='ocrx_word' id='word_1_346' title='bbox 1893 893 2066 923; x_wconf 88' lang='lat' dir='ltr'>substantia</span> <span class='ocrx_word' id='word_1_347' title='bbox 2089 894 2309 933; x_wconf 88' lang='lat' dir='ltr'>applicationis</span> <span class='ocrx_word' id='word_1_348' title='bbox 2325 895 2365 925; x_wconf 91' lang='lat' dir='ltr'>ad</span> <span class='ocrx_word' id='word_1_349' title='bbox 2381 905 2464 935; x_wconf 87' lang='lat' dir='ltr'>opus</span> <span class='ocrx_word' id='word_1_350' title='bbox 2481 894 2527 924; x_wconf 93' lang='lat' dir='ltr'>di-</span> 
     </span>
     <span class='ocr_line' id='line_1_55' title="bbox 1467 935 2528 978; baseline 0.005 -14"><span class='ocrx_word' id='word_1_351' title='bbox 1467 941 1554 965; x_wconf 91' lang='lat' dir='ltr'>ctum</span> <span class='ocrx_word' id='word_1_352' title='bbox 1577 941 1632 970; x_wconf 88' lang='lat' dir='ltr'>est,</span> <span class='ocrx_word' id='word_1_353' title='bbox 1650 935 1691 965; x_wconf 88' lang='lat' dir='ltr'>ita</span> <span class='ocrx_word' id='word_1_354' title='bbox 1707 935 1746 965; x_wconf 89' lang='lat' dir='ltr'>de</span> <span class='ocrx_word' id='word_1_355' title='bbox 1765 935 1914 975; x_wconf 88' lang='lat' dir='ltr'>qualitate</span> <span class='ocrx_word' id='word_1_356' title='bbox 1931 936 2150 976; x_wconf 87' lang='lat' dir='ltr'>applicationis</span> <span class='ocrx_word' id='word_1_357' title='bbox 2167 937 2335 978; x_wconf 87' lang='lat' dir='ltr'>contingit:</span> <span class='ocrx_word' id='word_1_358' title='bbox 2360 946 2395 969; x_wconf 94' lang='lat' dir='ltr'>ut</span> <span class='ocrx_word' id='word_1_359' title='bbox 2411 938 2528 969; x_wconf 87' lang='lat' dir='ltr'>scilicet</span> 
     </span>
     <span class='ocr_line' id='line_1_56' title="bbox 1466 977 2526 1019; baseline 0.006 -12"><span class='ocrx_word' id='word_1_360' title='bbox 1466 977 1568 1008; x_wconf 87' lang='lat' dir='ltr'>taliter</span> <span class='ocrx_word' id='word_1_361' title='bbox 1589 978 1740 1018; x_wconf 84' lang='lat' dir='ltr'>applicari</span> <span class='ocrx_word' id='word_1_362' title='bbox 1763 979 1803 1008; x_wconf 88' lang='lat' dir='ltr'>ad</span> <span class='ocrx_word' id='word_1_363' title='bbox 1826 989 1919 1018; x_wconf 87' lang='lat' dir='ltr'>opus,</span> <span class='ocrx_word' id='word_1_364' title='bbox 1944 987 2020 1019; x_wconf 89' lang='lat' dir='ltr'>puta</span> <span class='ocrx_word' id='word_1_365' title='bbox 2044 981 2134 1017; x_wconf 89' lang='lat' dir='ltr'>male,</span> <span class='ocrx_word' id='word_1_366' title='bbox 2153 981 2178 1010; x_wconf 90' lang='lat' dir='ltr'>si</span> <span class='ocrx_word' id='word_1_367' title='bbox 2201 981 2377 1012; x_wconf 86' lang='lat' dir='ltr'>voluntarie</span> <span class='ocrx_word' id='word_1_368' title='bbox 2399 981 2464 1019; x_wconf 89' lang='lat' dir='ltr'>fiat,</span> <span class='ocrx_word' id='word_1_369' title='bbox 2481 992 2526 1012; x_wconf 87' lang='lat' dir='ltr'>ar-</span> 
     </span>
     <span class='ocr_line' id='line_1_57' title="bbox 1466 1022 2527 1066; baseline 0.005 -15"><span class='ocrx_word' id='word_1_370' title='bbox 1466 1029 1531 1052; x_wconf 89' lang='lat' dir='ltr'>tem</span> <span class='ocrx_word' id='word_1_371' title='bbox 1554 1031 1621 1051; x_wconf 91' lang='lat' dir='ltr'>non</span> <span class='ocrx_word' id='word_1_372' title='bbox 1644 1022 1811 1062; x_wconf 87' lang='lat' dir='ltr'>vituperat,</span> <span class='ocrx_word' id='word_1_373' title='bbox 1832 1023 1887 1053; x_wconf 91' lang='lat' dir='ltr'>sed</span> <span class='ocrx_word' id='word_1_374' title='bbox 1908 1023 2124 1063; x_wconf 84' lang='lat' dir='ltr'>prudentiam:</span> <span class='ocrx_word' id='word_1_375' title='bbox 2148 1031 2300 1065; x_wconf 88' lang='lat' dir='ltr'>tanquam</span> <span class='ocrx_word' id='word_1_376' title='bbox 2324 1026 2395 1056; x_wconf 81' lang='lat' dir='ltr'>artis</span> <span class='ocrx_word' id='word_1_377' title='bbox 2419 1036 2527 1066; x_wconf 90' lang='lat' dir='ltr'>pecca-</span> 
     </span>
     <span class='ocr_line' id='line_1_58' title="bbox 1466 1065 2525 1108; baseline 0.006 -13"><span class='ocrx_word' id='word_1_378' title='bbox 1466 1072 1536 1096; x_wconf 90' lang='lat' dir='ltr'>tum</span> <span class='ocrx_word' id='word_1_379' title='bbox 1565 1065 1605 1096; x_wconf 91' lang='lat' dir='ltr'>sit</span> <span class='ocrx_word' id='word_1_380' title='bbox 1627 1065 1660 1095; x_wconf 92' lang='lat' dir='ltr'>id</span> <span class='ocrx_word' id='word_1_381' title='bbox 1684 1066 1791 1096; x_wconf 89' lang='lat' dir='ltr'>solum</span> <span class='ocrx_word' id='word_1_382' title='bbox 1819 1067 1908 1107; x_wconf 91' lang='lat' dir='ltr'>quod</span> <span class='ocrx_word' id='word_1_383' title='bbox 1935 1067 1969 1097; x_wconf 92' lang='lat' dir='ltr'>in</span> <span class='ocrx_word' id='word_1_384' title='bbox 1994 1067 2117 1098; x_wconf 89' lang='lat' dir='ltr'>defectu</span> <span class='ocrx_word' id='word_1_385' title='bbox 2147 1068 2337 1108; x_wconf 89' lang='lat' dir='ltr'>cognitionis</span> <span class='ocrx_word' id='word_1_386' title='bbox 2367 1069 2525 1106; x_wconf 89' lang='lat' dir='ltr'>consistit,</span> 
     </span>
     <span class='ocr_line' id='line_1_59' title="bbox 1466 1109 2528 1154; baseline 0.005 -15"><span class='ocrx_word' id='word_1_387' title='bbox 1466 1109 1651 1149; x_wconf 84' lang='lat' dir='ltr'>prudentiae</span> <span class='ocrx_word' id='word_1_388' title='bbox 1686 1116 1793 1140; x_wconf 88' lang='lat' dir='ltr'>autem</span> <span class='ocrx_word' id='word_1_389' title='bbox 1823 1118 1853 1141; x_wconf 90' lang='lat' dir='ltr'>et</span> <span class='ocrx_word' id='word_1_390' title='bbox 1875 1110 1907 1140; x_wconf 90' lang='lat' dir='ltr'>id</span> <span class='ocrx_word' id='word_1_391' title='bbox 1931 1111 2019 1151; x_wconf 93' lang='lat' dir='ltr'>quod</span> <span class='ocrx_word' id='word_1_392' title='bbox 2042 1111 2074 1141; x_wconf 91' lang='lat' dir='ltr'>in</span> <span class='ocrx_word' id='word_1_393' title='bbox 2098 1112 2288 1151; x_wconf 88' lang='lat' dir='ltr'>cognitionis</span> <span class='ocrx_word' id='word_1_394' title='bbox 2318 1120 2348 1144; x_wconf 92' lang='lat' dir='ltr'>et</span> <span class='ocrx_word' id='word_1_395' title='bbox 2375 1114 2408 1143; x_wconf 94' lang='lat' dir='ltr'>id</span> <span class='ocrx_word' id='word_1_396' title='bbox 2438 1113 2528 1154; x_wconf 92' lang='lat' dir='ltr'>quod</span> 
     </span>
     <span class='ocr_line' id='line_1_60' title="bbox 1465 1153 2527 1197; baseline 0.005 -14"><span class='ocrx_word' id='word_1_397' title='bbox 1465 1154 1499 1184; x_wconf 89' lang='lat' dir='ltr'>in</span> <span class='ocrx_word' id='word_1_398' title='bbox 1522 1154 1681 1194; x_wconf 87' lang='lat' dir='ltr'>appetitus</span> <span class='ocrx_word' id='word_1_399' title='bbox 1711 1153 1835 1185; x_wconf 91' lang='lat' dir='ltr'>defectu</span> <span class='ocrx_word' id='word_1_400' title='bbox 1859 1154 2011 1186; x_wconf 89' lang='lat' dir='ltr'>consistit.</span> <span class='ocrx_word' id='word_1_401' title='bbox 2040 1155 2172 1196; x_wconf 90' lang='lat' dir='ltr'>Propter</span> <span class='ocrx_word' id='word_1_402' title='bbox 2194 1157 2283 1197; x_wconf 92' lang='lat' dir='ltr'>quod</span> <span class='ocrx_word' id='word_1_403' title='bbox 2306 1167 2355 1187; x_wconf 92' lang='lat' dir='ltr'>ars</span> <span class='ocrx_word' id='word_1_404' title='bbox 2382 1165 2428 1188; x_wconf 90' lang='lat' dir='ltr'>est</span> <span class='ocrx_word' id='word_1_405' title='bbox 2451 1168 2527 1188; x_wconf 90' lang='lat' dir='ltr'>con-</span> 
     </span>
     <span class='ocr_line' id='line_1_61' title="bbox 1466 1198 2527 1240; baseline 0.003 -12"><span class='ocrx_word' id='word_1_406' title='bbox 1466 1198 1646 1234; x_wconf 83' lang='lat' dir='ltr'>trariorum,</span> <span class='ocrx_word' id='word_1_407' title='bbox 1664 1205 1700 1228; x_wconf 92' lang='lat' dir='ltr'>ut</span> <span class='ocrx_word' id='word_1_408' title='bbox 1715 1198 1871 1229; x_wconf 90' lang='lat' dir='ltr'>medicina</span> <span class='ocrx_word' id='word_1_409' title='bbox 1895 1199 1962 1229; x_wconf 87' lang='lat' dir='ltr'>sani</span> <span class='ocrx_word' id='word_1_410' title='bbox 1978 1205 2008 1229; x_wconf 92' lang='lat' dir='ltr'>et</span> <span class='ocrx_word' id='word_1_411' title='bbox 2031 1199 2129 1239; x_wconf 89' lang='lat' dir='ltr'>aegri:</span> <span class='ocrx_word' id='word_1_412' title='bbox 2154 1200 2322 1240; x_wconf 86' lang='lat' dir='ltr'>prudentia</span> <span class='ocrx_word' id='word_1_413' title='bbox 2338 1208 2445 1231; x_wconf 88' lang='lat' dir='ltr'>autern</span> <span class='ocrx_word' id='word_1_414' title='bbox 2461 1212 2527 1231; x_wconf 91' lang='lat' dir='ltr'>non</span> 
     </span>
    </p>
   </div>
   <div class='ocr_carea' id='block_1_29' title="bbox 1440 1241 2527 1289">
    <p class='ocr_par' dir='ltr' id='par_1_29' title="bbox 1440 1241 2527 1289">
     <span class='ocr_line' id='line_1_62' title="bbox 1440 1241 2527 1289; baseline 0.004 -18"><span class='ocrx_word' id='word_1_415' title='bbox 1440 1275 1443 1289; x_wconf 71' lang='lat'><strong>·</strong></span> <span class='ocrx_word' id='word_1_416' title='bbox 1467 1248 1514 1272; x_wconf 90' lang='lat' dir='ltr'>est</span> <span class='ocrx_word' id='word_1_417' title='bbox 1536 1241 1613 1272; x_wconf 91' lang='lat' dir='ltr'>boni</span> <span class='ocrx_word' id='word_1_418' title='bbox 1637 1249 1667 1272; x_wconf 91' lang='lat' dir='ltr'>et</span> <span class='ocrx_word' id='word_1_419' title='bbox 1690 1241 1776 1279; x_wconf 89' lang='lat' dir='ltr'>mali,</span> <span class='ocrx_word' id='word_1_420' title='bbox 1800 1243 1855 1273; x_wconf 89' lang='lat' dir='ltr'>sed</span> <span class='ocrx_word' id='word_1_421' title='bbox 1877 1242 1955 1273; x_wconf 89' lang='lat' dir='ltr'>boni</span> <span class='ocrx_word' id='word_1_422' title='bbox 1978 1249 2112 1274; x_wconf 88' lang='lat' dir='ltr'>tantum.</span> <span class='ocrx_word' id='word_1_423' title='bbox 2136 1243 2223 1275; x_wconf 85' lang='lat' dir='ltr'>Haec</span> <span class='ocrx_word' id='word_1_424' title='bbox 2246 1244 2332 1274; x_wconf 90' lang='lat' dir='ltr'>enim</span> <span class='ocrx_word' id='word_1_425' title='bbox 2355 1245 2472 1276; x_wconf 88' lang='lat' dir='ltr'>claudit</span> <span class='ocrx_word' id='word_1_426' title='bbox 2494 1245 2527 1276; x_wconf 90' lang='lat' dir='ltr'>in</span> 
     </span>
    </p>
   </div>
   <div class='ocr_carea' id='block_1_30' title="bbox 1467 1285 2527 1327">
    <p class='ocr_par' dir='ltr' id='par_1_30' title="bbox 1467 1285 2527 1327">
     <span class='ocr_line' id='line_1_63' title="bbox 1467 1285 2527 1327; baseline 0.004 -11"><span class='ocrx_word' id='word_1_427' title='bbox 1467 1295 1524 1316; x_wconf 87' lang='lat' dir='ltr'>sua</span> <span class='ocrx_word' id='word_1_428' title='bbox 1543 1285 1664 1316; x_wconf 89' lang='lat' dir='ltr'>ratione</span> <span class='ocrx_word' id='word_1_429' title='bbox 1681 1286 1924 1318; x_wconf 85' lang='lat' dir='ltr'>determinatum</span> <span class='ocrx_word' id='word_1_430' title='bbox 1940 1287 2117 1327; x_wconf 89' lang='lat' dir='ltr'>appetitum</span> <span class='ocrx_word' id='word_1_431' title='bbox 2133 1288 2173 1317; x_wconf 91' lang='lat' dir='ltr'>ad</span> <span class='ocrx_word' id='word_1_432' title='bbox 2188 1288 2326 1319; x_wconf 90' lang='lat' dir='ltr'>bonum:</span> <span class='ocrx_word' id='word_1_433' title='bbox 2351 1289 2405 1319; x_wconf 89' lang='lat' dir='ltr'>illa</span> <span class='ocrx_word' id='word_1_434' title='bbox 2420 1296 2527 1320; x_wconf 89' lang='lat' dir='ltr'>autem</span> 
     </span>
    </p>
   </div>
   <div class='ocr_carea' id='block_1_31' title="bbox 1441 1327 2180 1371">
    <p class='ocr_par' dir='ltr' id='par_1_31' title="bbox 1441 1327 2180 1371">
     <span class='ocr_line' id='line_1_64' title="bbox 1441 1327 2180 1371; baseline 0.004 -12"><span class='ocrx_word' id='word_1_435' title='bbox 1441 1327 1445 1341; x_wconf 76' lang='lat'><strong>¹</strong></span> <span class='ocrx_word' id='word_1_436' title='bbox 1467 1340 1545 1365; x_wconf 92' lang='lat' dir='ltr'>non,</span> <span class='ocrx_word' id='word_1_437' title='bbox 1569 1330 1624 1360; x_wconf 89' lang='lat' dir='ltr'>sed</span> <span class='ocrx_word' id='word_1_438' title='bbox 1648 1337 1683 1361; x_wconf 93' lang='lat' dir='ltr'>ut</span> <span class='ocrx_word' id='word_1_439' title='bbox 1706 1330 1916 1361; x_wconf 80' lang='lat' dir='ltr'>extrinsecum</span> <span class='ocrx_word' id='word_1_440' title='bbox 1940 1341 2015 1361; x_wconf 87' lang='lat' dir='ltr'>eum</span> <span class='ocrx_word' id='word_1_441' title='bbox 2038 1331 2180 1371; x_wconf 88' lang='lat' dir='ltr'>suscipit.</span> 
     </span>
    </p>
   </div>
   <div class='ocr_carea' id='block_1_32' title="bbox 1118 1508 1767 1550">
    <p class='ocr_par' dir='ltr' id='par_1_32' title="bbox 1118 1508 1767 1550">
     <span class='ocr_line' id='line_1_65' title="bbox 1118 1508 1767 1550; baseline -0.003 0"><span class='ocrx_word' id='word_1_442' title='bbox 1118 1508 1438 1550; x_wconf 89' lang='lat' dir='ltr'>ARTICULUS</span> <span class='ocrx_word' id='word_1_443' title='bbox 1467 1508 1767 1550; x_wconf 89' lang='lat' dir='ltr'><strong>SECUNDUS</strong></span> 
     </span>
    </p>
   </div>
   <div class='ocr_carea' id='block_1_33' title="bbox 679 1599 2187 1676">
    <p class='ocr_par' dir='ltr' id='par_1_33' title="bbox 679 1599 2187 1676">
     <span class='ocr_line' id='line_1_66' title="bbox 679 1599 2187 1637; baseline -0.001 -4"><span class='ocrx_word' id='word_1_444' title='bbox 679 1601 836 1633; x_wconf 88' lang='lat' dir='ltr'>UTRUM</span> <span class='ocrx_word' id='word_1_445' title='bbox 858 1601 1109 1633; x_wconf 87' lang='lat' dir='ltr'>PRUDENTIA</span> <span class='ocrx_word' id='word_1_446' title='bbox 1131 1601 1380 1633; x_wconf 83' lang='lat' dir='ltr'>PERTINEAT</span> <span class='ocrx_word' id='word_1_447' title='bbox 1404 1599 1551 1631; x_wconf 91' lang='lat' dir='ltr'>SOLUM</span> <span class='ocrx_word' id='word_1_448' title='bbox 1574 1599 1633 1630; x_wconf 87' lang='lat' dir='ltr'>AD</span> <span class='ocrx_word' id='word_1_449' title='bbox 1657 1599 1888 1631; x_wconf 87' lang='lat' dir='ltr'><strong>RATIONEM</strong></span> <span class='ocrx_word' id='word_1_450' title='bbox 1911 1600 2166 1632; x_wconf 88' lang='lat' dir='ltr'>PRACTICAM</span> <span class='ocrx_word' id='word_1_451' title='bbox 2179 1625 2187 1637; x_wconf 95' lang='lat'>,</span> 
     </span>
     <span class='ocr_line' id='line_1_67' title="bbox 963 1643 1768 1676; baseline -0.004 1"><span class='ocrx_word' id='word_1_452' title='bbox 963 1655 969 1661; x_wconf 72' lang='grc'><em>’</em></span> <span class='ocrx_word' id='word_1_453' title='bbox 1105 1645 1165 1676; x_wconf 91' lang='grc' dir='ltr'>ΑΝ</span> <span class='ocrx_word' id='word_1_454' title='bbox 1187 1645 1326 1676; x_wconf 81' lang='lat' dir='ltr'>ETIAM</span> <span class='ocrx_word' id='word_1_455' title='bbox 1349 1645 1407 1676; x_wconf 93' lang='lat' dir='ltr'>AD</span> <span class='ocrx_word' id='word_1_456' title='bbox 1432 1643 1768 1675; x_wconf 85' lang='lat' dir='ltr'>SPECULATIVAM</span> 
     </span>
    </p>
   </div>
   <div class='ocr_carea' id='block_1_34' title="bbox 927 1724 1418 1758">
    <p class='ocr_par' dir='ltr' id='par_1_34' title="bbox 927 1724 1418 1758">
     <span class='ocr_line' id='line_1_68' title="bbox 927 1724 1418 1758; baseline -0.004 -8"><span class='ocrx_word' id='word_1_457' title='bbox 927 1724 951 1749; x_wconf 81' lang='lat'>1⁸</span> <span class='ocrx_word' id='word_1_458' title='bbox 970 1725 1026 1756; x_wconf 72' lang='lat'>11⁸⁶,</span> <span class='ocrx_word' id='word_1_459' title='bbox 1045 1733 1090 1758; x_wconf 91' lang='lat' dir='ltr'>qu.</span> <span class='ocrx_word' id='word_1_460' title='bbox 1108 1732 1158 1755; x_wconf 69' lang='grc' dir='ltr'>ινι,</span> <span class='ocrx_word' id='word_1_461' title='bbox 1178 1729 1225 1749; x_wconf 89' lang='lat' dir='ltr'>art.</span> <span class='ocrx_word' id='word_1_462' title='bbox 1246 1724 1273 1755; x_wconf 73' lang='lat'>33</span> <span class='ocrx_word' id='word_1_463' title='bbox 1292 1724 1324 1749; x_wconf 88' lang='lat'>111</span> <span class='ocrx_word' id='word_1_464' title='bbox 1344 1724 1418 1749; x_wconf 84' lang='lat' dir='ltr'>Sent.</span> 
     </span>
    </p>
   </div>
   <div class='ocr_carea' id='block_1_35' title="bbox 348 1816 497 1976">
    <p class='ocr_par' dir='ltr' id='par_1_35' title="bbox 348 1816 497 1976">
     <span class='ocr_line' id='line_1_69' title="bbox 348 1816 497 1976; baseline 0 -100"><span class='ocrx_word' id='word_1_465' title='bbox 348 1816 497 1976; x_wconf 95' lang='lat' dir='ltr'>    </span> 
     </span>
    </p>
   </div>
   <div class='ocr_carea' id='block_1_36' title="bbox 348 1794 1413 2848">
    <p class='ocr_par' dir='ltr' id='par_1_36' title="bbox 349 1794 1412 2109">
     <span class='ocr_line' id='line_1_70' title="bbox 434 1794 1409 1842; baseline -0.003 -8.138"><span class='ocrx_word' id='word_1_466' title='bbox 434 1816 444 1838; x_wconf 52' lang='grc' dir='ltr'><em>ε</em></span> <span class='ocrx_word' id='word_1_467' title='bbox 468 1839 470 1842; x_wconf 33' lang='grc'>,</span> <span class='ocrx_word' id='word_1_468' title='bbox 487 1827 518 1841; x_wconf 40' lang='grc' dir='ltr'>,κ</span> <span class='ocrx_word' id='word_1_469' title='bbox 560 1809 583 1834; x_wconf 84' lang='lat' dir='ltr'>n</span> <span class='ocrx_word' id='word_1_470' title='bbox 597 1808 787 1834; x_wconf 74' lang='lat' dir='ltr'>SECUNDUM</span> <span class='ocrx_word' id='word_1_471' title='bbox 802 1807 856 1832; x_wconf 80' lang='lat' dir='ltr'>SIC</span> <span class='ocrx_word' id='word_1_472' title='bbox 871 1807 1111 1832; x_wconf 74' lang='lat' dir='ltr'>paoeanrrua.</span> <span class='ocrx_word' id='word_1_473' title='bbox 1130 1795 1291 1832; x_wconf 92' lang='lat' dir='ltr'>Videtur</span> <span class='ocrx_word' id='word_1_474' title='bbox 1305 1794 1409 1842; x_wconf 90' lang='lat' dir='ltr'>quod</span> 
     </span>
     <span class='ocr_line' id='line_1_71' title="bbox 388 1828 1412 1909; baseline -0.003 -22"><span class='ocrx_word' id='word_1_475' title='bbox 388 1828 531 1909; x_wconf 34' lang='grc' dir='ltr'>Β)</span> <span class='ocrx_word' id='word_1_476' title='bbox 559 1849 760 1900; x_wconf 88' lang='lat' dir='ltr'>prudentia</span> <span class='ocrx_word' id='word_1_477' title='bbox 796 1860 875 1885; x_wconf 91' lang='lat' dir='ltr'>non</span> <span class='ocrx_word' id='word_1_478' title='bbox 903 1849 1030 1886; x_wconf 89' lang='lat' dir='ltr'>solum</span> <span class='ocrx_word' id='word_1_479' title='bbox 1062 1848 1248 1897; x_wconf 89' lang='lat' dir='ltr'>pertineat</span> <span class='ocrx_word' id='word_1_480' title='bbox 1276 1847 1324 1885; x_wconf 92' lang='lat' dir='ltr'>ad</span> <span class='ocrx_word' id='word_1_481' title='bbox 1354 1859 1412 1884; x_wconf 90' lang='lat' dir='ltr'>ra-</span> 
     </span>
     <span class='ocr_line' id='line_1_72' title="bbox 369 1900 1411 1951; baseline -0.005 -10"><span class='ocrx_word' id='word_1_482' title='bbox 369 1932 378 1943; x_wconf 73' lang='lat'>.</span> <span class='ocrx_word' id='word_1_483' title='bbox 408 1906 485 1945; x_wconf 64' lang='grc' dir='ltr'>ἐν,</span> <span class='ocrx_word' id='word_1_484' title='bbox 507 1900 703 1940; x_wconf 65' lang='lat' dir='ltr'>(tionem</span> <span class='ocrx_word' id='word_1_485' title='bbox 722 1901 944 1951; x_wconf 84' lang='lat' dir='ltr'>practicam,</span> <span class='ocrx_word' id='word_1_486' title='bbox 965 1901 1033 1938; x_wconf 93' lang='lat' dir='ltr'>sed</span> <span class='ocrx_word' id='word_1_487' title='bbox 1062 1901 1174 1938; x_wconf 88' lang='lat' dir='ltr'>etiarn</span> <span class='ocrx_word' id='word_1_488' title='bbox 1200 1901 1249 1938; x_wconf 90' lang='lat' dir='ltr'>ad</span> <span class='ocrx_word' id='word_1_489' title='bbox 1277 1912 1411 1949; x_wconf 89' lang='lat' dir='ltr'>specu-</span> 
     </span>
     <span class='ocr_line' id='line_1_73' title="bbox 356 1949 1411 2002; baseline -0.004 -9"><span class='ocrx_word' id='word_1_490' title='bbox 356 1966 364 1976; x_wconf 76' lang='lat'>¹</span> <span class='ocrx_word' id='word_1_491' title='bbox 406 1950 500 1983; x_wconf 49' lang='grc' dir='ltr'>*ῥ’-θ’»</span> <span class='ocrx_word' id='word_1_492' title='bbox 517 1949 545 1988; x_wconf 40' lang='lat' dir='ltr'>N:</span> <span class='ocrx_word' id='word_1_493' title='bbox 560 1955 726 1993; x_wconf 87' lang='lat' dir='ltr'>lativam.</span> <span class='ocrx_word' id='word_1_494' title='bbox 747 1954 895 1992; x_wconf 91' lang='lat' dir='ltr'>Dicitur</span> <span class='ocrx_word' id='word_1_495' title='bbox 910 1953 1012 1992; x_wconf 88' lang='lat' dir='ltr'>enim</span> <span class='ocrx_word' id='word_1_496' title='bbox 1024 1955 1142 1991; x_wconf 81' lang='lat' dir='ltr'>Prov.</span> <span class='ocrx_word' id='word_1_497' title='bbox 1157 1966 1181 1990; x_wconf 86' lang='lat' dir='ltr'>x</span> <span class='ocrx_word' id='word_1_498' title='bbox 1201 1954 1237 1990; x_wconf 78' lang='lat' dir='ltr'>*z</span> <span class='ocrx_word' id='word_1_499' title='bbox 1257 1953 1411 2002; x_wconf 80' lang='lat' dir='ltr'>Sapien-</span> 
     </span>
     <span class='ocr_line' id='line_1_74' title="bbox 349 2006 1411 2056; baseline -0.004 -10"><span class='ocrx_word' id='word_1_500' title='bbox 349 2008 482 2046; x_wconf 76' lang='lat' dir='ltr'>tiaest</span> <span class='ocrx_word' id='word_1_501' title='bbox 505 2009 588 2046; x_wconf 82' lang='lat' dir='ltr'>viro</span> <span class='ocrx_word' id='word_1_502' title='bbox 609 2008 823 2056; x_wconf 84' lang='lat' dir='ltr'>prudentia.</span> <span class='ocrx_word' id='word_1_503' title='bbox 853 2007 931 2044; x_wconf 90' lang='lat' dir='ltr'>Sed</span> <span class='ocrx_word' id='word_1_504' title='bbox 959 2007 1143 2056; x_wconf 81' lang='lat' dir='ltr'>sapientia</span> <span class='ocrx_word' id='word_1_505' title='bbox 1169 2006 1411 2055; x_wconf 89' lang='lat' dir='ltr'>principalius</span> 
     </span>
     <span class='ocr_line' id='line_1_75' title="bbox 350 2059 1383 2109; baseline -0.002 -11"><span class='ocrx_word' id='word_1_506' title='bbox 350 2060 519 2098; x_wconf 81' lang='lat' dir='ltr'>consistit</span> <span class='ocrx_word' id='word_1_507' title='bbox 544 2061 584 2098; x_wconf 88' lang='lat' dir='ltr'>in</span> <span class='ocrx_word' id='word_1_508' title='bbox 611 2060 945 2109; x_wconf 89' lang='lat' dir='ltr'>contemplatione.</span> <span class='ocrx_word' id='word_1_509' title='bbox 976 2061 1078 2108; x_wconf 89' lang='lat' dir='ltr'>Ergo</span> <span class='ocrx_word' id='word_1_510' title='bbox 1108 2067 1144 2096; x_wconf 92' lang='lat' dir='ltr'>et</span> <span class='ocrx_word' id='word_1_511' title='bbox 1170 2059 1383 2108; x_wconf 90' lang='lat' dir='ltr'>prudentia.</span> 
     </span>
    </p>

    <p class='ocr_par' dir='ltr' id='par_1_37' title="bbox 348 2112 1412 2372">
     <span class='ocr_line' id='line_1_76' title="bbox 403 2112 1409 2160; baseline -0.002 -10"><span class='ocrx_word' id='word_1_512' title='bbox 403 2125 439 2150; x_wconf 89' lang='lat'>2.</span> <span class='ocrx_word' id='word_1_513' title='bbox 454 2114 690 2160; x_wconf 59' lang='lat' dir='ltr'>Puni-snm,</span> <span class='ocrx_word' id='word_1_514' title='bbox 706 2113 935 2150; x_wconf 89' lang='lat' dir='ltr'>Ambrosius</span> <span class='ocrx_word' id='word_1_515' title='bbox 965 2112 1065 2159; x_wconf 90' lang='lat' dir='ltr'>dicit,</span> <span class='ocrx_word' id='word_1_516' title='bbox 1081 2113 1119 2149; x_wconf 91' lang='lat' dir='ltr'>in</span> <span class='ocrx_word' id='word_1_517' title='bbox 1136 2112 1207 2148; x_wconf 88' lang='lat' dir='ltr'>Ide</span> <span class='ocrx_word' id='word_1_518' title='bbox 1225 2112 1367 2160; x_wconf 87' lang='lat' dir='ltr'>Officiis</span> <span class='ocrx_word' id='word_1_519' title='bbox 1377 2113 1409 2149; x_wconf 74' lang='grc' dir='ltr'>*ε</span> 
     </span>
     <span class='ocr_line' id='line_1_77' title="bbox 348 2166 1410 2216; baseline -0.003 -12"><span class='ocrx_word' id='word_1_520' title='bbox 348 2167 553 2204; x_wconf 83' lang='lat' dir='ltr'>Prudentia</span> <span class='ocrx_word' id='word_1_521' title='bbox 573 2167 610 2203; x_wconf 90' lang='lat' dir='ltr'>in</span> <span class='ocrx_word' id='word_1_522' title='bbox 629 2167 713 2203; x_wconf 82' lang='lat' dir='ltr'>veri</span> <span class='ocrx_word' id='word_1_523' title='bbox 729 2166 1013 2216; x_wconf 75' lang='lat' dir='ltr'>investigatione</span> <span class='ocrx_word' id='word_1_524' title='bbox 1038 2171 1222 2210; x_wconf 79' lang='lat' dir='ltr'>versatur,</span> <span class='ocrx_word' id='word_1_525' title='bbox 1243 2171 1278 2201; x_wconf 90' lang='lat' dir='ltr'>et</span> <span class='ocrx_word' id='word_1_526' title='bbox 1294 2166 1410 2201; x_wconf 86' lang='lat' dir='ltr'>scien-</span> 
     </span>
     <span class='ocr_line' id='line_1_78' title="bbox 349 2218 1411 2268; baseline -0.002 -12"><span class='ocrx_word' id='word_1_527' title='bbox 349 2220 423 2256; x_wconf 88' lang='lat' dir='ltr'>tiae</span> <span class='ocrx_word' id='word_1_528' title='bbox 442 2224 460 2241; x_wconf 56' lang='grc' dir='ltr'>α</span> <span class='ocrx_word' id='word_1_529' title='bbox 481 2219 663 2267; x_wconf 83' lang='lat' dir='ltr'>plenioris</span> <span class='ocrx_word' id='word_1_530' title='bbox 681 2219 843 2268; x_wconf 86' lang='lat' dir='ltr'>infundit</span> <span class='ocrx_word' id='word_1_531' title='bbox 860 2219 1108 2267; x_wconf 79' lang='lat' dir='ltr'>cupiditatem.</span> <span class='ocrx_word' id='word_1_532' title='bbox 1139 2218 1216 2255; x_wconf 90' lang='lat' dir='ltr'>Sed</span> <span class='ocrx_word' id='word_1_533' title='bbox 1234 2219 1309 2254; x_wconf 92' lang='lat' dir='ltr'>hoc</span> <span class='ocrx_word' id='word_1_534' title='bbox 1327 2230 1411 2266; x_wconf 89' lang='lat' dir='ltr'>per-</span> 
     </span>
     <span class='ocr_line' id='line_1_79' title="bbox 349 2270 1412 2320; baseline -0.002 -11"><span class='ocrx_word' id='word_1_535' title='bbox 349 2272 442 2310; x_wconf 90' lang='lat' dir='ltr'>tinet</span> <span class='ocrx_word' id='word_1_536' title='bbox 470 2272 520 2309; x_wconf 84' lang='lat' dir='ltr'>ad</span> <span class='ocrx_word' id='word_1_537' title='bbox 547 2272 733 2309; x_wconf 87' lang='lat' dir='ltr'>rationem</span> <span class='ocrx_word' id='word_1_538' title='bbox 763 2272 1049 2320; x_wconf 89' lang='lat' dir='ltr'>speculativam.</span> <span class='ocrx_word' id='word_1_539' title='bbox 1079 2272 1181 2319; x_wconf 91' lang='lat' dir='ltr'>Ergo</span> <span class='ocrx_word' id='word_1_540' title='bbox 1210 2270 1412 2319; x_wconf 91' lang='lat' dir='ltr'>prudentia</span> 
     </span>
     <span class='ocr_line' id='line_1_80' title="bbox 351 2324 1174 2372; baseline -0.002 -10"><span class='ocrx_word' id='word_1_541' title='bbox 351 2325 519 2362; x_wconf 88' lang='lat' dir='ltr'>consistit</span> <span class='ocrx_word' id='word_1_542' title='bbox 547 2325 661 2361; x_wconf 89' lang='lat' dir='ltr'>etiam</span> <span class='ocrx_word' id='word_1_543' title='bbox 690 2325 729 2361; x_wconf 92' lang='lat' dir='ltr'>in</span> <span class='ocrx_word' id='word_1_544' title='bbox 757 2324 900 2361; x_wconf 90' lang='lat' dir='ltr'>ratione</span> <span class='ocrx_word' id='word_1_545' title='bbox 929 2324 1174 2372; x_wconf 85' lang='lat' dir='ltr'>speculativa.</span> 
     </span>
    </p>

    <p class='ocr_par' dir='ltr' id='par_1_38' title="bbox 348 2376 1413 2691">
     <span class='ocr_line' id='line_1_81' title="bbox 406 2376 1413 2426; baseline -0.002 -12"><span class='ocrx_word' id='word_1_546' title='bbox 406 2379 440 2415; x_wconf 90' lang='lat'>3.</span> <span class='ocrx_word' id='word_1_547' title='bbox 468 2379 701 2424; x_wconf 76' lang='lat' dir='ltr'>PRAETEREA,</span> <span class='ocrx_word' id='word_1_548' title='bbox 731 2377 770 2414; x_wconf 92' lang='lat' dir='ltr'>in</span> <span class='ocrx_word' id='word_1_549' title='bbox 798 2377 934 2413; x_wconf 90' lang='lat' dir='ltr'>eadem</span> <span class='ocrx_word' id='word_1_550' title='bbox 962 2384 1068 2426; x_wconf 91' lang='lat' dir='ltr'>parte</span> <span class='ocrx_word' id='word_1_551' title='bbox 1087 2376 1240 2413; x_wconf 90' lang='lat' dir='ltr'>animae</span> <span class='ocrx_word' id='word_1_552' title='bbox 1258 2376 1413 2424; x_wconf 91' lang='lat' dir='ltr'>ponitur</span> 
     </span>
     <span class='ocr_line' id='line_1_82' title="bbox 350 2428 1410 2479; baseline -0.003 -12"><span class='ocrx_word' id='word_1_553' title='bbox 350 2443 372 2468; x_wconf 89' lang='lat' dir='ltr'>a</span> <span class='ocrx_word' id='word_1_554' title='bbox 400 2430 637 2479; x_wconf 88' lang='lat' dir='ltr'>Philosopho</span> <span class='ocrx_word' id='word_1_555' title='bbox 675 2441 734 2466; x_wconf 91' lang='lat' dir='ltr'>ars</span> <span class='ocrx_word' id='word_1_556' title='bbox 773 2437 808 2466; x_wconf 90' lang='lat' dir='ltr'>et</span> <span class='ocrx_word' id='word_1_557' title='bbox 835 2429 1049 2478; x_wconf 89' lang='lat' dir='ltr'>prudentia;</span> <span class='ocrx_word' id='word_1_558' title='bbox 1086 2436 1127 2465; x_wconf 95' lang='lat' dir='ltr'>ut</span> <span class='ocrx_word' id='word_1_559' title='bbox 1153 2435 1258 2476; x_wconf 88' lang='lat' dir='ltr'>patet</span> <span class='ocrx_word' id='word_1_560' title='bbox 1293 2428 1332 2465; x_wconf 92' lang='lat' dir='ltr'>in</span> <span class='ocrx_word' id='word_1_561' title='bbox 1358 2429 1410 2464; x_wconf 92' lang='lat' dir='ltr'>VI</span> 
     </span>
     <span class='ocr_line' id='line_1_83' title="bbox 348 2481 1410 2529; baseline -0.004 -9"><span class='ocrx_word' id='word_1_562' title='bbox 348 2484 468 2521; x_wconf 83' lang='lat' dir='ltr'>Ethic.</span> <span class='ocrx_word' id='word_1_563' title='bbox 498 2484 518 2504; x_wconf 64' lang='lat'>¹*</span> <span class='ocrx_word' id='word_1_564' title='bbox 547 2483 625 2519; x_wconf 90' lang='lat' dir='ltr'>Sed</span> <span class='ocrx_word' id='word_1_565' title='bbox 663 2495 723 2519; x_wconf 89' lang='lat' dir='ltr'>ars</span> <span class='ocrx_word' id='word_1_566' title='bbox 751 2494 829 2519; x_wconf 91' lang='lat' dir='ltr'>non</span> <span class='ocrx_word' id='word_1_567' title='bbox 858 2483 982 2519; x_wconf 89' lang='lat' dir='ltr'>solum</span> <span class='ocrx_word' id='word_1_568' title='bbox 1011 2481 1203 2518; x_wconf 87' lang='lat' dir='ltr'>invenitur</span> <span class='ocrx_word' id='word_1_569' title='bbox 1233 2481 1410 2529; x_wconf 84' lang='lat' dir='ltr'>practica,</span> 
     </span>
     <span class='ocr_line' id='line_1_84' title="bbox 350 2533 1412 2584; baseline -0.005 -11"><span class='ocrx_word' id='word_1_570' title='bbox 350 2536 419 2574; x_wconf 90' lang='lat' dir='ltr'>sed</span> <span class='ocrx_word' id='word_1_571' title='bbox 448 2536 562 2573; x_wconf 90' lang='lat' dir='ltr'>etiam</span> <span class='ocrx_word' id='word_1_572' title='bbox 582 2535 832 2584; x_wconf 86' lang='lat' dir='ltr'>speculativa:</span> <span class='ocrx_word' id='word_1_573' title='bbox 863 2543 904 2571; x_wconf 92' lang='lat' dir='ltr'>ut</span> <span class='ocrx_word' id='word_1_574' title='bbox 922 2542 1025 2583; x_wconf 89' lang='lat' dir='ltr'>patet</span> <span class='ocrx_word' id='word_1_575' title='bbox 1052 2535 1090 2570; x_wconf 93' lang='lat' dir='ltr'>in</span> <span class='ocrx_word' id='word_1_576' title='bbox 1110 2533 1252 2570; x_wconf 88' lang='lat' dir='ltr'>artibus</span> <span class='ocrx_word' id='word_1_577' title='bbox 1280 2533 1412 2569; x_wconf 89' lang='lat' dir='ltr'>libera-</span> 
     </span>
     <span class='ocr_line' id='line_1_85' title="bbox 349 2585 1412 2637; baseline -0.005 -11"><span class='ocrx_word' id='word_1_578' title='bbox 349 2589 458 2627; x_wconf 90' lang='lat' dir='ltr'>libus.</span> <span class='ocrx_word' id='word_1_579' title='bbox 478 2589 581 2636; x_wconf 87' lang='lat' dir='ltr'>Ergo</span> <span class='ocrx_word' id='word_1_580' title='bbox 602 2589 715 2625; x_wconf 87' lang='lat' dir='ltr'>etiam</span> <span class='ocrx_word' id='word_1_581' title='bbox 734 2586 749 2617; x_wconf 73' lang='grc' dir='ltr'><strong>β</strong></span> <span class='ocrx_word' id='word_1_582' title='bbox 767 2587 968 2637; x_wconf 88' lang='lat' dir='ltr'>prudentia</span> <span class='ocrx_word' id='word_1_583' title='bbox 985 2587 1175 2624; x_wconf 91' lang='lat' dir='ltr'>invenitur</span> <span class='ocrx_word' id='word_1_584' title='bbox 1194 2593 1231 2622; x_wconf 92' lang='lat' dir='ltr'>et</span> <span class='ocrx_word' id='word_1_585' title='bbox 1247 2585 1412 2634; x_wconf 88' lang='lat' dir='ltr'>practica</span> 
     </span>
     <span class='ocr_line' id='line_1_86' title="bbox 351 2641 662 2691; baseline -0.006 -11"><span class='ocrx_word' id='word_1_586' title='bbox 351 2649 388 2680; x_wconf 91' lang='lat' dir='ltr'>et</span> <span class='ocrx_word' id='word_1_587' title='bbox 412 2641 662 2691; x_wconf 82' lang='lat' dir='ltr'>speculativa.</span> 
     </span>
    </p>

    <p class='ocr_par' dir='ltr' id='par_1_39' title="bbox 348 2691 1412 2848">
     <span class='ocr_line' id='line_1_87' title="bbox 404 2691 1410 2741; baseline -0.006 -8"><span class='ocrx_word' id='word_1_588' title='bbox 404 2696 479 2733; x_wconf 77' lang='lat' dir='ltr'>SED</span> <span class='ocrx_word' id='word_1_589' title='bbox 499 2705 645 2732; x_wconf 75' lang='lat' dir='ltr'>CONTRA</span> <span class='ocrx_word' id='word_1_590' title='bbox 668 2705 735 2731; x_wconf 74' lang='lat' dir='ltr'>EST</span> <span class='ocrx_word' id='word_1_591' title='bbox 762 2693 868 2741; x_wconf 91' lang='lat' dir='ltr'>quod</span> <span class='ocrx_word' id='word_1_592' title='bbox 897 2692 1155 2740; x_wconf 87' lang='lat' dir='ltr'>Philosophus</span> <span class='ocrx_word' id='word_1_593' title='bbox 1184 2691 1282 2738; x_wconf 89' lang='lat' dir='ltr'>dicit,</span> <span class='ocrx_word' id='word_1_594' title='bbox 1304 2691 1341 2727; x_wconf 91' lang='lat' dir='ltr'>in</span> <span class='ocrx_word' id='word_1_595' title='bbox 1359 2691 1410 2727; x_wconf 94' lang='lat' dir='ltr'>VI</span> 
     </span>
     <span class='ocr_line' id='line_1_88' title="bbox 348 2743 1412 2796; baseline -0.007 -10"><span class='ocrx_word' id='word_1_596' title='bbox 348 2747 470 2786; x_wconf 78' lang='lat' dir='ltr'>Ethic.</span> <span class='ocrx_word' id='word_1_597' title='bbox 497 2747 539 2795; x_wconf 83' lang='lat'>*,</span> <span class='ocrx_word' id='word_1_598' title='bbox 575 2747 680 2796; x_wconf 92' lang='lat' dir='ltr'>quod</span> <span class='ocrx_word' id='word_1_599' title='bbox 712 2745 914 2795; x_wconf 89' lang='lat' dir='ltr'>prudentia</span> <span class='ocrx_word' id='word_1_600' title='bbox 947 2753 1003 2782; x_wconf 89' lang='lat' dir='ltr'>est</span> <span class='ocrx_word' id='word_1_601' title='bbox 1035 2752 1136 2782; x_wconf 91' lang='lat' dir='ltr'>recta</span> <span class='ocrx_word' id='word_1_602' title='bbox 1169 2744 1263 2780; x_wconf 87' lang='lat' dir='ltr'>ratio</span> <span class='ocrx_word' id='word_1_603' title='bbox 1297 2743 1412 2791; x_wconf 89' lang='lat' dir='ltr'>agibi-</span> 
     </span>
     <span class='ocr_line' id='line_1_89' title="bbox 349 2797 1412 2848; baseline -0.006 -9"><span class='ocrx_word' id='word_1_604' title='bbox 349 2801 455 2839; x_wconf 82' lang='lat' dir='ltr'>lium.</span> <span class='ocrx_word' id='word_1_605' title='bbox 485 2800 562 2838; x_wconf 93' lang='lat' dir='ltr'>Sed</span> <span class='ocrx_word' id='word_1_606' title='bbox 582 2801 657 2837; x_wconf 87' lang='lat' dir='ltr'>hoc</span> <span class='ocrx_word' id='word_1_607' title='bbox 677 2811 756 2836; x_wconf 91' lang='lat' dir='ltr'>non</span> <span class='ocrx_word' id='word_1_608' title='bbox 784 2798 948 2848; x_wconf 89' lang='lat' dir='ltr'>pertinet</span> <span class='ocrx_word' id='word_1_609' title='bbox 966 2798 1036 2835; x_wconf 90' lang='lat' dir='ltr'>nisi</span> <span class='ocrx_word' id='word_1_610' title='bbox 1055 2798 1103 2835; x_wconf 90' lang='lat' dir='ltr'>ad</span> <span class='ocrx_word' id='word_1_611' title='bbox 1122 2797 1308 2834; x_wconf 86' lang='lat' dir='ltr'>rationem</span> <span class='ocrx_word' id='word_1_612' title='bbox 1328 2809 1412 2845; x_wconf 92' lang='lat' dir='ltr'>pra-</span> 
     </span>
    </p>
   </div>
   <div class='ocr_carea' id='block_1_37' title="bbox 351 2845 1439 2901">
    <p class='ocr_par' dir='ltr' id='par_1_40' title="bbox 351 2845 1439 2901">
     <span class='ocr_line' id='line_1_90' title="bbox 351 2845 1439 2901; baseline -0.006 -10"><span class='ocrx_word' id='word_1_613' title='bbox 351 2853 498 2891; x_wconf 83' lang='lat' dir='ltr'>cticam.</span> <span class='ocrx_word' id='word_1_614' title='bbox 536 2854 646 2901; x_wconf 53' lang='lat' dir='ltr'>Ergo&gt;</span> <span class='ocrx_word' id='word_1_615' title='bbox 666 2851 868 2901; x_wconf 88' lang='lat' dir='ltr'>prudentia</span> <span class='ocrx_word' id='word_1_616' title='bbox 902 2863 980 2888; x_wconf 90' lang='lat' dir='ltr'>non</span> <span class='ocrx_word' id='word_1_617' title='bbox 1013 2858 1070 2888; x_wconf 91' lang='lat' dir='ltr'>est</span> <span class='ocrx_word' id='word_1_618' title='bbox 1097 2850 1167 2887; x_wconf 92' lang='lat' dir='ltr'>nisi</span> <span class='ocrx_word' id='word_1_619' title='bbox 1200 2849 1238 2886; x_wconf 93' lang='lat' dir='ltr'>in</span> <span class='ocrx_word' id='word_1_620' title='bbox 1267 2850 1412 2886; x_wconf 90' lang='lat' dir='ltr'>ratione</span> <span class='ocrx_word' id='word_1_621' title='bbox 1436 2845 1439 2856; x_wconf 81' lang='grc'><em>’</em></span> 
     </span>
    </p>
   </div>
   <div class='ocr_carea' id='block_1_38' title="bbox 350 2906 1412 3005">
    <p class='ocr_par' dir='ltr' id='par_1_41' title="bbox 350 2906 1412 3005">
     <span class='ocr_line' id='line_1_91' title="bbox 397 2906 545 2944; baseline -0.014 0"><span class='ocrx_word' id='word_1_622' title='bbox 397 2906 545 2944; x_wconf 76' lang='lat' dir='ltr'>actica.&#39;</span> 
     </span>
     <span class='ocr_line' id='line_1_92' title="bbox 350 2917 1412 3005; baseline -0.007 -8"><span class='ocrx_word' id='word_1_623' title='bbox 350 2917 631 2996; x_wconf 65' lang='lat' dir='ltr'>erEsponnEo</span> <span class='ocrx_word' id='word_1_624' title='bbox 669 2968 853 2994; x_wconf 65' lang='lat' dir='ltr'>mesanum</span> <span class='ocrx_word' id='word_1_625' title='bbox 882 2956 999 3005; x_wconf 89' lang='lat' dir='ltr'>quod,</span> <span class='ocrx_word' id='word_1_626' title='bbox 1029 2956 1124 2993; x_wconf 87' lang='lat' dir='ltr'>sicut</span> <span class='ocrx_word' id='word_1_627' title='bbox 1155 2955 1412 3004; x_wconf 89' lang='lat' dir='ltr'>Philosophus</span> 
     </span>
    </p>
   </div>
   <div class='ocr_carea' id='block_1_39' title="bbox 258 3010 1412 3065">
    <p class='ocr_par' dir='ltr' id='par_1_42' title="bbox 258 3010 1412 3065">
     <span class='ocr_line' id='line_1_93' title="bbox 258 3010 1412 3065; baseline -0.004 -16"><span class='ocrx_word' id='word_1_628' title='bbox 258 3058 265 3065; x_wconf 33' lang='grc' dir='ltr'>ι</span> <span class='ocrx_word' id='word_1_629' title='bbox 299 3027 322 3036; x_wconf 94' lang='grc'>-·</span> <span class='ocrx_word' id='word_1_630' title='bbox 351 3011 453 3058; x_wconf 82' lang='lat' dir='ltr'>dicit,</span> <span class='ocrx_word' id='word_1_631' title='bbox 475 3011 514 3049; x_wconf 88' lang='lat' dir='ltr'>in</span> <span class='ocrx_word' id='word_1_632' title='bbox 530 3011 584 3048; x_wconf 92' lang='lat' dir='ltr'>VI</span> <span class='ocrx_word' id='word_1_633' title='bbox 602 3010 723 3048; x_wconf 77' lang='lat' dir='ltr'>Elbic.</span> <span class='ocrx_word' id='word_1_634' title='bbox 742 3010 775 3056; x_wconf 67' lang='lat'>¹⁸,</span> <span class='ocrx_word' id='word_1_635' title='bbox 799 3010 995 3060; x_wconf 81' lang='lat' dir='ltr'>prudentis</span> <span class='ocrx_word' id='word_1_636' title='bbox 1022 3014 1076 3046; x_wconf 89' lang='lat' dir='ltr'>est</span> <span class='ocrx_word' id='word_1_637' title='bbox 1091 3010 1184 3045; x_wconf 79' lang='lat' dir='ltr'>hene</span> <span class='ocrx_word' id='word_1_638' title='bbox 1196 3019 1308 3056; x_wconf 85' lang='lat' dir='ltr'>posse</span> <span class='ocrx_word' id='word_1_639' title='bbox 1325 3019 1412 3044; x_wconf 87' lang='lat' dir='ltr'>con-</span> 
     </span>
    </p>
   </div>
   <div class='ocr_carea' id='block_1_40' title="bbox 305 3058 1414 3325">
    <p class='ocr_par' dir='ltr' id='par_1_43' title="bbox 305 3058 1414 3325">
     <span class='ocr_line' id='line_1_94' title="bbox 305 3058 1414 3110; baseline -0.005 -8"><span class='ocrx_word' id='word_1_640' title='bbox 305 3058 310 3064; x_wconf 78' lang='grc'><strong>’</strong></span> <span class='ocrx_word' id='word_1_641' title='bbox 350 3064 481 3102; x_wconf 67' lang='lat' dir='ltr'>sitiat-i.</span> <span class='ocrx_word' id='word_1_642' title='bbox 512 3063 725 3101; x_wconf 82' lang='lat' dir='ltr'>Consilium</span> <span class='ocrx_word' id='word_1_643' title='bbox 745 3070 874 3100; x_wconf 89' lang='lat' dir='ltr'>autern</span> <span class='ocrx_word' id='word_1_644' title='bbox 895 3070 951 3099; x_wconf 91' lang='lat' dir='ltr'>est</span> <span class='ocrx_word' id='word_1_645' title='bbox 971 3062 1018 3099; x_wconf 93' lang='lat' dir='ltr'>de</span> <span class='ocrx_word' id='word_1_646' title='bbox 1037 3061 1095 3098; x_wconf 91' lang='lat' dir='ltr'>his</span> <span class='ocrx_word' id='word_1_647' title='bbox 1114 3073 1212 3110; x_wconf 91' lang='lat' dir='ltr'>quae</span> <span class='ocrx_word' id='word_1_648' title='bbox 1233 3067 1319 3097; x_wconf 91' lang='lat' dir='ltr'>sunt</span> <span class='ocrx_word' id='word_1_649' title='bbox 1345 3071 1414 3109; x_wconf 93' lang='lat' dir='ltr'>per</span> 
     </span>
     <span class='ocr_line' id='line_1_95' title="bbox 352 3112 1412 3166; baseline -0.005 -12"><span class='ocrx_word' id='word_1_650' title='bbox 352 3129 424 3154; x_wconf 92' lang='lat' dir='ltr'>nos</span> <span class='ocrx_word' id='word_1_651' title='bbox 460 3117 607 3166; x_wconf 88' lang='lat' dir='ltr'>agenda</span> <span class='ocrx_word' id='word_1_652' title='bbox 635 3117 673 3153; x_wconf 92' lang='lat' dir='ltr'>in</span> <span class='ocrx_word' id='word_1_653' title='bbox 701 3115 835 3153; x_wconf 91' lang='lat' dir='ltr'>ordine</span> <span class='ocrx_word' id='word_1_654' title='bbox 863 3115 912 3153; x_wconf 91' lang='lat' dir='ltr'>ad</span> <span class='ocrx_word' id='word_1_655' title='bbox 940 3115 1059 3152; x_wconf 90' lang='lat' dir='ltr'>finem</span> <span class='ocrx_word' id='word_1_656' title='bbox 1093 3114 1271 3162; x_wconf 89' lang='lat' dir='ltr'>aliquem.</span> <span class='ocrx_word' id='word_1_657' title='bbox 1301 3112 1412 3150; x_wconf 84' lang='lat' dir='ltr'>Ratio</span> 
     </span>
     <span class='ocr_line' id='line_1_96' title="bbox 353 3166 1412 3218; baseline -0.006 -10"><span class='ocrx_word' id='word_1_658' title='bbox 353 3177 482 3208; x_wconf 77' lang='lat' dir='ltr'>autern</span> <span class='ocrx_word' id='word_1_659' title='bbox 510 3181 646 3208; x_wconf 88' lang='lat' dir='ltr'>eorum</span> <span class='ocrx_word' id='word_1_660' title='bbox 674 3181 773 3218; x_wconf 86' lang='lat' dir='ltr'>quae</span> <span class='ocrx_word' id='word_1_661' title='bbox 809 3176 898 3206; x_wconf 88' lang='lat' dir='ltr'>sunt</span> <span class='ocrx_word' id='word_1_662' title='bbox 925 3168 1072 3216; x_wconf 86' lang='lat' dir='ltr'>agenda</span> <span class='ocrx_word' id='word_1_663' title='bbox 1112 3174 1268 3215; x_wconf 89' lang='lat' dir='ltr'>propter</span> <span class='ocrx_word' id='word_1_664' title='bbox 1294 3166 1412 3203; x_wconf 89' lang='lat' dir='ltr'>finem</span> 
     </span>
     <span class='ocr_line' id='line_1_97' title="bbox 354 3218 1414 3272; baseline -0.005 -12"><span class='ocrx_word' id='word_1_665' title='bbox 354 3230 410 3260; x_wconf 88' lang='lat' dir='ltr'>est</span> <span class='ocrx_word' id='word_1_666' title='bbox 437 3222 532 3261; x_wconf 83' lang='lat' dir='ltr'>ratio</span> <span class='ocrx_word' id='word_1_667' title='bbox 567 3222 746 3272; x_wconf 75' lang='lat' dir='ltr'>practica.</span> <span class='ocrx_word' id='word_1_668' title='bbox 783 3221 896 3260; x_wconf 90' lang='lat' dir='ltr'>Unde</span> <span class='ocrx_word' id='word_1_669' title='bbox 934 3220 1180 3258; x_wconf 88' lang='lat' dir='ltr'>manifestum</span> <span class='ocrx_word' id='word_1_670' title='bbox 1217 3227 1273 3256; x_wconf 89' lang='lat' dir='ltr'>est</span> <span class='ocrx_word' id='word_1_671' title='bbox 1309 3218 1414 3267; x_wconf 91' lang='lat' dir='ltr'>quod</span> 
     </span>
     <span class='ocr_line' id='line_1_98' title="bbox 353 3271 1412 3325; baseline -0.006 -12"><span class='ocrx_word' id='word_1_672' title='bbox 353 3275 554 3325; x_wconf 91' lang='lat' dir='ltr'>prudentia</span> <span class='ocrx_word' id='word_1_673' title='bbox 586 3288 665 3313; x_wconf 91' lang='lat' dir='ltr'>non</span> <span class='ocrx_word' id='word_1_674' title='bbox 694 3274 862 3312; x_wconf 90' lang='lat' dir='ltr'>consistit</span> <span class='ocrx_word' id='word_1_675' title='bbox 889 3274 961 3311; x_wconf 90' lang='lat' dir='ltr'>nisi</span> <span class='ocrx_word' id='word_1_676' title='bbox 989 3274 1027 3311; x_wconf 90' lang='lat' dir='ltr'>in</span> <span class='ocrx_word' id='word_1_677' title='bbox 1055 3273 1199 3310; x_wconf 90' lang='lat' dir='ltr'>ratione</span> <span class='ocrx_word' id='word_1_678' title='bbox 1236 3271 1412 3321; x_wconf 88' lang='lat' dir='ltr'>practica.</span> 
     </span>
    </p>
   </div>
   <div class='ocr_carea' id='block_1_41' title="bbox 1436 1793 1438 2307">
    <p class='ocr_par' dir='ltr' id='par_1_44' title="bbox 1436 1793 1438 2307">
     <span class='ocr_line' id='line_1_99' title="bbox 1436 1793 1438 2307; baseline 0 0"><span class='ocrx_word' id='word_1_679' title='bbox 1436 1793 1438 2307; x_wconf 95' lang='lat' dir='ltr'> </span> 
     </span>
    </p>
   </div>
   <div class='ocr_carea' id='block_1_42' title="bbox 1419 1723 1945 1755">
    <p class='ocr_par' dir='ltr' id='par_1_45' title="bbox 1419 1723 1945 1755">
     <span class='ocr_line' id='line_1_100' title="bbox 1419 1723 1945 1755; baseline -0.002 -7"><span class='ocrx_word' id='word_1_680' title='bbox 1419 1742 1426 1753; x_wconf 94' lang='lat'>,</span> <span class='ocrx_word' id='word_1_681' title='bbox 1447 1723 1506 1748; x_wconf 87' lang='lat' dir='ltr'>dist.</span> <span class='ocrx_word' id='word_1_682' title='bbox 1525 1730 1610 1752; x_wconf 82' lang='lat' dir='ltr'>xxxrn,</span> <span class='ocrx_word' id='word_1_683' title='bbox 1630 1731 1674 1755; x_wconf 92' lang='lat' dir='ltr'>qu.</span> <span class='ocrx_word' id='word_1_684' title='bbox 1693 1730 1720 1752; x_wconf 83' lang='lat' dir='ltr'>n.</span> <span class='ocrx_word' id='word_1_685' title='bbox 1740 1728 1787 1747; x_wconf 87' lang='lat' dir='ltr'>art.</span> <span class='ocrx_word' id='word_1_686' title='bbox 1805 1730 1831 1754; x_wconf 88' lang='lat'>4,</span> <span class='ocrx_word' id='word_1_687' title='bbox 1850 1723 1902 1755; x_wconf 69' lang='lat' dir='ltr'>qu·</span> <span class='ocrx_word' id='word_1_688' title='bbox 1919 1731 1945 1754; x_wconf 90' lang='lat'>4.</span> 
     </span>
    </p>
   </div>
   <div class='ocr_carea' id='block_1_43' title="bbox 1458 1795 2565 3266">
    <p class='ocr_par' dir='ltr' id='par_1_46' title="bbox 1458 1795 2565 2845">
     <span class='ocr_line' id='line_1_101' title="bbox 1516 1795 2565 1846; baseline 0.004 -16"><span class='ocrx_word' id='word_1_689' title='bbox 1516 1796 1574 1831; x_wconf 84' lang='lat' dir='ltr'>An</span> <span class='ocrx_word' id='word_1_690' title='bbox 1603 1805 1740 1831; x_wconf 77' lang='lat' dir='ltr'>PmMUM</span> <span class='ocrx_word' id='word_1_691' title='bbox 1769 1805 1867 1831; x_wconf 83' lang='lat' dir='ltr'>ERGO</span> <span class='ocrx_word' id='word_1_692' title='bbox 1896 1806 2081 1831; x_wconf 78' lang='lat' dir='ltr'>DtCENDUM</span> <span class='ocrx_word' id='word_1_693' title='bbox 2108 1795 2226 1843; x_wconf 78' lang='lat' dir='ltr'>quod,</span> <span class='ocrx_word' id='word_1_694' title='bbox 2248 1795 2345 1832; x_wconf 91' lang='lat' dir='ltr'>sicut</span> <span class='ocrx_word' id='word_1_695' title='bbox 2372 1809 2488 1846; x_wconf 90' lang='lat' dir='ltr'>supra</span> <span class='ocrx_word' id='word_1_696' title='bbox 2509 1800 2527 1818; x_wconf 51' lang='lat'>&#39;³</span> <span class='ocrx_word' id='word_1_697' title='bbox 2557 1805 2565 1812; x_wconf 83' lang='lat'><strong>·</strong></span> 
     </span>
     <span class='ocr_line' id='line_1_102' title="bbox 1463 1846 2528 1895; baseline 0.003 -12"><span class='ocrx_word' id='word_1_698' title='bbox 1463 1846 1607 1884; x_wconf 89' lang='lat' dir='ltr'>dictum</span> <span class='ocrx_word' id='word_1_699' title='bbox 1637 1854 1713 1894; x_wconf 81' lang='lat' dir='ltr'>est,</span> <span class='ocrx_word' id='word_1_700' title='bbox 1743 1846 1930 1895; x_wconf 88' lang='lat' dir='ltr'>sapientia</span> <span class='ocrx_word' id='word_1_701' title='bbox 1964 1847 2180 1884; x_wconf 90' lang='lat' dir='ltr'>considerat</span> <span class='ocrx_word' id='word_1_702' title='bbox 2211 1860 2367 1885; x_wconf 90' lang='lat' dir='ltr'>causam</span> <span class='ocrx_word' id='word_1_703' title='bbox 2397 1850 2528 1887; x_wconf 90' lang='lat' dir='ltr'>altissi-</span> 
     </span>
     <span class='ocr_line' id='line_1_103' title="bbox 1463 1899 2528 1948; baseline 0.004 -12"><span class='ocrx_word' id='word_1_704' title='bbox 1463 1911 1568 1936; x_wconf 89' lang='lat' dir='ltr'>mam</span> <span class='ocrx_word' id='word_1_705' title='bbox 1589 1899 1820 1948; x_wconf 88' lang='lat' dir='ltr'>simpliciter.</span> <span class='ocrx_word' id='word_1_706' title='bbox 1842 1900 1955 1937; x_wconf 89' lang='lat' dir='ltr'>Unde</span> <span class='ocrx_word' id='word_1_707' title='bbox 1971 1900 2222 1938; x_wconf 89' lang='lat' dir='ltr'>consideratio</span> <span class='ocrx_word' id='word_1_708' title='bbox 2243 1913 2379 1938; x_wconf 88' lang='lat' dir='ltr'>causae</span> <span class='ocrx_word' id='word_1_709' title='bbox 2399 1902 2528 1940; x_wconf 88' lang='lat' dir='ltr'>altissi-</span> 
     </span>
     <span class='ocr_line' id='line_1_104' title="bbox 1463 1951 2528 2003; baseline 0.005 -15"><span class='ocrx_word' id='word_1_710' title='bbox 1463 1964 1550 1989; x_wconf 90' lang='lat' dir='ltr'>mae</span> <span class='ocrx_word' id='word_1_711' title='bbox 1570 1953 1608 1989; x_wconf 89' lang='lat' dir='ltr'>in</span> <span class='ocrx_word' id='word_1_712' title='bbox 1628 1951 1799 2000; x_wconf 85' lang='lat' dir='ltr'>quolibet</span> <span class='ocrx_word' id='word_1_713' title='bbox 1825 1964 1966 2000; x_wconf 87' lang='lat' dir='ltr'>genere</span> <span class='ocrx_word' id='word_1_714' title='bbox 1997 1953 2162 2001; x_wconf 91' lang='lat' dir='ltr'>pertinet</span> <span class='ocrx_word' id='word_1_715' title='bbox 2179 1953 2229 1991; x_wconf 92' lang='lat' dir='ltr'>ad</span> <span class='ocrx_word' id='word_1_716' title='bbox 2247 1954 2474 2003; x_wconf 90' lang='lat' dir='ltr'>sapientiam</span> <span class='ocrx_word' id='word_1_717' title='bbox 2489 1956 2528 1993; x_wconf 91' lang='lat' dir='ltr'>in</span> 
     </span>
     <span class='ocr_line' id='line_1_105' title="bbox 1461 2005 2527 2053; baseline 0.003 -11"><span class='ocrx_word' id='word_1_718' title='bbox 1461 2005 1525 2042; x_wconf 92' lang='lat' dir='ltr'>illo</span> <span class='ocrx_word' id='word_1_719' title='bbox 1543 2017 1694 2053; x_wconf 89' lang='lat' dir='ltr'>genere.</span> <span class='ocrx_word' id='word_1_720' title='bbox 1722 2007 1764 2042; x_wconf 92' lang='lat' dir='ltr'>In</span> <span class='ocrx_word' id='word_1_721' title='bbox 1779 2017 1919 2053; x_wconf 91' lang='lat' dir='ltr'>genere</span> <span class='ocrx_word' id='word_1_722' title='bbox 1943 2013 2071 2042; x_wconf 92' lang='lat' dir='ltr'>autem</span> <span class='ocrx_word' id='word_1_723' title='bbox 2091 2007 2352 2044; x_wconf 89' lang='lat' dir='ltr'>humanorum</span> <span class='ocrx_word' id='word_1_724' title='bbox 2373 2015 2527 2046; x_wconf 90' lang='lat' dir='ltr'>actuum</span> 
     </span>
     <span class='ocr_line' id='line_1_106' title="bbox 1463 2058 2526 2098; baseline 0.004 -4"><span class='ocrx_word' id='word_1_725' title='bbox 1463 2070 1578 2094; x_wconf 89' lang='lat' dir='ltr'>causa</span> <span class='ocrx_word' id='word_1_726' title='bbox 1613 2058 1795 2095; x_wconf 87' lang='lat' dir='ltr'>altissima</span> <span class='ocrx_word' id='word_1_727' title='bbox 1829 2066 1885 2095; x_wconf 90' lang='lat' dir='ltr'>est</span> <span class='ocrx_word' id='word_1_728' title='bbox 1912 2058 1999 2095; x_wconf 90' lang='lat' dir='ltr'>finis</span> <span class='ocrx_word' id='word_1_729' title='bbox 2032 2059 2266 2096; x_wconf 73' lang='lat' dir='ltr'>communisv</span> <span class='ocrx_word' id='word_1_730' title='bbox 2286 2060 2354 2096; x_wconf 92' lang='lat' dir='ltr'>toti</span> <span class='ocrx_word' id='word_1_731' title='bbox 2382 2066 2397 2088; x_wconf 76' lang='grc' dir='ltr'>Υ</span> <span class='ocrx_word' id='word_1_732' title='bbox 2425 2061 2526 2098; x_wconf 88' lang='lat' dir='ltr'>vitae</span> 
     </span>
     <span class='ocr_line' id='line_1_107' title="bbox 1463 2111 2527 2162; baseline 0.003 -15"><span class='ocrx_word' id='word_1_733' title='bbox 1463 2111 1668 2147; x_wconf 87' lang='lat' dir='ltr'>humanae.</span> <span class='ocrx_word' id='word_1_734' title='bbox 1699 2111 1748 2147; x_wconf 90' lang='lat' dir='ltr'>Et</span> <span class='ocrx_word' id='word_1_735' title='bbox 1766 2111 1869 2148; x_wconf 90' lang='lat' dir='ltr'>hunc</span> <span class='ocrx_word' id='word_1_736' title='bbox 1896 2111 2015 2148; x_wconf 91' lang='lat' dir='ltr'>finem</span> <span class='ocrx_word' id='word_1_737' title='bbox 2038 2111 2199 2149; x_wconf 90' lang='lat' dir='ltr'>intendit</span> <span class='ocrx_word' id='word_1_738' title='bbox 2224 2113 2443 2162; x_wconf 87' lang='lat' dir='ltr'>prudentia:</span> <span class='ocrx_word' id='word_1_739' title='bbox 2474 2114 2527 2151; x_wconf 93' lang='lat' dir='ltr'>di-</span> 
     </span>
     <span class='ocr_line' id='line_1_108' title="bbox 1463 2163 2527 2214; baseline 0.004 -15"><span class='ocrx_word' id='word_1_740' title='bbox 1463 2163 1511 2200; x_wconf 92' lang='lat' dir='ltr'>cit</span> <span class='ocrx_word' id='word_1_741' title='bbox 1539 2164 1642 2200; x_wconf 88' lang='lat' dir='ltr'>enim</span> <span class='ocrx_word' id='word_1_742' title='bbox 1672 2163 1942 2212; x_wconf 83' lang='lat' dir='ltr'>Philosophus,</span> <span class='ocrx_word' id='word_1_743' title='bbox 1970 2164 2009 2201; x_wconf 93' lang='lat' dir='ltr'>in</span> <span class='ocrx_word' id='word_1_744' title='bbox 2036 2165 2087 2201; x_wconf 94' lang='lat' dir='ltr'>VI</span> <span class='ocrx_word' id='word_1_745' title='bbox 2114 2165 2234 2202; x_wconf 83' lang='lat' dir='ltr'>Ethic.</span> <span class='ocrx_word' id='word_1_746' title='bbox 2254 2164 2285 2212; x_wconf 78' lang='grc'>*,</span> <span class='ocrx_word' id='word_1_747' title='bbox 2307 2166 2412 2214; x_wconf 89' lang='lat' dir='ltr'>quod</span> <span class='ocrx_word' id='word_1_748' title='bbox 2432 2166 2527 2204; x_wconf 93' lang='lat' dir='ltr'>sicut</span> 
     </span>
     <span class='ocr_line' id='line_1_109' title="bbox 1462 2216 2527 2268; baseline 0.004 -16"><span class='ocrx_word' id='word_1_749' title='bbox 1462 2216 1522 2252; x_wconf 91' lang='lat' dir='ltr'>ille</span> <span class='ocrx_word' id='word_1_750' title='bbox 1551 2217 1615 2265; x_wconf 91' lang='lat' dir='ltr'>qui</span> <span class='ocrx_word' id='word_1_751' title='bbox 1645 2216 1890 2253; x_wconf 90' lang='lat' dir='ltr'>ratiocinatur</span> <span class='ocrx_word' id='word_1_752' title='bbox 1909 2218 2008 2253; x_wconf 93' lang='lat' dir='ltr'>bene</span> <span class='ocrx_word' id='word_1_753' title='bbox 2037 2217 2085 2254; x_wconf 89' lang='lat' dir='ltr'>ad</span> <span class='ocrx_word' id='word_1_754' title='bbox 2114 2218 2278 2266; x_wconf 91' lang='lat' dir='ltr'>aliquem</span> <span class='ocrx_word' id='word_1_755' title='bbox 2299 2219 2418 2255; x_wconf 91' lang='lat' dir='ltr'>finem</span> <span class='ocrx_word' id='word_1_756' title='bbox 2441 2231 2527 2268; x_wconf 89' lang='lat' dir='ltr'>par-</span> 
     </span>
     <span class='ocr_line' id='line_1_110' title="bbox 1462 2269 2526 2321; baseline 0.002 -15"><span class='ocrx_word' id='word_1_757' title='bbox 1462 2269 1680 2316; x_wconf 86' lang='lat' dir='ltr'>ticularem,</span> <span class='ocrx_word' id='word_1_758' title='bbox 1709 2277 1802 2316; x_wconf 91' lang='lat' dir='ltr'>puta</span> <span class='ocrx_word' id='word_1_759' title='bbox 1829 2270 1878 2306; x_wconf 89' lang='lat' dir='ltr'>ad</span> <span class='ocrx_word' id='word_1_760' title='bbox 1905 2269 2128 2316; x_wconf 90' lang='lat' dir='ltr'>victoriam,</span> <span class='ocrx_word' id='word_1_761' title='bbox 2159 2270 2293 2307; x_wconf 91' lang='lat' dir='ltr'>dicitur</span> <span class='ocrx_word' id='word_1_762' title='bbox 2328 2284 2409 2307; x_wconf 90' lang='lat' dir='ltr'>esse</span> <span class='ocrx_word' id='word_1_763' title='bbox 2437 2285 2526 2321; x_wconf 90' lang='lat' dir='ltr'>pru-</span> 
     </span>
     <span class='ocr_line' id='line_1_111' title="bbox 1464 2321 2528 2371; baseline 0.003 -13"><span class='ocrx_word' id='word_1_764' title='bbox 1464 2323 1557 2359; x_wconf 92' lang='lat' dir='ltr'>dens</span> <span class='ocrx_word' id='word_1_765' title='bbox 1586 2334 1664 2359; x_wconf 92' lang='lat' dir='ltr'>non</span> <span class='ocrx_word' id='word_1_766' title='bbox 1693 2321 1923 2370; x_wconf 91' lang='lat' dir='ltr'>simpliciter,</span> <span class='ocrx_word' id='word_1_767' title='bbox 1953 2323 2020 2359; x_wconf 90' lang='lat' dir='ltr'>sed</span> <span class='ocrx_word' id='word_1_768' title='bbox 2048 2322 2086 2359; x_wconf 90' lang='lat' dir='ltr'>in</span> <span class='ocrx_word' id='word_1_769' title='bbox 2114 2323 2189 2359; x_wconf 92' lang='lat' dir='ltr'>hoc</span> <span class='ocrx_word' id='word_1_770' title='bbox 2216 2335 2367 2371; x_wconf 88' lang='lat' dir='ltr'>genere,</span> <span class='ocrx_word' id='word_1_771' title='bbox 2388 2325 2528 2361; x_wconf 89' lang='lat' dir='ltr'>scilicet</span> 
     </span>
     <span class='ocr_line' id='line_1_112' title="bbox 1462 2374 2528 2424; baseline 0.003 -13"><span class='ocrx_word' id='word_1_772' title='bbox 1462 2374 1502 2411; x_wconf 90' lang='lat' dir='ltr'>in</span> <span class='ocrx_word' id='word_1_773' title='bbox 1529 2375 1644 2412; x_wconf 91' lang='lat' dir='ltr'>rebus</span> <span class='ocrx_word' id='word_1_774' title='bbox 1679 2374 1842 2420; x_wconf 80' lang='lat' dir='ltr'>bellicis;</span> <span class='ocrx_word' id='word_1_775' title='bbox 1871 2375 1922 2411; x_wconf 90' lang='lat' dir='ltr'>ita</span> <span class='ocrx_word' id='word_1_776' title='bbox 1957 2375 2018 2412; x_wconf 90' lang='lat' dir='ltr'>ille</span> <span class='ocrx_word' id='word_1_777' title='bbox 2051 2375 2114 2424; x_wconf 92' lang='lat' dir='ltr'>qui</span> <span class='ocrx_word' id='word_1_778' title='bbox 2147 2376 2245 2412; x_wconf 88' lang='lat' dir='ltr'>bene</span> <span class='ocrx_word' id='word_1_779' title='bbox 2283 2377 2528 2414; x_wconf 86' lang='lat' dir='ltr'>ratiocinatur</span> 
     </span>
     <span class='ocr_line' id='line_1_113' title="bbox 1463 2427 2526 2478; baseline 0.003 -15"><span class='ocrx_word' id='word_1_780' title='bbox 1463 2427 1513 2464; x_wconf 91' lang='lat' dir='ltr'>ad</span> <span class='ocrx_word' id='word_1_781' title='bbox 1540 2435 1664 2464; x_wconf 90' lang='lat' dir='ltr'>totum</span> <span class='ocrx_word' id='word_1_782' title='bbox 1693 2427 1791 2463; x_wconf 92' lang='lat' dir='ltr'>bene</span> <span class='ocrx_word' id='word_1_783' title='bbox 1818 2427 1950 2464; x_wconf 88' lang='lat' dir='ltr'>vivere</span> <span class='ocrx_word' id='word_1_784' title='bbox 1994 2427 2126 2464; x_wconf 84' lang='lat' dir='ltr'>dicitur</span> <span class='ocrx_word' id='word_1_785' title='bbox 2152 2428 2320 2477; x_wconf 90' lang='lat' dir='ltr'>prudens</span> <span class='ocrx_word' id='word_1_786' title='bbox 2350 2429 2526 2478; x_wconf 91' lang='lat' dir='ltr'>simplici-</span> 
     </span>
     <span class='ocr_line' id='line_1_114' title="bbox 1462 2479 2526 2529; baseline 0.004 -14"><span class='ocrx_word' id='word_1_787' title='bbox 1462 2487 1530 2516; x_wconf 91' lang='lat' dir='ltr'>ter.</span> <span class='ocrx_word' id='word_1_788' title='bbox 1560 2480 1672 2516; x_wconf 89' lang='lat' dir='ltr'>Unde</span> <span class='ocrx_word' id='word_1_789' title='bbox 1692 2479 1937 2516; x_wconf 89' lang='lat' dir='ltr'>manifestum</span> <span class='ocrx_word' id='word_1_790' title='bbox 1968 2489 2023 2517; x_wconf 90' lang='lat' dir='ltr'>est</span> <span class='ocrx_word' id='word_1_791' title='bbox 2042 2481 2146 2529; x_wconf 93' lang='lat' dir='ltr'>quod</span> <span class='ocrx_word' id='word_1_792' title='bbox 2174 2481 2374 2529; x_wconf 89' lang='lat' dir='ltr'>prudentia</span> <span class='ocrx_word' id='word_1_793' title='bbox 2395 2490 2451 2518; x_wconf 92' lang='lat' dir='ltr'>est</span> <span class='ocrx_word' id='word_1_794' title='bbox 2469 2495 2526 2519; x_wconf 91' lang='lat' dir='ltr'>sa-</span> 
     </span>
     <span class='ocr_line' id='line_1_115' title="bbox 1462 2532 2526 2583; baseline 0.004 -16"><span class='ocrx_word' id='word_1_795' title='bbox 1462 2532 1604 2580; x_wconf 88' lang='lat' dir='ltr'>pientia</span> <span class='ocrx_word' id='word_1_796' title='bbox 1632 2532 1670 2568; x_wconf 92' lang='lat' dir='ltr'>in</span> <span class='ocrx_word' id='word_1_797' title='bbox 1699 2533 1814 2568; x_wconf 87' lang='lat' dir='ltr'>rebus</span> <span class='ocrx_word' id='word_1_798' title='bbox 1850 2533 2049 2569; x_wconf 85' lang='lat' dir='ltr'>humanis:</span> <span class='ocrx_word' id='word_1_799' title='bbox 2078 2546 2156 2570; x_wconf 91' lang='lat' dir='ltr'>non</span> <span class='ocrx_word' id='word_1_800' title='bbox 2185 2541 2314 2570; x_wconf 89' lang='lat' dir='ltr'>autem</span> <span class='ocrx_word' id='word_1_801' title='bbox 2343 2535 2526 2583; x_wconf 90' lang='lat' dir='ltr'>sapientia</span> 
     </span>
     <span class='ocr_line' id='line_1_116' title="bbox 1464 2584 2524 2633; baseline 0.004 -13"><span class='ocrx_word' id='word_1_802' title='bbox 1464 2584 1700 2632; x_wconf 88' lang='lat' dir='ltr'>simpliciter,</span> <span class='ocrx_word' id='word_1_803' title='bbox 1732 2584 1819 2633; x_wconf 89' lang='lat' dir='ltr'>quia</span> <span class='ocrx_word' id='word_1_804' title='bbox 1838 2596 1917 2621; x_wconf 93' lang='lat' dir='ltr'>non</span> <span class='ocrx_word' id='word_1_805' title='bbox 1938 2592 1992 2621; x_wconf 88' lang='lat' dir='ltr'>est</span> <span class='ocrx_word' id='word_1_806' title='bbox 2012 2585 2110 2621; x_wconf 90' lang='lat' dir='ltr'>circa</span> <span class='ocrx_word' id='word_1_807' title='bbox 2130 2597 2285 2622; x_wconf 91' lang='lat' dir='ltr'>causam</span> <span class='ocrx_word' id='word_1_808' title='bbox 2305 2587 2524 2624; x_wconf 91' lang='lat' dir='ltr'>altissimam</span> 
     </span>
     <span class='ocr_line' id='line_1_117' title="bbox 1463 2636 2523 2687; baseline 0.004 -14"><span class='ocrx_word' id='word_1_809' title='bbox 1463 2636 1701 2686; x_wconf 87' lang='lat' dir='ltr'>simpliciter;</span> <span class='ocrx_word' id='word_1_810' title='bbox 1741 2644 1797 2673; x_wconf 92' lang='lat' dir='ltr'>est</span> <span class='ocrx_word' id='word_1_811' title='bbox 1833 2637 1934 2673; x_wconf 87' lang='lat' dir='ltr'>enirn</span> <span class='ocrx_word' id='word_1_812' title='bbox 1973 2637 2070 2674; x_wconf 88' lang='lat' dir='ltr'>circa</span> <span class='ocrx_word' id='word_1_813' title='bbox 2108 2638 2255 2675; x_wconf 92' lang='lat' dir='ltr'>bonum</span> <span class='ocrx_word' id='word_1_814' title='bbox 2295 2639 2523 2687; x_wconf 85' lang='lat' dir='ltr'>humanum,</span> 
     </span>
     <span class='ocr_line' id='line_1_118' title="bbox 1463 2687 2522 2739; baseline 0.003 -13"><span class='ocrx_word' id='word_1_815' title='bbox 1463 2690 1582 2726; x_wconf 91' lang='lat' dir='ltr'>homo</span> <span class='ocrx_word' id='word_1_816' title='bbox 1597 2687 1611 2711; x_wconf 64' lang='grc' dir='ltr'>δ</span> <span class='ocrx_word' id='word_1_817' title='bbox 1631 2697 1760 2726; x_wconf 90' lang='lat' dir='ltr'>autem</span> <span class='ocrx_word' id='word_1_818' title='bbox 1778 2702 1856 2726; x_wconf 92' lang='lat' dir='ltr'>non</span> <span class='ocrx_word' id='word_1_819' title='bbox 1871 2697 1928 2726; x_wconf 91' lang='lat' dir='ltr'>est</span> <span class='ocrx_word' id='word_1_820' title='bbox 1947 2690 2136 2739; x_wconf 91' lang='lat' dir='ltr'>optimum</span> <span class='ocrx_word' id='word_1_821' title='bbox 2158 2696 2292 2727; x_wconf 85' lang='lat' dir='ltr'>eorum</span> <span class='ocrx_word' id='word_1_822' title='bbox 2309 2703 2407 2738; x_wconf 87' lang='lat' dir='ltr'>quae</span> <span class='ocrx_word' id='word_1_823' title='bbox 2423 2701 2522 2729; x_wconf 91' lang='lat' dir='ltr'>sunt.</span> 
     </span>
     <span class='ocr_line' id='line_1_119' title="bbox 1464 2742 2525 2792; baseline 0.003 -14"><span class='ocrx_word' id='word_1_824' title='bbox 1464 2743 1513 2779; x_wconf 93' lang='lat' dir='ltr'>Et</span> <span class='ocrx_word' id='word_1_825' title='bbox 1541 2743 1628 2779; x_wconf 89' lang='lat' dir='ltr'>ideo</span> <span class='ocrx_word' id='word_1_826' title='bbox 1658 2742 1849 2790; x_wconf 87' lang='lat' dir='ltr'>signanter</span> <span class='ocrx_word' id='word_1_827' title='bbox 1877 2742 2011 2779; x_wconf 89' lang='lat' dir='ltr'>dicitur</span> <span class='ocrx_word' id='word_1_828' title='bbox 2038 2744 2142 2791; x_wconf 88' lang='lat' dir='ltr'>quod</span> <span class='ocrx_word' id='word_1_829' title='bbox 2169 2744 2370 2792; x_wconf 87' lang='lat' dir='ltr'>prudentia</span> <span class='ocrx_word' id='word_1_830' title='bbox 2390 2752 2446 2781; x_wconf 88' lang='lat' dir='ltr'>est</span> <span class='ocrx_word' id='word_1_831' title='bbox 2465 2757 2525 2782; x_wconf 90' lang='lat' dir='ltr'>sa-</span> 
     </span>
     <span class='ocr_line' id='line_1_120' title="bbox 1458 2795 2456 2845; baseline 0.001 -13"><span class='ocrx_word' id='word_1_832' title='bbox 1458 2795 1601 2844; x_wconf 79' lang='lat' dir='ltr'>pientia</span> <span class='ocrx_word' id='word_1_833' title='bbox 1630 2795 1724 2840; x_wconf 85' lang='lat' dir='ltr'>viro,</span> <span class='ocrx_word' id='word_1_834' title='bbox 1753 2807 1831 2832; x_wconf 94' lang='lat' dir='ltr'>non</span> <span class='ocrx_word' id='word_1_835' title='bbox 1861 2803 1988 2832; x_wconf 90' lang='lat' dir='ltr'>autem</span> <span class='ocrx_word' id='word_1_836' title='bbox 2017 2795 2199 2844; x_wconf 89' lang='lat' dir='ltr'>sapientia</span> <span class='ocrx_word' id='word_1_837' title='bbox 2228 2796 2456 2845; x_wconf 90' lang='lat' dir='ltr'>simpliciter.</span> 
     </span>
    </p>

    <p class='ocr_par' dir='ltr' id='par_1_47' title="bbox 1464 2848 2565 3055">
     <span class='ocr_line' id='line_1_121' title="bbox 1517 2848 2523 2897; baseline 0.002 -13"><span class='ocrx_word' id='word_1_838' title='bbox 1517 2850 1576 2885; x_wconf 82' lang='lat' dir='ltr'>AD</span> <span class='ocrx_word' id='word_1_839' title='bbox 1592 2859 1781 2885; x_wconf 76' lang='lat' dir='ltr'>SECUNDUM</span> <span class='ocrx_word' id='word_1_840' title='bbox 1797 2859 1980 2885; x_wconf 63' lang='lat' dir='ltr'>mesanum</span> <span class='ocrx_word' id='word_1_841' title='bbox 1996 2848 2100 2897; x_wconf 91' lang='lat' dir='ltr'>quod</span> <span class='ocrx_word' id='word_1_842' title='bbox 2115 2849 2344 2885; x_wconf 90' lang='lat' dir='ltr'>Ambrosius</span> <span class='ocrx_word' id='word_1_843' title='bbox 2360 2857 2395 2885; x_wconf 90' lang='lat' dir='ltr'>et</span> <span class='ocrx_word' id='word_1_844' title='bbox 2411 2850 2523 2887; x_wconf 89' lang='lat' dir='ltr'>etiam</span> 
     </span>
     <span class='ocr_line' id='line_1_122' title="bbox 1465 2900 2523 2951; baseline 0.003 -14"><span class='ocrx_word' id='word_1_845' title='bbox 1465 2901 1613 2937; x_wconf 90' lang='lat' dir='ltr'>Tullius</span> <span class='ocrx_word' id='word_1_846' title='bbox 1631 2900 1652 2922; x_wconf 83' lang='grc'>*</span> <span class='ocrx_word' id='word_1_847' title='bbox 1679 2912 1822 2937; x_wconf 89' lang='lat' dir='ltr'>nomen</span> <span class='ocrx_word' id='word_1_848' title='bbox 1849 2901 2072 2949; x_wconf 90' lang='lat' dir='ltr'>prudentiae</span> <span class='ocrx_word' id='word_1_849' title='bbox 2101 2901 2238 2949; x_wconf 86' lang='lat' dir='ltr'>largius</span> <span class='ocrx_word' id='word_1_850' title='bbox 2266 2910 2422 2939; x_wconf 91' lang='lat' dir='ltr'>sumunt</span> <span class='ocrx_word' id='word_1_851' title='bbox 2453 2915 2523 2951; x_wconf 93' lang='lat' dir='ltr'>pro</span> 
     </span>
     <span class='ocr_line' id='line_1_123' title="bbox 1464 2953 2565 3004; baseline 0.002 -14"><span class='ocrx_word' id='word_1_852' title='bbox 1464 2954 1630 3003; x_wconf 89' lang='lat' dir='ltr'>qualibet</span> <span class='ocrx_word' id='word_1_853' title='bbox 1645 2953 1860 3001; x_wconf 87' lang='lat' dir='ltr'>cognitione</span> <span class='ocrx_word' id='word_1_854' title='bbox 1875 2953 2043 2990; x_wconf 89' lang='lat' dir='ltr'>humana</span> <span class='ocrx_word' id='word_1_855' title='bbox 2062 2961 2140 2990; x_wconf 89' lang='lat' dir='ltr'>tarn</span> <span class='ocrx_word' id='word_1_856' title='bbox 2161 2954 2393 3003; x_wconf 87' lang='lat' dir='ltr'>speculativa</span> <span class='ocrx_word' id='word_1_857' title='bbox 2407 2967 2523 3004; x_wconf 90' lang='lat' dir='ltr'>quam</span> <span class='ocrx_word' id='word_1_858' title='bbox 2551 2969 2565 2983; x_wconf 80' lang='grc' dir='ltr'>ι</span> 
     </span>
     <span class='ocr_line' id='line_1_124' title="bbox 1465 3014 1642 3055; baseline -0.011 -11"><span class='ocrx_word' id='word_1_859' title='bbox 1465 3014 1642 3055; x_wconf 78' lang='lat' dir='ltr'>practica.</span> 
     </span>
    </p>

    <p class='ocr_par' dir='ltr' id='par_1_48' title="bbox 1460 3058 2524 3266">
     <span class='ocr_line' id='line_1_125' title="bbox 1519 3058 2524 3108; baseline 0.001 -12"><span class='ocrx_word' id='word_1_860' title='bbox 1519 3059 1707 3106; x_wconf 89' lang='lat' dir='ltr'>Quamvis</span> <span class='ocrx_word' id='word_1_861' title='bbox 1735 3058 1808 3095; x_wconf 91' lang='lat' dir='ltr'>dici</span> <span class='ocrx_word' id='word_1_862' title='bbox 1834 3058 1954 3107; x_wconf 90' lang='lat' dir='ltr'>possit</span> <span class='ocrx_word' id='word_1_863' title='bbox 1979 3059 2085 3107; x_wconf 92' lang='lat' dir='ltr'>quod</span> <span class='ocrx_word' id='word_1_864' title='bbox 2114 3059 2193 3108; x_wconf 92' lang='lat' dir='ltr'>ipse</span> <span class='ocrx_word' id='word_1_865' title='bbox 2222 3068 2326 3097; x_wconf 86' lang='lat' dir='ltr'>actus</span> <span class='ocrx_word' id='word_1_866' title='bbox 2354 3061 2524 3108; x_wconf 91' lang='lat' dir='ltr'>specula-</span> 
     </span>
     <span class='ocr_line' id='line_1_126' title="bbox 1460 3111 2521 3160; baseline 0.002 -12"><span class='ocrx_word' id='word_1_867' title='bbox 1460 3112 1561 3149; x_wconf 88' lang='lat' dir='ltr'>tivae</span> <span class='ocrx_word' id='word_1_868' title='bbox 1591 3111 1767 3151; x_wconf 82' lang='lat' dir='ltr'>rationis.</span> <span class='ocrx_word' id='word_1_869' title='bbox 1798 3111 2012 3148; x_wconf 90' lang='lat' dir='ltr'>secundum</span> <span class='ocrx_word' id='word_1_870' title='bbox 2051 3113 2157 3160; x_wconf 93' lang='lat' dir='ltr'>quod</span> <span class='ocrx_word' id='word_1_871' title='bbox 2186 3119 2242 3149; x_wconf 90' lang='lat' dir='ltr'>est</span> <span class='ocrx_word' id='word_1_872' title='bbox 2269 3113 2521 3160; x_wconf 90' lang='lat' dir='ltr'>voluntarius,</span> 
     </span>
     <span class='ocr_line' id='line_1_127' title="bbox 1466 3164 2522 3212; baseline 0.001 -10"><span class='ocrx_word' id='word_1_873' title='bbox 1466 3165 1565 3202; x_wconf 90' lang='lat' dir='ltr'>cadit</span> <span class='ocrx_word' id='word_1_874' title='bbox 1593 3165 1663 3201; x_wconf 91' lang='lat' dir='ltr'>sub</span> <span class='ocrx_word' id='word_1_875' title='bbox 1693 3164 1876 3200; x_wconf 90' lang='lat' dir='ltr'>electione</span> <span class='ocrx_word' id='word_1_876' title='bbox 1896 3171 1932 3201; x_wconf 91' lang='lat' dir='ltr'>et</span> <span class='ocrx_word' id='word_1_877' title='bbox 1960 3164 2115 3201; x_wconf 91' lang='lat' dir='ltr'>consilio</span> <span class='ocrx_word' id='word_1_878' title='bbox 2136 3172 2322 3212; x_wconf 88' lang='lat' dir='ltr'>quantum</span> <span class='ocrx_word' id='word_1_879' title='bbox 2342 3165 2391 3202; x_wconf 89' lang='lat' dir='ltr'>ad</span> <span class='ocrx_word' id='word_1_880' title='bbox 2411 3178 2522 3203; x_wconf 92' lang='lat' dir='ltr'>suum</span> 
     </span>
     <span class='ocr_line' id='line_1_128' title="bbox 1465 3217 2523 3266; baseline 0 -12"><span class='ocrx_word' id='word_1_881' title='bbox 1465 3217 1696 3263; x_wconf 85' lang='lat' dir='ltr'>exercitium,</span> <span class='ocrx_word' id='word_1_882' title='bbox 1727 3224 1762 3253; x_wconf 88' lang='lat' dir='ltr'>et</span> <span class='ocrx_word' id='word_1_883' title='bbox 1789 3229 1859 3265; x_wconf 90' lang='lat' dir='ltr'>per</span> <span class='ocrx_word' id='word_1_884' title='bbox 1886 3229 2126 3266; x_wconf 89' lang='lat' dir='ltr'>consequens</span> <span class='ocrx_word' id='word_1_885' title='bbox 2155 3217 2253 3256; x_wconf 89' lang='lat' dir='ltr'>cadit</span> <span class='ocrx_word' id='word_1_886' title='bbox 2272 3219 2342 3254; x_wconf 94' lang='lat' dir='ltr'>sub</span> <span class='ocrx_word' id='word_1_887' title='bbox 2371 3218 2523 3255; x_wconf 89' lang='lat' dir='ltr'>ordina-</span> 
     </span>
    </p>
   </div>
   <div class='ocr_carea' id='block_1_44' title="bbox 1438 3267 2521 3319">
    <p class='ocr_par' dir='ltr' id='par_1_49' title="bbox 1438 3267 2521 3319">
     <span class='ocr_line' id='line_1_129' title="bbox 1438 3267 2521 3319; baseline 0 -12"><span class='ocrx_word' id='word_1_888' title='bbox 1438 3267 1440 3272; x_wconf 83' lang='lat'>&#39;</span> <span class='ocrx_word' id='word_1_889' title='bbox 1465 3271 1566 3307; x_wconf 89' lang='lat' dir='ltr'>tione</span> <span class='ocrx_word' id='word_1_890' title='bbox 1585 3269 1822 3319; x_wconf 88' lang='lat' dir='ltr'>prudentiae.</span> <span class='ocrx_word' id='word_1_891' title='bbox 1845 3269 1921 3307; x_wconf 89' lang='lat' dir='ltr'>Sed</span> <span class='ocrx_word' id='word_1_892' title='bbox 1941 3278 2125 3319; x_wconf 89' lang='lat' dir='ltr'>quantum</span> <span class='ocrx_word' id='word_1_893' title='bbox 2146 3271 2192 3307; x_wconf 92' lang='lat' dir='ltr'>ad</span> <span class='ocrx_word' id='word_1_894' title='bbox 2213 3282 2322 3307; x_wconf 91' lang='lat' dir='ltr'>suam</span> <span class='ocrx_word' id='word_1_895' title='bbox 2342 3270 2521 3319; x_wconf 87' lang='lat' dir='ltr'>speciem,</span> 
     </span>
    </p>
   </div>
   <div class='ocr_carea' id='block_1_45' title="bbox 1138 3349 1788 3355">
    <p class='ocr_par' dir='ltr' id='par_1_50' title="bbox 1138 3349 1788 3355">
     <span class='ocr_line' id='line_1_130' title="bbox 1138 3349 1788 3355; baseline 0 0"><span class='ocrx_word' id='word_1_896' title='bbox 1138 3349 1788 3355; x_wconf 95' lang='lat' dir='ltr'> </span> 
     </span>
    </p>
   </div>
   <div class='ocr_carea' id='block_1_46' title="bbox 354 3369 1410 3490">
    <p class='ocr_par' dir='ltr' id='par_1_51' title="bbox 354 3369 1410 3490">
     <span class='ocr_line' id='line_1_131' title="bbox 407 3369 1061 3419; baseline -0.002 -7"><span class='ocrx_word' id='word_1_897' title='bbox 407 3387 434 3418; x_wconf 86' lang='grc' dir='ltr'>α)</span> <span class='ocrx_word' id='word_1_898' title='bbox 452 3369 586 3412; x_wconf 72' lang='lat' dir='ltr'>scientiae.</span> <span class='ocrx_word' id='word_1_899' title='bbox 604 3401 622 3406; x_wconf 91' lang='lat'>-</span> <span class='ocrx_word' id='word_1_900' title='bbox 640 3387 751 3412; x_wconf 81' lang='lat' dir='ltr'>scientia</span> <span class='ocrx_word' id='word_1_901' title='bbox 769 3386 970 3419; x_wconf 84' lang='lat' dir='ltr'>ABEFHKLpC</span> <span class='ocrx_word' id='word_1_902' title='bbox 989 3392 1014 3411; x_wconf 91' lang='lat' dir='ltr'>et</span> <span class='ocrx_word' id='word_1_903' title='bbox 1032 3395 1061 3412; x_wconf 76' lang='lat' dir='ltr'>x.</span> 
     </span>
     <span class='ocr_line' id='line_1_132' title="bbox 354 3419 1410 3490; baseline -0.003 -43"><span class='ocrx_word' id='word_1_904' title='bbox 354 3421 541 3490; x_wconf 49' lang='lat' dir='ltr'>prffletetaeiam’</span> <span class='ocrx_word' id='word_1_905' title='bbox 559 3437 578 3442; x_wconf 90' lang='lat'>-</span> <span class='ocrx_word' id='word_1_906' title='bbox 595 3422 675 3447; x_wconf 82' lang='lat' dir='ltr'>etiam</span> <span class='ocrx_word' id='word_1_907' title='bbox 699 3425 726 3447; x_wconf 78' lang='lat' dir='ltr'>et</span> <span class='ocrx_word' id='word_1_908' title='bbox 743 3422 784 3447; x_wconf 85' lang='lat' dir='ltr'>ed.</span> <span class='ocrx_word' id='word_1_909' title='bbox 810 3429 835 3453; x_wconf 81' lang='lat' dir='ltr'>a,</span> <span class='ocrx_word' id='word_1_910' title='bbox 853 3429 907 3446; x_wconf 89' lang='lat' dir='ltr'>om.</span> <span class='ocrx_word' id='word_1_911' title='bbox 927 3422 991 3447; x_wconf 83' lang='lat' dir='ltr'>PGI.</span> <span class='ocrx_word' id='word_1_912' title='bbox 1010 3436 1030 3441; x_wconf 98' lang='lat'>-</span> <span class='ocrx_word' id='word_1_913' title='bbox 1048 3422 1098 3446; x_wconf 83' lang='lat' dir='ltr'>Pro</span> <span class='ocrx_word' id='word_1_914' title='bbox 1116 3425 1150 3450; x_wconf 88' lang='lat' dir='ltr'>et,</span> <span class='ocrx_word' id='word_1_915' title='bbox 1175 3421 1200 3446; x_wconf 86' lang='lat' dir='ltr'>in</span> <span class='ocrx_word' id='word_1_916' title='bbox 1221 3419 1334 3453; x_wconf 76' lang='lat' dir='ltr'>H1(pn?),</span> <span class='ocrx_word' id='word_1_917' title='bbox 1357 3428 1410 3445; x_wconf 92' lang='lat' dir='ltr'>om.</span> 
     </span>
    </p>
   </div>
   <div class='ocr_carea' id='block_1_47' title="bbox 1439 2551 1442 3487">
    <p class='ocr_par' dir='ltr' id='par_1_52' title="bbox 1439 2551 1442 3487">
     <span class='ocr_line' id='line_1_133' title="bbox 1439 2551 1442 3487; baseline 0 0"><span class='ocrx_word' id='word_1_918' title='bbox 1439 2551 1442 3487; x_wconf 95' lang='lat' dir='ltr'> </span> 
     </span>
    </p>
   </div>
   <div class='ocr_carea' id='block_1_48' title="bbox 1518 3384 1800 3451">
    <p class='ocr_par' dir='ltr' id='par_1_53' title="bbox 1518 3384 1800 3451">
     <span class='ocr_line' id='line_1_134' title="bbox 1518 3384 1795 3417; baseline 0.004 -9"><span class='ocrx_word' id='word_1_919' title='bbox 1518 3385 1544 3417; x_wconf 86' lang='grc' dir='ltr'>γ)</span> <span class='ocrx_word' id='word_1_920' title='bbox 1563 3384 1621 3408; x_wconf 81' lang='lat' dir='ltr'>toti.</span> <span class='ocrx_word' id='word_1_921' title='bbox 1639 3397 1657 3402; x_wconf 95' lang='lat'>-</span> <span class='ocrx_word' id='word_1_922' title='bbox 1676 3384 1757 3408; x_wconf 78' lang='lat' dir='ltr'>totius</span> <span class='ocrx_word' id='word_1_923' title='bbox 1776 3385 1795 3409; x_wconf 90' lang='lat'>1.</span> 
     </span>
     <span class='ocr_line' id='line_1_135' title="bbox 1518 3418 1800 3451; baseline 0 -8"><span class='ocrx_word' id='word_1_924' title='bbox 1518 3418 1542 3451; x_wconf 80' lang='grc' dir='ltr'>ὃ)</span> <span class='ocrx_word' id='word_1_925' title='bbox 1561 3419 1646 3444; x_wconf 84' lang='lat' dir='ltr'>homo.</span> <span class='ocrx_word' id='word_1_926' title='bbox 1664 3433 1683 3437; x_wconf 89' lang='lat'><em>-</em></span> <span class='ocrx_word' id='word_1_927' title='bbox 1701 3418 1749 3443; x_wconf 87' lang='lat' dir='ltr'>hoc</span> <span class='ocrx_word' id='word_1_928' title='bbox 1768 3419 1800 3444; x_wconf 89' lang='lat' dir='ltr'>G.</span> 
     </span>
    </p>
   </div>
   <div class='ocr_carea' id='block_1_49' title="bbox 2554 410 2686 432">
    <p class='ocr_par' dir='ltr' id='par_1_54' title="bbox 2554 410 2686 432">
     <span class='ocr_line' id='line_1_136' title="bbox 2554 410 2686 432; baseline 0 -1"><span class='ocrx_word' id='word_1_929' title='bbox 2554 411 2563 420; x_wconf 75' lang='lat'>⁸</span> <span class='ocrx_word' id='word_1_930' title='bbox 2578 410 2648 432; x_wconf 76' lang='lat' dir='ltr'>Num.</span> <span class='ocrx_word' id='word_1_931' title='bbox 2665 412 2686 431; x_wconf 75' lang='grc'>8.</span> 
     </span>
    </p>
   </div>
   <div class='ocr_carea' id='block_1_50' title="bbox 2554 2174 2765 2220">
    <p class='ocr_par' dir='ltr' id='par_1_55' title="bbox 2554 2174 2765 2220">
     <span class='ocr_line' id='line_1_137' title="bbox 2554 2174 2765 2220; baseline 0 0"><span class='ocrx_word' id='word_1_932' title='bbox 2554 2174 2635 2220; x_wconf 46' lang='grc' dir='ltr'>8.(’Ἰέἕῖ</span> <span class='ocrx_word' id='word_1_933' title='bbox 2650 2179 2709 2220; x_wconf 46' lang='grc' dir='ltr'>ἰξοῑῐῖ·</span> <span class='ocrx_word' id='word_1_934' title='bbox 2717 2179 2747 2220; x_wconf 68' lang='lat' dir='ltr'>1²v&#39;.</span> <span class='ocrx_word' id='word_1_935' title='bbox 2754 2184 2765 2189; x_wconf 42' lang='grc'><strong>”</strong></span> 
     </span>
    </p>
   </div>
   <div class='ocr_carea' id='block_1_51' title="bbox 2551 2909 2761 2963">
    <p class='ocr_par' dir='ltr' id='par_1_56' title="bbox 2551 2909 2761 2963">
     <span class='ocr_line' id='line_1_138' title="bbox 2552 2909 2761 2930; baseline 0 0"><span class='ocrx_word' id='word_1_936' title='bbox 2552 2911 2561 2919; x_wconf 78' lang='grc'><em>’</em></span> <span class='ocrx_word' id='word_1_937' title='bbox 2567 2910 2602 2930; x_wconf 86' lang='lat' dir='ltr'>De</span> <span class='ocrx_word' id='word_1_938' title='bbox 2608 2909 2695 2930; x_wconf 81' lang='lat' dir='ltr'>Invent.</span> <span class='ocrx_word' id='word_1_939' title='bbox 2702 2909 2761 2930; x_wconf 84' lang='lat' dir='ltr'>Rhe—</span> 
     </span>
     <span class='ocr_line' id='line_1_139' title="bbox 2551 2935 2758 2963; baseline 0 -7"><span class='ocrx_word' id='word_1_940' title='bbox 2551 2939 2597 2957; x_wconf 80' lang='grc' dir='ltr'>ιον.</span> <span class='ocrx_word' id='word_1_941' title='bbox 2610 2935 2649 2957; x_wconf 88' lang='lat' dir='ltr'>lib.</span> <span class='ocrx_word' id='word_1_942' title='bbox 2665 2935 2693 2962; x_wconf 89' lang='lat'>11,</span> <span class='ocrx_word' id='word_1_943' title='bbox 2709 2941 2758 2963; x_wconf 86' lang='lat' dir='ltr'>cap.</span> 
     </span>
    </p>
   </div>
  </div>
 </body>
</html>
