2892 4056
71 447 80 457 ⁸
86 447 133 473 Qu.
139 452 200 471 xxvi,
208 449 250 467 art.
256 453 280 472 4.

23 505 27 508 *
70 473 126 495 adi:
141 475 183 494 art.
194 478 214 499 7,
230 478 252 500 9.

12 570 17 583 ¹:
69 555 79 565 ⁸
93 554 119 576 D.
137 560 196 581 ¹047-

212 1304 215 1316 ι
246 1314 247 1317 ,
289 1302 465 1325 Α-,μ-ἋᾹ,

954 154 1220 199 QUAESTIO
1250 153 1386 200 XLIV,
1417 150 1712 211 ARTICULtJS
1740 154 1827 191 VlII

308 230 448 267 modus
480 229 544 278 qui
579 230 740 278 pertinet
768 232 816 267 ad
853 231 1039 268 rationem
1067 231 1227 269 virtuosi
1263 238 1369 268 actus

308 282 407 320 cadit
434 283 505 319 sub
533 290 738 331 praecepto
758 284 864 332 quod
893 284 1003 321 datur
1021 284 1069 321 de
1097 291 1183 321 actu
1207 283 1364 321 virtutis.

309 335 416 373 Ordo
436 342 563 372 autem
585 335 746 373 caritatis
773 336 936 385 pertinet
963 337 1012 373 ad
1033 338 1157 386 ipsam
1181 336 1367 374 rationem

306 387 473 426 virtutis:
504 400 592 425 cum
613 389 818 438 accipiatur
837 389 1050 427 secundum
1078 389 1367 438 proportionem

308 440 516 479 dilectionis
544 441 592 478 ad
618 441 806 490 diligibile,
833 449 876 479 ut
899 454 944 479 ex
967 442 1189 490 supradictis
1207 442 1228 464 ²¹²
1254 450 1367 491 patet.

307 493 418 531 Unde
445 494 688 531 manifestum
717 503 773 532 est
801 495 908 542 quod
936 495 1031 531 ordo
1061 495 1222 531 caritatis
1256 495 1369 532 debet

307 546 442 584 cadere
471 547 542 583 sub
570 555 776 596 praecepto
795 547 826 584 ⁸.

358 600 419 636 An
438 607 575 637 PR1MUM
599 612 697 638 ERGO
725 611 910 638 monimum
929 599 1035 648 quod
1062 599 1182 636 homo
1207 600 1292 648 plus
1312 612 1369 637 sa-

306 651 440 689 tisfacit
468 652 500 689 ei
528 665 644 701 quem
671 653 757 702 plus
786 652 912 701 diligit.
942 653 992 689 Et
1019 652 1080 699 ita,
1111 651 1141 689 si
1168 652 1294 689 minus
1315 652 1368 689 di-

305 704 435 752 ligeret
471 705 606 755 aliquis
641 718 730 743 eum
767 718 884 754 quem
920 705 1006 753 plus
1041 705 1155 742 debet
1193 704 1366 752 diligere,

306 758 390 806 plus
425 759 540 795 vellet
576 758 790 796 satisfacere
817 757 868 795 illi
896 757 955 794 cui
991 757 1118 794 minus
1156 758 1368 794 satisfacere

307 811 431 848 debet.
461 811 511 848 Et
528 811 583 848 sic
609 811 718 848 fieret
735 810 869 848 iniuria
890 810 940 847 illi
968 822 1084 858 quem
1104 810 1333 859 plus,debet
1352 815 1370 831 α

306 863 472 912 diligere.
1148 867 1151 871 '

357 918 416 954 AD
445 927 635 956 SECUNDUM
662 927 847 953 mesanum
875 915 979 964 quod
1008 914 1104 951 ordo
1131 921 1295 962 quatuor
1315 913 1369 950 di-

303 968 544 1016 ligendorum
573 981 617 1005 ex
646 967 798 1005 caritate
825 967 865 1005 in
893 979 1000 1005 sacra
1028 967 1220 1016 Scriptura
1249 966 1369 1014 expri—

305 1021 429 1059 mitur.
459 1022 562 1058 Nam
590 1033 679 1058 cum
708 1022 912 1059 mandatur
930 1020 1035 1069 quod
1063 1021 1191 1057 Deum
1221 1031 1265 1056 ex
1288 1026 1368 1056 toto

2408 158 2481 205 337

1422 231 1552 267 omnia
1581 232 1768 268 debemus
1797 232 1960 280 diligere.
1996 233 2097 269 Cum
2126 241 2252 270 autem
2283 235 2488 273 mandatur

1421 283 1527 332 quod
1541 284 1674 332 aliquis
1689 285 1815 332 diligat
1834 285 2053 334 proximum
2070 286 2166 323 sicut
2181 287 2361 335 seipsum,
2379 299 2488 336 prae-

1422 336 1538 373 fertur
1566 336 1714 374 dilectio
1745 337 1802 374 sui
1834 338 1950 387 ipsius
1981 338 2175 376 dilectioni
2207 340 2381 388 proximi.
2431 341 2487 378 Si-

1423 388 1558 425 militer
1586 389 1698 427 etiam
1728 403 1815 427 cum
1845 391 2064 439 mandatur⁷
2093 393 2108 429 1
2139 393 2243 429 loan.
2265 405 2300 430 111
2319 392 2350 439 ²¹⁸,
2381 394 2487 441 quod

1421 442 1596 479 debemus
1609 454 1684 490 pro
1691 444 1884 491 fratribus
1901 445 2070 482 animam
2081 457 2236 494 ponere,
2257 446 2354 483 idest
2366 446 2486 484 vitam

1423 496 1673 543 corporalem,
1705 496 1814 533 datur
1841 497 1994 545 intelligi
2021 499 2127 546 quod
2155 498 2374 547 proximum
2401 501 2487 548 plus

1423 547 1610 584 debemus
1631 548 1782 596 diligere
1803 561 1921 596 quam
1942 563 2080 599 corpus
2099 551 2309 600 proprium.
2327 574 2351 580 -
2374 552 2487 589 Simi-

1422 600 1505 636 liter
1533 600 1647 637 etiam
1677 614 1764 638 cum
1793 603 2007 650 mandatur,
2037 604 2088 640 ad
2118 604 2201 641 Gal.
2231 605 2295 641 ult.
2315 605 2347 652 *,
2382 606 2486 654 quod

1422 653 1591 689 maxime
1613 665 1814 702 operemur
1832 656 1970 692 bonum
1999 657 2050 693 ad
2073 657 2291 694 domesticos
2307 659 2422 706 fidei;
2451 666 2487 696 et

1424 706 1437 741 I
1466 706 1518 742 ad
1538 706 1634 743 Tim.
1662 719 1687 743 v
1714 707 1734 728 *
1762 708 1996 756 vituperatur
2023 710 2089 757 qui
2114 722 2188 747 non
2216 711 2328 748 habet
2353 723 2486 748 curam

1421 769 1590 804 suorum,
1619 764 1656 794 et
1671 761 1839 796 maxime
1861 761 2166 807 domesticorum
2195 763 2306 800 datur
2333 764 2486 812 intelligi

1424 810 1529 857 quod
1557 810 1655 847 inter
1681 813 1888 860 proximos,
1918 814 2095 851 meliores
2125 823 2161 852 et
2183 816 2304 864 magis
2331 818 2485 866 propin-

1423 874 1521 910 quos
1549 863 1670 910 magis
1699 865 1885 902 debemus
1913 866 2078 914 diligere.

1476 916 1534 951 An
1562 926 1721 953 reanum
1750 929 1934 956 memnon
1955 921 2059 967 quod
2089 933 2134 957 ex
2161 920 2279 970 ipsoss
2306 922 2410 970 quod
2431 922 2485 959 di-

1424 966 1527 1013 citur,
1548 967 1694 1017 Diliges
1703 971 1926 1017 proximum
1946 978 2062 1018 tuum,
2084 974 2193 1011 datur
2208 984 2486 1024 consequenter

1423 1019 1574 1067 intelligi
1610 1022 1716 1069 quod
1743 1022 1794 1059 illi
1823 1023 1888 1070 qui
1925 1032 2011 1061 sunt
2047 1026 2168 1073 magis
2200 1028 2362 1075 proximi
2399 1037 2486 1066 sunt

1422 1072 1542 1120 magis
1572 1073 1760 1121 diligendi,

304 1074 420 1111 corde
439 1073 653 1122 diligamus,
675 1074 786 1111 datur
807 1074 959 1122 intelligi
979 1074 1083 1123 quod
1108 1074 1237 1110 Deum
1256 1083 1371 1120 super

328 1218 329 1221 Ἴ
356 1183 384 1216 α)
404 1182 487 1208 dehet.
505 1197 524 1202 —
542 1183 648 1208 deberet
666 1183 712 1208 Pa.
1390 1182 1392 1207 i

1472 1181 1497 1214 β)
1518 1182 1583 1214 ipso.
1601 1197 1620 1202 -
1637 1184 1687 1209 hoc
1707 1185 1764 1216 ipso
1784 1185 1837 1210 Psn
1856 1191 1882 1211 et
1899 1194 1925 1212 a.
1943 1201 1962 1206 -
1979 1192 2169 1221 consequenter
2186 1197 2239 1215 om.
2259 1191 2291 1216 G.

982 1252 1312 1285 Commentaria
1335 1249 1585 1283 Cardinalis
1607 1252 1807 1286 Caietam

328 1317 358 1357 su
378 1324 512 1360 articulo
543 1331 656 1356 octavo
687 1324 830 1356 eiusdem
853 1324 1062 1366 quaestionis,
1087 1323 1212 1354 omissis
1235 1322 1366 1364 quinto,

306 1335 425 1403 [sexto
440 1374 472 1400 et
486 1364 634 1409 septimo,
650 1375 727 1400 nota
742 1379 779 1400 ex
794 1369 896 1400 littera
910 1368 1115 1399 differentiam
1131 1368 1212 1398 inter
1226 1366 1368 1407 supradi-

181 1430 189 1443 2
207 1396 219 1407 Δ)
265 1428 276 1433 ·
303 1411 406 1454 erpa-³⁸-
417 1412 534 1447 modos
549 1412 736 1444 intrinsecos
753 1419 841 1444 actus
855 1412 1005 1443 virtuosi:
1029 1412 1105 1453 quia
1120 1411 1238 1442 scilicet
1253 1410 1367 1451 aliquis

302 1454 439 1497 pertinet
458 1457 502 1488 ad
522 1457 680 1494 rationem
701 1457 836 1488 virtuosi
859 1463 958 1487 actus.
981 1457 1023 1486 Et
1045 1466 1101 1496 per
1123 1456 1185 1486 hoc
1209 1455 1262 1485 dat
1277 1455 1366 1485 intel-

300 1496 396 1544 ligere
411 1499 499 1533 aliud
513 1502 712 1532 membrum:
737 1500 855 1532 seilicet
872 1501 963 1541 quod
977 1500 1092 1540 aliquis
1107 1506 1227 1539 spectat
1242 1499 1283 1528 ad
1297 1508 1367 1539 per-

301 1544 473 1587 stationem
495 1545 628 1584 virtuosi
657 1551 746 1576 actus
776 1544 858 1576 infra
880 1544 1082 1576 latitudinem
1110 1543 1196 1574 illius
1225 1542 1365 1578 virtutis;

301 1594 344 1641 ug
348 1589 544 1631 promptius,
560 1589 785 1626 delectabilius,
801 1589 965 1625 intensius,
980 1588 1103 1620 firmius
1119 1587 1253 1628 operari.
1276 1587 1318 1618 Et
1331 1587 1368 1618 ut

301 1642 384 1675 setae,
402 1633 475 1675 quis
498 1640 545 1664 est
565 1634 684 1665 modus
699 1633 860 1674 pertinens
883 1633 923 1664 ad
938 1632 1096 1664 rationem
1118 1632 1251 1663 virtuosi
1267 1638 1365 1668 actus,

301 1677 466 1719 considera
488 1677 515 1708 si
537 1685 658 1718 spectat
678 1678 721 1709 ad
742 1677 941 1709 reddendum
963 1684 1071 1708 actum
1085 1676 1366 1718 proportionatum

301 1717 378 1761 sm
390 1722 542 1755 materiae
556 1722 638 1754 circa
659 1722 758 1764 quam
774 1729 835 1759 est:
859 1729 895 1753 ut
909 1721 942 1757 in
965 1728 1080 1762 quarto
1096 1721 1228 1752 articulo
1246 1723 1367 1752 Auctor

301 1764 390 1801 dixit.
411 1766 447 1798 Si
459 1776 601 1808 namque
616 1767 851 1798 circumstantia
869 1765 975 1807 aliqua
997 1765 1068 1797 talis
1087 1773 1134 1797 est
1149 1772 1186 1796 ut
1208 1775 1283 1796 curn
1298 1765 1367 1806 ipsa

301 1817 391 1851 aetus
409 1810 449 1842 sit
469 1811 743 1852 proportionatus‚
759 1811 827 1842 sine
841 1811 911 1851 ipsa
925 1816 1034 1841 autem
1047 1817 1135 1841 actus
1151 1819 1216 1840 non
1237 1809 1276 1841 sit
1291 1820 1366 1851 pro-

301 1851 518 1896 portionatus,
542 1862 666 1887 constat
681 1856 771 1896 quod
783 1856 824 1886 ad
838 1855 943 1896 ipsam
958 1854 1114 1886 rationem
1129 1853 1263 1885 virtuosi
1277 1861 1366 1885 actus

300 1906 446 1940 respectu
469 1899 540 1931 talis
555 1899 671 1931 obiecti
693 1906 828 1940 spectum
851 1899 878 1930 si
892 1906 1001 1930 autem
1024 1899 1091 1930 sine
1105 1899 1174 1939 ipsa
1189 1905 1278 1929 actus
1293 1909 1366 1939 pro-

301 1943 503 1984 portionatus
533 1950 580 1975 est
601 1944 657 1975 tali
680 1944 823 1980 obiecto,
855 1950 942 1984 patet
969 1945 1058 1984 quod
1086 1953 1152 1974 non
1183 1950 1304 1983 spectat
1326 1944 1366 1974 ad

300 1987 459 2024 rationem
480 1988 615 2019 virtuosi
637 1995 725 2020 actus
748 1995 892 2029 respectu
916 1987 986 2019 talis
1009 1987 1142 2024 obiecti;
1167 1994 1203 2018 ut
1225 1994 1311 2028 patet
1331 1988 1366 2019 in

301 2032 452 2074 exemplis
468 2032 580 2064 allatis.
605 2033 646 2063 Et
665 2033 698 2063 in
714 2032 892 2073 proposito,
907 2031 983 2072 quia
1003 2033 1083 2063 ordo
1099 2032 1233 2064 caritatis
1246 2039 1367 2073 spectat

301 2076 343 2109 nd
362 2077 520 2109 rationem
543 2076 799 2118 virtuosilactus,
823 2076 979 2118 quoniam
995 2077 1061 2108 sine
1083 2076 1155 2117 ipso
1179 2084 1266 2108 actus
1289 2076 1366 2108 dile-

301 2119 416 2162 ctionis
431 2131 497 2152 non
522 2128 569 2152 est
583 2121 844 2162 proportionatus
868 2121 993 2152 obiecto
1010 2121 1152 2162 diligibili
1176 2119 1256 2163 (non
1280 2121 1366 2151 enirn

301 2163 428 2200 dilectio
451 2165 588 2205 proximi
604 2173 651 2197 est
666 2165 813 2206 proximo
837 2165 1078 2206 proportionata
1101 2165 1125 2195 si
1141 2165 1248 2196 minus
1265 2165 1366 2205 diligi·
1390 2185 1392 2189 «

300 2215 352 2241 tur
369 2219 473 2250 ¹quam
496 2209 663 2250 proprium
685 2220 802 2250 corpus
825 2209 996 2251 diligentis;
1021 2217 1051 2241 et
1074 2209 1216 2240 similiter
1238 2210 1365 2240 dilectio
1390 2237 1392 2248 ,

1390 2255 1392 2274 ἰ
1419 2258 1530 2282 neatur
1552 2252 1625 2292 plus
1649 2252 1764 2283 dilecto
1788 2253 1861 2293 plus
1885 2253 2072 2285 satisfacere.

301 2253 554 2284 domesticorum
576 2263 643 2284 non
659 2261 706 2284 est
720 2254 764 2285 eis
789 2254 1030 2294 proportionata
1056 2254 1082 2285 si
1097 2254 1206 2285 minus
1229 2254 1365 2294 diligun-

301 2304 354 2329 tur
375 2307 474 2339 quam
489 2298 641 2334 extranei;
665 2305 696 2328 et
709 2298 754 2330 sic
770 2299 808 2329 de
824 2297 922 2340 aliis);
947 2299 1020 2329 ideo
1034 2299 1114 2329 ordo
1139 2298 1274 2333 caritatis
1290 2309 1365 2329 con-

302 2341 441 2381 cluditur
463 2342 522 2373 sub
545 2349 724 2382 praecepto.
752 2343 794 2373 Et
816 2342 912 2373 unico
935 2343 1032 2373 verbo
1055 2343 1135 2374 ratio
1159 2342 1236 2373 haec
1260 2343 1364 2383 expla-

302 2393 376 2417 nata
397 2387 536 2427 tangitur
554 2387 588 2417 in
609 2386 711 2418 littera
727 2386 876 2417 dicendo:
900 2397 972 2417 cum
992 2387 1170 2427 accipiatur
1189 2387 1363 2418 secundum

296 2432 537 2471 proportionem
560 2431 726 2471 diligentis
748 2431 792 2462 ad
813 2431 979 2471 diligibile.

356 2474 394 2505 11.
419 2475 455 2506 In
478 2475 592 2506 eodem
615 2475 748 2506 articulo
763 2475 898 2506 dubium
921 2481 968 2505 est
990 2474 1029 2504 de
1051 2474 1173 2505 ratione
1196 2469 1364 2505 redditafn

300 2518 420 2555 littera,
445 2519 578 2551 scilicet:
610 2529 682 2550 cum
706 2519 786 2550 ordo
808 2520 954 2550 caritatis
984 2519 1164 2558 accipiatur
1189 2519 1363 2549 secundum

294 2565 538 2603 proportionem
562 2563 740 2594 dilectionis
762 2563 806 2594 ad
827 2563 992 2604 diligibile.
1018 2562 1181 2600 Quoniam
1205 2563 1362 2602 superius,

181 2631 188 2643 ‚
202 2614 232 2638 nd
253 2622 273 2641 ις
300 2607 334 2637 in
357 2617 411 2648 qu.
435 2618 506 2638 xxvr
525 2607 552 2644 ³¹⁸,
577 2608 615 2638 de
639 2607 749 2638 ordine
778 2607 926 2644 caritatis,
950 2607 1072 2638 dictum
1102 2614 1148 2637 est
1171 2607 1260 2647 quod
1283 2607 1363 2638 ordo

301 2651 436 2682 caritatis
459 2651 631 2683 attenditur
653 2662 750 2692 penes
774 2652 850 2688 duo,
874 2651 991 2682 scilicet
1005 2651 1188 2691 diligentem
1209 2658 1240 2692 *et
1264 2651 1364 2691 diligi-

300 2695 373 2726 bile.
398 2696 575 2734 Quomodo
599 2706 674 2736 ergo
698 2706 783 2726 nunc
807 2696 867 2726 soli
891 2695 1033 2735 diligibili
1057 2693 1252 2726 attribuitur?

355 2740 407 2770 Ad
430 2740 492 2771 hoc
515 2740 630 2771 dicitur
652 2741 742 2781 quod
760 2741 854 2771 verba
872 2740 991 2771 litterae
1011 2746 1085 2770 sunt
1103 2739 1305 2779 intelligenda
1324 2740 1374 2770 de.

300 2783 443 2824 diligibili
458 2784 651 2825 simpliciter,
666 2785 717 2814 vel
736 2784 820 2815 huic.
845 2785 890 2815 Ita
912 2785 1000 2825 quod
1020 2784 1100 2814 ordo
1125 2783 1258 2814 caritatis
1274 2794 1364 2814 meae

300 2828 452 2869 accipitur
474 2829 651 2860 secundum
667 2829 910 2869 proportionem
934 2828 1111 2859 dilectionis
1133 2828 1184 2859 vel
1199 2829 1239 2858 ad
1263 2828 1364 2868 diligi-

300 2872 363 2903 bile
386 2872 580 2913 simpliciter,
603 2873 654 2903 vel
676 2874 715 2903 ad
740 2873 890 2913 diligibile
913 2873 1002 2903 mihi.
1033 2873 1077 2903 Ut
1099 2872 1143 2902 sic
1166 2872 1362 2913 quicumque

301 2916 381 2946 ordo
405 2917 540 2947 caritatis
564 2927 600 2948 ex
623 2924 711 2957 parte
733 2917 890 2957 diligentis
914 2918 1002 2948 cadat
1025 2917 1083 2947 sub
1108 2923 1286 2956 praecepto,
1314 2927 1362 2948 re—

301 2960 435 2991 ducatur
464 2961 504 2991 ad
530 2961 775 3002 proportionem
805 2961 961 3002 diligentis
994 2962 1032 2992 ad
1063 2961 1227 3001 diligibile,
1253 2967 1289 2992 ut
1310 2961 1362 2992 hic

301 3004 424 3035 dicitur.
448 3005 514 3036 Nec
539 3005 692 3045 discrepat
715 3016 733 3036 a
748 3005 951 3046 supradictis:
977 3006 1015 3035 ad
1039 3015 1121 3046 quae
1145 3015 1177 3036 se
1200 3005 1362 3036 remittens

301 3048 352 3079 hic
381 3051 504 3080 Auctor
530 3049 632 3080 voluit
654 3049 731 3080 haec
754 3050 886 3090 intelligi
915 3050 1001 3080 iuxta
1024 3060 1119 3090 supra
1147 3049 1362 3086 determinata,

301 3102 383 3133 quae
405 3093 446 3123 ad
468 3094 550 3124 hanc
571 3094 699 3124 brevem
717 3093 855 3133 glossam
878 3094 1082 3125 reducuntur.
1105 3094 1194 3125 Ordo
1211 3093 1296 3124 enim
1313 3104 1363 3125 ca·-

301 3136 399 3167 ritatis
422 3147 459 3167 ex
481 3145 568 3178 parte
591 3137 751 3178 diligibilis
774 3138 867 3168 habet
890 3145 926 3168 ut
948 3138 1161 3179 propinquius
1175 3139 1245 3169 Deo
1262 3139 1362 3179 magis

301 3181 465 3220 diligatur:
491 3191 527 3212 ex
550 3188 638 3222 parte
661 3189 768 3212 autem
792 3182 948 3222 diligentis
974 3182 1068 3213 habet
1091 3189 1127 3213 ut
1148 3183 1362 3223 propinquius

301 3225 380 3255 mihi
414 3225 513 3265 magis
545 3226 692 3266 diligatur
721 3236 739 3256 a
762 3236 824 3256 me.
856 3226 917 3257 Sed
947 3226 999 3257 hic
1029 3227 1109 3257 ordo
1139 3227 1299 3258 reducitur
1322 3227 1362 3257 ad

301 3270 543 3309 proportionem
571 3270 748 3301 dilectionis
778 3271 817 3301 ad
847 3270 1014 3311 diligibile:
1044 3271 1120 3312 quia
1149 3271 1362 3312 propinquius

301 3313 379 3344 mihi
404 3321 450 3344 est
472 3313 572 3354 magis
595 3314 744 3354 diligibile
767 3325 785 3345 a
809 3325 870 3346 me.
909 3315 950 3345 Et
973 3322 1138 3355 propterea
1167 3315 1247 3346 sicut
1274 3323 1362 3347 actus

302 3357 478 3388 dilectionis
506 3365 648 3398 respectu
677 3358 776 3398 magis
806 3359 979 3400 propinqui
1010 3359 1079 3389 Deo
1110 3366 1156 3389 est
1182 3359 1362 3400 impropor-

301 3402 441 3433 tionatus
465 3402 590 3433 obiecto
614 3402 673 3433 nisi
704 3402 804 3442 magis
827 3410 950 3434 ametur
979 3413 1077 3444 quam
1100 3403 1207 3434 minus
1230 3404 1362 3444 propin-

301 3455 420 3486 quum;
451 3446 494 3477 ita
517 3453 604 3477 actus
629 3457 717 3477 meae
741 3447 917 3478 dilectionis
940 3454 1082 3488 respectu
1107 3447 1271 3479 domestici
1299 3449 1361 3478 mei

442 3509 552 3533 Summas
570 3509 671 3533 Timor..
691 3509 723 3533 D.
735 3509 849 3533 Tamus
862 3508 894 3533 T.
913 3510 944 3534 V.

1422 1328 1468 1352 est
1483 1321 1792 1364 improportionatus
1808 1326 1932 1357 obiecto
1957 1327 2016 1358 nisi
2033 1329 2134 1368 magis
2149 1336 2271 1360 ametur
2286 1340 2305 1360 a
2320 1340 2372 1360 me
2388 1341 2486 1371 quam

1422 1372 1597 1398 extraneus.

1477 1409 1529 1441 111.
1554 1411 1590 1441 In
1613 1412 1729 1442 eodem
1758 1413 1891 1444 articulo
1922 1422 2050 1452 octavo,
2075 1417 2108 1447 in
2131 1417 2339 1458 responsione
2362 1419 2402 1448 ad
2423 1419 2486 1458 pri-

1420 1463 1527 1490 mum,
1558 1455 1695 1486 dubium
1722 1458 1867 1488 occurrit.
1898 1458 1986 1489 Tum
2017 1461 2172 1500 quoniam
2202 1469 2390 1501 argumento
2418 1473 2485 1493 non

1418 1497 1543 1529 videtur
1557 1500 1724 1540 responsio
1740 1501 1926 1532 satisfacere.
1950 1503 2024 1533 Non
2041 1504 2127 1534 enim
2142 1506 2313 1545 respondet
2335 1506 2381 1536 illi
2397 1517 2485 1537 com-

1419 1541 1629 1582 possibilitati,
1654 1544 1772 1575 scilicet
1794 1547 1882 1586 quod
1902 1546 2015 1587 aliquis
2039 1548 2139 1588 diligit
2162 1550 2312 1590 aliquem,
2327 1557 2404 1590 puta
2426 1551 2486 1581 fra-

1419 1592 1500 1616 trem
1525 1589 1698 1624 carnalem,
1723 1597 1881 1629 quantum
1905 1591 2012 1627 debet,
2038 1599 2068 1623 et
2092 1603 2166 1623 cum
2194 1594 2256 1624 hoc
2283 1595 2387 1625 multo
2411 1595 2485 1635 plus

1420 1630 1522 1670 diligit
1546 1633 1790 1669 consobrinum,
1820 1635 1886 1664 sine
1915 1635 2030 1666 iniuria
2059 1636 2159 1667 fratris
2188 1638 2335 1675 carnalis,
2359 1649 2395 1670 ex
2418 1649 2484 1680 quo

1419 1674 1521 1715 diligit
1551 1676 1659 1716 ipsum
1686 1677 1815 1708 fratrem
1846 1680 2003 1710 carnalem
2032 1688 2190 1721 quantum
2214 1683 2316 1714 debet.
2347 1684 2399 1713 Ad
2422 1684 2484 1714 hoc

1419 1719 1515 1756 enirn,
1538 1719 1572 1751 in
1594 1731 1661 1762 quo
1686 1722 1828 1753 consistit
1850 1723 1897 1753 vis
1920 1725 2107 1764 argumenti,
2132 1735 2198 1756 non
2221 1727 2429 1767 respondetur
2445 1738 2484 1757 an

1417 1762 1458 1794 sit
1479 1763 1542 1794 hoc
1564 1765 1836 1806 incompossibile:
1862 1775 1893 1798 et
1915 1768 1941 1798 si
1965 1775 2012 1799 est
2033 1769 2305 1810 incompossibile,
2321 1782 2419 1812 quare
2439 1779 2486 1802 est

1417 1807 1688 1849 incompossibile.
1719 1811 1761 1841 Et
1789 1818 1896 1842 tamen
1924 1814 2092 1853 oportebat
2114 1815 2192 1845 haec
2219 1815 2252 1845 in
2276 1816 2483 1856 responsione

1419 1853 1543 1884 docere.

1470 1897 1558 1928 Tum
1581 1898 1736 1938 quoniam
1753 1899 1931 1939 propositio
1949 1908 2111 1941 assumpta
2126 1912 2186 1942 pro
2209 1902 2420 1934 fundamento
2437 1914 2482 1934 re-

1419 1941 1616 1981 sponsionis,
1641 1942 1768 1979 scilicet,
1802 1943 1910 1974 Homo
1930 1945 2011 1984 plus
2043 1946 2204 1987 satisfacit
2233 1949 2263 1978 ei
2291 1957 2383 1988 quem
2405 1948 2485 1988 plus

1417 1985 1536 2027 diligit,
1559 1986 1767 2027 impertinens
1791 1993 1822 2018 et
1844 1987 1921 2018 falsa
1945 1995 2001 2020 est.
2026 1989 2234 2030 Impertinens
2253 1991 2394 2032 quidem,
2410 1992 2485 2032 quia

1418 2029 1595 2062 satisfacere
1619 2038 1664 2062 est
1687 2038 1775 2062 aetus
1798 2031 1951 2063 iustitiae:
1977 2034 2121 2074 quaestio
2145 2041 2253 2065 autem
2280 2042 2327 2066 est
2349 2036 2388 2066 de
2411 2043 2483 2067 actu

1419 2074 1535 2105 amoris
1559 2075 1724 2106 amicitiae.
1737 2094 1759 2099 -
1775 2075 1867 2106 Falsa
1881 2086 1967 2113 vero,
1991 2078 2067 2118 quia
2090 2079 2191 2109 maior
2208 2079 2334 2110 dilectio
2356 2090 2422 2110 non
2438 2088 2485 2111 est

1418 2118 1496 2152 ratio
1521 2119 1650 2149 maioris
1673 2119 1904 2156 satisfactionis,
1924 2131 1981 2161 per
2003 2132 2036 2152 se
2058 2122 2233 2163 loquendo.
2258 2124 2382 2155 Accidit
2398 2125 2484 2155 enim

1417 2162 1542 2193 homini
1558 2163 1699 2204 diligenti
1723 2165 1812 2205 quod
1828 2171 1971 2195 teneatur
1988 2165 2087 2196 facere
2111 2167 2184 2197 satis
2201 2168 2327 2199 dilecto.
2352 2169 2392 2199 Et
2407 2179 2483 2199 con-

1418 2214 1587 2247 sequenter
1609 2208 1722 2238 accidit
1743 2209 1868 2239 homini
1891 2209 1964 2249 plus
1992 2210 2131 2250 diligenti
2155 2212 2294 2252 aliquem
2323 2214 2413 2253 quod
2436 2220 2483 2244 te-

1469 2295 1558 2326 Tum
1581 2297 1684 2332 tertio,
1709 2307 1858 2327 concessa
1890 2297 1972 2328 dicta
1995 2298 2230 2339 propositione,
2256 2309 2322 2330 non
2345 2307 2427 2332 recte
2450 2301 2483 2330 in

1415 2339 1518 2382 littera
1541 2341 1724 2380 proceditur
1746 2341 1786 2371 ad
1805 2341 1972 2373 intentum.
1998 2343 2082 2380 Quia
2098 2343 2265 2374 subiuncta
2289 2345 2485 2375 conditiona-

1417 2383 1466 2419 lis,
1491 2384 1622 2415 scilicet:
1651 2385 1695 2415 Et
1717 2386 1773 2422 ita,
1797 2387 1826 2416 si
1849 2387 1955 2417 minus
1984 2387 2134 2428 diligeret
2157 2388 2272 2427 aliquis
2295 2398 2365 2418 eum
2389 2399 2482 2429 quem

1412 2428 1490 2467 plus
1511 2428 1602 2458 debet
1623 2429 1772 2469 diligere,
1793 2430 1871 2470 plus
1894 2431 1989 2461 vellet
2010 2431 2200 2471 satisfficere
2223 2432 2271 2462 illi
2293 2434 2346 2463 cui
2375 2434 2482 2464 minus

1417 2471 1606 2512 satisfacere
1627 2473 1734 2503 debet:
1756 2473 1850 2510 haec,
1875 2474 2023 2515 inquam,
2048 2475 2272 2506 conditionalis
2301 2487 2366 2507 non
2390 2477 2484 2508 infert

1418 2515 1584 2546 efficaciter
1607 2517 1847 2548 conclusionem
1871 2519 2083 2555 subiunctam,
2109 2519 2239 2550 scilicet:
2263 2520 2306 2551 Et
2323 2523 2371 2552 sic
2382 2522 2484 2561 fieret

1418 2561 1538 2590 iniuria
1563 2561 1611 2590 illi
1633 2571 1724 2601 quem
1746 2562 1823 2601 plus
1846 2562 1972 2593 deberet
1994 2563 2141 2603 diligere.
2172 2564 2336 2600 Quoniam
2359 2575 2396 2595 ex
2419 2565 2481 2595 hoc

1417 2605 1507 2644 quod
1530 2614 1589 2644 ego
1612 2605 1689 2635 volo
1713 2605 1786 2645 plus
1809 2606 1910 2636 facere
1934 2606 2007 2637 satis
2031 2607 2082 2637 cui
2106 2607 2212 2638 minus
2236 2616 2360 2645 teneor;
2389 2609 2482 2639 dum-

1417 2649 1517 2678 modo
1540 2649 1654 2679 faciam
1685 2650 1759 2680 satis
1783 2650 1853 2686 tibi,
1880 2651 1930 2681 cui
1963 2651 2063 2691 magis
2093 2658 2215 2688 teneor,
2241 2653 2348 2683 dando
2377 2660 2482 2684 toturn

1416 2693 1506 2733 quod
1528 2700 1654 2730 teneor;
1679 2704 1744 2724 non
1768 2694 1848 2725 facio
1872 2695 1928 2725 tibi
1950 2695 2109 2726 iniuriam.
2134 2696 2228 2726 Verbi
2251 2697 2350 2736 gratia
2373 2695 2418 2739 (et
2437 2705 2483 2728 est

1416 2738 1599 2777 exemplum
1622 2738 1661 2767 ad
1685 2737 2006 2781 propositum),'ego
2030 2740 2102 2780 plus
2125 2747 2235 2771 teneor
2258 2741 2343 2771 fratri
2368 2741 2483 2771 carnali

1416 2791 1514 2822 quam
1538 2782 1741 2813 consobrino.
1766 2783 1812 2813 Ex
1836 2783 1897 2814 hoc
1924 2790 2030 2814 tamen
2055 2785 2144 2825 quod
2174 2795 2233 2824 ego
2257 2784 2343 2815 fratri
2366 2786 2482 2816 carnali

1415 2826 1562 2867 relinquo
1587 2827 1626 2856 de
1650 2827 1742 2857 bonis
1765 2827 1844 2857 meis
1868 2835 2025 2868 quantum
2048 2829 2132 2868 leges
2155 2836 2311 2865 statuunt,
2344 2837 2374 2860 et
2401 2830 2483 2860 ultra

1415 2870 1478 2901 hoc
1492 2871 1648 2901 talentum
1665 2881 1768 2902 unum
1784 2872 1866 2908 auri;
1891 2873 2085 2903 consobrino
2102 2879 2209 2903 autem
2224 2873 2370 2914 relinquo
2387 2873 2482 2914 longe

1415 2915 1529 2951 maius,
1549 2922 1627 2955 puta
1651 2916 1761 2946 decem
1784 2916 1884 2946 millia
1903 2917 2112 2953 talentorum;
2137 2918 2259 2948 nullam
2275 2918 2423 2948 iniuriam
2439 2918 2483 2948 fa-

1415 2959 1466 2990 cio
1489 2959 1576 2990 fratri
1593 2960 1726 2990 carnali:
1751 2961 1834 2990 nulli
1855 2961 1941 2991 enim
1961 2963 2112 2992 iniuriam
2120 2961 2210 3002 facit
2223 2963 2278 3002 qui
2294 2963 2396 2992 utitur
2411 2964 2483 2993 iure

1415 3013 1474 3035 suo
1489 3003 1515 3034 *.

1472 3048 1525 3078 IV.
1549 3048 1599 3078 Ad
1623 3048 1700 3078 haec
1719 3048 1833 3079 dicitur
1851 3049 1939 3090 quod
1963 3049 2014 3079 hic
2037 3055 2083 3079 est
2097 3059 2202 3080 sermo
2222 3060 2288 3080 non
2304 3050 2343 3080 de
2363 3050 2482 3080 satisfa—

1414 3093 1519 3123 ctione
1535 3093 1696 3129 exteriore,
1714 3093 1768 3123 sed
1782 3094 1819 3124 de
1839 3093 2051 3124 satisfactione
2070 3094 2227 3125 interioris
2247 3094 2378 3130 amoris;
2400 3105 2481 3135 quae

1415 3137 1494 3167 nihil
1517 3137 1603 3168 aliud
1627 3144 1674 3167 est
1696 3148 1794 3178 quam
1817 3138 1932 3169 habere
1954 3148 2062 3169 versus
2077 3138 2215 3179 aliquem
2235 3139 2377 3168 debitum
2393 3148 2481 3168 amo-

1415 3191 1496 3218 rem;
1521 3182 1563 3212 ita
1591 3183 1680 3223 quod
1711 3182 1881 3213 satisfactio
1912 3183 1999 3214 addit
2027 3193 2122 3222 supra
2153 3192 2295 3213 amorem
2324 3182 2480 3212 rationem

1415 3226 1523 3257 debiti.
1548 3226 1589 3256 Et
1603 3227 1693 3267 quod
1708 3229 1830 3258 Auctor
1847 3227 1979 3259 destruit
1997 3227 2085 3257 illam
2102 3226 2420 3268 compossibilitatem
2443 3236 2480 3256 ex

1416 3281 1455 3301 eo
1479 3271 1568 3311 quod
1593 3271 1726 3302 caritatis
1750 3272 1912 3303 obiectum
1941 3272 2146 3303 distributum
2170 3278 2215 3302 est
2238 3271 2281 3301 sic
2305 3280 2360 3310 per
2392 3270 2479 3310 prius

1416 3322 1446 3346 et
1469 3315 1625 3355 posterius
1650 3323 1685 3346 ut
1709 3316 1818 3347 caritas
1848 3316 1959 3347 debeat
1987 3316 2234 3356 comparativam
2266 3314 2478 3349 dilectionem,

1416 3360 1535 3390 scilicet
1562 3361 1634 3400 plus
1662 3361 1732 3391 Deo
1762 3371 1860 3401 quam
1891 3360 1974 3396 aliis,
2006 3361 2078 3401 plus
2102 3360 2159 3390 sibi
2190 3369 2288 3400 quam
2312 3358 2477 3398 proximis,

1417 3405 1468 3435 cui
1492 3405 1564 3445 plus
1586 3415 1684 3445 quarn
1708 3405 1844 3446 corpori,
1869 3411 1899 3435 et
1921 3405 2002 3435 inter
2025 3404 2186 3445 proximos
2210 3403 2282 3443 plus
2306 3402 2477 3432 coniuncto

1416 3449 1486 3479 Deo
1509 3449 1559 3479 vel
1583 3447 1761 3490 sibisquam
1786 3449 1962 3480 remotiori:
1989 3456 2018 3479 et
2033 3459 2098 3479 non
2123 3448 2214 3478 debet
2237 3447 2338 3477 solam
2355 3446 2479 3476 absolu-

2302 3507 2335 3539 43

2514 406 2523 414 ⁹
2538 403 2605 424 Vers.
2622 404 2653 424 16.

2514 615 2522 625 “
2540 614 2605 636 Vers.
2625 621 2656 636 ιο.

2513 729 2522 738 ·
2538 727 2604 749 Vers.
2620 729 2642 749 8.

2612 3013 2637 3035 L.
2660 3019 2715 3036 xvii.

2509 3038 2538 3059 de
2548 3038 2647 3060 diversis
2659 3039 2715 3066 Reg.

2509 3065 2569 3085 Iuris
2583 3067 2632 3086 ant.

2510 3013 2518 3020 ⁸
2539 3012 2588 3043 Dig.
