2892 4056
196 588 210 633 1³
213 587 293 635 dtgfalgn
311 586 405 608 dolores

189 1902 263 1930 Ἔαρ.
278 1908 352 1929 xxxn,
368 1903 396 1924 al.

186 1934 223 1950 xv.

186 2427 198 2438 ⁹
213 2426 245 2448 Ca
264 2432 344 2452 .v¹‚n.
359 2432 374 2448 1.
386 2437 396 2442 -

188 2452 214 2474 S.
262 2469 268 2474 .
281 2453 334 2474 lect.
348 2459 370 2473 v.

187 3013 223 3034 *1⁸
228 3013 283 3039 11⁸²,
287 3019 326 3041 qu.
332 3019 388 3035 cvm
392 3030 397 3039 ‚

188 3043 230 3062 art.
243 3046 268 3066 ις
284 3046 323 3068 qu.
335 3047 398 3067 uxr,

189 3070 232 3088 art.
247 3066 269 3088 6.

187 3171 198 3183 ⁶
206 3171 287 3199 Ps.cx,
298 3178 357 3194 vers.
366 3178 397 3193 ιο.

187 3281 197 3293 “
212 3282 263 3303 Art.
281 3281 384 3309 praeced.

436 200 485 236 68

489 278 645 314 Secunde,
671 279 758 319 quod
781 278 814 308 in
837 278 938 308 littera
961 277 1144 308 conceditur
1166 278 1256 318 quod
1279 279 1436 318 quaedam
1456 279 1494 309 de

435 322 620 352 secundario
637 322 863 362 pertinentibus
880 322 919 352 ad
935 321 1030 352 fidem
1047 330 1219 361 possumus
1234 321 1407 362 intelligere
1426 332 1494 363 per-

434 365 523 396 fecte.
549 367 588 397 Et
610 366 671 396 hoc
695 372 780 406 patet
802 373 866 396 tam
883 366 916 396 in
931 365 1105 395 moralibus
1121 374 1219 406 quam
1238 365 1333 396 etiam
1348 366 1382 396 in
1397 366 1494 397 histo-

433 409 570 440 rialibus.
587 410 740 440 Viderunt
755 409 912 450 siquidem
927 409 1073 449 Apostoli
1090 408 1195 440 lesum
1208 409 1409 440 Nazarenum
1426 420 1494 440 cru-

434 452 570 489 cifixum,
589 460 619 484 et
634 453 784 484 miracula
807 459 956 493 gestaque
979 453 1063 483 eius:
1089 459 1119 484 et
1141 453 1231 484 beata
1250 453 1348 493 Virgo
1366 454 1445 485 vidit
1462 464 1494 484 se

432 496 586 536 virginem
616 497 707 527 illum
738 506 856 537 parere.
889 496 1022 527 Moralia
1051 506 1182 537 quoque
1213 497 1333 528 ratione
1360 497 1494 528 naturali

433 547 658 577 monstrantur,
676 550 756 581 quae
773 541 806 570 in
821 550 907 571 sacra
922 540 1082 580 Scriptura
1098 540 1310 573 continentur.
1326 558 1345 565 ·-
1361 542 1495 582 Loquor

432 592 539 615 autem
555 585 730 624 virgineum
746 591 873 624 partum
885 584 911 620 *,
927 584 1110 624 passionem
1124 592 1155 616 et
1169 591 1256 625 gesta
1280 586 1349 616 Iesu
1378 585 1495 616 Christi

430 629 511 659 inter
540 629 725 659 secundario
752 628 924 669 spectantia
949 629 989 659 ad
1015 628 1122 665 fidem,
1146 629 1329 670 accipiendo
1349 629 1427 660 haec
1447 629 1494 660 in-

431 679 588 713 quantum
606 672 732 702 fuerunt
755 671 904 702 hominis.
927 673 1011 702 Nam
1027 672 1219 713 inquantum
1238 672 1367 705 fuerunt
1389 673 1494 703 homi-

431 717 480 746 nis
504 716 571 751 Dei,
597 716 629 745 in
653 716 874 756 quaestionem
897 726 963 746 non
987 717 1132 747 veniunt:
1159 723 1281 748 constat
1297 718 1382 748 enim
1405 718 1494 758 quod

431 760 561 799 intelligi
594 759 730 799 perfecte
761 760 793 790 in
817 760 867 790 via
895 760 1149 801 non'contingit.
1185 761 1273 791 Licet
1296 761 1382 791 enim
1404 762 1495 791 beata

430 804 528 843 Virgo
557 803 685 834 sentiret
708 814 740 834 se
764 814 873 844 parere
899 804 1069 845 virginem,
1094 804 1156 835 fide
1184 811 1290 836 tamen
1314 806 1440 836 tenebat
1460 815 1495 836 se

430 857 537 887 parere
560 847 726 878 hominem
749 848 865 879 Deum.
889 848 931 879 Et
954 848 1097 879 similiter
1123 849 1196 879 licet
1218 849 1367 890 Apostoli
1391 854 1421 880 et
1443 848 1495 879 alii

429 891 571 922 viderent
594 892 700 922 Iesum
722 893 922 923 Nazarenum
953 892 1155 930 crucifixum,
1179 892 1241 924 fide
1271 900 1378 924 tamen
1408 901 1493 925 tene-

429 936 505 966 bant
521 935 627 966 Deum
644 935 829 967 crucifixum
851 935 892 979 (si
909 943 1016 968 tamen
1031 935 1229 980 credebant):
1255 944 1286 968 et
1301 938 1344 969 sic
1360 938 1400 968 de
1416 937 1493 968 aliis.

429 979 594 1010 Tenemur
611 986 719 1011 tamen
735 981 860 1011 credere
880 991 946 1011 non
970 981 1076 1012 solum
1099 981 1153 1012 illa
1175 992 1258 1022 quae
1287 982 1333 1012 illi
1356 982 1494 1013 credide-

428 1031 512 1059 runt,
530 1024 585 1054 sed
601 1031 632 1055 et
651 1034 733 1065 quae
748 1025 905 1056 viderunt.
919 1043 941 1049 -
957 1026 998 1056 Et
1012 1025 1073 1057 dixi
1092 1026 1284 1057 secundario
1298 1027 1494 1067 pertinentia

429 1067 472 1098 ad
484 1068 599 1108 fidem,
624 1068 700 1108 quia
724 1069 868 1101 ordinata
892 1070 932 1100 ad
955 1069 1052 1101 fidem
1074 1070 1239 1102 Trinitatis
1259 1077 1290 1102 et
1306 1070 1494 1101 incarnatio-

429 1112 477 1142 nis
501 1111 573 1142 Filii
596 1112 665 1143 Dei.

484 1156 608 1193 Tertio,
633 1157 723 1197 quod
752 1157 831 1187 illud
860 1157 1034 1198 intelligere
1056 1158 1146 1198 quod
1176 1158 1210 1189 in
1231 1158 1334 1189 littera
1363 1164 1495 1190 vocatur

428 1199 651 1240 imperfectum
669 1207 774 1241 potest
788 1201 894 1231 referri
918 1202 957 1231 ad
979 1202 1045 1232 duo
1062 1202 1200 1233 obiecta:
1226 1202 1275 1232 vel
1297 1202 1338 1232 ad
1354 1211 1390 1232 ea
1412 1211 1495 1242 quae

428 1251 502 1274 sunt
524 1243 615 1281 fidei;
639 1245 689 1275 vel
712 1246 752 1275 ad
775 1245 935 1276 exteriora.
969 1245 1001 1276 Si
1021 1245 1172 1277 referatur
1194 1246 1234 1276 ad
1258 1255 1294 1275 ea
1317 1255 1399 1286 quae
1422 1252 1496 1276 sunt

1126 199 1393 244 QUAESTIO
1421 201 1524 247 VIII,
1554 201 1849 239 ARTICULUS
1879 204 1927 239 111

1547 279 1629 315 fidei,
1645 286 1768 310 constat
1791 281 1880 320 quod
1894 280 2077 320 imperfecta
2095 282 2265 314 intellectio
2282 290 2345 317 est:
2370 285 2523 325 quoniam
2544 296 2610 316 non

1548 323 1711 354 constituit
1733 323 1889 354 visionem
1912 333 2035 356 eorum.
2075 325 2116 356 Et
2137 326 2199 361 hoc
2222 327 2356 359 intendit
2377 329 2488 360 littera.
2505 347 2526 353 -
2549 330 2611 360 Sed

1548 367 1573 396 si
1598 366 1749 397 referatur
1771 367 1812 398 ad
1835 367 1998 404 exteriora,
2023 368 2066 399 sic
2090 376 2136 400 est
2156 370 2291 410 perfecta
2314 371 2495 404 intellectio.
2521 373 2610 410 Quo-

1547 410 1634 440 niam
1650 420 1724 441 cum
1739 411 1851 442 veritas
1875 411 2032 442 scibilium
2048 422 2115 443 non
2132 415 2337 446 contrarietur
2352 417 2530 447 secundum
2543 420 2611 447 rem

1546 453 1666 484 veritati
1677 453 1759 491 fidei,
1768 465 1825 486 nec
1836 455 2043 496 subterfugiat
2053 456 2249 488 intellectum
2260 465 2405 490 nostrum
2420 460 2610 497 naturalem

1547 504 1577 528 et
1592 507 1722 528 omnem
1748 506 1951 539 apparentem
1975 500 2228 531 contrarietatem
2241 502 2363 534 veritati
2386 503 2460 534 fidei
2475 504 2611 544 perfecte

1546 542 1652 573 videre
1681 549 1712 573 et
1732 542 1906 583 intelligere
1937 553 2110 584 possumus
2132 555 2198 576 non
2222 555 2289 576 esse
2311 556 2418 579 veram
2441 546 2530 590 (quia
2556 555 2612 579 aut

1547 586 1709 626 consurgit
1731 587 1770 618 de
1794 587 1872 618 falso
1897 595 2052 628 conceptu
2076 599 2174 630 quem
2203 589 2358 622 habemus
2384 591 2424 622 de
2447 592 2609 623 creaturis:

1548 637 1579 661 et
1600 630 1686 661 illius
1709 630 1877 663 falsitatem
1899 632 2132 672 deprehendere
2149 643 2333 673 possumuS.
2360 637 2427 667 Aut
2449 636 2611 675 consurgit

1548 684 1585 704 ex
1600 674 1738 711 veritate,
1763 685 1818 706 seu
1837 685 1913 706 vero
1934 684 2090 717 conceptu
2114 683 2282 709 creaturae.
2306 677 2346 708 Et
2363 688 2437 709 cum
2453 683 2518 710 non
2535 688 2610 710 con-

1548 725 1655 758 surgat
1678 728 1715 749 ex
1730 719 1849 750 meritis
1875 720 2024 757 veritatis,
2049 720 2123 762 quia
2147 731 2256 752 verum
2282 731 2357 752 vero
2381 732 2443 753 non
2468 729 2514 754 est
2537 733 2610 754 con-

1548 763 1687 793 trarium
1703 762 1737 799 *;
1757 770 1852 794 restat
1874 769 1928 802 ut,
1952 765 2254 805 comprehendendo
2282 765 2445 796 veritatem
2466 773 2500 797 et
2521 767 2610 807 quod

1547 806 1627 847 quid
1659 812 1706 837 est
1728 806 1812 837 iuius
1836 807 1969 844 scibilis,
1994 809 2227 849 deprehendere
2253 809 2414 849 possimus
2442 811 2610 841 contrarie-

1547 857 1645 881 tatem
1668 850 1763 881 talem
1782 861 1849 882 non
1865 860 1932 882 esse
1946 862 2067 890 veram;
2091 853 2171 883 ratio
2188 853 2274 884 enim
2289 853 2375 894 quod
2389 854 2465 894 quid
2487 860 2534 885 est
2548 855 2611 885 sol-

1546 894 1591 926 vit
1615 903 1727 925 omnes
1751 894 1950 927 difficultates
1974 896 2014 927 de
2036 906 2070 928 re
2091 903 2122 928 et
2145 907 2182 928 ex
2204 907 2237 928 re
2262 895 2475 940 accidentes):
2501 908 2610 935 conse-

1547 948 1649 979 quens
1665 945 1711 970 est
1734 945 1771 970 ut
1784 939 1921 980 perfecte
1934 940 2107 981 intelligere
2130 948 2160 972 et
2180 941 2286 972 videre
2309 941 2470 982 possimus
2484 942 2610 978 nullum

1546 993 1614 1014 esse
1641 982 1674 1013 in
1698 983 1746 1014 his
1769 993 1851 1024 quae
1865 990 1949 1015 extra
1971 983 2069 1016 fidem
2087 985 2180 1016 nobis
2195 992 2271 1016 sunt
2284 985 2391 1026 pervia
2409 986 2611 1019 obstaculum

1546 1027 1718 1067 prohibens
1737 1027 1976 1059 credibilitatem
1993 1038 2107 1060 eorum
2122 1039 2204 1070 quae
2221 1036 2295 1061 sunt
2312 1029 2396 1061 fidei.
2412 1032 2460 1061 Ac
2477 1040 2534 1071 per
2547 1030 2610 1063 hoc

1546 1071 1692 1102 videmus
1715 1080 1782 1102 non
1806 1081 1874 1102 esse
1892 1082 1929 1103 ex
1944 1072 2002 1109 his,
2018 1079 2050 1104 et
2066 1074 2298 1114 proptershaec,
2319 1074 2358 1105 ab
2373 1074 2422 1105 his
2436 1083 2522 1115 quae
2535 1081 2611 1106 sunt

1546 1114 1621 1146 fidei
1644 1116 1864 1148 recedendum.
1888 1116 1976 1147 Idem
1991 1126 2068 1157 ergo
2082 1117 2255 1157 intelligere
2272 1128 2339 1159 quo
2354 1118 2434 1149 nihil
2451 1128 2518 1149 esse
2536 1118 2609 1149 fidei

1549 1159 1743 1190 contrarium
1754 1166 1958 1198 penetramus
1969 1167 2016 1191 est
2029 1160 2203 1201 intelligere
2213 1162 2386 1202 inperfecte
2394 1172 2431 1194 ea
2442 1172 2524 1203 quae
2534 1170 2611 1194 sunt

1547 1201 1632 1238 fidei,
1648 1209 1684 1233 ut
1706 1202 1739 1232 in
1754 1202 1856 1234 littera
1872 1203 2000 1234 dicitur:
2025 1211 2057 1235 et
2075 1214 2150 1236 cum
2168 1205 2241 1242 hoc,
2258 1213 2305 1237 est
2318 1206 2492 1246 intelligere
2509 1206 2610 1247 perfe-

1548 1251 1597 1276 cte
1614 1245 1684 1285 ipsa
1698 1246 1880 1286 apparentia
1894 1257 1961 1278 non
1976 1257 2044 1278 esse
2057 1249 2219 1280 *contraria
2233 1249 2271 1280 iis
2287 1259 2369 1291 quae
2383 1257 2459 1282 suut
2481 1249 2563 1282 fidei.

1235 1418 1552 1460 ARTICULUS
1580 1418 1810 1462 TERTIUS

498 1515 654 1546 UTRUM
678 1513 979 1545 INTELLECTUS
1003 1514 1078 1552 QU1
1103 1515 1183 1546 EST
1207 1515 1364 1547 DONUM
1388 1516 1455 1547 εῖτ
1479 1516 1802 1548 SPECULATwus
1826 1518 2029 1554 TANTUM,
2054 1519 2113 1549 AN
2137 1519 2274 1550 ETIAM
2297 1519 2539 1552 PRACTICUS

1377 1602 1453 1634 Infra,
1473 1607 1519 1627 art.
1539 1601 1563 1632 6.
1582 1604 1615 1628 ad
1640 1602 1663 1628 3.

544 1704 612 1747 fif<
637 1693 659 1717 D
688 1693 847 1718 TERTIUM
867 1692 920 1718 Slc
939 1691 1180 1718 PROCEDITUR.
1201 1681 1362 1718 Videtur
1385 1681 1490 1730 quod

455 1733 457 1735 ’
493 1731 499 1737 ’
554 1725 606 1783 {⁴52
637 1734 845 1770 intellectus
874 1733 939 1781 qui
967 1733 1122 1782 ponitur
1152 1735 1297 1771 donum
1333 1734 1491 1783 Spiritus

546 1807 553 1811 ν
572 1771 766 1826 'fSancti
799 1799 878 1823 non
911 1787 957 1823 sit
988 1786 1194 1835 practicus,
1224 1787 1291 1824 sed
1321 1788 1491 1836 specula—

592 1831 734 1876 tivus
762 1847 920 1876 tanturn.
952 1840 1162 1876 Intellectus
1192 1840 1307 1888 enim,
1327 1849 1368 1877 ut
1397 1840 1489 1877 Gre-

424 1892 553 1940 gorius
573 1892 672 1940 dicit,
693 1893 731 1929 in
752 1893 765 1929 1
785 1893 929 1929 Moral.
954 1892 985 1939 ²¹⁸,
1006 1893 1143 1930 altiora
1166 1893 1352 1942 quaedam
1374 1904 1490 1942 pene-

424 1950 508 1982 trat.
540 1945 617 1982 Sed
647 1958 692 1983 ea
725 1958 824 1994 quae
853 1945 1042 1995 pertinent
1070 1947 1117 1983 ad
1146 1946 1377 1983 intellectum
1405 1957 1490 1995 pra-

425 1998 561 2034 cticum
589 2011 668 2035 non
696 2007 783 2036 sunt
811 2000 900 2048 alta,
930 1998 998 2035 sed
1027 1999 1218 2047 quaedam
1246 1995 1389 2046 infima,
1419 1998 1489 2036 sci-

422 2051 508 2087 llcet
535 2050 747 2100 singularia,
778 2052 875 2089 circa
903 2063 1002 2100 quae
1032 2061 1119 2090 sunt
1147 2060 1262 2090 actus.
1301 2052 1405 2100 Ergo
1434 2051 1488 2089 in—

423 2104 592 2141 tellectus
620 2105 684 2153 qui
714 2105 868 2155 ponitur
901 2105 1046 2142 donum
1075 2117 1154 2142 non
1193 2113 1247 2142 est
1279 2105 1488 2142 intellectus

422 2165 621 2206 practicus.

478 2222 513 2247 2.
549 2210 782 2257 PRAETEREA,
821 2211 1029 2248 intellectus
1062 2211 1127 2259 qui
1161 2219 1216 2248 est
1254 2211 1399 2248 donum
1434 2219 1489 2248 est

424 2262 572 2311 dignius
605 2264 746 2312 aliquid
784 2276 902 2313 quam
938 2264 1147 2301 intellectus
1181 2264 1247 2313 qui
1280 2271 1335 2300 est
1370 2263 1487 2301 virtus

422 2315 693 2354 intellectualis.
725 2317 802 2354 Sed
831 2317 1039 2354 intellectus
1068 2317 1133 2366 qui
1162 2324 1217 2354 est
1243 2316 1364 2353 virtus
1382 2317 1487 2354 intel-

422 2369 590 2406 lectualis
619 2377 675 2406 est
703 2371 827 2406 solum
858 2370 956 2407 circa
975 2369 1208 2407 necessaria:
1237 2378 1278 2406 ut
1300 2377 1403 2419 patet
1419 2381 1490 2419 per

423 2421 716 2472 Philosophum,
745 2423 783 2459 in
810 2423 861 2460 VI
890 2423 1010 2460 Ethic.
1031 2423 1051 2444 ‘³‘
1082 2424 1184 2471 Ergo
1217 2423 1335 2459 multo
1368 2422 1488 2471 magis

423 2475 630 2512 intellectus
669 2476 734 2524 qui
763 2483 819 2513 est
852 2476 998 2513 donum
1031 2484 1086 2512 est
1124 2476 1248 2513 solum
1292 2475 1391 2513 circa
1423 2487 1488 2512 ne-

424 2529 594 2565 cessaria.
632 2529 709 2566 Sed
737 2528 947 2566 intellectus
974 2528 1160 2577 practicus
1189 2541 1268 2566 non
1297 2536 1352 2566 est
1390 2528 1488 2566 circa

423 2581 653 2629 necessaria,
683 2582 752 2619 sed
790 2582 887 2619 circa
921 2581 1174 2631 contingentia
1210 2581 1316 2619 aliter
1347 2593 1387 2618 se
1421 2581 1487 2618 ha-

423 2635 534 2682 bere,
570 2647 667 2683 quae
701 2647 816 2684 opere
845 2636 1016 2672 humano
1055 2634 1137 2672 fieri
1173 2642 1346 2684 possunt.
1384 2634 1486 2684 Ergo

423 2687 631 2724 intellectus
676 2688 741 2737 qui
779 2696 835 2726 est
878 2689 1024 2726 donum
1067 2700 1146 2726 non
1189 2695 1244 2725 est
1279 2688 1487 2725 intellectus

422 2740 618 2789 practicus.

479 2794 513 2831 3.
535 2795 767 2842 PRAETEREA,
798 2794 943 2831 donum
973 2794 1181 2831 intellectus
1205 2793 1362 2830 illustrat
1381 2803 1487 2830 men-

423 2853 502 2883 tem
531 2847 580 2884 ad
609 2859 653 2884 ea
681 2859 779 2896 quae
817 2847 1026 2884 naturalem
1059 2846 1247 2884 rationem
1285 2845 1484 2882 excedunt.

424 2899 503 2936 Sed
541 2899 747 2949 operabilia
783 2901 974 2948 humana,
1011 2911 1175 2950 quorum
1214 2906 1270 2936 est
1299 2897 1487 2949 practicus

424 2951 648 3000 intellectus,
686 2965 764 2990 non
802 2954 990 3000 excedunt
1026 2953 1239 2990 naturalem
1277 2951 1485 2996 rationem,

425 3016 526 3053 quae
555 3005 675 3053 dirigit
701 3008 740 3043 in
760 3006 873 3043 rebus
897 3006 1065 3054 agendis,
1086 3013 1128 3043 ut
1152 3017 1197 3042 ex
1225 3004 1449 3054 supradictis
1467 3004 1488 3026 “

424 3065 538 3106 patet.
577 3059 679 3106 Ergo
716 3059 924 3095 intellectus
956 3059 1021 3108 qui
1051 3066 1106 3095 est
1141 3059 1286 3096 donum
1319 3070 1398 3095 non
1432 3065 1489 3094 est

425 3110 633 3148 intellectus
661 3111 859 3159 practicus.

479 3164 554 3201 SED
583 3175 728 3202 CONTRA
755 3176 822 3202 EST
840 3164 946 3212 quod
972 3163 1104 3202 dicitur
1129 3164 1169 3203 in
1196 3163 1337 3202 Psalm.
1357 3164 1393 3200 *z
1423 3164 1486 3200 In-

426 3217 586 3254 tellectus
614 3218 733 3254 bonus
761 3218 932 3254 omnibus
947 3218 1179 3266 facientibus
1211 3229 1309 3254 eum.

479 3271 705 3307 Responnso
734 3282 919 3307 mesanum
948 3271 1064 3319 quod,
1086 3270 1181 3307 sicut
1210 3269 1352 3307 dictum
1378 3277 1433 3306 est
1456 3270 1487 3315 ²¹⁴,

428 3323 573 3360 donum
592 3323 799 3360 intellectus
819 3335 897 3360 non
917 3324 1042 3361 solum
1064 3336 1104 3361 se
1123 3324 1240 3361 habet
1258 3323 1306 3361 ad
1324 3334 1372 3360 ea
1389 3335 1488 3372 quae

480 3462 506 3494 α)
519 3463 613 3495 finem.
631 3462 746 3496 -fldem
766 3463 795 3488 Ρ.

480 3496 505 3530 β)
520 3501 553 3522 et.
572 3512 590 3516 -
608 3497 669 3523 Om.
688 3497 807 3530 PDleC
825 3502 850 3522 et
867 3505 895 3523 a.

1543 1681 1671 1730 primo
1701 1689 1737 1718 et
1763 1682 2020 1732 principaliter
2039 1684 2179 1721 cadunt
2206 1685 2276 1722 sub
2296 1685 2384 1732 fide,
2405 1685 2475 1723 sed
2493 1685 2608 1724 etiam

1545 1734 1595 1771 ad
1614 1735 1742 1772 omnia
1761 1747 1861 1783 quae
1881 1736 1929 1773 ad
1948 1735 2066 1773 fidem
2088 1736 2322 1775 ordinantur.
2352 1738 2609 1789 Operationes

1545 1794 1672 1824 autem
1692 1787 1817 1825 bonae
1836 1789 2031 1837 quendam
2052 1789 2228 1829 ordinem
2246 1790 2296 1828 ad
2315 1788 2435 1828 fidem
2454 1792 2608 1829 habent:

1545 1852 1635 1878 narn
1652 1841 1765 1888 fides*
1776 1853 1850 1890 per
1877 1842 2110 1879 dilectionem
2130 1842 2321 1892 Operatur,
2340 1850 2382 1880 ut
2399 1845 2609 1894 Apostolus

1545 1893 1645 1941 dicit,
1660 1894 1713 1930 ad
1729 1893 1812 1931 Gal.
1827 1894 1897 1931 v'*.
1924 1895 1973 1932 Et
1992 1895 2080 1932 ideo
2101 1895 2247 1933 donum
2265 1896 2475 1934 intellectus
2495 1897 2609 1937 etiam

1544 1948 1592 1984 ad
1620 1947 1812 1995 quaedam
1842 1946 2050 1997 operabilia
2078 1960 2119 1985 se
2140 1949 2324 1987 extendit:
2353 1961 2432 1987 non
2451 1946 2608 2000 quide'in

1542 2008 1584 2036 ut
1612 1999 1711 2037 circa
1739 2012 1785 2037 ea
1803 2001 2058 2050 principaliter
2084 2009 2274 2049 versetur;
2295 2002 2363 2040 sed
2378 2002 2608 2053 inquantum

1542 2052 1581 2090 in
1610 2053 1766 2101 agendis
1795 2054 2012 2102 regulamur
2038 2054 2247 2092 rationibus
2274 2052 2446 2102 aeternis,
2475 2057 2609 2109 quihus

1542 2106 1811 2155 conspiciendis
1843 2112 1879 2143 et
1904 2107 2156 2154 consulendis,
2186 2107 2399 2146 secundum
2432 2109 2608 2158 Augusti-

1542 2170 1648 2207 num,
1669 2159 1738 2196 XII
1758 2159 1804 2196 de
1826 2159 1862 2196 T
1858 2159 1929 2197 rin.
1951 2160 1983 2205 *,
2004 2160 2175 2197 inhaeret
2187 2161 2362 2210 superior
2379 2162 2488 2208 ratio,
2509 2173 2607 2213 quae

1543 2212 1647 2249 dono
1675 2213 1883 2249 intellectus
1910 2212 2116 2262 perficitur.

1595 2266 1654 2301 AD
1683 2277 1820 2303 ramum
1848 2277 1947 2303 ERGO
1975 2277 2160 2304 DICENDUM
2184 2266 2290 2315 quod
2310 2266 2518 2316 operabilia
2536 2267 2607 2304 hu-

1543 2329 1670 2365 mana,
1700 2318 1912 2357 secundum
1941 2319 2046 2368 quod
2074 2319 2113 2356 in
2140 2331 2180 2356 se
2210 2319 2508 2367 considerantur,
2528 2328 2608 2358 non

1542 2371 1685 2408 habent
1712 2371 1878 2421 aliquam
1908 2371 2149 2409 excellentiae
2168 2371 2418 2410 altitudinem.
2449 2372 2529 2410 Sed*
2550 2379 2607 2423 se‘-

1544 2425 1713 2461 cundum
1742 2425 1850 2472 quod
1877 2425 2092 2462 referuntur
2119 2425 2167 2462 ad
2186 2426 2356 2474 regulam
2376 2425 2468 2474 legis
2487 2422 2605 2464 aete?-

1543 2489 1616 2513 nae
1646 2484 1682 2513 et
1710 2477 1759 2514 ad
1787 2477 1907 2515 finem
1927 2482 1945 2499 ⁴²
1964 2476 2207 2515 beatitudinis
2245 2477 2413 2524 divinae,
2443 2478 2497 2516 sic
2527 2478 2606 2518 alti-
2661 2528 2664 2529 ⁷

1543 2529 1716 2567 tudinem
1752 2530 1914 2579 habent,
1943 2537 1985 2567 ut
2023 2530 2122 2568 circa
2150 2543 2196 2568 ea
2229 2530 2348 2580 possit
2385 2543 2468 2568 esse
2499 2530 2606 2570 intel-

1542 2583 1673 2620 lectus.
2352 2593 2353 2596 ’

1595 2637 1654 2673 An
1670 2647 1861 2673 SECUNDUM
1881 2646 2065 2673 DlCENDUM
2085 2636 2190 2687 quod
2208 2637 2284 2674 hoc
2302 2635 2430 2687 ipsum
2444 2634 2607 2686 pertinet

1542 2688 1590 2725 ad
1611 2688 1839 2738 vdignitatern
1869 2687 1960 2726 doni
1981 2688 2087 2737 quod
2112 2696 2167 2725 est
2185 2689 2408 2738 intellectus,
2428 2689 2606 2739 quod‘in-

1540 2739 1742 2788 telligibilia
1771 2747 1924 2777 aeterna
1949 2741 2013 2778 vel
2041 2741 2254 2779 necessaria
2282 2741 2496 2780 considerat
2526 2747 2606 2780 non

1541 2794 1666 2831 solum
1695 2794 1908 2831 secundum
1937 2794 2043 2841 quod
2073 2795 2111 2830 in
2139 2806 2180 2831 se
2208 2800 2306 2841 sunt,
2327 2793 2395 2831 sed
2415 2794 2535 2833 etiam·
2548 2806 2605 2832 se-

1542 2847 1709 2885 cundum
1728 2846 1833 2896 quod
1854 2854 1940 2883 sunt
1959 2847 2109 2896 regulae
2129 2847 2321 2895 quaedam
2345 2847 2604 2885 humanorum

1541 2907 1713 2937 actuum:
1742 2899 1832 2950 quia
1851 2906 1995 2949 quanto
2014 2899 2134 2936 virtus
2154 2899 2410 2948 cognoscitiva
2429 2900 2606 2951 ad‘plura

1541 2965 1581 2990 se
1611 2952 1788 3001 extendit,
1817 2959 1922 2990 tanto
1951 2952 2115 2990 nobilior
2142 2959 2208 2990 est.
2592 2964 2594 2968 ’

1594 3007 1653 3043 An
1672 3017 1832 3043 Tannum
1860 3017 2044 3043 mesanum
2073 3005 2180 3055 quod
2198 3006 2326 3055 regula
2344 3006 2604 3044 humanorum

1542 3066 1696 3096 actuum
1726 3067 1782 3096 est
1811 3066 1847 3096 et
1865 3057 1881 3089 Ρ
1901 3059 1994 3096 ratio
2021 3059 2193 3096 humana
2220 3066 2258 3096 et
2282 3059 2342 3096 lex
2370 3066 2535 3107 aeterna,
2562 3063 2605 3096 ut

1543 3124 1658 3160 supra
1685 3113 1704 3133 ²⁸
1730 3112 1873 3149 dictum
1907 3119 1973 3149 est.
2012 3113 2093 3148 Lex
2120 3119 2249 3148 autem
2277 3119 2431 3149 aeterna
2459 3110 2605 3149 excedit

1542 3165 1754 3202 naturalem
1790 3165 1988 3203 rationem.
2023 3165 2072 3202 Et
2099 3164 2188 3202 ideo
2217 3164 2380 3213 cognitio
2414 3164 2604 3203 humano-

1542 3230 1629 3255 rum
1656 3225 1813 3255 actuum
1833 3218 2046 3255 secundum
2066 3218 2172 3266 quod
2195 3219 2413 3267 regulantur
2431 3222 2447 3246 Υ
2471 3230 2494 3255 a
2520 3217 2604 3266 lege

1543 3279 1711 3318 aeterna,
1742 3271 1888 3309 excedit
1916 3270 2102 3308 rationem
2134 3270 2362 3318 naturalem,
2397 3277 2432 3307 et
2462 3269 2604 3317 indIget

1542 3324 1819 3373 supernaturali
1846 3324 1990 3362 lumine
2019 3323 2110 3360 doni
2140 3323 2300 3372 Spiritus
2329 3322 2467 3361 Sancti.

1511 3462 1514 3525 Ι
1594 3463 1620 3496 γ)
1641 3463 1809 3496 regulantur.
1827 3476 1845 3482 -
1863 3464 2006 3495 regulatur
2024 3463 2069 3488 Pa.

2637 771 2646 779 ‘
2663 769 2759 791 Aristot.
2782 769 2848 791 Peri-

2636 795 2717 823 herm„
2736 801 2786 824 cap.
2801 802 2849 823 xiv,
2883 805 2885 808 ’

2637 828 2660 854 n:
2667 828 2695 850 ¹3·
2700 833 2711 838 -
2715 822 2847 844 Continuat.

2637 848 2768 879 (gomment.
2777 855 2797 870 ι.
2803 848 2848 870 Th.

2637 875 2724 926 iii’ufftl?
2733 875 2849 931 1332?

2635 1909 2648 1921 ·
2662 1899 2730 1932 vei-L
2743 1896 2766 1932 6.

2634 2160 2795 2227 seem*
2808 2161 2848 2198 ἀ

2729 3059 2745 3094 β

2631 3121 2841 3170 ,ηψπ

2730 3223 2747 3249 Υ
