2892 4056
175 616 183 624 ⁸
199 616 264 637 Vers.
277 622 315 645 30.

175 644 194 652 ⁸·
210 643 276 664 Vei-s.
291 643 326 671 36.

175 887 181 893 '
198 883 264 905 Vers.
280 884 301 905 8.

175 940 182 947 ·
198 937 265 958 Vers.
281 943 307 958 11.

174 1150 182 1159 ·
199 1149 224 1169 1).
240 1147 285 1176 3¹6.

173 1417 180 1424 ·
197 1416 248 1436 Art.
268 1413 372 1442 praeced.

174 1733 181 1741 ”
197 1731 263 1752 Vers.
279 1737 301 1759 7.

178 2756 185 2764 ⁸
201 2755 254 2776 Vid.
274 2761 322 2782 arg.
338 2754 387 2776 Sed

175 2783 266 2803 contra.

418 164 487 211 176

411 241 522 278 sectio
551 248 717 288 naturae,
749 249 990 290 comparatur
1018 241 1064 276 ad
1095 239 1341 288 capacitatem
1362 246 1468 275 natu·
1494 237 1497 288 Ἰ

412 295 528 331 ralem
559 294 654 331 sieut
681 294 892 331 secundum
920 294 967 330 ad
987 292 1167 341 primum.
1197 292 1300 339 Ergo
1318 291 1470 328 videtur

411 347 516 396 quod
536 347 669 383 caritas
689 347 906 383 infundatur
924 345 1135 382 secundum
1162 344 1389 381 naturalium
1411 357 1470 381 ca-

410 399 624 448 pacitatem.

468 453 501 489 3.
536 453 771 496 ΡΒΑΕΤΕΚΕΑ,
810 450 985 486 homines
1024 457 1060 486 et
1097 449 1218 497 angeli
1256 449 1469 486 secundum

414 505 574 542 eandem
596 504 780 540 rationem
802 502 992 539 caritatem
1022 502 1244 551 participant
1262 501 1290 538 ⁶:
1317 502 1405 551 quia
1433 502 1471 539 in

411 557 579 605 utrisque
609 563 662 592 est
690 554 819 592 similis
857 553 1097 592 beatitudinis
1134 555 1228 592 ratio
1245 584 1254 602 ‚
1283 562 1325 592 ut
1351 555 1469 592 habe—

411 619 471 646 tur
499 609 631 646 Matth.
661 620 732 644 xxu
761 607 791 655 ²¹²,
827 616 863 644 et
891 608 983 644 Luc.
1013 620 1060 644 xx
1078 608 1129 644 **.
1157 607 1234 645 Sed
1262 607 1300 644 in
1329 607 1469 656 angelis

412 662 544 700 caritas
574 668 609 697 et
637 660 707 697 alia
736 661 837 697 dona
865 660 1023 708 gratuita
1043 668 1130 698 sunt
1150 661 1237 698 data
1257 661 1467 698 secundum

412 713 659 763 capacitatem
701 713 955 759 naturalium;
998 721 1039 750 ut
1073 714 1254 761 Magister
1292 713 1404 761 dicit,
1435 725 1469 750 111

411 767 493 804 dist.
524 767 555 802 II
585 765 647 802 lib.
669 766 767 803 Sent.
788 766 890 814 Ergo
919 766 1023 804 idem
1043 766 1156 804 etiam
1176 771 1188 787 ⁸
1216 766 1367 803 videtur
1386 779 1468 803 esse

410 820 447 857 in
475 818 707 856 hominibus.

463 873 538 909 SED
567 883 714 909 CONTRA
741 884 807 909 EST
825 872 931 920 quod
959 871 1094 909 dicitur
1113 873 1218 909 Ioan.
1239 884 1274 908 111
1294 871 1330 908 *z
1352 871 1468 920 Spiri-

410 931 467 962 tus
505 925 569 961 ubi
598 925 679 962 vult
711 925 850 973 spirat,·
890 932 925 962 et
953 925 967 961 Ι
1001 925 1052 962 ad
1090 925 1176 962 Cor.
1205 936 1252 961 xu
1281 924 1321 961 *ε
1357 924 1470 961 Haec

410 978 537 1015 omnia
566 983 744 1027 operatur
773 990 868 1015 unus
895 983 932 1014 et
957 977 1053 1014 idem
1091 977 1269 1026 Spiritus,
1303 976 1470 1014 dividens

408 1030 566 1080 singulis
596 1037 715 1079 prout
739 1031 831 1068 vult.
871 1031 972 1078 Ergo
1002 1030 1135 1068 caritas
1165 1030 1275 1069 datur
1307 1042 1386 1067 non
1414 1042 1471 1067 se-

411 1083 580 1120 cundum
610 1083 858 1132 capacitatem
887 1083 1133 1131 naturalium,
1163 1084 1230 1121 sed
1257 1083 1468 1120 secundum

409 1137 647 1174 voluntatem
676 1137 834 1186 Spiritus
857 1138 876 1158 '¹‘
895 1149 963 1174 sua
991 1137 1093 1174 dona
1121 1135 1388 1174 distribuentis.

462 1190 688 1227 RESPONDEO
737 1201 921 1228 nicENDuM
967 1189 1073 1238 quod
1119 1188 1416 1236 uniuscuiusque
1459 1188 1470 1213 ζ

410 1242 598 1290 quantitas
641 1243 832 1292 dependet
865 1255 887 1280 a
922 1242 1077 1291 propria
1119 1254 1233 1279 causa
1271 1241 1338 1278 rei:
1381 1240 1471 1289 quia

409 1295 662 1332 universalior
697 1309 811 1333 causa
843 1295 1022 1333 effectum
1060 1295 1247 1332 maiorem
1281 1293 1468 1344 producit.

410 1349 555 1386 Caritas
584 1356 726 1396 autem,
756 1361 844 1386 cum
880 1348 1153 1397 superexcedat
1180 1347 1469 1397 proportionem

409 1409 567 1439 naturae
592 1403 794 1449 humanae,
819 1409 861 1439 ut
880 1401 1022 1439 dictum
1042 1410 1098 1439 est
1112 1401 1142 1448 ³¹⁸,
1172 1413 1251 1438 non
1279 1400 1471 1450 dependet

410 1467 455 1492 ex
483 1455 610 1504 aliqua
637 1455 797 1493 naturali
823 1455 972 1502 virtute,
993 1456 1060 1493 sed
1089 1467 1134 1491 ex
1154 1454 1235 1491 sola
1254 1453 1370 1501 gratia
1390 1453 1472 1503 Spi-

411 1508 501 1545 ritus
531 1508 658 1545 Sancti
696 1521 780 1546 eam
809 1507 1051 1546 infundentis.
1086 1509 1136 1544 Et
1162 1506 1250 1544 ideo
1284 1505 1471 1556 quantitas

412 1561 571 1598 caritatis
600 1574 678 1599 non
707 1562 896 1612 dependet
924 1573 969 1598 ex
989 1560 1206 1598 conditione
1235 1567 1390 1596 naturae
1410 1560 1471 1597 vel

412 1626 457 1650 ex
477 1615 683 1663 capacitate
702 1615 880 1653 naturalis
899 1614 1066 1660 virtutis,
1096 1614 1164 1651 sed
1188 1613 1314 1650 solum
1343 1625 1388 1649 ex
1405 1625 1471 1650 vo-

410 1667 552 1704 luntate
599 1668 759 1717 Spiritus
807 1667 934 1705 Sancti
971 1666 1223 1704 distribuentis
1260 1678 1329 1703 sua
1371 1665 1472 1703 dona

409 1728 523 1769 prout
541 1720 635 1758 vult.
655 1721 767 1759 Unde
783 1728 819 1757 et
832 1721 1041 1769 Apostolus
1056 1719 1154 1766 dicit,
1171 1719 1223 1755 ad
1233 1719 1368 1767 Ephes.
1386 1731 1420 1755 1v
1435 1720 1470 1754 ²·'‘:

416 1773 623 1822 Unicuique
642 1779 809 1810 nostrum
829 1772 916 1810 data
936 1778 989 1810 est
1004 1772 1132 1823 gratia
1150 1771 1354 1808 secundum
1370 1783 1471 1808 men-

409 1838 540 1863 suram
569 1826 778 1864 donationis
811 1826 957 1863 Christi.

463 1940 488 1974 δ)
508 1940 648 1966 caritatem
662 1939 839 1971 participant.
857 1953 875 1958 -
893 1938 1007 1964 caritate
1021 1938 1189 1971 participant
1207 1937 1336 1967 ABFHln,
1356 1937 1472 1969 partici-

407 1980 477 2010 pant
496 1975 685 2000 beatitudinem
705 1975 752 2000 Pa.

465 2012 488 2043 ε)
507 2011 597 2036 etiam.
614 2024 633 2030 -
652 2011 713 2035 Om.
732 2010 804 2035 PGa.

463 2047 489 2079 ζ)
509 2046 718 2079 uniuscuiusque.
737 2060 755 2064 -
774 2046 814 2070 rei
831 2046 928 2070 addunt
946 2045 993 2069 Pa.
1010 2057 1030 2063 -·
1046 2043 1099 2070 Pro
1118 2043 1307 2072 uniuersalium
1328 2042 1473 2067 virtuosior

412 2083 444 2114 K,
463 2083 502 2107 cui
522 2082 558 2107 sK
578 2082 648 2107 addit
665 2085 692 2106 et
710 2081 831 2106 nobilior.

464 2119 491 2150 η)
507 2121 624 2150 partem.
634 2131 652 2136 —
662 2120 743 2149 parte
756 2117 808 2146 Da,·
824 2123 872 2149 pro
883 2116 972 2145 sortis,
986 2115 1073 2140 sancti
1087 2113 1249 2146 ABEFKpC,
1259 2113 1340 2138 sortis
1354 2112 1442 2138 sancta·
1455 2112 1473 2142 Ι,

1498 1842 1501 1865 l

1073 162 1339 208 QUAESTIO
1369 162 1508 207 XXIV,
1539 162 1834 199 ARTICULUS
1865 163 1913 199 111

1630 240 1688 275 An
1723 251 1859 276 PRIMUM
1893 252 1991 276 ERGO
2024 253 2208 280 met-:Noun
2236 244 2342 292 quod
2378 244 2439 281 illa
2466 244 2586 282 virtus

1524 291 1738 328 secundum
1767 302 1883 340 quam
1913 305 1981 329 sua
2010 293 2111 330 dona
2139 296 2244 332 Deus
2273 297 2336 333 dat
2367 298 2584 347 unicuique,

1525 351 1581 380 est
1618 343 1814 392 dispositio
1849 346 1912 381 vel
1940 347 2178 394 praeparatio
2212 351 2466 398 praecedens,
2505 351 2586 387 sive

1525 403 1682 433 conatus
1710 396 1867 444 gratiam
1897 397 2121 446 accipientis.
2154 400 2230 437 Sed
2256 402 2355 439 hanc
2381 403 2493 439 etiarn
2515 403 2587 440 dis-

1523 449 1751 497 positionem
1779 450 1842 486 vel
1871 458 2049 487 conatum
2079 453 2276 499 praevenit
2304 455 2463 503 Spiritus
2492 456 2586 492 San-

1525 509 1618 549 ctus,
1647 514 1809 539 movens
1839 510 2006 540 mentem
2035 504 2200 541 hominis
2227 507 2290 543 vel
2316 508 2401 556 plus
2428 508 2491 545 vel
2517 508 2586 544 mi-

1524 567 1595 592 nus
1624 555 1837 592 secundum
1866 568 1976 593 suam
2003 557 2253 595 voluntatem.
2282 558 2393 597 Unde
2421 567 2459 598 et
2481 562 2586 610 Apo-

1525 608 1642 645 stolus
1671 607 1770 654 dicit,
1800 608 1852 645 ad
1873 609 2010 646 Coloss.
2041 622 2051 646 1
2077 610 2108 646 *ε
2143 610 2218 653 Qui
2242 611 2377 662 dignos
2406 625 2474 650 nos
2490 614 2587 662 fecit

1525 661 1562 697 in
1585 666 1735 708 partem
1755 666 1773 688 η
1801 662 1910 698 sortis
1936 668 2152 699 sanctorum
2181 663 2218 700 in
2247 663 2400 703 lumine.

1578 714 1636 750 An
1665 725 1854 751 SECUNDUM
1882 726 2066 752 mCENDUM
2095 716 2201 764 quod
2228 716 2353 754 forma
2380 730 2460 755 non
2481 731 2586 757 exce-

1526 765 1578 804 dit
1605 766 1895 815 proportionem
1923 768 2116 815 materiae,
2137 768 2205 806 sed
2224 777 2311 806 sunt
2335 769 2507 808 eiusdem
2525 784 2587 820 ge-

1524 818 1636 856 neris.
1686 819 1864 857 Similiter
1902 820 2015 858 etiam
2050 821 2168 869 gratia
2198 829 2233 859 et
2259 823 2378 870 gloria
2406 823 2456 861 ad
2482 823 2586 862 idem

1524 884 1643 919 genus
1673 872 1900 910 referuntur:
1921 873 2010 923 quia
2025 874 2144 922 gratia
2162 875 2251 912 nihil
2273 883 2327 913 est
2346 875 2446 914 aliud
2470 889 2587 925 quam

1525 924 1717 974 quaedam
1743 925 1937 963 inchoatio
1964 927 2104 974 gloriae
2133 927 2172 965 in
2192 928 2314 966 nobis.
2346 927 2423 966 Sed
2452 930 2586 967 caritas

1526 985 1561 1014 et
1587 985 1720 1015 natura
1748 991 1826 1015 non
1853 979 2043 1027 pertinent
2061 979 2110 1017 ad
2133 980 2241 1018 idem
2269 993 2400 1030 genus.
2431 982 2480 1019 Et
2498 981 2587 1020 ideo

1525 1043 1605 1068 non
1634 1038 1690 1067 est
1717 1031 1847 1068 similis
1877 1031 1983 1068 ratio.

1577 1085 1636 1120 An
1663 1095 1823 1120 TERTluM
1851 1095 2035 1121 morannum
2064 1085 2168 1133 quod
2202 1087 2359 1135 angelus
2394 1095 2450 1124 est
2478 1095 2588 1125 natu-

1525 1148 1589 1173 rae
1618 1133 1630 1157 ⁶
1659 1135 1929 1183 intellectualis,
1960 1145 1997 1173 et
2024 1138 2237 1176 secundum
2264 1151 2374 1177 suam
2403 1140 2586 1179 conditio—

1524 1201 1614 1225 nem
1635 1189 1816 1237 competit
1836 1189 1870 1226 ei
1897 1196 1939 1226 ut
1957 1189 2118 1227 totaliter
2137 1191 2276 1228 feratur
2294 1192 2334 1229 in
2353 1205 2469 1231 omne
2489 1194 2527 1231 id
2547 1194 2587 1231 in

1525 1241 1629 1290 quod
1658 1241 1784 1288 fertur,
1805 1250 1846 1279 ut
1866 1241 1904 1279 in
1922 1242 2053 1279 Primo
2075 1244 2095 1264 *
2122 1243 2293 1281 habitum
2314 1253 2381 1282 est.
2419 1246 2469 1283 Et
2496 1246 2585 1284 ideo

1524 1295 1563 1332 in
1587 1294 1846 1343 superioribus
1874 1295 2015 1343 angelis
2034 1295 2102 1333 fuit
2128 1296 2252 1334 maior
2271 1305 2428 1335 conatus
2457 1306 2493 1335 et
2510 1305 2518 1320 ²
2538 1299 2588 1337 ad

1524 1348 1671 1384 bonum
1692 1347 1730 1384 in
1748 1348 2079 1397 perseverantibus
2103 1357 2140 1386 et
2158 1350 2207 1387 ad
2226 1350 2372 1388 malum
2391 1350 2430 1388 in
2450 1350 2587 1390 caden-

1524 1400 1634 1437 tibus.
1665 1400 1714 1437 Et
1732 1400 1819 1438 ideo
1840 1401 2082 1450 superiorum
2101 1402 2324 1450 angelorum
2343 1404 2589 1453 persistentes

1524 1453 1610 1490 facti
1630 1461 1716 1490 sunt
1740 1454 1917 1491 meliores
1940 1462 1975 1491 et
2004 1455 2181 1492 cadentes
2209 1455 2296 1493 facti
2323 1464 2411 1495 sunt
2438 1457 2589 1507 peiores

1525 1506 1616 1543 aliis.
1648 1506 1724 1544 Sed
1752 1507 1872 1544 homo
1902 1515 1958 1544 est
1986 1507 2176 1545 rationalis
2195 1517 2366 1557 naturae,
2396 1509 2456 1548 cui
2485 1523 2590 1551 com-

1525 1559 1616 1608 petit
1650 1571 1731 1596 esse
1760 1560 1991 1608 quandoque
2025 1561 2063 1598 in
2090 1561 2260 1610 potentia
2293 1570 2330 1600 et
2357 1563 2589 1613 quandoque

1525 1612 1563 1649 in
1592 1619 1689 1649 actu.
1720 1612 1769 1650 Et
1796 1612 1882 1650 ideo
1912 1626 1991 1651 non
2018 1622 2168 1663 oportet
2195 1616 2300 1664 quod
2327 1615 2468 1654 feratur
2495 1624 2590 1655 tota·

1525 1665 1606 1702 liter
1641 1664 1680 1702 in
1708 1665 1746 1702 id
1773 1665 1812 1702 in
1839 1666 1946 1715 quod
1981 1666 2118 1714 fertur;
2157 1668 2225 1705 sed
2261 1667 2342 1706 eius
2373 1669 2439 1719 qui
2475 1670 2591 1708 habet

1527 1717 1685 1756 meliora
1713 1719 1896 1756 naturalia
1923 1727 2048 1768 potest
2076 1733 2159 1758 esse
2189 1720 2315 1759 minor
2352 1729 2525 1770 conatus,
2555 1729 2591 1760 et

1529 1782 1548 1808 e
1578 1782 1781 1808 converso.
1814 1772 1863 1808 Et
1889 1771 1977 1809 ideo
2006 1785 2086 1810 non
2114 1780 2170 1810 est
2197 1768 2347 1812 simile.'

1526 1936 1613 1962 sancti
1622 1939 1651 1962 et
1663 1944 1711 1969 pn,
1729 1937 1863 1963 societatis
1882 1941 1909 1963 et
1921 1946 1961 1969 sa,
1976 1946 2029 1964 orn.
2045 1939 2084 1964 Da
2089 1946 2099 1968 ,·
2115 1939 2141 1964 in
2156 1948 2210 1966 orn.
2223 1940 2404 1974 ABEFHpCK
2413 1946 2438 1967 et
2447 1948 2478 1972 κς
2491 1942 2514 1967 1.
2526 1924 2589 1976 legit

1525 1971 1613 1997 sancti
1631 1978 1680 1997 suo
1697 1976 1790 1997 sancto
1809 1972 1917 1998 lumine.
2559 1977 2562 1979 ’

1578 2005 1603 2040 0)
1624 2010 1784 2033 naturae.--
1800 2011 1827 2033 et
1845 2011 1960 2035 naturae
1981 1998 2184 2042 AaEFancn.
2202 2024 2222 2030 -
2238 2011 2290 2036 Pro
2304 2012 2429 2044 seratur,
2455 2012 2592 2046 resen-aut

1526 2041 1738 2075 ABEFHlKch
1757 2049 1782 2068 et
1800 2051 1845 2069 xa.

1581 2077 1599 2110 ι)
1619 2080 1654 2103 er.
1671 2091 1690 2096 -
1708 2077 1771 2103 Om.
1789 2078 1906 2111 PCsta
1925 2085 1950 2104 et
1967 2087 1993 2105 a.

1084 2183 1417 2217 Commentario
1439 2181 1692 2215 Cardinalis
1713 2183 1914 2217 Caietani

415 2270 462 2332 IN
492 2259 624 2290 articulo
657 2258 749 2288 tertio
778 2256 971 2298 quaestionis
999 2256 1315 2296 vigesimaequartae,
1351 2253 1475 2284 omissis
1500 2271 1502 2286 r

444 2304 569 2334 duobus
593 2301 717 2342 primis,
743 2301 877 2332 dubium
901 2300 1035 2331 occurrit
1059 2299 1241 2339 simpliciter
1260 2305 1291 2329 et
1310 2299 1350 2328 ad
1372 2297 1475 2328 homi-

412 2357 496 2378 nem.
534 2347 617 2377 Nam
647 2349 769 2376 Auctor
791 2346 824 2375 in
848 2345 859 2375 I
883 2344 988 2382 Sem„
1022 2344 1092 2374 dist.
1117 2353 1195 2379 xvn,
1227 2353 1281 2384 qu.
1305 2352 1330 2378 1,
1356 2349 1411 2373 art.
1445 2342 1472 2378 3,

412 2398 573 2422 mensurat
597 2390 756 2420 caritatem
786 2388 962 2420 secundum
986 2394 1137 2419 conatum
1167 2386 1395 2427 recipientium.
1433 2385 1475 2417 Et

412 2436 491 2466 ratio
514 2435 609 2466 dictat
627 2434 725 2475 quod,
743 2444 816 2464 cum
837 2433 946 2464 caritas
968 2432 1153 2463 infundatur
1166 2442 1184 2462 a
1199 2431 1270 2462 Deo
1285 2431 1318 2462 in
1335 2436 1474 2461 creatura

412 2479 568 2517 rationali,
593 2489 630 2510 ex
653 2484 739 2518 parte
763 2478 937 2518 utriusque,
962 2476 1078 2507 scilicet
1100 2475 1219 2516 agentis
1239 2482 1270 2506 et
1285 2474 1472 2514 recipientis,

412 2530 621 2554 mensuretur.
654 2525 775 2553 Auctor
798 2529 904 2552 autem
927 2521 960 2550 in
984 2530 1115 2560 corpore
1139 2519 1259 2550 articuli
1290 2519 1391 2549 solam
1415 2517 1473 2548 Dei

411 2568 609 2598 voluntatem
633 2577 815 2597 mensuram
839 2564 973 2596 caritatis
995 2564 1096 2605 ponit.

464 2612 514 2642 Ad
545 2611 734 2642 evidentiam
770 2610 865 2640 huius
899 2608 977 2639 scito
1007 2608 1096 2650 quod
1126 2607 1292 2648 dupliciter
1326 2605 1474 2646 assignari

412 2663 517 2696 potest
536 2666 629 2686 causa
649 2654 831 2695 quantitatis
855 2653 1003 2684 caritatis:
1029 2652 1144 2683 scilicet
1167 2651 1362 2692 simpliciter;
1387 2657 1474 2686 etex

412 2700 642 2740 suppositione.
681 2699 714 2730 Si
737 2698 898 2739 quaeritur
921 2707 1014 2728 causa
1037 2696 1235 2736 simpliciter,
1267 2695 1311 2725 sic
1337 2701 1384 2725 est
1407 2695 1473 2725 sola

411 2745 559 2775 voluntas
583 2744 641 2774 Dei
664 2744 808 2774 dividens
829 2743 969 2783 singulis
985 2747 1087 2782 prout
1110 2741 1178 2772 vult
1193 2740 1220 2770 *.
1259 2739 1291 2770 Si
1315 2738 1475 2780 quaeritur

413 2799 506 2819 causa
522 2798 558 2818 ex
573 2788 792 2828 suppositione
807 2786 979 2817 voluntatis
999 2785 1121 2816 divinae
1138 2791 1291 2825 tanquam
1306 2782 1476 2823 aequaliter

413 2843 445 2863 se
469 2832 612 2862 habentis
632 2832 671 2863 ad
690 2831 884 2862 infusionem
907 2829 1034 2871 gratiae,
1051 2829 1093 2860 sic
1113 2838 1206 2859 causa
1225 2826 1409 2869 quantitatis
1429 2833 1475 2857 est

414 2883 545 2907 conatus
569 2887 624 2907 seu
649 2876 814 2916 dispositio
837 2875 991 2915 proxima.

468 2920 600 2951 Declaro
617 2920 750 2960 singula.
775 2919 872 2957 Quod
889 2919 973 2950 enim
990 2927 1083 2948 causa
1097 2916 1280 2958 simpliciter
1291 2914 1474 2956 quantitatis

414 2963 547 2995 caritatis
572 2964 610 2994 sit
634 2964 700 2994 sola
723 2964 869 2994 voluntas
893 2963 1007 2999 divina,
1032 2961 1184 3002 probatur
1201 2960 1235 2992 in
1252 2960 1354 2991 littera
1377 2969 1414 2989 ex
1437 2968 1475 2989 eo

414 3008 502 3049 quod
519 3007 627 3038 caritas
639 3008 758 3038 excedit
772 3015 873 3038 totam
890 3014 1018 3038 naturae
1030 3006 1188 3042 virtutem,
1202 3011 1232 3036 et
1246 3009 1475 3045 consequenter

414 3061 546 3082 omnem
569 3052 637 3082 eius
660 3058 810 3082 conatum
835 3058 865 3082 et
888 3050 1139 3091 dispositionem.
1166 3050 1200 3080 In
1225 3049 1317 3079 cuius
1337 3047 1474 3088 signum,

413 3095 541 3127 infimae
564 3102 710 3132 naturae,
735 3095 851 3127 scilicet
874 3096 1047 3131 humanae,
1072 3101 1103 3125 et
1126 3093 1222 3125 etiam
1243 3093 1277 3124 in
1299 3092 1405 3123 anima
1428 3102 1474 3122 se-

415 3140 557 3171 cundum
580 3140 756 3171 naturalem
779 3139 995 3170 conditionem
1018 3138 1257 3179 proportionata
1276 3135 1401 3176 corpori
1416 3136 1473 3167 im-

414 3183 570 3225 perfecto,
603 3184 696 3225 quale
727 3190 772 3214 est
805 3183 930 3214 feminei
955 3193 1055 3219 sexuS‚
1087 3182 1173 3213 dedit
1202 3181 1288 3212 Deus
1321 3180 1475 3211 maiorem

415 3228 575 3259 caritatem
594 3238 691 3270 quam
715 3237 865 3268 supremo
885 3227 1012 3267 angelo:
1037 3233 1102 3257 tam
1126 3226 1211 3257 enim
1234 3225 1339 3256 anima
1358 3223 1475 3255 Christi

415 3282 512 3313 quam
550 3273 657 3303 beatae
687 3271 824 3311 Virginis
861 3271 981 3302 beatior
1013 3277 1059 3301 est
1089 3269 1291 3301 essentialiter
1325 3268 1475 3299 omnibus

415 3316 543 3356 angelis.
568 3316 726 3357 Amplius,
751 3323 882 3346 conatus
906 3315 983 3355 ipse,
1001 3316 1050 3345 cui
1075 3313 1322 3345 commensurari
1338 3323 1374 3343 ex
1389 3320 1475 3353 parte

415 3361 591 3401 recipientis
607 3360 720 3391 dicitur
735 3360 854 3396 caritas,
871 3369 937 3390 non
959 3366 1006 3390 est
1022 3359 1229 3390 condistincta
1252 3367 1345 3390 causa
1367 3363 1474 3388 contra

414 3405 612 3435 voluntatem
642 3404 700 3435 Dei
725 3411 760 3435 ut
788 3410 834 3435 est
860 3403 976 3443 gratiae
1004 3413 1097 3434 causa
1127 3402 1325 3443 simpliciter,
1355 3401 1410 3432 sed
1438 3411 1474 3432 ex

416 3456 502 3489 parte
524 3449 623 3489 ipsius
647 3448 769 3478 divinae
785 3447 956 3478 voluntatis
980 3457 1013 3477 se
1036 3454 1132 3478 tenet:
1157 3454 1193 3477 ut
1215 3447 1248 3476 in
1267 3445 1473 3486 responsione

1528 2253 1568 2283 ad
1591 2253 1732 2294 primum
1754 2257 1876 2286 Auctor
1899 2255 1974 2286 dicit
1996 2263 2027 2287 et
2049 2258 2171 2296 probat,
2195 2257 2270 2298 quia
2293 2258 2428 2298 Spiritus
2446 2258 2589 2295 Sanctus,

1529 2308 1660 2329 causans
1691 2298 1866 2335 caritatem,
1897 2299 2056 2340 dignificat
2079 2311 2209 2341 quoque
2239 2302 2434 2342 receptivum
2464 2302 2537 2343 plus
2560 2309 2592 2334 et

1528 2342 1634 2372 minus
1665 2350 1762 2382 prout
1794 2353 1920 2374 causare
1951 2344 2085 2375 intendit
2118 2345 2294 2382 caritatem,
2325 2345 2411 2377 iuxta
2442 2346 2591 2388 Apostoli

1528 2386 1704 2417 doctrinam
1737 2387 1863 2418 allatam
1892 2387 1925 2418 in
1955 2388 2067 2420 littera.
2090 2405 2112 2412 —-
2141 2389 2239 2426 Quod
2268 2396 2396 2426 autem,
2426 2390 2591 2431 supposita

1527 2430 1633 2461 divina
1647 2431 1808 2462 voluntate
1828 2439 1981 2472 tanquam
1997 2433 2170 2473 aequaliter
2184 2443 2219 2464 se
2241 2433 2375 2464 habente
2395 2435 2435 2464 ad
2455 2434 2591 2466 infusio·

1527 2484 1602 2505 nem
1622 2475 1765 2511 caritatis,
1786 2485 1822 2505 ex
1841 2483 1928 2516 parte
1948 2476 2164 2517 dispositionis
2193 2477 2355 2518 proximae
2379 2488 2435 2509 seu
2459 2485 2591 2510 conatus

1525 2518 1704 2550 attendatur
1715 2519 1872 2560 quantitas
1885 2519 2028 2557 caritatis,
2040 2521 2245 2552 manifestum
2257 2527 2313 2553 est.
2321 2539 2342 2545 -
2354 2519 2395 2553 Et
2410 2522 2487 2564 quia
2495 2522 2590 2556 altius

1527 2569 1574 2593 est
1591 2562 1747 2593 iudicium
1763 2564 1939 2594 secundum
1955 2574 2083 2595 causam
2105 2565 2287 2606 simpliciter
2301 2576 2399 2607 quam
2413 2566 2591 2597 secundum

1527 2617 1655 2638 causam
1675 2617 1711 2637 ex
1734 2608 1964 2648 suppositione,
1989 2609 2061 2639 ideo
2085 2611 2217 2647 Auctor,
2241 2609 2346 2650 seipso
2370 2610 2503 2647 doctior,
2527 2611 2590 2642 hoc

1526 2651 1560 2682 in
1582 2651 1655 2682 loco
1672 2651 1888 2692 quantificavit
1911 2652 2070 2683 caritatem
2095 2663 2131 2683 ex
2151 2663 2246 2684 causa
2268 2654 2460 2694 simpliciter,
2482 2655 2538 2696 qui
2556 2654 2590 2684 in

1528 2694 1540 2725 1
1564 2694 1650 2725 Sent.
1676 2695 1932 2736 quantificaverat
1954 2707 2025 2727 eam
2049 2707 2085 2727 ex
2109 2707 2202 2728 causa
2225 2707 2262 2727 ex
2285 2698 2516 2738 suppositione.

1583 2740 1650 2769 Nec
1664 2747 1710 2770 est
1727 2749 1838 2771 verum
1855 2741 1944 2781 quod
1955 2741 2035 2772 ratio
2047 2741 2143 2772 dictet
2157 2741 2190 2771 in
2206 2741 2363 2772 creatione
2380 2742 2456 2772 novi
2471 2741 2590 2773 ordinis

1526 2793 1633 2813 rerum
1656 2783 1864 2824 quantitatem
1888 2790 2062 2815 creatarum
2085 2795 2191 2815 rerum
2214 2785 2388 2816 mensurari
2406 2786 2518 2816 debere
2541 2796 2590 2816 se-

1528 2827 1670 2858 cundum
1694 2827 1860 2869 receptiva:
1885 2828 2030 2869 quamvis
2059 2828 2120 2859 hoc
2144 2828 2256 2859 habeat
2278 2829 2387 2860 locum
2410 2829 2442 2860 in
2467 2829 2590 2861 actione

1528 2871 1775 2911 dependentium
1796 2882 1813 2902 a
1833 2872 2007 2912 receptivis,
2022 2873 2073 2903 vel
2095 2879 2316 2913 coaptatorum
2336 2873 2518 2905 naturaliter
2533 2874 2591 2904 eis-

1527 2915 1610 2952 dem,
1628 2923 1662 2947 ut
1679 2923 1724 2946 est
1738 2916 1777 2946 de
1793 2916 1898 2947 anima
1912 2916 2056 2948 rationali
2080 2924 2223 2958 respectu
2239 2917 2388 2948 materiae
2407 2924 2438 2949 et
2453 2917 2591 2949 aliorum

1527 2960 1729 2991 naturalium.
1753 2959 1874 2991 Caritas
1889 2959 2046 3002 siquidem
2061 2961 2101 2991 ad
2116 2970 2218 2992 novae
2233 2966 2404 2992 creaturae
2413 2961 2431 2982 *
2445 2961 2591 2995 ordinm

1527 3010 1655 3044 spectat.
1683 3003 1725 3035 Et
1747 3004 1830 3040 ideo,
1855 3004 2038 3045 simpliciter
2059 3004 2234 3046 loquendo,
2259 3011 2324 3036 tam
2347 3004 2449 3046 ipsius
2469 3004 2589 3041 infusio

1528 3057 1626 3090 quam
1649 3048 1815 3089 dispositio
1837 3049 1878 3079 ad
1893 3058 1974 3085 earn,
1991 3049 2183 3090 inquantum
2206 3057 2252 3081 est
2268 3049 2434 3090 dispositio
2454 3049 2589 3087 adeam

1527 3093 1566 3124 ad
1581 3102 1679 3124 unam
1694 3099 1724 3124 et
1738 3093 1872 3124 eandem
1888 3103 2017 3125 causam
2035 3100 2163 3133 spectat,
2179 3103 2261 3134 quae
2283 3101 2330 3124 est
2344 3102 2438 3125 causa
2455 3091 2590 3126 cunnus

1528 3136 1719 3177 simpliciter,
1743 3147 1826 3178 quae
1848 3144 1895 3168 est
1918 3137 2023 3168 divina
2047 3138 2205 3169 voluntas.
2514 3171 2516 3175 y
2580 3156 2585 3177 ,¹

1584 3180 1623 3212 Et
1647 3181 1722 3212 haec
1746 3188 1791 3212 est
1814 3191 1887 3212 vera
1909 3188 1939 3213 et
1962 3181 2103 3212 formalis
2127 3181 2254 3213 decisio.
2290 3181 2375 3213 Cum
2399 3188 2507 3213 autem
2534 3181 2590 3220 ati-f

1528 3225 1640 3255 diveris
1664 3233 1718 3257 aut
1740 3225 1853 3256 videris
1876 3225 2102 3266 distinguentes
2133 3226 2239 3256 Deum
2269 3235 2305 3256 ex
2329 3235 2407 3264 una,
2432 3232 2462 3256 et
2485 3225 2589 3267 dispo-

1528 3269 1656 3299 sitiones
1686 3277 1808 3300 nostras
1832 3279 1868 3300 ex
1892 3269 1987 3300 altera
2009 3277 2096 3310 parte
2127 3279 2252 3306 causas,
2277 3276 2314 3300 ut
2336 3269 2406 3300 Deo
2435 3269 2590 3300 tribuatur

1527 3314 1559 3343 id
1584 3314 1672 3354 quod
1696 3314 1783 3344 solus
1807 3314 1891 3350 facit,
1917 3314 2009 3344 nobis
2037 3321 2144 3344 autem
2173 3314 2204 3344 id
2228 3314 2316 3354 quod
2344 3323 2400 3354 per
2423 3323 2482 3343 nos
2505 3312 2587 3348 facit,

1528 3368 1594 3388 non
1612 3358 1798 3388 contendes:
1823 3359 1876 3388 sed
1900 3365 2061 3389 memento
2085 3357 2277 3398 apostolicae
2301 3357 2488 3389 sententiae:
2513 3357 2586 3389 Non

1528 3402 1594 3432 alta
1617 3403 1785 3442 sapientes,
1810 3402 1866 3432 sed
1887 3402 2059 3433 humilibus
2082 3402 2311 3433 consentientes
2325 3401 2351 3431 *.

1583 3446 1669 3477 11.1n
1689 3446 1896 3486 responsione
1915 3447 1954 3476 ad
1968 3446 2100 3477 'tertium
2120 3446 2152 3476 in
2172 3446 2286 3476 eodem
2305 3444 2436 3475 articulo
2453 3444 2587 3475 dubium
2606 3465 2609 3469 -

2614 625 2623 635 ·
2637 621 2703 644 Vers.
2720 627 2748 643 12.

2712 1135 2726 1161 θ

2614 1251 2623 1260 ·
2632 1249 2680 1277 Qu.
2687 1255 2744 1276 mi,
2752 1249 2826 1271 amfi.

2716 1303 2725 1319 ι

2618 2963 2627 2974 “
2640 2962 2678 2984 Ad
2692 2961 2760 2988 Gal„
2776 2967 2827 2989 cap.

2615 2995 2645 3017 vi,
2660 2994 2720 3011 vera.
2734 2994 2763 3016 ¹⁵·

2615 3399 2625 3410 ⁸*
2638 3398 2677 3420 Aa
2689 3399 2753 3420 Rom.
2773 3404 2824 3427 cap.

2614 3431 2654 3452 ιιι,
2669 3431 2729 3448 vera.
2744 3425 2775 3447 ιδ.
