2892 4056
232 777 441 823 ’LiInXXXLc-ap1³

231 809 284 825 xm.
300 804 328 824 al.
348 810 387 824 vm

231 834 275 851 vet.
292 836 313 850 x.

225 2584 232 2590 “
248 2582 314 2603 Vers.
324 2588 361 2629 ἇς.

224 2610 233 2618 ’
245 2611 268 2629 et
277 2615 322 2636 quo
340 2615 388 2630 cum

224 2635 350 2662 ligaveris.
359 2651 362 2656 .
371 2651 376 2656 .

395 819 400 829 γ

390 2615 434 2636 que

393 2641 433 2656 so·-

223 2661 293 2682 lueum
309 2664 331 2683 et
345 2662 367 2682 in
378 2667 431 2682 cae-

223 2688 266 2708 lis:
278 2688 355 2708 claves
364 2694 390 2709 re
408 2688 434 2708 ni

223 2715 341 2735 caelorum

223 2740 275 2761 add.
292 2741 315 2761 P.

223 2769 232 2777 ·
248 2766 315 2788 Vers.
331 2773 360 2793 ¹7·

393 2714 433 2735 icit

484 217 559 253 330

475 296 625 332 homine
644 296 747 332 credi
758 301 888 343 potest.
918 298 968 332 Et
985 308 1068 332 cum
1090 298 1290 345 negaveris
1308 299 1409 346 quod
1428 300 1531 347 petit,

475 348 675 384 indicanda
695 354 748 384 est
764 349 800 384 ei
817 348 969 384 iustitia:
994 354 1030 383 et
1047 348 1178 384 melius
1197 350 1234 385 ei
1249 350 1392 398 aliquid
1410 352 1531 397 dahis,
1559 374 1561 383 ι

475 411 560 436 cum
583 406 767 448 petentem
797 400 928 436 iniuste
955 401 1178 436 correxeris.

474 505 578 551 quod
595 513 649 541 est
663 504 884 540 scandalum
906 505 1210 542 Pharisaeorum.
1232 506 1281 542 Et
1294 515 1450 556 propter
1466 520 1532 544 eos

473 558 537 605 qui
565 557 617 593 sic
645 557 823 593 scandala
852 557 1041 594 concitant
1073 569 1151 594 non
1184 566 1270 595 sunt
1307 561 1531 608 temporalia

473 609 712 645 dimittenda:
743 609 830 657 quia
850 610 924 645 hoc
944 617 981 646 et
1000 618 1156 647 noceret
1183 611 1287 648 bono
1318 614 1530 660 communi,

472 661 622 697 daretur
651 661 751 698 enirn
781 662 888 698 malis
917 662 1089 710 rapiendi
1118 664 1286 708 occasio;
1318 671 1353 700 et
1378 674 1533 702 noceret

469 714 557 761 ipsis
577 712 590 735 δ
609 714 852 762 rapientibus,
870 714 933 762 qui
954 715 1152 752 retinendo
1173 716 1296 752 aliena
1315 716 1353 753 in
1373 726 1531 765 peccato

469 774 721 803 remanerent.
752 767 863 804 Unde
890 767 1094 815 Gregorius
1125 768 1228 814 dicit,
1259 769 1298 805 in
1325 770 1469 807 Moral.
1490 770 1530 807 *z

472 819 645 863 Quidam,
657 819 746 855 dum
762 820 985 867 temporalia
1002 822 1107 857 nohis
1121 821 1283 869 rapiunt,
1294 822 1529 860 solummodo

466 877 553 907 sunt
564 872 764 908 tolerandi:
784 873 936 920 quidam
951 884 1054 919 vero,
1070 880 1219 910 servata
1234 875 1428 922 aequitate,
1438 887 1531 924 pro-

467 924 637 968 hibendi,·
674 937 747 961 non
776 926 856 962 sola
886 937 980 962 cura
1015 938 1062 962 ne
1093 932 1221 964 nostra
1248 928 1528 975 subtrahantur,

466 977 531 1012 Sed
549 989 595 1013 ne
614 979 799 1025 rapientes
827 990 901 1015 non
926 991 996 1015 sua
1015 980 1227 1028 semetipsos
1248 981 1421 1028 perdant.

519 1030 569 1066 Et
595 1042 664 1078 per
691 1031 766 1067 hoc
794 1038 897 1079 patet
925 1032 1064 1068 solutio
1094 1033 1143 1069 ad
1171 1033 1352 1081 primum.

519 1083 577 1118 An
615 1094 805 1120 SECUNDUM
840 1095 1024 1122 DtCENDUM
1056 1085 1162 1133 quod
1201 1086 1230 1122 si
1264 1086 1406 1134 passim
1443 1099 1528 1134 per-

467 1134 678 1172 mitteretur
706 1137 815 1173 malis
843 1137 1066 1174 hominibus
1103 1146 1144 1174 ut
1179 1138 1301 1175 aliena
1331 1148 1527 1187 raperent,

465 1196 639 1235 vergeret
675 1189 749 1225 hoc
784 1190 821 1226 in
850 1190 1118 1226 detrimentum
1155 1191 1323 1228 veritatis
1358 1192 1458 1228 vitae
1492 1199 1529 1228 et

465 1240 637 1278 iustitiae.
668 1242 716 1278 Et
734 1242 821 1279 ideo
850 1255 927 1279 non
958 1250 1108 1291 oportet
1135 1250 1292 1292 propter
1316 1244 1528 1291 quodcum-

465 1305 540 1341 que
569 1294 790 1331 scandalum
819 1295 1043 1344 temporalia
1073 1295 1219 1332 dimitti.

1127 219 1392 264 QUAESTIO
1421 222 1559 269 XLIII,
1589 223 1885 260 ARTICULUS
1913 224 1999 260 VIII

1589 299 1692 336 tione
1716 301 1889 348 Apostoli
1919 314 2077 339 monere
2106 304 2209 351 quod
2239 305 2343 342 cibus
2372 306 2534 343 totaliter
2561 319 2647 355 pro-

1587 360 1671 399 pter
1699 354 1919 389 scandalum
1950 355 2176 392 dimittatur:
2214 357 2304 404 quia
2335 370 2488 395 sumere
2517 359 2646 396 cibum

1559 440 1560 448 ἵ
1589 412 1644 440 est
1673 404 1720 441 de
1754 406 1977 443 necessitate
2014 407 2156 444 salutis.
2200 409 2277 446 Sed
2313 410 2428 447 talis*
2449 411 2554 448 cibus
2592 419 2648 448 est

526 452 743 500 Aliquando
763 464 857 488 vero
884 453 1104 488 scandalum
1125 453 1291 490 nascitur
1315 467 1358 491 ex
1379 456 1530 502 malitia,
1558 469 1560 488 i

1587 464 1742 505 propter
1771 458 1993 495 scandalum
2024 460 2288 498 dimittendus:
2318 463 2530 500 secundum
2555 464 2646 501 illud

1587 510 1673 546 Iad
1695 510 1781 546 Cor.
1801 522 1863 547 vin
1882 511 1919 548 *2
1948 513 2039 549 Non
2069 513 2306 551 manducabo
2335 526 2488 552 carnem
2517 516 2555 552 in
2583 528 2645 553 ae—

1585 567 1750 608 ternum,
1781 575 1827 599 ne
1849 565 2018 611 fratrem
2048 576 2173 602 meum
2201 567 2461 616 scandalizem.

1638 616 1697 651 Au
1726 626 1898 656 QUARTUM
1927 629 2111 654 DlCENDUM
2139 618 2245 666 quod
2277 620 2489 657 secundum
2514 622 2644 667 Augu-

1585 667 1748 714 stinum,
1786 667 1824 704 in
1861 669 1956 706 libro
1995 671 2041 714 de
2068 671 2187 707 Serm.
2225 671 2338 708 Dom.
2377 672 2413 708 in
2450 671 2642 720 Monte*,

1584 719 1672 757 illud
1704 729 1951 770 praeceptum
1988 723 2145 759 Domini
2182 731 2237 759 est
2272 723 2557 771 intelligendum
2587 738 2643 762 se-

1585 774 1753 809 cundum
1773 775 2106 822 praeparationem
2135 775 2270 812 animi:
2300 784 2341 812 ut
2366 776 2506 817 scilicet
2524 778 2642 814 homo

1585 825 1630 861 sit
1649 833 1802 874 paratus
1821 827 1926 875 prius
1949 828 2028 876 pati
2056 827 2231 864 iniuriam
2250 829 2312 865 vel
2332 829 2506 866 fraudem
2527 842 2642 878 quam

1584 877 1765 915 iudicium
1804 879 1951 926 subire,
1990 881 2020 917 si
2057 881 2132 917 hoc
2169 881 2355 929 expediat.
2398 881 2643 931 Quandoque

1583 938 1713 967 tamen
1742 943 1820 968 non
1849 933 2018 981 expedit,
2052 941 2094 970 ut
2122 934 2265 970 dictum
2296 941 2351 970 est
2368 933 2399 971 *.
2421 956 2445 962 -
2465 935 2514 971 Et
2541 935 2643 971 simi-

1583 983 1664 1020 liter
1691 984 1976 1032 intelligendum
2007 994 2062 1022 est
2088 987 2250 1023 verbum
2279 987 2464 1035 Apostoli.

1635 1039 1694 1073 An
1723 1048 1885 1079 QUlNTuM
1913 1050 2097 1076 mcENDuM
2134 1040 2239 1088 quod
2277 1041 2501 1077 scandalum
2537 1040 2642 1088 quod

1581 1088 1725 1125 vitabat
1747 1091 1955 1137 Apostolus
1982 1103 2027 1127 ex
2053 1092 2264 1139 ignorantia
2291 1093 2525 1141 procedebat
2552 1105 2641 1140 gen-

1581 1141 1722 1188 tilium,
1762 1142 1827 1189 qui
1855 1143 1929 1179 hoc
1958 1155 2037 1180 non
2071 1153 2362 1182 consueverant.
2401 1147 2450 1182 Et
2477 1145 2565 1182 ideo
2594 1146 2642 1183 ad

1581 1200 1733 1241 tempus
1761 1194 2032 1232 abstinendum
2061 1204 2151 1244 erat,
2172 1204 2213 1234 ut
2239 1197 2344 1246 prius
2372 1198 2644 1236 instruerentur

1581 1245 1656 1281 hoc
1685 1258 1767 1283 esse
1788 1246 1971 1288 debitum.
1990 1268 2015 1276 -
2044 1249 2093 1285 Et
2121 1261 2166 1285 ex
2193 1249 2303 1287 simili
2331 1263 2445 1288 causa
2472 1251 2643 1288 Ecclesia

1581 1298 1743 1335 abstinet
1771 1300 1818 1336 de
1848 1299 2005 1337 decimis
2035 1301 2226 1349 exigendis
2254 1302 2293 1339 in
2321 1303 2428 1339 terris
2447 1303 2485 1340 in
2505 1304 2642 1352 quibus

517 1348 576 1382 An
604 1359 764 1384 TERTIUM
793 1360 978 1385 mcaNDUM
1006 1349 1111 1395 quod
1142 1361 1221 1385 non
1247 1356 1303 1385 est
1332 1348 1379 1385 de
1408 1349 1528 1386 inten-
1553 1347 1556 1399 1
1579 1363 1657 1387 non
1689 1359 1744 1388 est
1773 1360 2000 1389 consuetum
2030 1354 2198 1391 decimas
2225 1355 2386 1392 solvere.

517 1459 541 1492 δ)
562 1460 635 1491 ipsn’s.
652 1473 671 1479 -
689 1461 768 1485 etiam
788 1461 819 1498 A,
838 1468 892 1485 om.
911 1461 938 1485 P.

1631 1464 1653 1498 ε)
1673 1465 1744 1491 talis.
1762 1479 1782 1484 -
1800 1466 1872 1498 quod
1891 1466 1953 1491 talis
1972 1466 2001 1491 Ρ.

1140 1532 1470 1566 Commentario.
1493 1533 1742 1567 Oairdinalis
1764 1535 1965 1569 Caietam

495 1621 514 1640 N
538 1611 671 1641 articulo
695 1618 818 1647 octavo,
843 1611 875 1641 in
899 1611 1054 1652 principio
1079 1612 1234 1652 corporis,
1261 1619 1336 1643 nota
1360 1612 1525 1653 diligenter

467 1625 584 1695 Iquod
607 1655 688 1685 sicut
711 1665 825 1694 magna
848 1662 895 1686 est
916 1655 1087 1688 differentia
1111 1657 1191 1687 inter
1208 1657 1471 1688 communitatem
1494 1664 1524 1688 et

461 1705 597 1729 rectores
619 1699 703 1729 illius
727 1706 869 1739 respectu
886 1700 1046 1730 bonorum
1071 1701 1307 1731 communium:
1332 1701 1407 1741 quia
1422 1708 1523 1732 rector

463 1749 508 1773 est
531 1742 611 1772 sicut
634 1743 842 1782 depositarius
865 1750 895 1773 et
919 1744 1131 1783 dispensator,
1155 1744 1223 1784 ipsa
1245 1754 1320 1774 vero
1345 1746 1523 1776 communi—

461 1794 508 1817 tas
532 1793 578 1816 est
600 1787 731 1817 domina
763 1797 868 1817 rerum
894 1796 1040 1824 suarum;
1073 1798 1107 1818 ac
1131 1798 1186 1828 per
1209 1789 1285 1824 hoc,
1310 1790 1523 1820 communitas

462 1841 527 1861 non
551 1838 675 1861 tenetur
698 1831 738 1861 ad
761 1832 1011 1861 conservandum
1036 1832 1120 1861 bona
1144 1842 1210 1868 sua,
1235 1832 1308 1863 licet
1321 1839 1456 1863 rectores
1480 1840 1523 1864 te-

461 1881 594 1905 neantur
609 1875 648 1905 ad
665 1875 946 1911 conservationem,
964 1876 1045 1906 sicut
1067 1876 1247 1915 depositarii
1267 1877 1427 1907 bonorum
1451 1878 1523 1908 alie-

462 1929 588 1955 norum,
613 1926 685 1955 etc.;
701 1919 780 1949 -ita
800 1929 914 1959 magna
938 1926 983 1950 est
1006 1919 1178 1950 differentia
1200 1920 1280 1951 inter
1296 1921 1451 1960 praelatos
1467 1922 1524 1952 Ec—

462 1964 581 1999 clesiae,
597 1963 789 1995 includendo
806 1964 901 1994 etiam
915 1965 1043 2004 Papam,
1061 1971 1091 1995 et
1113 1964 1216 2004 ipsam
1230 1964 1414 1997 Ecclesiam.
1439 1966 1523 2003 Quia

461 2018 518 2038 nec
541 2008 626 2047 Papa
649 2018 705 2038 nec
730 2007 842 2048 aliquis
865 2008 1021 2048 praelatus
1045 2015 1091 2039 est
1115 2008 1265 2039 dominus
1289 2018 1394 2039 rerum
1416 2010 1522 2040 Eccle-

461 2052 538 2087 siae,
564 2052 618 2082 sed
648 2051 787 2082 Ecclesia
816 2052 884 2092 ipsa
915 2058 961 2082 est
984 2052 1127 2082 domina:
1159 2052 1234 2093 quia
1264 2053 1432 2084 donatores
1455 2064 1522 2084 non

461 2097 581 2126 donant
604 2103 635 2126 et
657 2096 848 2126 transferunt
875 2096 943 2126 iura
968 2107 1024 2126 sua
1047 2096 1080 2126 in
1102 2096 1222 2136 Papam
1254 2103 1309 2127 aut
1335 2098 1521 2137 praelatum,

460 2140 515 2170 sed
543 2140 575 2170 in
603 2140 777 2171 Ecclesiam
804 2140 982 2170 Romanam
1005 2141 1057 2170 vel
1079 2141 1184 2172 talem.
1220 2141 1261 2172 Et
1287 2148 1453 2182 propterea
1483 2143 1521 2173 de

460 2184 604 2224 praelatis
627 2184 740 2214 dicitur
763 2184 795 2214 in
819 2184 920 2214 littera
935 2185 1023 2224 quod
1047 2191 1193 2215 tenentur
1216 2186 1254 2215 de
1277 2186 1460 2217 necessitate
1475 2197 1521 2217 sa-

459 2228 533 2259 lutis
567 2229 604 2258 ad
629 2228 902 2259 conservationem
933 2229 1093 2259 bonorum
1117 2229 1288 2260 Ecclesiae:
1321 2239 1386 2260 non
1413 2238 1521 2261 autem

459 2273 521 2302 hoc
536 2272 649 2303 dicitur
672 2273 710 2302 de
726 2272 794 2312 ipsa
817 2272 966 2308 Ecclesia,
984 2283 1066 2313 quae
1081 2279 1127 2303 est
1150 2273 1290 2310 domina,
1315 2284 1396 2314 quae
1418 2281 1522 2314 potest

460 2317 498 2346 de
515 2316 579 2346 suis
596 2316 762 2357 disponere
784 2316 865 2347 sicu't
880 2316 1020 2347 domina.
1043 2317 1110 2347 Nec
1130 2325 1232 2357 putes,
1249 2325 1416 2358 propterea
1432 2319 1520 2359 quod

459 2361 544 2400 Papa
563 2361 656 2391 habet
669 2360 900 2400 plenitudinem
917 2361 1080 2400 potestatis
1095 2361 1328 2398 ecclesiasticae,
1345 2362 1462 2403 [quod]
1479 2363 1520 2394 ob

459 2405 521 2434 hoc
537 2404 639 2444 possit
650 2405 689 2434 de
704 2405 797 2434 bonis
813 2404 970 2435 Ecclesiae
980 2405 1147 2444 disponere
1158 2406 1239 2436 sicut
1253 2413 1359 2446 potest
1372 2407 1521 2438 Ecclesia.

461 2449 624 2485 Quoniam
648 2449 814 2488 plenitudo
844 2449 1008 2488 potestatis
1038 2449 1262 2480 ecclesiasticae
1290 2450 1389 2489 ipsius
1417 2451 1521 2491 Papae

460 2492 643 2532 intelligitur
665 2492 698 2523 in
722 2492 936 2532 spiritualibus
959 2499 1098 2523 tantum:
1123 2494 1161 2523 de
1185 2494 1412 2533 temporalibus
1436 2495 1521 2525 enim

459 2536 493 2566 in
509 2536 619 2567 ordine
643 2537 683 2566 ad
707 2536 879 2576 spiritualia
902 2543 1092 2576 potestatem
1109 2537 1210 2568 habet.
1235 2538 1326 2568 Hanc
1350 2538 1435 2568 enim
1459 2539 1521 2579 spi—

460 2580 605 2611 ritualem
622 2587 811 2621 potestatem
827 2580 913 2611 dedit
929 2580 1074 2611 Christus
1089 2581 1192 2617 Petro,
1211 2582 1321 2613 Matth.
1336 2593 1388 2612 xvr
1402 2582 1432 2612 *:
1455 2583 1523 2613 Tibi

459 2625 540 2655 dabo
556 2626 661 2655 claves
677 2626 772 2666 regni
787 2625 948 2655 caelorum
961 2624 987 2661 *‚
1006 2632 1036 2654 et
1047 2634 1114 2655 non
1130 2627 1226 2666 regni
1238 2626 1350 2657 mundi
1359 2627 1464 2657 huius.
1481 2627 1522 2658 Et

460 2669 655 2708 spiritualem
679 2669 785 2699 cibum
809 2669 969 2699 mandavit
993 2669 1149 2705 dandum,
1174 2670 1262 2700 Ioan.
1286 2671 1342 2701 ult.
1366 2670 1398 2701 *ε
1422 2672 1522 2702 Pasce

459 2723 533 2744 oves
549 2723 644 2743 meas.
670 2713 761 2743 Unde
777 2713 819 2743 ita
842 2720 989 2743 tenentur
1004 2713 1043 2742 ad
1066 2713 1299 2744 restitutionem
1322 2714 1378 2755 qui
1397 2725 1415 2745 a
1438 2715 1523 2754 Papa

459 2758 544 2787 bona
567 2757 723 2787 Ecclesiae
754 2767 812 2797 pro
835 2757 924 2788 libito
954 2758 1057 2797 Papae
1088 2757 1282 2794 habuerunt,
1308 2765 1343 2789 ut
1366 2758 1520 2795 ditentur,

460 2801 633 2832 exaltentur
657 2808 687 2831 et
711 2800 959 2840 magnificentur,
984 2801 1064 2832 sicut
1087 2801 1143 2842 qui
1167 2803 1205 2832 ab
1222 2802 1289 2832 aliis
1313 2802 1459 2842 praelatis
1483 2803 1523 2833 si-

460 2845 545 2875 milia
564 2845 722 2875 Ecclesiae
746 2846 830 2875 bona
861 2852 1057 2885 acceperunt.
1090 2845 1204 2876 Omnis
1229 2856 1367 2887 namque
1391 2846 1521 2877 donatio

460 2889 683 2919 ecclesiasticae
711 2889 754 2919 rei
785 2889 897 2929 pietate
920 2889 970 2919 vel
994 2890 1175 2921 necessitate
1197 2900 1296 2920 vacua
1325 2900 1391 2921 non
1421 2890 1522 2921 distri-

459 2933 550 2964 butio
571 2934 625 2963 sed
649 2933 811 2974 dissipatio
835 2940 881 2963 est
904 2944 921 2963 a
945 2933 1160 2973 dispensatore
1184 2941 1343 2974 usurpata.

514 2977 551 3007 ΙΙ.
577 2978 611 3007 In
636 2978 746 3007 eadem
765 2983 852 3016 parte
875 2977 1017 3007 eiusdem
1040 2978 1172 3014 articuli,
1196 2988 1270 3009 cave
1293 2988 1332 3008 ne
1355 2978 1432 3008 haec
1455 2988 1522 3008 sen—

460 3020 566 3058 tentia,
590 3020 705 3051 scilicet
727 3021 815 3061 quod
834 3021 966 3061 praelati
982 3028 1127 3052 tenentur
1149 3022 1190 3052 ad
1213 3021 1399 3062 temporalia
1415 3022 1521 3053 Eccle-

461 3065 524 3094 siae
546 3065 630 3094 bona
654 3065 691 3095 de
715 3064 897 3095 necessitate
921 3065 1040 3102 salutis,
1061 3073 1130 3100 etc„
1146 3066 1291 3096 velamen
1306 3064 1361 3096 fiat
1376 3066 1522 3096 avaritiae

460 3118 669 3148 personarum
700 3108 994 3146 ecclesiasticarum;
1027 3117 1057 3140 et
1080 3110 1138 3140 sub
1167 3110 1229 3140 hoc
1253 3116 1414 3150 praetextu
1445 3120 1521 3150 pau-

460 3162 550 3192 peres
573 3152 639 3183 sine
663 3152 877 3182 misericordia
899 3160 1021 3189 vexent,
1046 3154 1216 3194 repetendo
1240 3155 1325 3185 bona
1347 3154 1519 3191 Ecclesiae;

460 3196 640 3236 postposito
664 3196 798 3227 caritatis
822 3197 949 3233 ordine,
981 3198 1170 3237 temporalia
1193 3197 1408 3238 spiritualibus
1430 3208 1520 3238 prae-

460 3247 591 3280 ponant.
615 3240 817 3271 Meminerint
831 3240 863 3270 in
883 3241 992 3282 primis
1011 3252 1165 3282 pauperes
1181 3252 1247 3273 esse
1262 3252 1328 3272 non
1343 3242 1450 3272 solum
1465 3243 1520 3283 qui

461 3291 553 3324 egent
576 3284 656 3320 cibo,
681 3291 760 3324 potu
784 3292 840 3316 aut
861 3291 956 3321 veste,
981 3295 1061 3325 quae
1085 3293 1159 3317 sunt
1182 3286 1354 3317 necessaria
1377 3292 1519 3323 naturae;

461 3328 515 3358 sed
538 3328 594 3369 qui
618 3334 710 3368 egent
731 3329 920 3368 opportunis
943 3329 982 3359 ad
999 3330 1251 3361 convenientiam
1269 3330 1318 3360 sui
1341 3336 1449 3360 status.
1473 3332 1520 3360 Ac

461 3382 516 3412 per
538 3371 609 3408 hoc,
634 3372 904 3413 eleemosynaliter
927 3383 958 3403 se
983 3383 1079 3413 posse
1099 3374 1282 3405 distribuere
1306 3373 1377 3410 illis,
1395 3373 1475 3404 sicut
1491 3381 1521 3405 et

461 3416 530 3446 aliis
553 3416 755 3456 pauperibus.
780 3419 826 3446 Ac
850 3426 905 3456 per
928 3416 998 3453 hoc,
1024 3427 1090 3447 non
1114 3418 1211 3448 teneri
1235 3419 1274 3448 ad
1298 3428 1410 3448 eorum
1432 3427 1521 3448 vexa-

462 3459 598 3495 tionem,
624 3460 649 3490 si
680 3460 738 3491 sibi
769 3460 938 3490 commissa
969 3468 1015 3491 est
1045 3461 1246 3501 dispensatio.
1273 3480 1293 3484 -
1319 3461 1521 3492 Meminerint

461 3503 573 3534 deinde
596 3504 636 3534 ad
659 3503 878 3545 repetitionem
893 3505 1054 3535 bonorum
1078 3515 1144 3536 esse
1169 3513 1371 3546 praeceptum
1386 3505 1520 3536 affirma-

1577 1613 1692 1650 tivum;
1717 1621 1748 1645 et
1770 1614 1909 1654 obligare
1932 1625 1998 1646 non
2021 1616 2061 1646 ad
2084 1626 2217 1656 semper,
2250 1617 2304 1647 sed
2327 1626 2386 1657 pro
2409 1617 2483 1647 loco
2507 1624 2538 1648 et
2560 1625 2639 1648 tem-

1577 1668 1664 1698 pore.
1689 1660 1735 1688 Ac
1758 1668 1815 1699 per
1837 1659 1910 1698 hoc,
1930 1666 2064 1700 propter
2078 1661 2263 1691 scandalum
2285 1661 2478 1701 pusillorum
2493 1661 2640 1696 dissinna-

1575 1702 1632 1732 lari
1655 1708 1760 1742 potest
1783 1703 1823 1733 ad
1846 1709 1972 1743 tempus
1995 1704 2154 1744 repetitio:
2178 1705 2260 1735 sicut
2281 1711 2411 1745 propter
2433 1705 2508 1736 alias
2530 1713 2640 1742 cauus

1576 1745 1775 1776 rationabiles
1790 1753 1897 1787 potest
1919 1746 2043 1778 differri.
2067 1745 2136 1779 Hac
2152 1748 2309 1789 siquidem
2332 1748 2454 1780 ratione
2466 1749 2640 1787 Ecclesium

1577 1799 1643 1819 non
1660 1789 1780 1829 exigere
1796 1790 1933 1820 decimas
1950 1791 2065 1822 alicubi
2081 1792 2193 1823 dicitur
2211 1793 2244 1823 in
2261 1793 2343 1823 calce
2359 1793 2455 1824 huius
2470 1793 2638 1833 articulis

1576 1833 1777 1865 Meminerint
1800 1834 1909 1871 tertio,
1934 1835 2023 1875 quod
2045 1835 2215 1875 gratiorem
2238 1837 2308 1867 Deo
2331 1837 2512 1868 exhiberent
2538 1836 2642 1869 femu-

1576 1878 1677 1908 latum
1700 1878 1894 1918 quandoque
1910 1880 2111 1918 procurando
2135 1880 2224 1921 quod
2247 1880 2387 1911 Ecclesia
2405 1881 2548 1918 donaret,
2564 1890 2641 1913 cum

1576 1921 1693 1952 scilicet
1715 1921 1868 1962 spirituali
1902 1923 1990 1953 bono
2013 1924 2128 1964 populi
2150 1924 2283 1964 expedit,
2318 1934 2418 1965 quam
2439 1925 2640 1961 sollicitando

1575 1965 1807 2006 repetitionem.
1836 1966 2042 2007 Temporalia
2071 1977 2210 2008 namque
2239 1975 2370 2009 propter
2391 1968 2589 2012 spiritualia,
2608 1977 2640 2003 et

1576 2019 1642 2040 non
1666 2020 1683 2040 e
1707 2017 1816 2040 contra
1839 2017 1912 2041 sunt
1935 2017 1966 2041 et
1989 2021 2056 2041 esse
2079 2012 2204 2048 debent,
2229 2012 2314 2052 apud
2338 2011 2544 2044 Christianos.

1633 2054 1684 2084 111.
1710 2054 1746 2084 In
1765 2054 1879 2085 eodem
1894 2054 2036 2092 articulo,
2060 2055 2140 2086 circa
2163 2056 2346 2087 scandalum
2370 2066 2407 2087 ex
2426 2056 2556 2094 malitia,
2572 2057 2638 2089 duo

1574 2098 1669 2128 verba
1683 2098 1802 2129 litterae
1827 2099 1965 2128 notanda
1988 2106 2071 2130 sunt.
2096 2100 2240 2130 Primum
2254 2106 2301 2131 est
2322 2100 2356 2141 ly
2365 2105 2501 2141 propter
2516 2110 2570 2132 eos
2584 2103 2640 2143 qui

1574 2143 1621 2172 sic
1634 2143 1790 2174 scandala
1806 2143 1965 2174 concitant
1971 2142 1998 2174 *.
2015 2143 2197 2174 Secundum
2210 2150 2256 2175 est
2267 2145 2300 2185 ly
2309 2146 2444 2184 passim,
2457 2155 2533 2176 cum
2544 2145 2577 2176 iu
2592 2155 2639 2176 re-

1575 2186 1748 2226 sponsione
1771 2186 1811 2217 ad
1834 2188 2011 2218 secundum
2034 2187 2163 2218 dicitur:
2194 2188 2230 2218 Si
2246 2189 2370 2228 passim
2394 2190 2640 2229 permitteretur

1575 2231 1669 2261 malis
1691 2231 1869 2262 hominibus
1888 2236 1923 2261 ut
1937 2231 2044 2262 aliena
2059 2237 2220 2272 raperent,
2238 2239 2296 2263 etc.
2319 2232 2464 2263 Primum
2479 2233 2637 2274 siquidem

1574 2273 1695 2304 dictum
1709 2281 1756 2305 est
1770 2275 1809 2304 ad
1824 2274 2083 2315 distinguendum
2097 2275 2178 2306 inter
2191 2276 2263 2306 illos
2280 2275 2324 2306 sic
2341 2276 2533 2308 concitantes
2550 2287 2638 2317 scan-

1574 2318 1653 2354 dala,
1679 2325 1709 2348 et
1733 2319 1902 2360 populum.
1927 2319 2081 2356 Quamvis
2097 2320 2183 2350 enim
2205 2325 2336 2360 propter
2349 2320 2462 2351 talium
2485 2317 2639 2353 malitiam

1574 2372 1640 2392 non
1664 2362 1726 2392 sint
1747 2363 2159 2403 temporalia·dimittenda;
2183 2370 2313 2404 propter
2334 2364 2447 2404 populi
2470 2371 2576 2396 tamen
2589 2364 2639 2396 in'-

1572 2406 1700 2437 teritum
1715 2407 1912 2446 spiritualem
1933 2406 2112 2444 vitandum,
2127 2407 2179 2438 vel
2202 2408 2337 2439 salutem
2351 2408 2550 2449 spiritualem
2560 2410 2638 2450 'pro-

1573 2451 1767 2490 pagandam,
1791 2450 1981 2491 temporalia
2003 2451 2191 2482 dimittenda
2213 2459 2297 2484 sunt.
2328 2453 2421 2484 Unde
2443 2453 2470 2484 si
2492 2453 2638 2495 prineqn

1573 2494 1686 2535 aliquis
1706 2494 1813 2534 potius
1836 2495 1998 2536 populum
2016 2496 2058 2526 ad
2075 2495 2292 2527 infidelitatem
2307 2497 2436 2528 duceret
2452 2507 2552 2539 quam
2571 2498 2638 2532 suf·

1574 2538 1667 2569 ferret
1696 2538 1775 2578 exigi
1799 2549 1817 2569 a
1840 2549 1874 2569 se
1897 2546 1985 2580 rapta
2015 2540 2054 2570 ab
2078 2540 2218 2571 Ecclesia
2245 2540 2296 2572 vel
2325 2541 2388 2571 alio
2417 2540 2585 2582 principe,¹
2600 2548 2639 2573 ut

1574 2583 1741 2613 Ieroboam
1763 2581 1836 2614 fecit
1858 2582 1890 2613 in
1914 2583 2040 2623 populo
2063 2584 2158 2615 lsrael
2181 2594 2221 2615 ne
2243 2585 2387 2625 perderet
2400 2594 2534 2626 regnum
2547 2583 2574 2624 ¹⁸,
2591 2585 2637 2617 di-

1574 2627 1727 2657 mittenda
1757 2634 1860 2658 essent
1889 2628 2094 2668 temporalia:
2114 2638 2180 2659 non
2208 2635 2338 2670 propter
2367 2628 2557 2670 principem,
2581 2630 2636 2663 s'ed

1574 2678 1704 2712 propter
1726 2671 1839 2711 populi
1866 2671 2015 2703 salutem.
2045 2673 2121 2703 Non
2144 2672 2229 2703 enim
2258 2673 2447 2713 ponendum
2469 2680 2517 2705 est
2539 2673 2636 2707 offn-

1575 2715 1717 2746 diculum
1733 2714 1806 2745 fidei
1830 2723 1959 2756 propter
1977 2717 2174 2756 temporalia.
2199 2717 2240 2748 Et
2259 2718 2320 2748 hoc
2335 2719 2424 2757 quod
2444 2718 2636 2758 dicimuej'de

1574 2759 1674 2789 salute
1689 2759 1812 2799 populi,
1828 2759 2072 2800 intelligendum
2089 2767 2135 2791 est
2150 2761 2366 2793 universaliter
2378 2762 2416 2792 de
2432 2772 2636 2803 quacumque

1574 2803 1752 2833 rationabili
1776 2813 1869 2833 causa
1894 2803 2056 2834 inductiva
2083 2805 2123 2834 ad
2145 2804 2369 2835 dimittendum
2392 2805 2577 2847 temporalia
2600 2816 2637 2846 ex

1574 2853 1645 2877 orto
1662 2856 1699 2877 ex
1711 2847 1831 2877 malitia
1843 2848 2003 2878 scandalo.
2021 2850 2143 2879 Auctor
2158 2848 2243 2878 enim
2254 2849 2359 2879 solum
2377 2849 2438 2880 hoc
2450 2849 2534 2886 dicit,
2547 2850 2636 2891 quod

1574 2897 1704 2931 propter
1724 2901 1779 2922 eos
1796 2891 1852 2932 qui
1876 2891 2033 2923 malitiose
2057 2892 2216 2923 concitant
2239 2893 2383 2923 scandala
2406 2902 2472 2924 non
2495 2901 2570 2924 sunt
2589 2893 2636 2924 di·-

1574 2935 1728 2966 mittenda
1743 2941 1810 2966 tam
1833 2936 2021 2976 temporalia
2035 2946 2132 2976 quam
2156 2936 2330 2977 spiritualia
2350 2938 2446 2968 bona.
2471 2937 2558 2969 Cum
2568 2947 2635 2979 quo

1573 2986 1634 3010 stat
1648 2976 1738 3020 quod
1749 2987 1879 3020 propter
1894 2980 1990 3010 aliam
2001 2990 2128 3011 causam
2141 2981 2328 3012 dimittenda
2340 2982 2535 3022 quandoque
2549 2988 2634 3021 sunt,

1626 3023 1810 3054 Secundum
1834 3031 1942 3054 autem
1965 3024 2086 3055 dictum
2109 3032 2155 3056 est
2177 3032 2213 3055 ut
2235 3025 2324 3062 scias,
2348 3025 2434 3056 iuxta
2456 3026 2584 3059 allatam
2601 3026 2633 3058 in

1571 3065 1696 3098 littera*
1709 3067 1854 3108 Gregorii
1866 3068 2096 3106 auctoritatem,
2106 3070 2300 3110 quandoque
2313 3069 2458 3110 expedire
2471 3069 2635 3110 communi

1573 3112 1660 3141 bono
1692 3111 1845 3152 spirituali
1877 3112 2056 3152 permittere
2086 3113 2240 3153 rapinam.
2271 3113 2367 3144 Aliud
2401 3112 2559 3154 siquidem
2588 3121 2635 3145 est

1573 3155 1706 3195 passim;
1732 3162 1763 3186 et
1785 3156 1870 3186 aliud
1900 3157 2110 3197 quandoque,
2139 3157 2172 3187 in
2197 3167 2269 3188 casu
2300 3157 2369 3193 tali,
2401 3157 2586 3198 permittere
2603 3160 2635 3189 et

1573 3199 1739 3230 dimittere.
2612 3212 2625 3226 ’τ

1626 3244 1678 3274 IV.
1704 3244 1739 3274 In
1763 3244 1970 3285 responsione
1986 3245 2025 3274 ad
2048 3245 2200 3276 ultimum
2223 3245 2256 3276 in
2279 3245 2395 3276 eodem
2416 3245 2632 3285 articulosa&

1572 3294 1657 3318 verte
1684 3288 1772 3328 quod
1797 3298 1833 3319 ex
1856 3289 1918 3319 hoc
1941 3289 2030 3329 quod
2057 3289 2198 3320 Ecclesia
2222 3299 2289 3320 non
2314 3288 2414 3320 differt
2438 3289 2633 3333 exactionem

1572 3331 1767 3362 decimarum
1790 3332 1824 3362 in
1847 3332 1935 3363 Italia
1959 3342 2060 3373 usque
2084 3333 2123 3363 ad
2147 3332 2411 3370 admonitionem,
2436 3334 2491 3363 sed
2513 3332 2632 3374 simpli·

1573 3374 1648 3405 citer
1671 3385 1736 3405 non
1760 3376 1846 3416 petit,
1871 3386 1911 3407 ne
1934 3376 2047 3417 populi
2063 3375 2213 3408 inassueti
2237 3383 2267 3407 et
2289 3376 2405 3407 infirmi
2421 3377 2632 3408 scandalizen-

1571 3425 1636 3455 tur;
1662 3419 1735 3449 satis
1760 3420 1852 3450 datur
1874 3420 2006 3460 intelligi
2033 3430 2130 3461 quam
2155 3431 2268 3461 parum
2292 3421 2330 3451 ab
2354 3421 2493 3451 Ecclesia
2516 3421 2631 3452 debent

1572 3463 1758 3502 temporalia
1782 3463 1948 3500 aestimari,
1973 3471 2004 3494 et
2022 3474 2120 3505 quam
2142 3464 2231 3496 facile
2248 3465 2359 3499 debeat
2381 3464 2454 3495 talia
2475 3464 2631 3495 dimittere

2773 424 2784 440 Ε

2671 529 2682 539 ’
2696 528 2765 551 Vers.
2781 535 2809 558 ¹3·

2672 676 2737 698 ‘Lib.
2746 676 2764 703 1,
2773 683 2822 705 cap.
2834 684 2882 701 xix.

2670 942 2710 964 ’ln
2720 948 2785 971 corp.
2791 947 2812 964 et
2822 943 2851 965 ad
2858 949 2880 966 a.

2664 2152 2676 2164 ⁸
2689 2151 2714 2174 In
2729 2158 2792 2180 corp.
2809 2156 2851 2174 art.

2664 2590 2674 2599 ·
2690 2587 2722 2610 111
2743 2586 2802 2617 Reg-
2822 2594 2872 2616 cap.

2663 2620 2703 2643 ιιι,
2715 2615 2810 2638 versati
2821 2621 2872 2644 sqq.
2887 2612 2892 2621 ¹

2661 3078 2671 3087 ⁸
2685 3076 2711 3099 ln
2725 3082 2830 3105 corpore.

2658 3488 2667 3496 ·
2677 3486 2687 3507 Ι
2701 3485 2735 3507 ad
2747 3486 2803 3509 Tim.
2816 3493 2867 3516 cap.

1574 3516 1612 3536 ne
1636 3505 1742 3537 fideles
1766 3507 1908 3538 incidant
1927 3509 1958 3538 in
1979 3509 2184 3539 tentationem
2201 3514 2232 3540 et
2251 3509 2284 3539 in
2303 3509 2451 3549 laqueum
2473 3508 2593 3539 diaboli
2603 3508 2629 3538 *.
2658 3518 2687 3558 “J
2704 3518 2763 3534 ver·-
2778 3518 2802 3541 9-

2881 3505 2892 3520 ἱ
