2892 4056
447 218 521 253 258
1084 217 1349 263 QUAESTIO
1380 219 1538 267 XXXII,

441 294 580 325 indebita
608 295 737 325 materia
767 295 937 335 emptionis
969 295 1019 325 vel
1044 294 1196 330 dationis,
1222 301 1278 325 etc.
1311 295 1352 326 Et
1375 297 1504 336 quando

441 347 489 368 res
521 339 603 374 data,
632 346 758 378 accepta
780 340 830 368 vel
854 345 960 378 empta
993 346 1039 368 est
1071 338 1199 368 materia
1229 348 1295 368 non
1326 349 1505 379 repugnans
1531 355 1532 358 =

441 382 616 422 acceptioni
640 383 690 412 vel
704 382 887 418 venditioni,
906 389 992 412 actus
1018 382 1195 412 secundum
1212 392 1244 412 se
1268 389 1314 413 est
1328 383 1440 414 licitus.
1465 384 1505 413 Et

438 425 515 456 haec
540 432 585 456 est
609 426 780 456 differentia
811 426 891 456 inter
915 435 1018 455 emere
1043 432 1073 455 et
1095 426 1230 455 vendere
1259 426 1290 455 in
1316 426 1451 457 simonia
1475 434 1505 457 et
1529 447 1531 454 ⁴

438 470 624 500 meretricio.
649 471 732 500 Nam
755 470 787 498 in
812 469 987 499 meretricio
1012 478 1060 498 res
1084 469 1210 499 vendita
1240 476 1287 500 est
1311 480 1386 500 usus
1410 480 1503 500 vene-

437 523 519 549 reus,
537 520 604 549 etc.‚
622 514 687 553 qui,
705 512 761 543 etsi
778 512 816 542 sit
835 513 1012 542 secundum
1036 522 1068 542 se
1085 512 1197 549 malus,
1215 522 1282 543 non
1305 520 1411 544 tamen
1428 524 1503 544 con-

437 557 537 587 stituit
559 557 777 587 venditionem
801 556 934 586 malam:
960 563 990 586 et
1014 556 1076 586 hoc
1105 556 1180 596 quia
1203 563 1250 587 est
1273 558 1403 588 materia
1426 567 1501 587 ven—

436 600 549 630 dibilis.
574 601 608 630 In
626 600 760 630 simonia
786 606 894 629 autem
908 610 956 629 res
973 599 1101 630 vendita
1117 607 1163 630 est
1179 610 1227 630 res
1244 611 1339 637 sacra,
1357 611 1439 641 quae
1455 608 1502 631 est
1527 611 1529 631 1

436 643 644 680 invendibilis,
670 651 700 674 et
723 650 889 683 propterea
914 643 1077 674 constituit
1099 643 1317 674 venditionem
1339 645 1499 676 iniustam.
1526 670 1528 686 a

435 688 476 717 Et
499 687 600 716 simile
617 694 663 717 est
685 687 717 717 in
742 687 947 717 subversione
970 687 1122 718 iustitiae:
1155 697 1221 717 non
1245 688 1331 718 enim
1355 695 1401 718 est
1423 699 1499 718 ven·
1526 726 1527 730 Ἰ

436 731 537 760 dibilis
560 731 722 761 iniustitia.
747 730 880 770 Signum
900 738 1006 761 autem
1027 731 1122 761 huius
1142 730 1332 762 differentiae
1352 739 1398 762 est
1411 733 1500 772 quod
1525 731 1527 747 ¹

435 775 506 804 dare
531 774 655 804 mulieri
685 784 744 814 pro
767 784 902 805 venereo
933 785 994 805 usu
1017 781 1189 815 antequam
1219 774 1273 805 fiat
1295 775 1418 806 malum
1442 783 1497 812 est,

433 828 491 857 pro
516 825 636 858 quanto
659 819 833 858 imperatur
856 828 873 848 a
895 819 1035 855 luxuria;
1060 826 1134 859 post
1158 819 1278 849 factum
1301 827 1408 850 autern
1432 830 1498 850 non

434 869 479 892 est
501 862 633 898 malum,
651 863 705 892 sed
719 869 807 893 actus
821 862 957 893 iustitiae
974 873 991 892 a
1007 863 1096 893 nullo
1119 863 1400 905 vitio-imperatus:
1426 864 1498 895 dare
1524 887 1525 890 η

433 912 539 935 autem
562 916 621 945 pro
645 906 748 942 sacris,
773 913 804 936 et
826 906 1023 943 huiusmodi,
1052 913 1117 937 tam
1141 914 1212 937 ante
1236 917 1334 948 quarn
1357 915 1431 949 post
1453 908 1497 938 fa-

433 956 529 986 cturn,
547 959 672 990 semper
687 958 734 981 est
748 951 881 981 malum.
907 951 979 981 Hoc
995 951 1080 981 enim
1096 951 1276 982 manifestat
1291 952 1375 982 hunc
1391 959 1498 983 actum

432 1003 499 1024 esse
522 995 701 1024 secundum
724 1005 756 1025 se
779 995 917 1031 malum,
943 1002 973 1025 et
995 995 1088 1026 illum
1118 1005 1198 1031 non,
1223 1002 1259 1026 ut
1282 1003 1383 1036 patet:
1408 998 1497 1037 quod

432 1037 518 1067 enim
534 1039 728 1079 quandoque
751 1039 874 1069 licitum
891 1046 937 1070 est
959 1049 1025 1069 non
1042 1047 1088 1070 est
1107 1040 1284 1070 secundum
1299 1050 1331 1070 se
1347 1050 1495 1081 pravum;

432 1088 461 1111 et
477 1082 567 1122 quod
589 1083 766 1113 secundum
782 1093 815 1113 se
835 1090 882 1113 est
905 1093 1040 1123 pravum
1062 1093 1186 1125 semper
1202 1091 1248 1114 est
1262 1094 1407 1124 pravum.
1418 1102 1439 1108 —
1455 1086 1497 1116 Et

197 1125 320 1147 ·Num.1.
431 1135 486 1165 per
509 1126 586 1156 haec
609 1133 696 1166 patet
719 1127 837 1157 solutio
861 1127 900 1156 ad
924 1127 1047 1158 obiecta
1064 1127 1089 1158 *.
1349 1142 1351 1145 ¹

486 1169 538 1200 IV.
564 1170 598 1200 In
622 1171 736 1202 eodem
766 1171 914 1207 articulo,
940 1171 973 1201 in
1002 1171 1209 1211 responsione
1238 1172 1276 1201 ad
1301 1172 1494 1208 secundum,

430 1212 555 1243 adverte
579 1215 668 1254 quod
683 1215 741 1246 tria
763 1222 944 1251 tractantur,
962 1215 1113 1255 acquisita
1129 1225 1186 1254 per
1200 1215 1423 1251 meretricium,
1440 1226 1496 1255 per

430 1256 618 1296 simoniam,
644 1265 674 1289 et
696 1269 753 1299 per
774 1259 904 1295 ludum,
938 1269 1004 1289 non
1034 1266 1069 1289 ut
1092 1259 1151 1294 sic,
1181 1259 1236 1289 sed
1259 1259 1292 1289 in
1321 1259 1432 1289 ordine
1456 1260 1495 1289 ad

431 1300 677 1342 eleemosynam.
708 1304 750 1333 Et
771 1310 938 1343 propterea
967 1309 1014 1333 sat
1037 1303 1076 1332 sit
1098 1302 1149 1332 hic
1173 1302 1211 1332 de
1234 1302 1283 1332 his
1307 1303 1396 1342 quod
1419 1313 1494 1342 pos-

429 1351 504 1376 sunt
527 1355 593 1376 esse
617 1347 748 1377 materia
772 1347 1002 1387 eleemosynae.
1026 1347 1143 1377 Utrum
1159 1353 1266 1376 autem
1289 1346 1416 1377 lucrum
1430 1357 1496 1377 me-

429 1389 589 1420 retricium
613 1391 713 1430 possit
729 1401 795 1421 esse
819 1390 938 1421 oblatio
962 1390 1076 1426 altaris,
1093 1390 1222 1420 inferius
1246 1390 1278 1420 in
1297 1401 1352 1431 qu.
1375 1401 1495 1428 Lxxxw,

429 1439 484 1464 art.
513 1434 539 1469 3,
564 1434 603 1463 ad
633 1445 658 1471 1,
683 1435 900 1465 declarabitur.
925 1435 966 1465 Et
981 1434 1125 1464 similiter
1144 1434 1194 1464 cui
1219 1434 1322 1465 danda
1338 1434 1378 1465 sit
1400 1445 1497 1475 pecu-

429 1476 481 1507 nia
504 1477 685 1515 simoniaca,
709 1479 742 1509 in
767 1489 820 1519 qu.
846 1490 874 1515 c,
899 1486 955 1509 art.
981 1479 1050 1515 ult„
1073 1478 1113 1508 ad
1136 1487 1167 1518 4,
1193 1478 1384 1510 tractabitur.

1207 1615 1422 1657 ARTICU
1429 1616 1527 1657 LUS

1568 219 1864 256 ARTICULUS
1893 219 1978 256 VIII

1616 295 1707 326 Circa
1722 296 1874 336 acquisita
1890 303 1996 327 tamen
2011 307 2067 337 per
2080 298 2195 329 ludum
2210 301 2346 331 occurrit
2365 301 2415 332 hic
2438 311 2540 332 unum
2562 303 2619 333 du-

1559 339 1658 373 bium,
1683 340 1850 380 quomodo
1873 340 1993 371 trahere
2009 341 2108 371 alium
2123 343 2162 371 ad
2177 342 2291 374 ludum
2303 354 2340 375 ex
2356 345 2525 385 cupiditate
2541 346 2622 381 lucri,

1560 382 1678 422 obliget
1708 383 1748 412 ad
1770 383 2013 414 restitutionem.
2045 385 2086 416 Et
2109 392 2155 415 est
2178 386 2257 417 ratio
2286 388 2374 418 dubii
2397 389 2472 429 quia
2496 396 2551 420 aut
2575 397 2621 420 est

1558 436 1663 457 sermo
1688 427 1726 456 de
1751 433 1849 457 tractu
1874 438 1930 467 per
1948 427 2181 466 invitationem;
2206 437 2260 460 aut
2282 441 2338 471 per
2354 433 2563 464 coactionem.
2587 433 2620 464 Si

1558 477 1603 501 est
1619 480 1723 500 sermo
1741 471 1779 501 de
1795 477 1895 501 tractu
1912 471 2065 508 coactivo,
2083 479 2206 503 constat
2220 483 2332 505 verum
2347 485 2428 506 esse:
2454 477 2509 506 sed
2524 477 2619 507 nimis

1556 514 1621 544 lato
1638 515 1796 544 vocabulo
1820 525 1896 546 usus
1913 515 2023 546 fuisset
2045 518 2175 547 Auctor.
2197 516 2229 547 Si
2253 518 2291 548 de
2314 526 2414 550 tractu
2436 519 2617 557 invitativo,

1555 557 1672 587 falsum
1702 565 1844 598 apparet:
1870 569 1944 590 cum
1967 560 2106 596 lusores,
2131 567 2227 600 prout
2246 562 2410 602 contingit,
2435 574 2467 594 se
2490 574 2619 604 praeve-

1555 601 1642 632 niant
1665 602 1844 639 invitando,
1869 613 1927 634 nec
1950 610 2118 643 propterea
2142 604 2182 634 ad
2205 605 2438 637 restitutionem
2460 614 2616 638 tenentur.

1609 645 1659 675 Ad
1676 645 1738 676 hoc
1760 645 1873 677 dicitur
1895 647 1984 688 quod
1999 647 2050 677 hic
2073 654 2119 678 est
2145 657 2249 678 sermo
2271 649 2309 679 de
2335 660 2541 692 quocumque
2557 658 2617 682 tra-

1553 696 1615 725 ctu,
1633 690 1732 720 modo
1750 697 1856 720 causet
1885 690 2136 722 involuntarium
2160 691 2310 729 mixtum,
2333 693 2376 724 ita
2399 696 2488 735 quod
2504 705 2541 725 ex
2555 695 2618 726 hoc

1551 732 1604 763 ille
1627 733 1713 764 venit
1727 734 1766 764 ad
1781 734 1895 764 ludum
1914 735 2028 766 ductus
2051 735 2206 775 precibus,
2222 735 2434 775 insultatione,
2451 740 2617 779 exprobra-

1552 777 1638 807 tione
1660 784 1690 807 et
1712 777 1909 814 huiusmodi,
1925 779 1998 810 licet
2016 779 2192 810 voluntarie
2210 779 2310 812 ludat.
2335 781 2422 812 Sicut
2443 782 2538 813 etiam
2559 793 2616 813 vo-

1550 820 1685 851 luntarie
1709 821 1823 862 aliquis
1847 822 1942 853 solvit
1965 833 2110 860 usuram,
2134 823 2321 854 huiusmodi
2343 832 2450 856 tamen
2472 826 2618 857 volunta-

1551 865 1634 895 rium
1658 875 1723 896 non
1757 866 1903 897 transfert
1926 877 1943 897 a
1967 877 1999 898 se
2023 866 2222 904 dominium,
2247 868 2323 909 quia
2355 869 2492 900 mixtum
2519 877 2565 901 est
2588 878 2619 901 et

1551 919 1617 939 non
1642 909 1776 940 omnino
1799 909 1944 941 liberum.
1970 910 2232 942 Consentaneum
2255 919 2362 942 autem
2382 913 2495 944 rationi
2521 921 2568 945 est
2582 921 2619 945 ut

1550 953 1737 983 huiusmodi
1753 954 2020 986 commutationes
2036 965 2118 996 quae
2136 955 2218 986 fiunt
2232 955 2266 986 in
2288 956 2377 993 ludo,
2394 957 2470 997 quia
2493 964 2567 988 sunt
2582 967 2619 988 ex

1550 1004 1662 1028 natura
1685 1008 1741 1028 sua
1764 1004 1872 1038 turpes
1895 998 1956 1028 nisi
1979 1008 2073 1029 causa
2096 999 2297 1030 recreationis
2320 999 2407 1037 fiant,
2431 1001 2471 1031 ad
2494 1001 2555 1032 hoc
2582 1008 2619 1033 ut

1550 1041 1690 1072 efficaces
1713 1042 1776 1072 sint
1797 1042 1928 1072 liberam
1958 1043 2093 1075 omnino
2122 1044 2324 1075 voluntatem
2353 1045 2486 1084 exigant.
2529 1046 2619 1078 Sicut

1549 1085 1644 1115 etiam
1668 1086 1856 1116 donationes
1879 1096 1962 1127 quae
1977 1086 2059 1117 fiunt
2081 1087 2308 1125 meretricibus,
2326 1089 2351 1118 si
2367 1095 2506 1120 extortae
2529 1090 2617 1120 blan-

1549 1129 1633 1159 ditiis
1657 1136 1688 1159 et
1709 1129 1863 1160 illecebris
1886 1137 1970 1166 sunt,
1995 1140 2061 1160 non
2085 1138 2160 1162 sunt
2174 1131 2311 1162 validae:
2337 1132 2479 1164 sufficere
2496 1134 2617 1175 quippe

1548 1173 1641 1203 debet
1663 1173 1745 1203 iusta
1772 1183 1901 1204 merces.
1933 1174 2066 1214 Propter
2092 1175 2320 1206 admixtionem
2343 1177 2502 1218 siquidem
2526 1177 2616 1209 invo-

1547 1216 1676 1246 luntarii
1690 1216 1723 1245 in
1738 1216 1926 1247 huiusmodi
1944 1217 2090 1257 turpibus
2106 1219 2297 1250 restitutioni
2321 1221 2459 1251 obnoxia
2483 1229 2557 1253 sunt
2573 1222 2617 1254 sic

1547 1266 1684 1299 accepta.
1709 1260 1750 1290 Et
1768 1270 1824 1300 per
1845 1260 1908 1291 hoc
1931 1267 2019 1300 patet
2036 1263 2126 1302 quod
2147 1262 2194 1292 illi
2210 1264 2266 1303 qui
2288 1264 2411 1295 invitati
2434 1273 2549 1305 sponte
2564 1266 2615 1298 lu-

1547 1304 1628 1334 dunt
1651 1313 1715 1333 non
1740 1304 1910 1335 trahuntur
1932 1305 1971 1335 ab
1995 1305 2069 1336 alio.

1601 1348 1708 1384 Quare
1724 1354 1832 1378 autem
1855 1348 2050 1389 acquisitum
2066 1357 2103 1379 ex
2118 1349 2195 1379 ludo
2218 1350 2258 1381 sit
2272 1357 2365 1391 turpe
2385 1352 2522 1390 lucrum,
2539 1361 2617 1385 nota

1547 1391 1599 1421 hic
1613 1389 1629 1406 *
1645 1391 1802 1421 rationem
1825 1402 1862 1422 ex
1876 1392 2091 1433 Philosopho:
2116 1400 2152 1423 ut
2173 1393 2305 1425 inferius
2326 1395 2360 1425 in
2384 1406 2440 1437 qu.
2457 1397 2615 1428 cnxvm*
2640 1400 2662 1437 ’,ζ
2675 1414 2721 1448 Aa·
2740 1414 2757 1455 3⁰
2780 1426 2840 1448 eom

2719 1441 2726 1447 .
2761 1441 2768 1454 ‚
2841 1437 2852 1442 -

1548 1435 1724 1466 declaratur
1739 1445 1838 1476 quare
1862 1442 1893 1466 et
1908 1443 2066 1477 quantum
2082 1443 2184 1477 turpe,
2201 1448 2241 1468 an
2265 1438 2383 1470 scilicet
2400 1450 2474 1471 cum
2488 1440 2615 1473 mortali

1549 1478 1584 1509 fit
1602 1479 1730 1510 lucrum
1747 1489 1784 1510 ex
1798 1480 1878 1510 ludo
1897 1480 2113 1521 principaliter
2133 1481 2304 1513 intentum.

1558 1615 1831 1658 OCTAVUS

735 1696 891 1726 UTRUM
915 1696 1011 1726 ILLE
1036 1696 1111 1733 QUI
1136 1696 1216 1727 EST
1241 1697 1284 1726 IN
1307 1697 1567 1727 POTESTATE
1590 1698 1805 1729 ALTERIUS
1828 1698 2136 1731 CONSTITUTUS
2159 1700 2308 1732 POSSIT

1255 1741 1582 1772 ELEEMOSYNAM
1605 1742 1776 1773 FACERE
2088 1747 2091 1750 “

1066 1809 1100 1833 IV
1119 1810 1202 1838 Sent„
1222 1810 1280 1834 dist.
1299 1818 1339 1839 xv,
1359 1818 1403 1843 qu.
1421 1818 1448 1840 11,
1468 1815 1515 1835 art.
1536 1811 1550 1836 5
1556 1820 1564 1842 ς
1586 1811 1683 1841 Quodl.
1703 1812 1742 1843 111,
1763 1820 1808 1844 qu.
1826 1820 1861 1842 Vl,
1880 1818 1927 1837 art.
1951 1820 1973 1838 1.

457 1894 518 1937 >033³
544 1919 548 1927 ,
574 1907 583 1915 2
608 1902 613 1911 ‹
639 1892 659 1916 o
679 1891 852 1916 ocrAvuM
871 1891 924 1916 sm
943 1891 1184 1916 paocamrua.
1206 1880 1368 1916 Videtur
1387 1881 1493 1928 quod

451 1923 507 1992 ’6θῖ
563 1962 576 1980 x,
638 1932 697 1968 ille
726 1932 790 1980 qui
820 1939 875 1968 est
901 1932 938 1968 in
966 1940 1152 1981 potestate
1178 1933 1331 1970 alterius
1356 1934 1495 1970 consti-

442 1983 524 2033 5¹
574 1970 738 2031 ’δωωε
769 1985 891 2033 possit
920 1986 1208 2034 eleemosynam
1238 1986 1375 2022 facere.
1419 1987 1494 2023 Re-

283 2048 300 2064 α
537 2082 548 2086 -
593 2029 758 2086 &ligiosi
787 2038 888 2074 enim
918 2046 1006 2075 sunt
1033 2038 1071 2075 in
1099 2045 1287 2087 potestate
1321 2051 1455 2076 eorum
1477 2044 1494 2060 α

423 2091 563 2139 quibus
593 2091 853 2128 obedientiam
881 2099 1084 2128 voverunt.
1116 2091 1192 2128 Sed
1213 2092 1243 2128 si
1263 2092 1317 2128 eis
1345 2104 1425 2129 non
1453 2092 1494 2128 li-

425 2151 527 2180 ceret
555 2145 842 2192 eleemosynam
871 2144 1012 2191 facere,
1043 2145 1228 2181 damnum
1258 2152 1495 2193 reportarent

188 2204 398 2225 *Hilar-Diac-in
426 2209 469 2233 ex
498 2204 597 2233 statu
622 2197 826 2244 religionis:
857 2197 947 2244 quia
975 2197 1071 2234 sicut
1098 2198 1328 2234 Ambrosius
1358 2198 1448 2234 dicit
1461 2198 1493 2246 ²¹⁸,

188 2230 259 2282 affluis
269 2230 399 2283 ffiassffinffj
421 2262 572 2286 summa
605 2251 832 2287 christianae
859 2251 1055 2300 religionis
1092 2251 1129 2287 in
1154 2251 1292 2298 pietate
1319 2252 1493 2297 consistit,

187 2284 399 2357 ΞΞΞνἚῖῑῗῦᾸῗὶιῖ
424 2315 522 2351 quae
560 2303 725 2339 maxime
765 2315 835 2352 per
877 2304 1211 2351 eleemosynarum
1253 2304 1494 2351 largitionem

245 2352 250 2358 ’
424 2356 729 2392 commendatur.
774 2357 877 2402 Ergo
918 2356 968 2392 illi
1006 2356 1071 2404 qui
1108 2363 1195 2392 sunt
1231 2355 1268 2392 in
1305 2364 1493 2405 potestate

424 2408 577 2445 alterius
606 2409 796 2445 constituti
824 2416 987 2456 possunt
1014 2410 1300 2456 eleemosynam
1329 2410 1465 2446 facere.

479 2473 514 2498 2.
546 2463 790 2507 PRAETEREA,
819 2473 917 2498 uxor
946 2469 1002 2498 est
1027 2462 1096 2498 sub
1123 2467 1304 2509 potestate
1330 2463 1424 2508 viri,
1453 2470 1494 2499 ut

187 2518 195 2525 ‘
212 2515 327 2538 ‘'m-¹⁶·
426 2514 561 2551 dicitur
593 2515 686 2551 Gen.
708 2526 744 2551 111
759 2513 789 2550 ³¹⁸.
821 2515 898 2551 Sed
925 2526 1023 2551 uxor
1050 2521 1177 2562 potest
1204 2515 1493 2563 eleemosynam

424 2567 560 2613 facere,
591 2580 679 2604 cum
709 2574 923 2604 assumatur
951 2567 988 2603 in
1015 2566 1087 2603 viri
1116 2566 1357 2604 societatem:
1390 2568 1494 2605 unde

426 2628 462 2656 et
490 2620 537 2657 de
558 2620 668 2657 beata
688 2620 807 2657 Lucia
827 2619 963 2656 dicitur
981 2619 1098 2668 quod,
1118 2620 1316 2667 ignorante
1335 2633 1492 2669 sponso,

426 2674 691 2721 eleemosynas
715 2673 887 2710 faciebat.
918 2673 1019 2720 Ergo
1048 2684 1116 2721 per
1134 2673 1209 2709 hoc
1227 2674 1333 2722 quod
1358 2674 1492 2723 aliquis

425 2734 481 2762 est
499 2726 537 2762 in
557 2733 743 2774 potestate
763 2725 914 2762 alterius
935 2725 1171 2772 constitutus,
1189 2738 1267 2763 non
1287 2727 1494 2775 impeditur

426 2779 518 2828 quin
547 2779 668 2827 possit
695 2780 961 2827 eleemosynas
989 2779 1126 2815 facere.

481 2833 515 2869 3.
532 2833 767 2879 Pmaraam,
779 2831 961 2868 naturalis
976 2832 1168 2880 quaedam
1184 2831 1367 2868 subiectio
1381 2840 1436 2868 est
1450 2832 1494 2868 fi-

189 2887 199 2898 ·
213 2887 280 2908 Vm·
297 2893 314 2908 ¹·
426 2885 564 2921 liorum
579 2885 627 2921 ad
642 2893 838 2933 parentes:
851 2885 954 2921 unde
969 2886 1190 2932 Apostolus,
1206 2886 1257 2921 ad
1268 2886 1404 2933 Ephes.
1416 2884 1491 2932 vl*,

428 2937 531 2974 dicit:
561 2937 663 2983 Filii,
693 2938 836 2974 obedite
857 2938 1078 2985 parentibus
1105 2938 1236 2974 vestris
1255 2938 1292 2974 in
1313 2938 1490 2975 Domino.

428 2990 505 3026 Sed
533 2989 610 3036 filii,
632 2998 672 3026 ut
690 2990 851 3036 videtur,
881 2998 1042 3039 possunt
1061 2992 1108 3028 de
1128 2991 1240 3027 rebus
1260 2990 1374 3038 patris
1395 2991 1492 3027 elee-

289 3041 303 3074 β
428 3054 611 3090 mosynas
632 3043 722 3079 dare
732 3041 762 3079 βε
784 3043 872 3091 quia
887 3051 973 3080 sunt
993 3043 1285 3092 quodammodo
1305 3043 1490 3092 ipsorum,

287 3106 304 3133 τ
429 3107 518 3132 cum
546 3095 619 3131 sint
646 3095 851 3141 haeredes;
891 3103 927 3133 et
955 3108 1043 3133 cum
1064 3101 1079 3124 Υ
1106 3096 1253 3145 possint
1281 3095 1334 3133 eis
1361 3096 1415 3133 uti
1443 3097 1492 3133 ad

428 3160 542 3185 usum
572 3148 763 3196 corporis,
793 3149 914 3185 multo
943 3149 1063 3196 magis
1090 3149 1243 3186 videtur
1270 3148 1376 3197 quod
1403 3161 1492 3197 pos-
1516 3146 1518 3168 ³

429 3201 502 3237 sint
529 3200 583 3237 eis
611 3200 683 3247 uti,
715 3202 979 3249 eleemosynas
1013 3202 1163 3248 dando,
1197 3202 1247 3239 ad
1275 3202 1491 3238 remedium

429 3253 578 3290 animae
607 3265 710 3290 suae.
741 3254 842 3301 Ergo
862 3254 911 3290 illi
940 3253 1004 3302 qui
1024 3262 1109 3291 sunt
1136 3255 1174 3292 in
1198 3262 1382 3304 potestate
1403 3267 1492 3292 con-

429 3306 544 3343 stituti
571 3314 733 3354 possunt
761 3307 1026 3355 eleemosynas
1056 3308 1158 3345 dare.

482 3419 510 3452 α)
530 3427 630 3444 eorum.
648 3433 667 3438 -
684 3427 794 3444 suorum
813 3419 945 3452 BEFHpK
965 3425 990 3444 et
1007 3428 1034 3450 x,
1054 3420 1159 3446 illorum
1179 3422 1209 3453 L,
1227 3428 1336 3446 suorum
1352 3422 1490 3453 praelato-

430 3462 489 3479 rum
509 3454 599 3479 PCIsK
618 3459 643 3479 et
661 3462 687 3480 a.

485 3488 509 3522 β)
529 3490 605 3515 dare.
623 3502 641 3508 —
652 3491 747 3523 facere
767 3490 860 3514 ΡΒΗα.

1595 1893 1633 1928 4.
1663 1880 1904 1929 PRAETEREA,
1934 1883 2034 1919 servi
2062 1891 2150 1920 sunt
2177 1885 2249 1921 sub
2277 1893 2465 1934 potestate
2493 1889 2616 1927 domi·-

1543 1946 1704 1971 norum:
1743 1935 1959 1972 secundum
1987 1936 2079 1973 illud
2107 1938 2159 1973 ad
2189 1938 2257 1974 Tit.
2279 1938 2355 1975 11⁸²:
2385 1941 2523 1978 Servos
2549 1943 2614 1981 do·
2640 1954 2648 1962 ·

1544 1987 1655 2024 minis
1682 1988 1759 2024 suis
1785 1988 1950 2025 subditos
1977 2001 2066 2025 esse.
2097 1989 2205 2026 Licet
2232 1998 2362 2028 autem
2391 1992 2446 2030 eis
2473 1995 2616 2044 aliquid

1543 2039 1583 2076 in
1606 2040 1803 2077 utilitatem
1833 2041 1979 2078 domini
2006 2042 2153 2079 facere:
2182 2044 2288 2092 quod
2317 2045 2485 2084 maxime
2512 2048 2557 2086 fit
2583 2049 2615 2086 si

1544 2105 1615 2140 pro
1637 2093 1688 2129 eis
1710 2094 1976 2142 eleemosynas
2003 2095 2219 2143 largiantur.
2250 2097 2353 2145 Ergo
2373 2098 2424 2134 illi
2445 2100 2510 2148 qui
2529 2109 2617 2139 sunt

1543 2145 1582 2182 in
1597 2153 1784 2194 potestate
1801 2146 1990 2183 constituti
2009 2155 2171 2195 possunt
2191 2149 2456 2198 eleemosynas
2475 2153 2613 2192 facere.

1600 2199 1674 2235 SED
1695 2210 1841 2235 CONTRA
1857 2211 1923 2236 EST
1941 2200 2046 2247 quod
2067 2201 2338 2249 eleemosynae
2357 2216 2437 2241 non
2456 2213 2544 2243 sunt
2562 2207 2616 2244 fa-

1545 2251 1704 2288 ciendae
1733 2251 1781 2288 de
1811 2252 1958 2299 alieno,
1997 2253 2063 2290 sed
2094 2253 2140 2290 de
2168 2253 2275 2291 iustis
2303 2255 2501 2295 laboribus
2527 2271 2618 2308 pro-

1543 2304 1634 2351 priis
1656 2304 1921 2352 unusquisque
1946 2305 2233 2354 eleemosynam
2262 2308 2388 2345 facere
2417 2310 2549 2358 debet;
2576 2319 2618 2351 ut

1543 2357 1780 2404 Augustinus
1809 2357 1918 2404 dicit,
1947 2358 1987 2394 in
2014 2358 2110 2394 libro
2138 2360 2186 2395 de
2215 2361 2323 2397 Verb.
2352 2362 2503 2399 Dom.*
2537 2361 2616 2403 Sed

1543 2410 1575 2447 si
1602 2410 1761 2446 subiecti
1788 2410 1868 2446 aliis
1889 2411 2177 2459 eleemosynam
2206 2412 2385 2461 facerent,
2415 2415 2491 2452 hoc
2517 2424 2622 2456 esset

1545 2463 1592 2499 de
1621 2463 1759 2499 alieno.
1789 2463 1892 2510 Ergo
1911 2462 1964 2499 illi
1993 2463 2057 2512 qui
2081 2471 2168 2501 sunt
2190 2465 2262 2502 sub
2285 2474 2475 2514 potestate
2489 2467 2504 2491 ⁸
2523 2470 2615 2509 alio-

1544 2527 1630 2552 rum
1661 2527 1740 2551 non
1768 2523 1930 2563 possunt
1958 2516 2248 2565 eleemosynam
2276 2519 2413 2557 facere.

1597 2569 1825 2605 RESPONDEO
1853 2580 2040 2606 mCENDUM
2068 2571 2175 2617 quod
2203 2570 2265 2608 ille
2284 2572 2349 2620 qui
2370 2581 2426 2610 est
2445 2575 2518 2612 sub
2544 2586 2615 2625 po-

1542 2628 1676 2658 testate
1696 2621 1848 2658 alterius
1869 2621 2104 2670 constitutus,
2127 2623 2354 2672 inquantum
2379 2626 2615 2678 huiusmodi,

1543 2675 1758 2711 secundum
1786 2674 1993 2722 superioris
2025 2682 2253 2724 potestatem
2283 2680 2444 2726 regulari
2478 2681 2619 2723 debet:v

1542 2727 1606 2764 hic
1634 2734 1690 2763 est
1718 2726 1822 2763 enim
1852 2727 1948 2764 ordo
1976 2728 2175 2776 naturalis,
2204 2737 2247 2766 ut
2272 2730 2452 2769 inferiora
2479 2730 2615 2772 secun‘ss

1516 2808 1518 2811 .
1543 2780 1638 2816 dum
1658 2779 1856 2827 superiora
1876 2781 2105 2827 regulentur.
2135 2782 2185 2818 Et
2211 2781 2300 2819 ideo
2329 2792 2481 2833 oportet
2507 2783 2615 2835 quod

1542 2845 1588 2869 ea
1607 2833 1646 2868 in
1666 2832 1807 2880 quibus
1826 2831 1982 2869 inferior
1996 2833 2183 2882 superiori
2197 2835 2404 2884 subiicitur,
2421 2837 2615 2887 dispenset

1543 2898 1622 2922 non
1650 2884 1756 2922 aliter
1786 2897 1904 2932 quarn
1935 2885 1968 2922 ei
1997 2885 2043 2922 sit
2070 2899 2092 2923 a
2121 2887 2317 2935 superiore
2346 2891 2611 2930 commissum.

1545 2938 1607 2975 Sic
1644 2937 1755 2985 igitur
1782 2937 1843 2974 ille
1875 2938 1940 2987 qui
1969 2946 2024 2975 est
2056 2940 2127 2976 sub
2162 2948 2350 2988 potestate
2388 2944 2613 2982 constitutus

1545 2992 1591 3028 de
1621 3003 1660 3027 re
1689 2991 1902 3028 secundum
1931 3003 2048 3040 quam
2077 2993 2262 3041 superiori
2291 2995 2487 3034 subiicitur
2514 2998 2614 3036 eleess

1544 3055 1748 3092 mosynam
1783 3043 1909 3080 facere
1944 3056 2022 3081 non
2058 3045 2170 3083 debet
2205 3046 2277 3083 nisi
2311 3055 2499 3096 quatenus
2526 3050 2561 3087 ei
2588 3063 2612 3088 a

1544 3096 1740 3146 superiore
1769 3096 1879 3134 fuerit
1905 3096 2137 3144 permissum
2157 3103 2181 3136 ⁸.
2209 3121 2232 3128 -
2254 3098 2294 3136 Si
2317 3101 2403 3149 quis
2421 3114 2517 3140 vero
2545 3103 2612 3141 ha-

1544 3151 1631 3187 beat
1655 3148 1798 3197 aliquid
1825 3149 2037 3187 secundum
2067 3151 2171 3199 quod
2200 3146 2376 3201 potestati
2405 3155 2611 3204 superioris

1544 3215 1623 3239 non
1643 3202 1773 3249 subsit,
1794 3202 1871 3238 iam
1900 3203 2112 3240 secundum
2140 3205 2215 3242 hoc
2244 3217 2322 3243 non
2351 3214 2408 3244 est
2434 3208 2610 3257 potestati

1545 3255 1749 3302 subiectus,
1778 3262 1963 3304 quantum
1991 3256 2040 3293 ad
2059 3257 2134 3293 hoc
2161 3258 2303 3307 proprii
2323 3259 2413 3298 iuris
2434 3260 2607 3300 existens.

1545 3309 1593 3344 Et
1621 3309 1668 3345 de
1697 3309 1771 3344 hoc
1798 3315 1924 3356 potest
1951 3309 2239 3358 eleemosynam
2267 3311 2402 3350 facere.

1597 3421 1624 3454 γ)
1644 3429 1712 3446 cum.
1730 3435 1749 3440 -
1768 3422 1827 3448 ideo
1845 3430 1904 3448 cum
1925 3423 1972 3449 Pa.

1596 3455 1621 3488 ὃ)
1636 3460 1778 3488 potestate.
1797 3471 1813 3476 -
1832 3458 1971 3484 constituti
1989 3459 2087 3484 addunt
2105 3459 2151 3484 Pa.

1596 3491 1618 3524 ε)
1634 3492 1805 3523 permissum.
1824 3505 1843 3510 -
1861 3493 2028 3519 commissum
2048 3493 2095 3519 Pa.

2642 1456 2713 1474 ment.

2663 1952 2732 1975 Vere.
2748 1958 2770 1980 9.

2642 2369 2653 2380 ⁸
2666 2368 2742 2391 Sei-m.
2764 2368 2852 2396 cxm.

2642 2395 2852 2418 tndem-bstou.

2641 2421 2738 2449 XXXV,
2759 2427 2810 2450 etp.
2826 2427 2852 2444 ιι.
