2892 4056
246 439 312 460 Vera.
328 445 360 467 25.

318 488 330 513 Θ

323 601 330 615 ι

221 756 230 765 “
247 755 311 775 Vers.
328 761 354 782 ¹5·

222 3159 432 3215 ‘caiz-..ixia-

224 3273 231 3280 ·
241 3271 287 3298 Qu.
297 3277 359 3297 xxiv,
367 3275 407 3292 art.
416 3277 431 3292 1.

460 198 534 243 340

458 287 573 319 rena;
610 275 639 311 si
669 283 797 311 autem
831 275 869 310 in
898 274 1007 310 bonis
1037 273 1318 321 corporalibus,
1357 281 1518 310 vocatur
1543 318 1544 323 Ἰ

457 328 639 376 sapientia
659 327 856 371 animalis,·
885 326 914 362 si
934 334 1062 362 autem
1080 325 1117 361 in
1138 325 1261 373 aliqua
1282 327 1515 372 excellentia,
1543 327 1544 371 ᾗ

458 389 619 417 vocatur
645 381 826 428 sapientia
854 378 1052 423 diabolica,
1080 385 1237 426 propter
1265 378 1516 415 imitationem

459 434 660 482 superbiae
690 432 841 477 diaboli,
863 431 909 467 de
934 442 1011 478 quo
1042 429 1176 467 dicitur
1203 431 1272 467 Iob
1290 431 1402 467 XL1*:
1432 432 1518 478 Ipse

459 492 512 522 est
539 498 610 522 rex
635 497 747 533 super
775 485 968 520 universos
986 480 998 503 θ
1016 482 1124 530 filios
1150 483 1359 530 superbiae.
1543 479 1544 522 J

512 541 569 575 AD
608 549 797 574 SECUNDUM
836 547 1019 572 DICENDUM
1058 536 1163 583 quod
1201 535 1381 583 sapientia
1418 529 1545 583 quaes

458 591 611 638 ponitur
631 591 776 627 donum
797 595 804 610 ²
826 588 951 625 differt
974 588 1021 624 ab
1043 600 1087 624 ea
1107 600 1205 637 quae
1230 588 1384 636 ponitur
1397 588 1517 624 virtus
1543 581 1545 594 ⁴

457 642 713 679 intellectualis
742 641 935 689 acquisita.
966 641 1069 676 Nam
1089 641 1150 677 illa
1170 641 1374 688 acquiritur
1393 640 1518 677 studio

457 697 648 732 humano:
678 696 772 731 haec
801 701 930 730 autem
955 700 1010 729 est
1032 693 1078 729 de
1104 705 1254 729 sursum
1283 693 1516 739 descendens,

457 756 498 784 ut
527 748 661 784 dicitur
690 749 762 783 Iac.
785 759 819 783 111
838 747 868 783 ³¹⁸.
889 768 912 774 -
935 745 1114 782 Similiter
1151 753 1187 782 et
1223 745 1350 782 differt
1377 757 1399 782 a
1427 745 1517 782 fide.

458 802 559 837 Nam
598 801 695 837 fides
731 799 886 836 assentit
922 798 1071 835 veritati
1110 798 1263 836 divinae
1306 798 1519 836 secundum

457 854 642 901 seipsam:
681 853 748 890 sed
776 851 959 888 iudicium
988 851 1093 900 quod
1122 859 1177 888 est
1210 851 1423 888 secundum
1452 863 1518 888 ve-

1174 195 1440 241 QUAESTIO
1470 195 1590 242 XLV,
1620 194 1916 231 ARTICULUS
1944 196 1976 231 ΙΙ

1571 273 1718 309 ritatem
1753 272 1922 308 divinam
1960 272 2120 320 pertinet
2152 273 2201 308 ad
2230 273 2376 309 donum
2410 271 2628 321 sapientiae.

1571 326 1619 361 Et
1646 325 1733 361 ideo
1763 324 1910 361 donum
1939 324 2145 372 sapientiae
2181 325 2456 374 praesupponit
2487 324 2628 361 fidem:

1571 377 1660 425 quia
1681 377 1932 425 unusquisque
1958 377 2051 422 bene
2078 377 2219 414 iudicat
2243 389 2340 426 quae
2367 378 2568 427 cognoscit,
2589 384 2631 414 ut

1572 428 1705 466 dicitur
1731 429 1769 466 in
1797 431 1810 465 I
1839 429 1959 466 Ethic.
1980 427 2000 450 ’¹‘

1623 484 1682 519 An
1710 493 1873 519 ’reanum
1900 493 2084 518 nicannum
2113 482 2218 529 quod
2247 482 2344 518 sicut
2370 482 2502 531 pietas,
2531 494 2630 530 quae

1570 535 1732 583 pertinet
1760 535 1808 572 ad
1838 535 1980 571 cultum
2010 534 2101 581 Dei,
2132 541 2188 571 est
2215 534 2493 572 manifestativa
2520 534 2630 582 fidei,

1570 588 1796 636 inquantum
1825 600 1894 636 per
1926 587 2068 624 cultum
2097 587 2170 623 Dei
2201 594 2458 635 protestamur
2490 587 2630 632 fidem3

1571 641 1620 677 ita
1641 640 1754 676 etiarn
1774 640 1894 688 pietas
1912 640 2126 677 manifestat
2145 640 2382 688 sapientiam.
2410 641 2459 677 Et
2476 647 2633 688 propter

1571 694 1646 730 hoc
1675 692 1810 729 dicitur
1837 693 1941 741 quod
1964 693 2087 741 pietas
2112 698 2167 729 est
2191 692 2384 741 sapientia.
2417 693 2467 730 Et
2494 693 2631 738 eadem

1571 745 1716 782 ratione
1753 745 1876 782 timor.
1920 747 1994 782 Per
2026 746 2101 782 hoc
2139 745 2241 782 enim
2279 745 2492 783 ostenditur
2526 739 2632 794 qnod

2658 430 2707 451 ”Ca
2726 445 2731 451 .
2747 436 2781 455 ιιι,
2795 437 2817 452 η.
2829 437 2868 453 ς.-

2658 456 2709 478 S.T
2728 455 2840 478 .1ect.1n'.

1571 799 1691 835 homo
1721 805 1867 835 rectum
1895 799 2012 835 habet
2039 798 2223 835 iudicium
2253 798 2301 835 de
2330 798 2488 845 divinis,
2526 799 2633 845 quod
2659 828 2667 833 ,

1572 853 1701 888 Deum
1729 851 1836 888 timet
1865 859 1901 888 et
1929 852 2028 888 colit.

508 983 531 1016 Θ)
553 984 696 1008 universos.
714 997 733 1002 -
751 990 842 1008 omnes
861 982 931 1007 PDa.
1543 979 1546 1004 l

1625 983 1643 1015 ι)
1664 983 1771 1007 donum.
1789 996 1808 1002 —
1826 983 1945 1014 Spiritus
1964 983 2058 1008 Sancti
2077 983 2172 1007 addunt
2191 983 2237 1008 Pa.

1129 1061 1461 1094 Commenta-ia
1482 1061 1732 1093 Cardinalis
1753 1062 1953 1094 Caietani

485 1153 505 1173 N
529 1142 661 1172 articulo
689 1141 794 1181 primo
825 1140 1020 1181 quaestionis
1049 1139 1456 1180 quadragesimaequintae,
1484 1139 1516 1169 in
1541 1139 1545 1156 ¹

458 1155 693 1227 Iresponsione
709 1186 748 1215 ad
763 1185 949 1221 secundum,
971 1184 1104 1214 dubium
1121 1184 1258 1214 occurrit
1273 1184 1352 1214 circa
1376 1182 1517 1213 differen-

455 1231 531 1262 tiam
555 1231 636 1261 inter
665 1229 762 1259 fidem
787 1236 817 1260 et
839 1228 1036 1268 sapientiam.
1067 1229 1141 1258 Non
1171 1227 1256 1258 enim
1284 1227 1409 1257 videtur
1435 1233 1518 1256 recte

455 1275 626 1305 differentia
650 1273 805 1313 assignata
828 1283 925 1312 penes
948 1273 1010 1302 hoc
1033 1273 1122 1312 quod
1145 1271 1223 1302 fides
1246 1271 1375 1302 assentit
1396 1270 1518 1301 veritati

455 1319 579 1349 divinae
603 1318 780 1348 secundum
804 1317 949 1357 seipsam,
967 1316 1119 1356 sapientia
1143 1322 1250 1346 autem
1265 1315 1384 1346 iudicat
1407 1325 1518 1345 secun—
1544 1333 1545 1337 =

454 1364 533 1394 dum
556 1363 718 1393 veritatem
742 1361 890 1392 divinam.
914 1363 981 1391 Aut
996 1360 1082 1391 enim
1104 1359 1276 1391 differentia
1294 1360 1354 1390 ista
1377 1359 1519 1390 consistit

453 1408 487 1438 in
510 1406 682 1438 differentia
704 1406 785 1436 inter
807 1412 914 1435 actum
937 1414 1083 1435 assensus
1106 1413 1136 1436 et
1154 1404 1276 1441 iudicii;
1301 1404 1407 1435 autin
1431 1403 1518 1434 diffe-

454 1451 554 1482 rentia
577 1451 621 1481 rei
645 1450 695 1481 cui
719 1449 887 1480 assentitur
909 1456 940 1479 et
962 1459 1045 1490 quae
1066 1449 1238 1485 iudicatur;
1263 1455 1318 1479 aut
1341 1448 1374 1479 in
1396 1448 1518 1479 ratione

455 1506 601 1526 assensus
625 1501 655 1525 et
676 1494 796 1525 iudicii.
820 1494 895 1524 Non
918 1493 952 1523 in
974 1493 1038 1524 hoc
1060 1493 1192 1524 ultimo:
1219 1492 1374 1534 quoniam
1397 1492 1519 1524 utrobi-

455 1550 518 1581 que
535 1540 650 1570 dicitur
672 1538 704 1569 in
727 1539 840 1574 littera,
856 1538 1033 1569 secundum
1057 1538 1222 1569 veritatem
1241 1538 1393 1568 divinam.
1410 1554 1429 1560 -
1444 1538 1519 1568 Non

454 1585 487 1615 in
511 1584 666 1615 secundo:
691 1583 765 1623 quia
787 1590 854 1613 tam
875 1581 953 1612 fides
977 1592 1074 1623 quam
1094 1581 1247 1622 sapientia
1270 1589 1317 1612 est
1339 1580 1519 1622 principali-

454 1636 502 1660 ter
523 1629 583 1659 Dei
606 1635 637 1659 et
659 1627 845 1658 'secundario
869 1627 1018 1657 aliorum.
1040 1643 1062 1650 -—
1083 1627 1158 1657 Non
1180 1626 1213 1656 in
1237 1626 1357 1666 primo:
1387 1625 1462 1667 quia
1485 1626 1517 1656 in

454 1673 575 1704 ratione
605 1682 752 1702 assensus
779 1671 972 1711 importatur
1003 1670 1174 1706 iudicium;
1206 1670 1403 1711 quicumque
1433 1670 1519 1700 enim

454 1717 584 1748 assentit
607 1718 725 1756 absque
754 1715 924 1746 formidine
947 1715 1064 1745 iudicat
1087 1715 1130 1745 sic
1153 1724 1234 1750 esse,
1260 1721 1290 1745 et
1313 1724 1330 1744 e
1353 1724 1517 1745 converso.

509 1762 546 1791 11.
563 1761 615 1791 Ad
630 1761 692 1790 hoc
709 1759 821 1790 dicitur
836 1760 925 1800 quod
938 1758 1110 1789 differentia
1125 1758 1184 1789 ista
1198 1758 1341 1789 consistit
1355 1758 1388 1788 in
1402 1757 1518 1798 primo,

452 1806 485 1836 in
509 1804 680 1835 differentia
703 1803 820 1834 scilicet
838 1803 920 1834 inter
941 1813 1107 1833 assensum
1129 1809 1160 1833 et
1173 1802 1338 1833 iudicium.
1362 1804 1519 1833 Assensus

453 1859 592 1890 namque
616 1855 663 1879 est
686 1847 905 1878 determinatio
930 1847 979 1877 sui
1002 1847 1042 1877 ad
1066 1847 1195 1878 alteram
1219 1853 1341 1886 partem
1364 1847 1519 1877 contradi-

453 1894 583 1925 ctionis:
608 1893 805 1934 quicumque
820 1892 907 1922 enim
921 1891 1051 1922 assentit
1066 1891 1160 1922 alicui
1184 1890 1386 1922 affirmationi
1399 1891 1451 1921 vel
1466 1900 1520 1921 ne-

453 1938 584 1979 gationi,
616 1938 681 1968 sive
704 1947 741 1967 ex
764 1936 922 1967 evidentia
950 1937 994 1966 rei
1018 1935 1084 1966 sive
1112 1945 1149 1966 ex
1171 1936 1358 1966 auctoritate
1389 1935 1520 1966 dicentis

453 1983 519 2014 sive
543 1992 580 2013 ex
603 1981 709 2022 signis,
735 1991 771 2011 ex
794 1981 855 2012 hoc
879 1980 993 2011 dicitur
1024 1980 1173 2011 assentire
1196 1981 1285 2021 quod
1308 1979 1449 2020 seipsum
1472 1990 1520 2010 se-

454 2027 597 2059 cundum
619 2025 842 2057 intellectivam
865 2031 987 2066 partem
1004 2025 1192 2056 determinat
1214 2024 1253 2054 ad
1275 2024 1369 2055 talem
1387 2030 1519 2064 partem.

454 2071 612 2103 Iudicium
637 2077 743 2101 autem
761 2077 807 2100 est
830 2069 1051 2100 determinatio
1068 2069 1112 2100 rei
1135 2076 1172 2100 ut
1194 2072 1242 2099 es't
1263 2068 1313 2099 vel
1327 2078 1395 2099 esse
1411 2069 1517 2100 debet:

454 2127 490 2147 ex
513 2116 575 2146 hoc
599 2115 684 2146 enim
709 2114 823 2155 aliquis
848 2114 962 2144 dicitur
990 2113 1129 2144 iudicare
1152 2112 1283 2153 aliquid,
1308 2113 1396 2154 quod
1421 2113 1520 2144 deter-
1545 2113 1546 2128 l

453 2161 554 2191 minat
567 2159 707 2194 illudsic
724 2169 790 2189 esse
814 2159 864 2189 vel
879 2158 923 2189 sic
935 2158 1048 2188 debere
1072 2168 1148 2189 esse.
1173 2158 1214 2188 Et
1227 2158 1374 2198 quamvis
1397 2163 1520 2189 utrum-

453 2215 515 2246 que
540 2204 675 2235 alterum
697 2203 811 2234 inferat
833 2201 923 2244 (quia
940 2202 1152 2233 determinans
1172 2202 1311 2242 seipsum
1336 2203 1375 2233 ad
1390 2203 1520 2234 alteram

452 2257 576 2291 partem
605 2248 794 2279 determinat
815 2247 903 2278 illam
923 2247 966 2278 sic
982 2256 1062 2277 esse:
1088 2253 1119 2277 et
1138 2256 1155 2277 e
1171 2253 1280 2277 contra
1308 2246 1520 2278 determinans

453 2293 573 2335 aliquid
603 2293 646 2324 sic
670 2302 737 2322 esse
762 2291 948 2322 determinat
971 2301 1004 2321 se
1033 2291 1073 2321 ad
1094 2291 1181 2321 illam
1206 2289 1351 2333 partem),
1377 2291 1519 2322 formali-

453 2345 499 2369 ter
522 2345 629 2368 tamen
653 2336 801 2367 differunt
824 2342 860 2366 ut
883 2335 1004 2365 dictum
1029 2342 1093 2365 est:
1118 2341 1149 2366 et
1168 2345 1312 2366 assensus
1331 2334 1418 2376 prior
1435 2335 1520 2366 vide-

453 2389 505 2413 tur
526 2381 646 2412 iudicio
670 2381 846 2411 secundum
871 2386 1026 2410 naturam.
1052 2379 1093 2410 Et
1115 2379 1306 2410 differentiae
1328 2379 1459 2420 quidem
1481 2379 1520 2410 si-

454 2435 555 2466 gnum
579 2433 625 2456 est
639 2425 729 2466 quod
751 2425 897 2455 videmus
920 2425 1010 2464 quod
1026 2423 1200 2454 nescientes
1215 2424 1423 2454 determinare
1432 2434 1521 2467 *quae

455 2470 712 2502 contradictionis
735 2479 806 2508 pars
829 2478 902 2499 vera
925 2468 966 2499 sit
987 2468 1019 2498 in
1042 2468 1147 2509 aliqua
1170 2468 1311 2504 materia,
1335 2475 1413 2507 puta
1436 2468 1520 2499 Con-

455 2514 609 2555 ceptionis
631 2514 746 2545 Beatae
769 2513 917 2552 Virginis,
934 2513 1091 2544 abstinent
1114 2523 1132 2542 a
1150 2512 1285 2548 iudicio;
1310 2520 1341 2542 et
1356 2522 1431 2543 cum
1446 2513 1518 2549 hoc,

455 2559 698 2590 determinantes
715 2568 747 2588 se
771 2558 810 2588 ad
827 2567 925 2588 unam
941 2564 1075 2597 partem,
1092 2557 1225 2587 credunt
1239 2557 1342 2593 illam;
1367 2563 1520 2598 tanquam

454 2603 539 2634 aliud
564 2603 603 2634 sit
625 2603 772 2638 iudicare,
798 2602 884 2632 aliud
907 2601 1065 2633 assentire.
1090 2602 1130 2632 Et
1154 2601 1232 2631 dum
1255 2600 1403 2631 audimus
1419 2600 1519 2631 bello-

1568 1147 1641 1169 rum
1664 1146 1720 1169 aut
1742 1148 2023 1180 quorumcumque
2047 1147 2211 1179 gestorum
2238 1140 2394 1176 historias,
2423 1141 2547 1171 credere
2574 1151 2634 1171 nos

1569 1183 1714 1219 fatemur,
1740 1193 1807 1214 non
1822 1183 1975 1214 iudicare:
2001 1190 2153 1225 tanquam
2172 1194 2232 1215 nos
2248 1184 2495 1216 determinemus
2509 1186 2548 1216 ad
2566 1195 2634 1216 nar—

1569 1233 1651 1263 rata,
1676 1237 1742 1257 non
1772 1234 1894 1258 narrata
1927 1227 2005 1267 ipsa.
2045 1227 2175 1258 Ordinis
2211 1238 2287 1259 vero
2318 1227 2446 1268 signum
2475 1237 2522 1261 est
2545 1229 2635 1271 quod

1569 1271 1707 1312 qualiter
1729 1272 1953 1312 unusquisque
1976 1271 2105 1302 affectus
2125 1279 2181 1308 est,
2207 1272 2310 1303 taliter
2335 1272 2456 1307 iudicat
2471 1274 2510 1303 de
2533 1283 2576 1310 re,
2601 1280 2636 1304 ut

1570 1322 1656 1356 patet
1670 1316 1703 1346 in
1726 1323 1821 1356 gustu
1845 1315 2065 1346 febricitantis:
2090 1316 2152 1347 hoc
2175 1316 2261 1346 enim
2283 1316 2424 1347 insinuat
2445 1316 2534 1358 quod
2548 1317 2636 1358 prius

1571 1367 1682 1391 natura
1701 1367 1748 1391 eat
1772 1360 1995 1391 determinatio
2020 1359 2128 1391 suiad
2151 1361 2272 1401 aliquid
2293 1363 2392 1401 quam
2416 1360 2635 1410 iudiciufirqe

1570 1405 1637 1436 illo.
1664 1405 1706 1435 Et
1735 1411 1903 1445 propterea
1925 1404 2078 1444 sapientia
2107 1405 2141 1435 in
2163 1405 2266 1436 littera
2292 1404 2425 1445 ponitur
2442 1403 2558 1451 x‘dffl'er'e
2591 1400 2605 1438 J

1569 1448 1632 1479 fide
1659 1449 1837 1480 secundum
1860 1448 2069 1480 differentiam
2091 1449 2201 1480 iudicii
2223 1451 2262 1481 ab
2287 1454 2486 1486 assensisset

1571 1493 1728 1534 posterior
1749 1492 1822 1524 fide.
2172 1503 2184 1507 ·
2474 1495 2477 1502 ’
2507 1513 2509 1516 ·
2555 1488 2629 1532 ²2*ss

1625 1537 1677 1568 111.
1702 1537 1786 1568 Inter
1807 1537 1905 1568 fidem
1928 1546 2002 1577 ergo
2027 1543 2058 1568 et
2081 1537 2269 1578 sapientiam
2291 1537 2369 1568 haec
2392 1543 2441 1569 est
2453 1526 2636 1580 differehtffi

1570 1582 1660 1623 quod
1682 1581 1756 1612 fidei
1779 1581 1884 1622 primo
1907 1588 1954 1612 est
1977 1590 2138 1618 assensus3
2163 1581 2336 1622 sapientiae
2364 1584 2441 1612 vero
2464 1578 2638 1623 primo-&it

1570 1626 1735 1657 iudicium.
1758 1626 1840 1657 Dico
1863 1631 1969 1656 autem
1987 1627 2106 1666 primo.
2126 1625 2215 1656 Tum
2230 1626 2307 1666 quia
2328 1634 2432 1657 unum
2449 1626 2544 1658 infert
2554 1623 2637 1658 fiel&
2728 1634 2746 1670 s

1571 1681 1685 1711 quum.
1714 1671 1803 1702 Tum
1825 1670 1902 1711 quia
1929 1680 1995 1700 non
2018 1669 2161 1710 intelligo
2191 1672 2276 1702 dona
2298 1670 2435 1711 Spiritus
2456 1670 2636 1706 Sanctis&

1572 1715 1724 1754 distingui
1754 1725 1772 1745 a
1799 1714 1970 1746 virtutibus
2001 1714 2190 1754 theologicis
2219 1721 2255 1746 ut
2283 1714 2447 1756 perficiant
2476 1716 2515 1746 ad
2538 1721 2636 1755 ‚actua

1571 1760 1758 1800 disparatos:
1783 1758 1839 1788 sed
1862 1765 1898 1790 ut
1919 1757 2083 1798 perficiant
2104 1757 2343 1790 inchoationem
2365 1759 2515 1792 bonitatis
2537 1753 2636 1801 quam

1571 1811 1659 1834 actus
1683 1803 1739 1844 qui
1762 1812 1827 1833 non
1858 1802 1964 1843 primo
1989 1802 2044 1833 sed
2067 1802 2255 1833 secundario
2283 1809 2358 1835 sunt
2383 1793 2636 1846 theolog-icarum

1569 1847 1724 1879 virtutum
1744 1846 1782 1877 ab
1798 1846 1859 1877 inis
1875 1847 2061 1878 sortiuntur.
2085 1845 2181 1878 Verbi
2204 1847 2312 1887 gratia,
2331 1846 2405 1878 fidei
2420 1855 2508 1879 actus
2529 1843 2636 1888 ptifflii

1571 1899 1618 1923 est
1640 1891 1806 1923 assentire:
1830 1897 1862 1922 et
1883 1891 2028 1922 eiusdem
2055 1896 2103 1922 est
2125 1891 2222 1922 etiam
2244 1891 2421 1932 percipere,
2445 1899 2476 1923 et
2498 1892 2638 1924 ium·

1571 1944 1602 1968 et
1625 1936 1803 1968 secundum
1826 1936 1933 1966 Deum
1957 1943 1988 1966 et
2010 1936 2188 1967 secundum
2212 1945 2322 1967 causas
2345 1943 2473 1974 creatas,
2489 1943 2520 1968 et
2535 1937 2637 1979 applia.

1571 1991 1641 2012 care
1662 1981 1706 2012 ad
1729 1979 1911 2020 singularia.
1941 1980 1985 2011 Ut
2007 1986 2094 2021 patet
2115 1980 2149 2010 in
2170 1980 2305 2011 homine
2333 1980 2496 2015 existente*
2506 1981 2540 2013 in
2562 1991 2636 2024 pec-

1571 2032 1641 2056 cato
1665 2025 1803 2062 mortali,
1828 2031 1957 2056 cavente
1977 2031 2084 2056 tamen
2111 2034 2144 2055 se
2167 2024 2206 2055 ab
2229 2019 2426 2064 idololatria,
2450 2025 2540 2056 homi
2560 2025 2568 2033 “

1544 2064 1546 2079 ⁴
1571 2070 1668 2106 furto,
1682 2075 1776 2100 eunte
1794 2069 1832 2099 ad
1847 2068 2098 2111 praedicationes
2114 2074 2146 2099 et
2161 2067 2283 2100 missas.
2308 2068 2398 2100 Talis
2417 2069 2501 2100 enim
2518 2061 2638 2117 alisque

1571 2113 1665 2145 donis
1689 2113 1825 2155 Spiritus
1849 2113 1965 2150 Sancti,
1985 2123 2067 2154 quae
2091 2122 2157 2144 non
2173 2118 2310 2154 possunt
2324 2122 2392 2145 esse
2406 2111 2639 2157 informim'pfi·

1570 2158 1668 2189 fidem
1691 2157 1825 2199 percipit
1842 2157 1964 2194 divium
1987 2157 2107 2189 iudicat
2125 2157 2303 2189 cavendum
2321 2158 2360 2188 ab
2383 2158 2637 2196 idololatriae&

1571 2203 1715 2234 cundum
1738 2201 1925 2233 altissimam
1940 2211 2084 2239 causam;
2108 2208 2140 2233 et
2154 2203 2194 2233 ab
2212 2202 2398 2239 homicidio,
2416 2203 2512 2235 etiam
2525 2213 2638 2237 settim

1571 2248 1651 2278 dum
1674 2256 1803 2278 causam
1827 2253 1981 2283 creatam,
2006 2246 2083 2288 quia
2105 2256 2172 2278 non
2195 2253 2242 2278 est
2265 2247 2449 2279 nocendum
2471 2248 2637 2289 pruinam

1571 2298 1602 2322 et
1624 2291 1762 2331 applicat
1784 2301 1817 2322 se
1841 2291 1881 2321 ad
1903 2291 2106 2331 particulares
2130 2291 2331 2323 executiones
2347 2291 2493 2333 obsequii
2502 2291 2552 2326 fid
2571 2292 2579 2300 ‘
2600 2292 2637 2330 iu

1571 2335 1676 2366 missis
1700 2342 1757 2366 etc.
1784 2334 1849 2372 Qui
1873 2341 1978 2366 tamen
2003 2342 2091 2366 actus
2114 2335 2319 2375 spectantad
2342 2334 2427 2366 dona
2449 2334 2556 2367 intelle
2599 2331 2630 2343 ‘⁴‘

1571 2380 1752 2421 sapientiae,
1777 2379 1923 2410 scientiae
1947 2378 2134 2410 et-consilii.
2160 2379 2221 2410 Sed
2244 2379 2276 2410 hi
2300 2384 2389 2410 actus
2417 2376 2548 2422 non'pe
2616 2375 2618 2381 ’

1572 2431 1647 2455 sunt
1668 2424 1711 2454 ita
1735 2434 1752 2454 a
1774 2423 1837 2453 fide
1859 2423 1938 2464 quin
1962 2430 2075 2463 egeant
2103 2424 2265 2454 donorum
2289 2424 2494 2464 perfectione:
2515 2426 2611 2467 Rffqu

1573 2469 1634 2499 bus
1657 2478 1732 2498 cum
1755 2467 1938 2504 eliciuntur,
1967 2475 2035 2499 non
2059 2468 2127 2504 alii,
2156 2469 2211 2499 sed
2233 2468 2297 2499 alio
2320 2469 2436 2506 mod0‚
2461 2474 2498 2501 ut
2520 2468 2638 2502 seilicet

1572 2512 1719 2544 oriuntur
1733 2522 1770 2542 ex
1783 2512 1932 2544 instinctu
1948 2512 2084 2552 Spiritus
2103 2512 2221 2550 Sancti,
2236 2513 2419 2545 eliciuntur:
2443 2520 2480 2545 ut
2493 2514 2532 2545 de
2546 2514 2637 2553 dm

1573 2556 1744 2597 sapientiae
1766 2556 1798 2588 in
1822 2556 1990 2598 proposito
2014 2557 2128 2588 dicitur
2142 2557 2160 2576 *
2183 2557 2272 2599 quod
2296 2567 2313 2588 a
2336 2550 2638 2611 sapienda-*eliejtqr

1572 2600 1727 2632 iudicium
1750 2602 1927 2632 secundum
1951 2602 2112 2643 quandam
2138 2598 2434 2634 connaturalitatem
2457 2600 2498 2633 a'd
2520 2599 2636 2648 divina,
2674 2645 2679 2652 .

1216 2752 1533 2795 ARTICULUS
1564 2752 1864 2796 SECUNDUS

880 2845 1035 2876 UTRUM
1059 2845 1286 2876 SAPIENTIA
1309 2844 1376 2875 sm*
1400 2845 1444 2875 IN
1467 2844 1746 2875 INTELLECTU
1770 2845 1898 2876 stcuT
1923 2846 1966 2876 m
1988 2845 2204 2878 sumacro

1223 2923 1254 2948 111
1275 2923 1356 2953 Sent„
1377 2923 1436 2948 dist.
1455 2931 1526 2953 xxm,
1547 2932 1591 2956 qu.
1610 2931 1638 2955 11,
1658 2929 1703 2949 art.
1729 2933 1749 2955 1,
1769 2922 1819 2956 qu⁸
1840 2924 1864 2949 3.

488 3009 552 3050 μυ
575 3008 646 3053 μᾷ(
671 3007 693 3032 n
707 3006 897 3032 SECUNDUM
912 3007 965 3032 Slc
987 3006 1227 3032 moeson-ua.
1237 2994 1397 3031 Videtur
1415 2996 1519 3043 quod

483 3041 543 3088 Ἐὖ
590 3034 648 3105 {Ji
672 3048 852 3096 sapientia
886 3060 965 3085 non
993 3048 1038 3084 sit
1070 3048 1107 3085 in
1137 3048 1326 3085 intellectu
1359 3047 1455 3084 sicut
1482 3047 1520 3085 in

479 3100 482 3105 ’
500 3140 502 3145 ,
536 3113 600 3154 2⁹3
616 3089 643 3137 ²6
672 3101 855 3138 subiecto.
874 3101 972 3138 Dicit
993 3101 1093 3138 enim
1109 3100 1354 3149 Augustinus,
1370 3100 1410 3138 in
1424 3100 1519 3138 libro

519 3125 616 3182 §²²³5
632 3142 717 3190 &ae
748 3154 880 3190 Gratia
907 3154 1014 3191 Novi
1043 3156 1079 3190 T
1075 3160 1138 3191 est.
1158 3153 1190 3200 ⁸³⁸,
1210 3153 1316 3202 quod
1338 3154 1519 3202 sapientia
1544 3164 1546 3183 Ι

458 3212 512 3244 est
537 3206 676 3244 caritas
703 3207 786 3243 Dei.
819 3207 895 3244 Sed
925 3207 1058 3243 caritas
1079 3215 1134 3244 est
1159 3207 1254 3244 sicut
1281 3206 1319 3244 in
1347 3206 1519 3244 subiecto
1544 3184 1546 3231 Ι

2334 2959 2336 2961 ’
2523 2955 2566 2972 ·2‘··
2588 2956 2631 2978 *i

1628 3006 1662 3032 2.
1693 2995 1926 3041 ΡΚΑΕΤΕΚΕΑ,
1955 2996 2070 3033 Eccli.
2092 2995 2162 3032 VI*
2181 2996 2329 3034 dicitur:
2355 2998 2549 3047 Sapientia
2565 2986 2635 3036 dc·

1571 3048 1715 3085 ctrinae
1731 3048 1936 3085 secundum
1956 3059 2092 3086 nomen
2111 3049 2192 3086 eius
2209 3055 2272 3087 est.
2302 3049 2450 3088 Dicitur
2467 3057 2595 3089 autem
2617 3057 2635 3074 ⁸

1544 3108 1547 3161 Ι
1572 3101 1757 3149 sapientia
1784 3101 1893 3149 quasi
1911 3102 2042 3150 sapida
2069 3102 2245 3140 scientia.-
2273 3103 2379 3152 quod
2406 3104 2559 3142 viduum
2580 3105 2634 3143 :ad

1573 3154 1753 3191 affectum
1790 3155 1998 3203 pertinere,
2037 3155 2086 3192 ad
2122 3168 2240 3204 quem
2277 3156 2449 3204 pertinet
2475 3157 2636 3206 experiri

1572 3207 1782 3255 spirituales
1801 3208 2070 3245 delectationes
2089 3209 2171 3246 sive
2191 3209 2428 3247 dulcedines.
2454 3208 2562 3258 Ergo:
2577 3209 2635 3248 su·

459 3260 498 3297 in
525 3260 732 3306 voluntate,
763 3272 841 3296 non
870 3258 915 3296 in'
936 3260 1145 3306 intellectu,
1174 3267 1216 3296 ut
1244 3272 1358 3308 supra
1376 3259 1396 3281 ’¹‘
1414 3260 1519 3297 habi·
1544 3250 1546 3308 l
1571 3260 1711 3308 pientia
1730 3273 1810 3298 non
1829 3269 1886 3298 est
1904 3261 1942 3298 in
1968 3261 2170 3309 intellectu,
2190 3262 2258 3300 sed
2278 3263 2400 3311 magis
2422 3263 2463 3300 in
2483 3261 2633 3302 affictam

458 3320 539 3349 turn
561 3320 626 3349 est.
657 3313 758 3360 Ergo
779 3313 961 3361 sapientia
982 3326 1058 3349 non
1079 3321 1133 3350 est
1153 3313 1191 3349 in
1216 3313 1405 3350 intellectu
1425 3313 1519 3350 sicut
1545 3310 1554 3404 J

459 3365 497 3402 in
527 3366 710 3402 subiecto.

1626 3315 1660 3351 3.
1685 3315 1919 3361 PRAETEREA,
1949 3315 2118 3363 potentia
2147 3315 2375 3353 intellectiva
2405 3316 2636 3354 sufficienter

1572 3367 1765 3414 perficitur
1793 3380 1861 3416 per
1881 3368 2027 3405 donum
2047 3368 2270 3405 intellectus.
2299 3369 2378 3406 Sed
2401 3369 2451 3407 ad
2470 3369 2509 3406 id
2524 3368 2634 3418 quod

514 3492 540 3523 α)
560 3496 658 3517 autem.
676 3506 694 3510 -
713 3492 781 3516 enim
802 3492 847 3516 Pa.

2663 2561 2672 2571 ·
2687 2561 2738 2583 Art.
2753 2567 2774 2584 2.

2664 3016 2671 3023 ¹
2687 3014 2756 3037 Vera.
2770 3020 2804 3044 ²³·
