2892 4056
31 1335 44 1357 κ.
84 1306 154 1359 Ἦ..

39 1365 186 1388 ἰαμ

206 1314 264 1332 n,-

211 1341 263 1360 σιο-

10 2347 11 2350 ,
50 2331 226 2355 ‘Qum-1.

999 131 1264 177 QUAESTIO
1294 133 1345 178 x,
1375 132 1669 170 ARTlcULUS
1700 134 1750 170 ιν

295 213 382 248 parte
404 206 523 237 ordinis
546 216 670 243 rerum;
694 214 724 238 et
748 207 868 248 aliquid
891 219 928 239 ex
950 216 1038 249 parte
1060 211 1169 241 nostri.
1196 211 1244 243 Ex
1267 217 1354 250 parte

296 251 454 291 siquidem
467 260 574 281 rerum
596 259 726 291 apparet
747 253 845 292 quod,
870 253 951 284 sicut
973 263 1047 284 cum
1071 264 1221 294 supremo
1244 261 1354 294 agente

295 296 383 326 stant:
398 294 546 325 inferiora
575 295 697 334 agentia
731 303 761 326 et
784 297 883 328 multa
910 298 1011 338 prima
1041 299 1163 338 agentia
1185 299 1219 329 in
1241 308 1354 338 genere

294 338 358 369 hoc
374 338 425 368 vel
446 338 514 375 illo,
538 345 574 369 ut
597 345 682 378 patet
703 338 736 369 in
754 340 858 380 regnis
880 348 911 372 et
933 341 1068 378 actibus;
1092 342 1134 372 ita
1149 353 1223 373 cum
1239 343 1352 374 ultimo
1379 345 1381 365 ³

294 381 357 413 fine
376 382 562 422 simpliciter
585 383 682 413 totius
706 383 843 414 universi
873 392 955 415 stant
977 386 1070 416 multi
1093 386 1196 416 ultimi
1220 386 1298 418 fines
1319 387 1354 418 in

294 435 407 466 genere
429 426 492 456 hoc
509 432 540 456 et
553 426 620 457 illo.
644 427 710 458 Nec
726 438 792 458 esse
809 429 959 460 ultimum
981 428 1078 460 finem
1100 430 1134 460 in
1156 430 1219 460 hoc
1241 440 1354 470 genere

295 470 424 510 derogat
446 469 560 500 ultimo
584 470 638 501 fini
662 471 862 511 simpliciter:
885 482 944 503 nec
966 473 1069 503 aufert
1092 474 1130 503 ab
1154 474 1267 505 ultimo
1291 474 1354 505 fine

294 514 326 544 in
349 523 461 554 genere
478 514 613 544 ordinari
638 515 744 554 ipsum
760 517 798 546 ad
819 517 966 547 ultimum
986 516 1082 546 finem
1099 517 1290 557 simpliciter.
1314 519 1354 549 Et

294 558 449 598 quoniam
464 558 496 588 in
511 559 676 598 agentibus
691 569 786 600 agens
805 560 944 600 primum
959 561 992 590 in
1009 561 1117 600 aliquo
1134 571 1256 600 genere,
1276 569 1354 603 puta

294 601 358 632 dux
375 601 408 632 in
428 602 573 637 exercitu,
598 610 702 642 potest
721 603 909 634 considerari
933 604 1107 643 dupliciter,
1131 605 1234 644 primo
1255 613 1291 636 ut
1309 613 1355 636 est

294 652 389 685 caput
411 653 442 676 et
466 646 607 686 primum
635 657 768 677 movens
791 648 824 677 in
846 647 902 678 illo
926 648 1054 686 ordine,
1085 650 1225 680 secundo
1250 657 1285 680 ut
1308 657 1355 680 est

293 696 420 720 motum
443 691 482 720 ab
502 690 574 727 alio,
595 690 711 722 scilicet
733 701 750 720 a
769 691 873 730 primo
889 698 999 731 agente
1015 692 1211 733 simpliciter;
1236 704 1292 724 nec
1309 701 1355 724 est

293 743 358 763 una
380 740 411 764 et
434 734 544 764 eadem
562 734 643 764 ratio
666 734 755 765 ducis
777 735 882 775 primo
902 742 932 765 et
951 736 1091 766 secundo
1108 738 1207 767 modo
1224 738 1352 778 sumpti,

293 777 368 818 quia
390 787 457 808 non
480 785 527 809 est
548 778 658 809 eadem
681 778 760 808 ratio
783 779 940 810 moventis
964 780 1043 810 moti
1069 780 1260 821 inquantum
1283 792 1354 812 mo-

292 821 392 852 ventis
416 827 447 852 et
467 822 658 863 inquantum
681 822 770 858 moti,
791 829 827 853 ut
849 829 949 863 patet:
974 824 1251 864 proportionaliter
1264 825 1296 855 in
1319 825 1354 855 fi-

293 864 386 896 nibus
416 872 542 906 oportet
564 865 664 896 dicere
694 866 782 908 quod
812 865 882 897 finis
906 866 1037 898 ultimus
1056 867 1088 897 in
1117 878 1230 908 genere
1261 869 1355 899 habet

293 910 372 940 duas
387 909 541 945 rationes;
564 919 662 940 unam
685 916 843 950 quatenus
865 917 911 941 est
932 910 1005 942 finis
1018 911 1150 942 ultimus
1173 912 1206 942 in
1224 913 1280 942 illo
1300 922 1353 952 ge—

293 963 377 990 nere,
392 960 425 987 et
441 963 478 984 ex
492 953 554 988 „hac
572 953 675 989 habet,
698 961 854 994 quatenus
873 962 920 986 est
937 954 1018 991 finis,
1037 956 1128 995 quod
1146 956 1255 986 omnia
1269 956 1353 987 illius

291 997 415 1038 generis
431 997 509 1041 <sint
518 1005 652 1038 propter
673 997 798 1038 ipsum,
823 1006 978 1040 quatenus
996 1009 1071 1030 vero
1095 1006 1141 1030 est
1165 1000 1297 1031 ultimus
1319 1001 1352 1031 in

290 1041 460 1084 ino„quod
479 1037 548 1087 ipse
563 1051 629 1071 non
645 1041 684 1072 sit
701 1050 832 1083 propter
846 1043 932 1075 aliud
951 1043 983 1074 in
999 1042 1054 1074 illo
1074 1053 1199 1083 genere,
1224 1045 1353 1076 alteram

291 1090 448 1126 quatenus
463 1085 627 1116 ordinatur
646 1085 685 1116 ad
703 1085 800 1117 finein
817 1082 967 1118 ultimum
983 1086 1174 1128 simpliciter,
1195 1094 1226 1120 et
1240 1099 1275 1119 ex
1295 1088 1352 1119 hac

291 1127 386 1160 habet
407 1128 496 1170 qnod
519 1135 649 1170 propter
671 1130 757 1161 aliud
781 1131 830 1162 sit.

319 1192 321 1194 ·
344 1173 503 1213 Ex'parte
525 1180 633 1205 autem
657 1175 756 1206 nostri
779 1175 1005 1206 consideranda
1028 1182 1103 1206 sunt
1123 1176 1192 1207 tria.
1225 1176 1351 1211 Primo,

290 1217 380 1259 quod
399 1226 589 1258 cognoscere
603 1218 711 1251 Deum
725 1220 960 1251 esse‘ultimum
977 1218 1074 1250 finem
1090 1220 1227 1251 universi
1245 1221 1352 1256 tou'us,

290 1267 423 1306 psopter,
443 1268 623 1300 semrom
647 1262 842 1303 diligendum
865 1271 895 1296 et
917 1264 977 1295 alia
998 1271 1128 1304 propter
1149 1264 1274 1304 ipsum,
1297 1274 1353 1295 na-

276 1305 387 1340 ’τιῆἱῑῖ
398 1299 521 1337 ῐὶῖὁιιε
537 1307 655 1348 absque
666 1307 759 1339 omni
773 1307 835 1338 fide
853 1315 952 1347 patet:
977 1315 1008 1338 et
1021 1318 1058 1340 ex
1071 1308 1128 1340 XII
1142 1309 1325 1350 Metaphys.
1335 1307 1354 1327 *

290 1343 433 1393 fiab'etu‘ri
458 1349 544 1381 Cmn
567 1350 652 1381 enirn
670 1350 742 1391 pars
766 1352 948 1383 naturaliter
970 1352 1010 1382 sit
1030 1359 1161 1394 propter
1183 1359 1298 1389 totum,
1323 1353 1354 1383 et

290 1390 692 1434 fflmssropterfneum,
722 1402 762 1426 nt
787 1396 831 1426 ibi
858 1395 1052 1432 ostenditur;
1086 1405 1283 1437 consequens
1307 1402 1354 1427 est

290 1438 537 1479 quodnam-nli
560 1439 672 1469 ortano
693 1445 780 1479 patet
807 1441 897 1480 quod
927 1440 1027 1470 homo
1054 1441 1196 1481 seipsum
1222 1446 1353 1481 propter

289 1482 397 1515 Dn'm
418 1488 457 1515 nt
475 1482 628 1513 intimum
656 1481 754 1515 finem
777 1491 876 1520 amet,
902 1493 937 1514 ac
961 1493 1016 1523 per
1038 1484 1100 1515 hoc
1127 1484 1248 1525 reliqua
1270 1494 1353 1524 quae

290 1532 528 1568 &emmer
539 1526 693 1568 seipsum.
715 1543 736 1551 ·-
759 1527 917 1564 Secundo,
936 1529 1026 1568 quod
1045 1528 1172 1568 diligere
1187 1529 1232 1560 sic
1246 1529 1352 1560 Deum

290 1563 381 1644 cong..
419 1569 451 1618 ’Μ
467 1569 641 1610 dupliciter,
666 1570 783 1602 scilicet
803 1572 955 1612 implicite
978 1579 1008 1603 et
1029 1573 1185 1612 explicite:
1210 1572 1352 1612 explicite

290 1602 347 1655 qui
369 1623 386 1644 e
423 1637 431 1649 ,
443 1616 529 1644 'c‘u't'n
553 1615 592 1644 ad
612 1615 677 1645 'hoc
696 1614 796 1645 homo
816 1616 920 1657 dirigit
937 1615 1146 1647 intentionem
1161 1625 1269 1652 suam3
1293 1617 1352 1648 im-

289 1652 398 1699 pflffite
414 1657 532 1694 autern,
557 1668 631 1689 curn
654 1668 687 1689 se
710 1659 804 1690 habet
826 1660 1003 1691 secundum
1018 1659 1164 1691 affectum
1188 1662 1227 1691 ad
1250 1671 1298 1692 res
1317 1668 1354 1692 ut

290 1704 376 1734 ΗΜ.
403 1701 455 1733 ‘Ex
477 1711 517 1733 eo
539 1703 625 1733 enirn
655 1704 744 1744 quod
767 1714 815 1734 res
845 1711 919 1735 sunt
941 1711 1024 1735 recte
1047 1705 1225 1741 ordinatae,
1254 1713 1287 1736 et
1312 1706 1351 1736 ad

289 1745 397 1780 Deum
417 1746 576 1781 mediante
599 1747 764 1783 universo,
789 1748 917 1781 affectus
939 1749 1070 1780 tendens
1093 1750 1126 1780 in
1149 1760 1197 1780 res
1220 1757 1255 1781 ut
1278 1757 1353 1781 sunt

290 1789 495 1833 inv-gradibus
516 1791 582 1823 suis
602 1793 790 1824 constitutae
812 1794 912 1824 tendit
930 1793 962 1823 in
984 1804 1036 1824 eas
1051 1794 1202 1834 implicite
1221 1801 1257 1824 ut
1278 1802 1352 1825 sunt

290 1841 420 1876 propter
442 1834 644 1872 universum,
670 1843 700 1868 et
722 1837 866 1868 ultimate
889 1844 1019 1878 propter
1041 1837 1156 1868 Deum.
1181 1857 1202 1862 -
1225 1837 1351 1875 Tertio,

291 1879 331 1909 ad
350 1878 549 1921 'diligendum
572 1879 677 1910 Deum
701 1881 843 1922 explicite
867 1889 904 1912 ut
925 1881 1021 1912 finem
1045 1889 1174 1913 naturae
1204 1892 1259 1912 seu
1284 1883 1352 1913 uni-

289 1920 372 1953 versi
394 1923 498 1953 homo
518 1933 584 1954 non
602 1930 729 1955 tenetur
741 1927 874 1966 semper,
890 1935 963 1956 cum
979 1926 1019 1956 sit
1034 1925 1271 1957 affirmativum:
1296 1937 1352 1958 nec

291 1967 406 2003 statim,
419 1967 494 2008 quia
506 1976 572 1998 non
588 1969 676 2008 prius
691 1975 816 2000 tenetur
830 1971 870 2000 ad
884 1970 1029 2011 explicite
1044 1971 1241 2011 diligendum
1255 1980 1353 2012 quam

235 2015 237 2018 ’
258 2014 263 2020 ·
290 2010 492 2052 adexplicite
507 2013 776 2052 cognoscendum,
790 2021 924 2046 -constat
941 2021 1048 2046 autem
1071 2016 1159 2055 quod
1183 2022 1257 2055 post
1272 2016 1354 2051 mul—

289 2061 361 2094 tum
375 2055 529 2099 tempor'm
543 2057 670 2088 advenit
691 2058 816 2088 homini
839 2059 915 2090 haec
933 2059 1084 2099 cognitio,
1104 2059 1286 2091 naturaliter
1306 2060 1353 2090 lo*-

289 2099 430 2147 quendo.
462 2099 525 2131 Ad.
534 2100 686 2144 implicite
709 2109 815 2133 autem
844 2102 1039 2143 diligendum
1063 2103 1169 2133 Deum
1199 2110 1235 2134 ut
1256 2102 1353 2135 finem

290 2145 419 2175 naturae
441 2143 566 2175 tenetur
586 2141 689 2176 homo
703 2145 827 2177 statim:
852 2153 883 2178 et
905 2148 930 2178 si
956 2157 1022 2177 non
1039 2152 1163 2187 semper
1182 2148 1353 2184 actualiter,
1379 2155 1381 2167 ²

289 2184 366 2229 quia
382 2194 428 2219 est
442 2186 674 2226 affirmativum,
689 2197 814 2221 tenetur
822 2197 940 2228 tamen,
953 2192 1089 2232 quando·
1098 2194 1256 2232 operatur,
1273 2203 1353 2224 sem-

290 2231 547 2272 permananter:
570 2234 713 2276 ali‘o'quin
728 2241 839 2275 peccat
851 2235 1014 2267 venialiter
1027 2237 1078 2266 vel
1097 2236 1279 2273 mortaliter,
1292 2238 1355 2268 ·de-

290 2275 379 2309 seem
397 2276 524 2309 debitae
539 2277 794 2312 'circumstantiae
810 2279 920 2313 -ultimi
944 2279 1024 2310 finis.
1053 2295 1055 2297 -

297 2347 309 2361 ,Ὢ
346 2318 469 2357 111.1Ex
484 2320 532 2361 his
547 2328 654 2362 autem
670 2322 760 2363 §neila
774 2324 884 2356 satisfit
897 2324 1026 2366 objectis
1041 2323 1070 2355 ὓ.
1088 2324 1172 2354 Nam
1188 2324 1290 2364 prima
1305 2334 1352 2355 ra-

290 2363 341 2413 tio
356 2363 436 2398 nihil
449 2364 541 2408 valet.
564 2365 648 2399 Nam
666 2367 848 2408 simpliciter
861 2367 1003 2400 infideles
1018 2374 1049 2398 et
1064 2375 1199 2409 possunt
1212 2379 1268 2408 per
1283 2368 1353 2410 phi·

290 2404 472 2450 losophiam
489 2419 582 2440 nosse
597 2410 703 2441 Deum
719 2421 786 2442 esse
800 2410 898 2442 fi'nem
916 2411 1067 2443 universi:
1091 2418 1131 2448 et,
1148 2412 1174 2442 si
1189 2412 1351 2448 nescirent,

291 2450 407 2484 sufficit
429 2453 674 2485 ad'evitandum
697 2453 863 2495 peccatum
890 2456 923 2486 in
946 2456 1055 2486 multis
1078 2455 1142 2486 suis
1165 2456 1284 2486 actibus
1308 2455 1353 2486 di'-

289 2497 386 2538 Egere
409 2502 440 2528 et
461 2497 622 2529 intendere
636 2499 918 2539 Deum‘implicite,
942 2500 1091 2530 habendo
1104 2509 1137 2529 se
1159 2500 1353 2540 quandoque

291 2541 331 2572 ad
353 2551 402 2573 res
425 2547 462 2572 ut
483 2548 571 2578 sunu
595 2544 741 2583 quamvis
762 2543 827 2577 hoc
849 2553 914 2575 non
936 2543 1069 2574 sufficiat
1091 2544 1130 2574 ad
1154 2544 1288 2575 salutem
1304 2554 1354 2574 ae—

291 2592 423 2626 ternam,
446 2595 505 2617 nec
527 2587 567 2617 ad
590 2587 772 2626 evitandum
795 2588 904 2619 omnia
927 2594 1063 2628 peccata.

346 2629 399 2661 Ad
413 2630 590 2662 secundum
604 2638 712 2676 autern
726 2632 840 2666 dicitur
858 2631 974 2663 falsum
990 2641 1056 2663 esse
1070 2631 1160 2672 quod
1174 2631 1251 2661 nihil
1266 2630 1352 2662 aliud

291 2684 310 2704 a
330 2673 402 2715 Deo
426 2681 473 2705 est
496 2674 645 2716 diligibile
663 2677 726 2716 'pro
750 2682 797 2707 ter
820 2685 862 2706 se.
887 2678 985 2707 Actus
1009 2675 1094 2706 enim
1109 2674 1261 2706 virtutum
1285 2685 1353 2716 spe-

291 2716 498 2749 culfflvarum
522 2726 597 2750 sunt
619 2718 783 2760 diligibiles
803 2727 933 2760 propter
955 2729 998 2750 se.
1023 2737 1042 2743 -
1064 2719 1106 2749 Et
1128 2719 1167 2748 ad
1191 2719 1351 2761 probatio-

291 2764 376 2799 nem,
399 2763 489 2804 quod
511 2762 589 2793 nihil
612 2764 699 2794 aliud
717 2775 735 2794 a
750 2765 820 2795 Deo
837 2771 883 2795 est
898 2771 1023 2796 summe
1047 2763 1206 2803 diligibile,
1222 2773 1351 2803 respon-

290 2805 383 2838 detur
410 2807 499 2848 quod
522 2807 603 2838 sicut
623 2808 746 2849 aliquid
769 2809 863 2840 habet
885 2809 1041 2840 rationem
1065 2807 1168 2839 ultimi
1191 2807 1279 2844 finis,
1309 2808 1352 2839 ita

290 2849 393 2891 habet,
406 2851 563 2883 rationem
585 2861 711 2884 summe
733 2853 902 2894 diligibilis.
926 2853 1024 2890 Quod
1040 2852 1125 2884 enim
1149 2858 1195 2882 est
1216 2851 1288 2882 finis
1303 2852 1352 2883 ul-

291 2894 388 2937 timus
411 2895 612 2936 simpliciter,
636 2903 682 2927 est
708 2897 858 2937 diligibile
881 2906 1006 2928 summe
1030 2895 1227 2936 simpliciter:
1263 2897 1353 2939 quod

291 2944 399 2969 autem
427 2946 475 2971 est
505 2937 576 2970 finis
602 2940 734 2972 ultimus
762 2941 796 2971 in
825 2951 947 2982 genere,
976 2947 1023 2971 est
1052 2940 1200 2981 diligibile
1227 2949 1352 2972 summe

291 2982 324 3013 in
339 2991 469 3023 genere.
493 2981 597 3020 Unde,
613 2985 749 3025 exempli
771 2985 879 3026 gratia,
898 2984 1049 3026 perfectio
1073 2984 1168 3025 partis
1190 2984 1352 3015 intellecti—

291 3035 358 3063 vae,
375 3035 457 3068 quae
475 3024 604 3068 propter
625 3028 762 3069 seipsam
777 3029 954 3069 appetibilis
976 3036 1032 3064 est,
1048 3039 1174 3067 summe
1196 3028 1354 3068 appetimr

291 3071 326 3103 in
347 3080 460 3111 genere
489 3071 560 3108 tali,
590 3079 668 3112 puta
697 3072 882 3105 formalium
903 3073 1148 3114 perfectionum:
1179 3079 1210 3103 et
1225 3078 1354 3113 propter

291 3115 396 3156 ipsam
421 3115 542 3156 reliqua
570 3116 638 3148 eius
666 3117 790 3157 generis
812 3124 1013 3158 appetuntur.
1045 3117 1112 3148 Nec
1130 3117 1192 3149 hoc.
1207 3123 1254 3148 est
1277 3126 1354 3160 con-

291 3159 418 3190 stituere
448 3159 551 3201 ipsam
580 3159 677 3192 finem
710 3161 861 3193 ultimum
883 3160 1075 3202 simpliciter,
1099 3160 1154 3192 sed
1175 3160 1209 3190 in
1230 3170 1352 3200 genere.

346 3203 388 3235 Et
410 3213 467 3245 per
488 3203 550 3235 hoc
573 3210 659 3244 patet
676 3205 840 3245 responsio
857 3205 896 3236 ad
913 3203 1188 3236 confirmationem
1210 3204 1249 3235 'de
1268 3204 1353 3235 fama

292 3254 323 3279 et
345 3248 478 3279 honore.
502 3248 586 3286 Quia
609 3258 675 3279 non
692 3256 739 3280 est
756 3259 813 3290 par
826 3249 905 3280 ratio
922 3249 961 3279 de
976 3248 1126 3279 omnibus
1141 3248 1243 3279 bonis.
1268 3248 1353 3286 Quia

292 3292 449 3333 quaedam
473 3299 547 3323 sunt
569 3293 681 3324 ultima
702 3293 735 3323 in
759 3293 866 3335 aliquo
889 3302 1012 3333 genere,
1035 3299 1067 3323 et
1088 3292 1244 3334 quaedam
1267 3301 1350 3329 n0n;

292 3343 323 3368 et
345 3337 502 3378 quaedam
521 3344 595 3368 sunt
616 3337 700 3368 bona
723 3337 799 3378 quia
813 3337 882 3377 ipsa
897 3342 972 3368 sunt
988 3337 1081 3374 bona,
1105 3337 1263 3378 quaedam
1278 3343 1353 3367 sunt

255 3405 257 3407 v
292 3381 398 3412 solum
413 3383 498 3412 bona
517 3381 591 3422 quia
608 3381 710 3412 utilia:
734 3381 814 3412 sicut
836 3381 993 3422 quaedam
1008 3388 1082 3412 sunt
1100 3380 1223 3421 agentia
1239 3380 1350 3421 prima,

292 3426 449 3467 quaedam
472 3436 552 3463 non,
584 3433 615 3456 et
637 3425 795 3466 quaedam
817 3431 892 3456 sunt
913 3424 1035 3465 agentia
1067 3431 1097 3455 et
1125 3425 1281 3465 quaedam
1305 3424 1351 3455 in-

2415 138 2460 172 83

1407 217 1579 242 strumenta
1600 212 1771 251 agentium.
1796 213 1910 244 Honor
1932 220 1963 244 et
1987 220 2086 244 cetera
2109 211 2292 244 huiusmodi
2312 213 2391 243 inter
2406 214 2464 244 mi-

1408 255 1493 284 nima
1516 255 1600 285 bona
1623 263 1711 286 sunt:
1747 263 1777 287 et
1799 263 1904 288 tamen
1928 257 1960 287 in
1984 267 2043 287 suo
2067 266 2178 296 genere
2207 267 2332 287 summe
2361 267 2464 288 amare

1408 308 1572 329 summum
1595 309 1706 330 eorum
1735 301 1860 331 nullum
1883 301 2004 332 malum
2028 308 2082 332 est.
2115 301 2177 331 Sed
2200 301 2253 331 ubi
2277 301 2397 341 decepti
2420 301 2464 331 vi-

1407 343 1520 373 dentur
1535 342 1585 373 isti
1602 350 1647 374 est
1670 344 1740 379 hoc,
1765 345 1853 385 quod
1877 355 1943 376 non
1959 345 2064 375 vident
2088 345 2176 385 quod
2199 351 2355 384 appetere,
2379 346 2464 375 verbi

1406 386 1512 427 gratia,
1537 387 1613 417 scire
1638 388 1884 428 philosophiam,
1908 389 1983 429 quia
1998 396 2044 420 est
2062 388 2212 428 perfectio
2230 388 2415 424 intellectus,
2436 397 2466 420 et

1407 430 1485 460 nihil
1504 430 1672 470 cogitando
1696 439 1760 462 tam
1783 441 1854 464 ante
1878 443 1976 473 quam
1995 440 2080 469 tunc,
2104 439 2150 463 est
2168 439 2313 472 appetere
2332 433 2463 468 bonum,

1407 481 1484 514 puta
1506 474 1699 506 intellectum
1723 476 1914 515 perfectum,
1938 477 1982 508 sic
2005 483 2133 516 propter
2157 486 2189 506 se
2211 476 2355 516 explicite
2377 478 2465 517 quod

1407 525 1513 548 tamen
1537 526 1582 548 est
1606 527 1749 559 appetere
1774 520 1857 550 idem
1881 528 2008 560 propter
2024 521 2119 556 aliud,
2144 527 2220 560 puta
2237 520 2418 550 universum
2436 528 2466 550 et

1407 563 1522 599 Deum,
1543 563 1702 602 implicite,
1720 564 1794 603 quia
1810 565 1966 604 appetitus
1990 564 2089 595 tendit
2112 565 2150 594 ad
2166 574 2231 594 rem
2248 564 2334 594 illam
2358 572 2392 594 ut
2408 571 2463 594 est.

1407 605 1525 637 Tendit
1547 606 1632 637 enim
1654 608 1694 637 ad
1718 608 1802 638 illam
1828 615 1955 648 propter
1979 619 2020 644 se,
2045 616 2075 638 et
2099 609 2140 638 ita
2164 616 2227 638 est:
2252 609 2306 638 sed
2330 618 2395 638 non
2415 619 2464 638 ex-

1408 650 1505 681 cludit
1528 651 1686 690 appetitus
1709 652 1853 682 ordinem
1877 653 2017 682 eiusdem
2042 653 2081 682 ad
2104 652 2206 686 aliud,
2240 653 2384 692 quamvis
2408 662 2464 682 nec

1380 728 1381 732 Ἰ
1407 694 1547 724 includat
1577 695 1712 725 eundem
1744 695 1895 736 explicite.
1931 697 1996 727 Nec
2026 697 2065 726 ad
2096 697 2157 726 hoc
2186 703 2309 726 tenetur
2343 706 2466 736 semper

1380 774 1381 786 χ
1398 738 1537 778 -quando
1560 738 1622 768 hoc
1638 739 1766 778 appetit.
1792 740 1833 770 Et
1856 740 1957 770 simile
1977 747 2022 770 est
2045 740 2083 769 de
2098 740 2176 770 aliis.

1463 782 1555 811 Unde
1578 782 1610 811 in
1629 783 1808 822 gentilibus,
1834 784 1979 824 quamvis
2003 793 2067 814 non
2091 783 2206 814 fuerint
2220 793 2309 813 verae
2325 783 2464 819 virtutes,

1407 834 1489 864 quae
1513 832 1587 855 sunt
1609 826 1828 866 dispositiones
1844 827 1984 868 perfecti
2006 827 2049 857 ad
2071 829 2220 867 optimum
2235 827 2253 845 '⁸‘
2268 827 2464 868 simpliciter;

1407 874 1494 898 actus
1518 871 1623 899 tamen
1646 870 1788 906 virtuosi,
1809 871 1863 911 qui
1880 878 1955 901 sunt
1974 871 2196 910 dispositiones
2209 870 2228 888 ‘³‘
2244 871 2283 900 ad
2306 871 2465 911 optimum

1406 911 1439 941 in
1455 921 1577 950 genere,
1592 912 1672 944 idest
1687 913 1865 944 felicitatem
1881 915 2065 950 naturalem,
2081 925 2157 950 esse,
2173 915 2251 944 nihil
2268 916 2411 954 negando
2428 915 2466 946 de

1407 956 1597 994 Augustino,
1622 965 1803 996 potuerunt.

1463 1000 1515 1030 1V.
1541 1000 1575 1030 ln
1600 1001 1714 1031 eodem
1743 1009 1856 1042 quarto
1881 1002 2013 1032 articulo
2043 1002 2179 1032 dubium
2202 1002 2386 1033 adiunctum
2414 1013 2466 1034 oc-

1407 1043 1519 1079 currit,
1544 1053 1584 1073 an
1607 1045 1776 1075 vendentes
1804 1045 1982 1076 infidelibus
2006 1055 2041 1075 ea
2064 1045 2180 1085 quibus
2206 1048 2336 1076 utuntur
2359 1046 2397 1076 ad
2420 1047 2467 1076 in-

1378 1108 1381 1126 ,
1406 1086 1506 1117 fidelis
1531 1083 1752 1119 cultus³ritum
1777 1090 1964 1120 servandum
1988 1096 2125 1129 peccent.
2150 1089 2191 1119 Et
2214 1096 2260 1119 est
2282 1090 2359 1120 ratio
2379 1090 2466 1121 dubii

1379 1141 1381 1162 ‘s
1407 1140 1466 1171 pro
1490 1136 1576 1171 parte
1600 1132 1802 1169 affirmativa,
1834 1134 1909 1174 quia
1931 1138 2006 1164 sunt
2031 1134 2123 1174 digni
2148 1138 2249 1163 morte
2279 1143 2341 1164 non
2363 1135 2465 1164 solum

1406 1177 1462 1215 qui
1475 1175 1620 1216 faciunt,
1644 1178 1702 1207 sed
1715 1179 1809 1208 etiam
1833 1179 1888 1218 qui
1901 1179 2103 1208 consentiunt
2114 1177 2315 1218 facientibus
2328 1178 2354 1208 *.
2379 1178 2464 1208 Con—

1407 1226 1468 1250 stat
1494 1226 1600 1251 autem
1622 1222 1710 1261 quod
1734 1228 1940 1262 cooperantes
1963 1221 2003 1252 ad
2032 1221 2152 1262 aliquid
2186 1221 2231 1251 illi
2255 1222 2465 1252 consentiunt.

1408 1263 1582 1304 cooperati
1611 1271 1717 1296 autem
1740 1266 1911 1297 vendentes
1938 1272 2120 1306 opportuna
2146 1265 2185 1295 ad
2207 1265 2304 1302 illud,
2337 1267 2466 1306 quando

1407 1314 1480 1338 sunt
1503 1308 1621 1338 conscii
1645 1309 1755 1340 intenti
1771 1319 1857 1346 usus,
1883 1316 1968 1350 patet
1991 1319 2028 1339 ex
2043 1319 2082 1339 eo
2106 1309 2195 1350 quod
2217 1308 2363 1339 illicitum
2386 1309 2466 1340 iudi-

1407 1357 1494 1382 catur
1508 1353 1643 1382 vendere
1659 1353 1795 1384 ballistas
1812 1360 1841 1384 et
1857 1354 1916 1384 alia
1932 1353 2117 1384 huiusmodi
2132 1359 2275 1393 tempore
2294 1353 2366 1383 belli
2386 1353 2466 1384 iniu-

1406 1395 1455 1432 sti,
1472 1396 1742 1426 venderetaxillos
1763 1404 1793 1427 et
1808 1398 1867 1427 alia
1890 1397 2075 1428 huiusmodi
2090 1397 2139 1427 his
2155 1397 2210 1437 qui
2225 1398 2394 1427 abutentur
2411 1398 2464 1428 eis.

1462 1439 1523 1469 Pro
1546 1446 1633 1479 parte
1656 1447 1762 1471 autem
1785 1441 1939 1480 negativa,
1963 1442 2038 1481 quia
2053 1441 2190 1471 vendens
2207 1441 2336 1480 aliquid,
2361 1448 2395 1471 ut
2411 1442 2464 1477 sic,

1407 1492 1472 1513 non
1494 1484 1710 1514 communicat
1733 1495 1807 1515 cum
1830 1493 1974 1525 emptore
2000 1485 2032 1515 in
2055 1485 2163 1515 futuro
2188 1494 2258 1520 usu,
2282 1486 2336 1515 sed
2360 1485 2466 1515 solum

1406 1526 1439 1556 in
1463 1534 1624 1558 contractu
1640 1529 1828 1560 venditionis
1852 1537 1882 1560 et
1902 1529 2083 1569 emptionis.
2107 1530 2153 1558 Ac
2176 1538 2231 1568 per
2254 1529 2325 1564 hoc,
2343 1528 2367 1558 si
2390 1539 2465 1559 ven-

1406 1570 1452 1601 dit
1481 1570 1565 1601 iusto
1590 1572 1703 1611 pretio,
1734 1580 1811 1609 etc.,
1835 1573 1916 1603 iuste
1944 1572 2088 1603 transfert
2112 1571 2292 1602 dominium
2315 1570 2399 1602 illius
2422 1573 2466 1603 rei

1405 1614 1438 1645 in
1461 1614 1564 1646 illum.
1588 1615 1636 1646 De
1648 1626 1710 1647 usu
1731 1624 1837 1647 autern
1859 1616 2007 1657 relinquit
2022 1616 2066 1646 illi
2083 1626 2199 1651 curam,
2224 1623 2394 1656 postquam
2411 1617 2468 1646 erit

1406 1659 1591 1690 translatum
1615 1660 1806 1703 dominium.

1461 1703 1498 1734 V.
1523 1704 1574 1734 Ad
1592 1704 1654 1735 hoc
1677 1705 1790 1736 dicitur
1819 1706 1908 1745 quod
1930 1705 2065 1735 vendere
2095 1703 2282 1744 pertinentia
2309 1704 2348 1733 ad
2371 1703 2467 1735 ritum

1406 1746 1582 1778 infidelium
1605 1749 1759 1789 contingit
1781 1749 1951 1788 tripliciter.
1975 1749 2092 1783 Primo,
2117 1758 2152 1778 ea
2175 1757 2315 1787 quorum
2331 1757 2407 1778 usus
2428 1749 2468 1778 ad

1406 1790 1485 1822 nihil
1508 1800 1554 1823 est
1577 1793 1636 1822 nisi
1659 1793 1698 1823 ad
1721 1793 1951 1824 infidelitatem:
1977 1799 2011 1823 ut
2035 1799 2109 1822 sunt
2131 1792 2224 1827 idola,
2249 1792 2348 1822 stolae
2369 1802 2468 1822 sacer-

1407 1835 1527 1866 dotales
1550 1843 1581 1867 et
1604 1836 1798 1867 huiusmodi.
1824 1837 1864 1868 Et
1886 1838 1947 1867 hoc
1971 1843 2092 1867 constat
2109 1846 2175 1866 esse
2190 1835 2344 1871 illicitum,
2370 1842 2405 1866 ut
2420 1836 2467 1879 in-

1406 1878 1502 1910 serius
1524 1879 1557 1910 in
1581 1890 1636 1920 qu.
1653 1890 1756 1917 chrx,
1782 1887 1837 1911 art.
1857 1891 1890 1917 2,
1915 1881 1955 1911 ad
1977 1890 2012 1920 4,
2038 1880 2159 1910 dicitur.
2189 1897 2207 1901 -
2236 1880 2402 1917 Secundo,
2433 1889 2468 1910 ea

1406 1933 1545 1963 quorum
1570 1927 1653 1954 ‘usus
1670 1925 1850 1956 communis
1874 1932 1920 1956 est
1943 1926 1982 1954 ad
2005 1925 2128 1955 bonum
2153 1931 2182 1954 et
2201 1924 2338 1954 malum:
2363 1931 2399 1954 ut
2421 1933 2468 1954 res

1407 1968 1574 2004 naturales,
1598 1976 1674 2008 puta
1698 1969 1854 2005 animalia,
1878 1969 2014 2005 fructus,
2038 1969 2130 1999 flores
2150 1974 2180 1997 et
2202 1967 2417 2003 huiusmodn,
2439 1975 2470 1998 et

1406 2011 1589 2048 artificiales,
1614 2020 1650 2043 ut
1672 2020 1772 2044 vestes
1788 2023 1976 2044 communes
1999 2020 2030 2043 et
2048 2013 2109 2043 alia
2123 2012 2320 2043 huiusmodi.
2343 2012 2384 2042 Et
2406 2012 2468 2042 hoc

1408 2056 1562 2096 contingit
1589 2057 1764 2097 tripliciter.
1788 2058 1846 2089 Vel
1870 2058 2036 2088 vendendo
2065 2057 2104 2087 ad
2131 2057 2216 2087 hunc
2240 2055 2403 2092 effectum,
2434 2064 2469 2086 ut

1407 2099 1523 2131 scilicet
1546 2101 1680 2131 habeant
1702 2108 1884 2142 opportuna
1908 2101 1947 2131 ad
1970 2102 2091 2132 cultum
2107 2110 2211 2131 suum.
2235 2099 2275 2130 Et
2298 2100 2359 2130 hoc
2374 2099 2468 2130 etiam

1408 2140 1626 2175 constat'esse
1648 2145 1809 2176 illicitum:
1833 2146 1987 2186 quoniam
2011 2145 2072 2175 hoc
2095 2151 2140 2175 est
2163 2144 2325 2184 cooperari
2352 2144 2467 2174 instru-

1407 2196 1513 2219 menta
1541 2190 1720 2229 praebendo
1749 2191 1788 2220 ad
1817 2190 2023 2230 peccandum.
2054 2207 2073 2211 -
2100 2189 2157 2219 Vel
2181 2188 2350 2218 nesciendo
2378 2189 2467 2229 quod

1406 2233 1548 2264 infideles
1572 2241 1710 2264 ementes
1734 2241 1863 2265 utanmr
1885 2235 1950 2264 istis
1974 2234 2006 2263 in
2030 2233 2094 2264 suis
2117 2233 2221 2263 sacris.
2251 2233 2291 2262 Et
2313 2232 2375 2262 hoc
2398 2232 2467 2262 nul-

1405 2277 1475 2308 lum
1497 2286 1663 2318 peccatum
1686 2279 1725 2308 de
1748 2289 1781 2308 se
1804 2278 1961 2310 continet:
1995 2288 2070 2308 cum
2096 2277 2190 2308 etiam
2215 2276 2391 2316 ignorantia
2414 2276 2466 2306 illa

1407 2321 1447 2352 sit
1476 2332 1589 2353 eorum
1619 2332 1701 2363 quae
1726 2321 1827 2353 fidelis
1855 2332 1920 2352 non
1950 2329 2073 2352 tenetur
2103 2321 2190 2351 scire.
2214 2338 2234 2343 -
2257 2319 2316 2350 Vel
2339 2319 2466 2350 sciendo

1407 2365 1496 2407 quod
1518 2365 1794 2397 infideles‘emunt
1815 2366 1873 2397 ista
1897 2376 1955 2406 pro
1979 2365 2043 2396 suis
2067 2365 2176 2395 sacris:
2201 2371 2231 2394 et
2253 2364 2285 2394 in
2310 2365 2370 2394 hoc
2394 2374 2466 2394 casu

1406 2417 1473 2441 tota
1497 2410 1662 2441 difficultas
1687 2410 1838 2441 consistit.
1871 2410 1902 2440 Si
1926 2417 2031 2440 tamen
2063 2409 2226 2449 diligenter
2255 2408 2468 2438 consideretur

1406 2455 1512 2495 quod,
1536 2454 1704 2484 vendendo
1727 2454 1786 2484 ista
1809 2454 1994 2484 communia
2021 2453 2105 2483 cum'
2118 2452 2246 2483 scientia
2271 2459 2302 2482 et
2326 2452 2393 2482 sine
2421 2452 2467 2481 in-

1405 2497 1547 2531 tentione
1570 2508 1648 2528 usus
1670 2498 1744 2528 mali
1767 2497 1864 2528 futuri
1889 2507 1926 2528 ex
1948 2505 2036 2537 parte
2058 2497 2101 2527 rei
2125 2497 2288 2531 venditae,
2319 2506 2385 2526 non
2414 2496 2467 2526 dat

1406 2541 1521 2572 directe
1544 2541 1744 2572 occasionem
1767 2541 1916 2581 peccandi
1929 2564 1936 2577 ,
1961 2547 1997 2572 ut
2018 2541 2052 2571 in
2075 2540 2179 2581 primo
2203 2550 2293 2575 casu,
2322 2540 2397 2580 quia
2418 2549 2466 2570 res

1404 2586 1474 2617 talis
1491 2595 1556 2616 non
1571 2592 1618 2616 est
1636 2585 1848 2625 principaliter
1861 2585 1901 2615 ad
1921 2594 2016 2616 usum
2035 2585 2167 2620 malum,
2192 2584 2246 2614 sed
2271 2583 2465 2620 indifferens;

1405 2637 1436 2660 et
1458 2639 1495 2660 ex
1510 2630 1598 2670 parte
1613 2628 1785 2660 voluntatis
1809 2638 1874 2659 non
1891 2635 1938 2659 est
1952 2637 2124 2659 consensus
2149 2628 2187 2658 ad
2211 2628 2272 2657 hoc
2288 2634 2323 2657 ut
2338 2627 2395 2658 iste
2411 2627 2465 2657 ha-

1405 2675 1476 2705 beat
1494 2679 1676 2714 opportuna
1695 2674 1734 2703 ad
1749 2683 1834 2703 sacra
1853 2682 1919 2708 sua,
1934 2679 1970 2702 ut
1987 2672 2019 2702 in
2035 2672 2177 2702 secundo
2193 2681 2266 2701 casu
2277 2670 2398 2707 accidit,
2411 2672 2466 2701 sed

1405 2717 1472 2748 sola
1488 2717 1614 2748 scientia
1630 2717 1727 2748 futuri
1742 2726 1820 2747 usus
1835 2716 1911 2746 mali
1924 2716 2103 2747 intervenit:
2120 2715 2281 2756 apparebit
2296 2715 2385 2755 quod
2400 2725 2465 2746 ma-

1403 2762 1454 2793 lus
1470 2771 1547 2792 usus
1563 2761 1618 2803 qui
1635 2768 1784 2802 sequetur
1806 2771 1872 2791 non
1888 2767 1934 2791 est
1948 2767 2091 2800 respectu
2114 2760 2158 2790 sic
2172 2759 2336 2790 vendentis
2351 2759 2464 2790 volun-

1404 2805 1511 2843 tarius,
1526 2806 1570 2836 ita
1592 2812 1628 2836 ut
1646 2805 1704 2836 sibi
1726 2805 1914 2844 imputetur;
1938 2814 1974 2835 ac
1989 2813 2045 2845 per
2059 2804 2131 2840 hoc,
2147 2813 2212 2834 non
2228 2810 2274 2834 est
2289 2810 2464 2843 peccatum.

1457 2849 1675 2881 Manifestatur
1690 2856 1797 2880 autem
1812 2849 1872 2879 hoc
1889 2858 1926 2878 ex
1940 2848 2140 2879 distinctione
2154 2847 2334 2883 voluntarii,
2351 2847 2465 2878 directe

1405 2895 1523 2925 scilicet
1546 2895 1600 2924 aut
1622 2893 1780 2924 indirecte.
1806 2892 1940 2924 ConStat
1959 2901 2098 2932 namque
2117 2892 2207 2933 quod
2221 2891 2291 2922 talis
2306 2901 2383 2922 usus
2399 2901 2464 2921 non

1405 2946 1452 2970 est
1473 2938 1671 2969 voluntarius
1695 2937 1828 2968 directe:
1853 2946 1927 2967 cum
1949 2945 2016 2966 non
2033 2936 2073 2967 sit
2088 2946 2107 2966 a
2120 2935 2283 2966 voluntate
2301 2935 2464 2966 vendentis

1405 2983 1531 3019 directe,
1548 2989 1583 3013 ut
1597 2989 1691 3022 patet.
1716 2981 1815 3019 Quod
1833 2987 1942 3012 autem
1956 2989 2023 3010 non
2038 2980 2078 3011 sit
2092 2979 2241 3010 indirecte
2256 2979 2463 3013 voluntarius,

1405 3028 1480 3069 quia
1503 3027 1621 3058 scilicet
1642 3027 1674 3056 in
1699 3031 1855 3065 potestate
1871 3024 2044 3056 voluntatis
2066 3023 2230 3054 vendentis
2247 3030 2294 3054 est
2308 3033 2373 3053 non
2390 3033 2463 3053 ven-

1405 3073 1493 3108 dere,
1517 3081 1555 3102 ex
1577 3080 1644 3112 quo
1668 3069 1834 3100 evitabitur
1855 3069 1959 3100 malus
1989 3078 2066 3099 usus
2088 3068 2173 3098 illius
2201 3067 2260 3104 rei,
2283 3067 2356 3098 hinc
2379 3074 2465 3107 patet

1405 3116 1495 3158 quod
1517 3115 1662 3146 venditor
1685 3114 1728 3144 rei
1750 3113 1893 3144 habentis
1917 3123 2013 3144 usum
2035 3111 2273 3147 indifferentem,
2298 3121 2353 3151 per
2368 3121 2400 3141 se
2416 3111 2463 3140 lo-

1405 3160 1545 3202 quendo,
1562 3169 1629 3189 non
1645 3164 1767 3189 tenetur
1783 3166 1890 3188 cavere
1905 3157 1944 3188 de
1960 3167 2021 3187 usu
2037 3156 2164 3187 futuro:
2185 3155 2324 3196 alioquin
2341 3161 2464 3194 oporte-

1405 3211 1452 3235 ret
1466 3202 1644 3234 venditores
1667 3211 1772 3232 rerum
1791 3200 1951 3232 sollicitari
1975 3201 2054 3231 circa
2070 3200 2141 3236 hoc,
2157 3200 2245 3240 quod
2266 3206 2312 3229 est
2327 3199 2462 3229 fatuum.

1405 3249 1464 3279 Per
1479 3247 1622 3278 accidens
1641 3253 1757 3282 autem,
1774 3252 1851 3286 puta
1870 3245 1945 3286 quia
1960 3251 2035 3275 sunt
2050 3244 2167 3275 conscii
2182 3243 2279 3274 futuri
2295 3243 2369 3272 mali
2386 3252 2462 3272 usus

1406 3302 1502 3333 penes
1526 3292 1623 3322 istum
1646 3297 1833 3330 emptorem,
1850 3299 1916 3320 non
1931 3295 2055 3320 tenetur
2069 3289 2127 3319 nisi
2144 3298 2203 3328 pro
2219 3293 2339 3327 quanto
2359 3292 2462 3326 potest

1404 3343 1436 3367 et
1458 3336 1551 3366 debet
1573 3344 1680 3366 cavere
1700 3344 1739 3364 ne
1754 3334 1806 3364 ille
1821 3333 1854 3364 in
1870 3333 1937 3364 aliis
1954 3343 2030 3364 usus
2052 3332 2124 3363 fiat:
2148 3332 2224 3361 haec
2239 3330 2324 3361 enim
2347 3337 2394 3360 est
2408 3340 2461 3360 na-

1404 3387 1474 3411 tura
1497 3379 1666 3410 voluntarii
1690 3378 1848 3414 indirecte,
1868 3377 1958 3418 quod
1981 3376 2097 3407 scilicet
2120 3375 2219 3416 possit
2235 3381 2266 3405 et
2280 3374 2391 3404 debeat
2404 3383 2460 3404 vo-

1405 3425 1509 3455 luntas
1532 3423 1623 3454 velle.
1653 3422 1787 3453 Constat
1813 3428 1920 3453 autem
1943 3421 2047 3462 quod,
2070 3420 2142 3450 licet
2163 3418 2308 3449 venditor
2330 3418 2362 3448 in
2386 3427 2459 3448 casu

2495 828 2502 835 ·
2514 826 2551 848 ef.
2559 827 2631 848 Arist.
2643 827 2699 853 Phr·

2493 853 2534 874 εἰς.
2543 852 2582 874 lib.
2588 853 2638 877 vn.
2644 857 2701 875 text.

2494 885 2523 906 17.
2531 891 2540 894 -
2546 879 2702 901 S.Th.1ect.v.

2492 905 2604 933 'perfecti
2614 906 2666 927 add.
2675 906 2700 928 P.

2495 1181 2546 1202 ‘Aa
2559 1181 2621 1202 Rom.
2629 1187 2680 1209 «Ἀρ.
2687 1188 2702 1208 1,

2494 1213 2552 1228 vers.
2566 1214 2599 1236 32·
