2892 4056
0 1555 9 1774 *r—-vw-n--w-v-
0 1513 7 1543 vv*

971 103 1237 180 QUAESTto
1266 133 1405 180 XXIV,
1434 133 1730 170 ARTICULUS
1759 133 1827 169 XII

317 210 584 258 tentialitatem,
601 210 651 246 ita
669 211 774 259 quod
793 223 872 248 non
891 220 1060 249 remanet
1083 212 1121 249 in
1147 224 1192 249 ea
1210 211 1378 262 potentia

318 264 367 301 ad
386 263 498 300 aliam
519 264 694 310 formam,
716 264 1006 302 inamissibiliter
1029 265 1172 302 inest.-
1185 266 1246 302 Sic
1269 264 1378 313 igitur

318 316 452 354 caritas
479 316 635 364 patriae,
664 317 754 364 quia
782 319 901 367 replet
927 326 1045 355 totam
1065 318 1377 367 potentialitatem

317 369 510 407 rationalis
528 370 677 416 mentis,
693 370 920 419 inquantum
940 371 1080 408 scilicet
1108 371 1234 407 omnis
1254 378 1378 408 actua-

317 423 361 460 lis
380 430 509 459 motus
538 423 617 459 eius
636 423 754 460 fertur
781 424 822 460 in>
842 426 983 471 Deum,
1003 424 1294 461 inamissibiliter
1313 424 1378 460 ha-

317 478 438 513 betur.
470 476 614 513 Caritas
634 483 761 514 autem
779 477 866 514 viae
886 488 964 513 non
983 477 1037 512 sic
1056 478 1175 524 replet
1192 477 1377 525 potentia-

316 529 458 567 litatem
483 530 540 566 sui
559 529 734 566 subiecti:
763 530 852 577 quia
882 541 960 566 non
987 541 1140 577 semper
1159 537 1243 566 actu
1263 531 1379 566 fertur

316 582 355 619 in
375 583 514 618 Deum
540 582 650 619 Unde
670 583 825 630 quando
845 589 930 619 actu
948 581 987 618 in
1006 583 1133 618 Deum
1152 594 1229 619 non
1250 584 1376 630 fertur,

316 642 442 685 potest
478 636 622 684 aliquid
659 644 857 672 occurrere
884 646 954 683 per
980 635 1086 683 quod
1115 636 1248 673 caritas
1272 635 1379 672 amit-

316 696 428 726 tatur.

370 741 525 778 Habitui
551 753 645 777 vero
682 739 878 789 proprium
909 746 964 775 est
990 746 1032 775 ut
1058 740 1210 776 inclinet
1245 747 1378 789 poten—

315 794 408 831 tiam
431 794 488 831 -ad
515 794 705 841 agendum
726 793 830 841 quod
860 792 1039 828 convenit
1057 793 1201 829 habitui
1220 793 1379 842 inquan-

177 851 192 879 t
317 855 399 884 tum
428 847 515 884 facit
541 846 580 883 id
606 845 620 871 ἶ
647 845 768 883 videri
803 845 950 882 bonum
988 846 1092 892 quod
1125 846 1159 881 ei
1188 846 1378 892 convenit,

317 901 463 938 malum
491 906 620 936 autem
648 899 753 946 quod
782 897 817 935 ei
836 905 1031 947 repugnat.
1063 899 1167 935 Sicut
1186 899 1286 935 enim
1315 910 1380 946 gu—

318 961 397 990 stus
425 951 603 990 diiudicat
621 961 778 1000 sapores
806 950 1016 987 secundum
1037 963 1144 988 suam
1167 951 1380 1000 dispositio·
1406 945 1407 957 ¹

317 1007 421 1052 nem,
448 1006 498 1042 ita
526 1015 636 1041 mens
672 1003 840 1042 hominis
879 1003 1059 1041 diiudicat
1095 1005 1142 1041 de
1172 1005 1299 1053 aliquo
1327 1005 1380 1041 fa-

318 1058 453 1095 ciendo
491 1058 705 1095 secundum
738 1070 848 1095 suam
893 1057 1127 1094 habitualem
1165 1055 1407 1106 dispositio-'

153 1131 159 1138 .
171 1122 195 1142 v,
204 1122 228 1138 11.
239 1122 268 1144 ¹7·
279 1128 289 1133 -

79 1142 104 1165 s.
152 1143 225 1165 Am
240 1148 290 1164 m
315 1116 424 1148 nem:
453 1111 556 1148 unde
586 1119 624 1148 et
648 1111 907 1159 Philosophus
936 1111 1037 1157 dicit,
1062 1111 1099 1147 in
1129 1112 1179 1147 III
1207 1112 1328 1149 Ethic.
1349 1112 1380 1159 ³¹³,

311 1165 423 1212 quod
451 1165 572 1213 qualis
591 1165 844 1214 unusquisque
870 1169 934 1210 est,
955 1165 1038 1201 tatis
1055 1163 1151 1212 finis
1169 1165 1317 1202 videtur
1334 1165 1380 1202 ei.
1406 1175 1408 1179 ’

316 1217 373 1255 Ibi
403 1229 493 1266 ergo
535 1218 670 1256 caritas
706 1218 1001 1255 inamissibiliter
1034 1218 1220 1265 habetur,
1249 1218 1316 1255 ubi
1344 1217 1380 1255 id

316 1271 631 1321 quodvconvenit
658 1271 798 1309 caritati
827 1283 907 1308 non
925 1278 1050 1319 potest
1068 1270 1188 1307 videri
1212 1270 1283 1308 nisi
1313 1272 1380 1307 bo—

312 1325 430 1361 h'utn:
460 1325 601 1362 scilicet
627 1325 665 1362 in
693 1325 826 1374 patria,
847 1325 913 1361 ubi
940 1325 1047 1361 Deus
1066 1323 1217 1361 videtur
1238 1336 1308 1372 per
1326 1335 1383 1360 es-

317 1378 492 1424 sentiam,
522 1389 621 1426 quae
650 1386 706 1415 est
724 1378 806 1426 ipsa
826 1377 989 1414 essentia
1008 1376 1198 1413 bonitatis.
1228 1377 1278 1413 Et
1295 1376 1382 1413 ideo

317 1431 451 1468 caritas
478 1431 622 1479 patriae
650 1431 771 1475 amitti
798 1442 877 1467 non
904 1437 1041 1478 potest.
1082 1429 1227 1466 Caritas
1256 1436 1383 1466 autem

367 1541 394 1575 ζ)
413 1543 451 1568 id.
470 1556 489 1563 -—
506 1543 613 1575 aliquia
628 1542 738 1574 penna,
757 1543 795 1568 ad
811 1542 883 1575 LpE.

316 1609 320 1611 ,
369 1579 396 1611 η)
416 1579 494 1604 Dei...
513 1578 648 1604 bonitatis.
666 1591 685 1598 -
703 1578 756 1604 Dei
773 1578 888 1604 essentia
906 1577 1033 1603 bonitatis
1056 1578 1203 1611 EGIstn,
1224 1577 1277 1602 Dei
1294 1584 1382 1603 essen-

315 1607 356 1640 tia
373 1615 500 1646 (essentia
518 1614 571 1640 Dei
588 1614 639 1646 Pa)
657 1614 786 1639 bonitatis
803 1620 860 1639 esse
877 1613 992 1638 essentia
1011 1614 1081 1642 ΡΑα,
1102 1613 1155 1638 Dei
1173 1613 1289 1638 essentia
1308 1613 1381 1638 boni-

310 1650 383 1677 'tafls
398 1656 454 1676 esse
471 1651 586 1676 essentia
599 1649 726 1675 bonitatis
745 1648 821 1679 BFH,
841 1649 937 1681 (ipsal)
955 1649 1008 1673 Dei
1023 1649 1164 1674 essentiam
1185 1648 1312 1673 bonitatis
1326 1655 1382 1673 esse

308 1686 456 1718 mantiam
476 1686 604 1712 honitatis
621 1685 671 1718 pD,
687 1685 740 1710 Dei
757 1685 883 1718 (essentia
898 1691 966 1717 quae
985 1687 1025 1709 est
1043 1684 1112 1709 addit
1130 1684 1176 1717 se)
1196 1683 1324 1709 bonitatis
1341 1691 1381 1708 es-

2420 134 2488 179 195

1429 211 1537 257 viae,
1576 211 1613 247 in
1644 210 1750 247 cuius
1784 216 1882 246 statu
1918 220 1997 245 non
2028 207 2180 244 videtur
2215 207 2296 256 ipsa
2324 208 2395 243 Dei
2434 219 2490 243 es-

1431 264 1561 310 sentia,
1582 275 1682 312 quae
1702 271 1756 300 est
1779 262 1941 299 essentia
1969 261 2146 298 bonitatis
2165 266 2196 308 ⁷¹,
2216 267 2341 308 potest
2360 260 2491 296 amitti.

1483 319 1542 353 AD
1569 327 1705 353 PmMUM
1732 327 1831 353 ERGO
1859 325 2043 352 memnon
2072 313 2176 362 quod
2205 313 2406 349 auctoritas
2432 313 2493 350 illa

1430 369 1597 417 loquitur
1615 369 1826 406 seeundum
1844 375 2071 417 potestatem
2093 366 2253 415 Spiritus
2273 367 2412 414 Sancti,
2430 378 2492 402 cu-

1430 422 1488 459 ius
1517 422 1806 458 conservatione
1835 434 1857 458 a
1884 428 2042 470 peccato
2071 419 2265 457 immunes
2283 420 2494 456 redduntur

1431 487 1528 524 quos
1556 475 1637 524 ipse
1665 483 1798 512 movet
1826 482 2011 522 quantum
2041 474 2121 522 ipse
2149 473 2324 510 voluerit.

1484 530 1543 564 AD
1571 539 1761 564 SECUNDUM
1789 538 1973 565 monimum
2006 526 2111 575 quod
2141 526 2274 562 caritas
2303 536 2401 574 quae
2429 525 2494 562 de-

1405 599 1406 602 =
1431 580 1502 617 seri
1522 579 1535 602 θ
1554 588 1679 629 potest
1708 592 1752 617 ex
1776 580 1857 629 ipsa
1877 580 2021 616 ratione
2051 579 2223 627 caritatis,
2243 590 2335 616 vera
2360 577 2494 615 caritas

1432 645 1510 671 non
1540 641 1606 671 est.
1636 634 1722 670 Hoc
1751 633 1852 670 enim
1877 639 1884 654 ¹
1909 641 2008 670 esset
2035 633 2066 669 si
2092 634 2167 669 hoc
2195 633 2233 669 in
2262 644 2331 668 suo
2361 643 2495 670 amore

1431 688 1598 734 haberet,
1621 687 1725 736 quod
1745 687 1794 723 ad
1821 694 1973 734 tempus
1993 694 2137 723 amaret
2156 693 2193 722 et
2211 693 2345 734 postea
2364 697 2495 723 amare

1405 750 1406 763 ³
1432 741 1627 778 disineret:
1657 740 1760 788 quod
1789 751 1868 776 non
1897 746 1995 776 esset
2021 750 2137 775 verae
2166 739 2386 793 dilectionis.
2418 739 2496 775 Sed

1405 804 1407 808 ’
1431 793 1463 830 si
1491 793 1626 830 caritas
1654 793 1846 830 amittatur
1873 803 1918 828 ex
1947 793 2193 829 mutabilitate
2214 776 2384 835 subiecti,
2405 804 2494 829 con-

1405 847 1407 868 ³
1431 853 1488 882 tra
1515 846 1755 894 propositum
1776 844 1949 892 caritatis,
1970 845 2075 893 quod
2103 845 2141 882 in
2169 857 2240 882 suo
2265 853 2351 882 actu
2376 836 2496 882 inclu-

1433 899 1549 944 ditur3
1578 899 1653 935 hoc
1681 910 1759 935 non
1788 905 1974 946 repugnat
2000 898 2147 935 veritati
2177 898 2348 935 caritatis.

1485 952 1544 986 AD
1573 962 1733 988 TERTuJM
1761 961 1947 987 DICENDUM
1979 951 2085 998 quod
2114 963 2225 988 amor
2251 952 2323 988 Dei
2343 963 2497 1000 semper

1433 1014 1573 1051 magna
1601 1011 1782 1053 operatur
1808 1003 1846 1039 in
1873 1004 2090 1052 proposito:
2125 1005 2231 1052 quod
2258 1005 2421 1053 pertinet
2449 1004 2497 1041 ad

1434 1057 1621 1093 rationem
1659 1056 1833 1094 caritatis.
1874 1057 1965 1093 Non
2001 1065 2131 1094 tamen
2168 1070 2322 1106 semper
2358 1069 2497 1105 magna

1433 1118 1614 1158 operatur
1640 1110 1679 1147 in
1707 1117 1805 1156 acm,
1826 1117 1983 1158 propter
2012 1110 2270 1148 conditionem
2300 1111 2469 1148 subiecti.

1485 1164 1545 1199 An
1573 1174 1747 1206 QUARTUM
1775 1174 1958 1200 monimum
1983 1164 2087 1211 quod
2116 1164 2262 1212 caritas,
2284 1164 2497 1201 secundum

1434 1215 1620 1253 rationem
1650 1216 1707 1253 sui
1735 1223 1856 1263 actuS,
1887 1217 2051 1254 excludit
2086 1229 2203 1254 omne
2231 1218 2420 1255 motivum
2450 1217 2497 1254 ad

1434 1270 1686 1319 peccandum.
1731 1270 1806 1307 Sed
1836 1271 2068 1319 quandoque
2098 1270 2278 1319 contingit
2306 1271 2410 1320 quod
2439 1283 2499 1307 ca-

1435 1323 1525 1360 ritas
1553 1331 1639 1359 actu
1666 1334 1746 1359 non
1782 1323 1867 1370 agit.
1907 1325 1956 1360 Et
1981 1332 2073 1361 tunc
2109 1331 2234 1373 potest
2270 1324 2498 1361 intervenire

1438 1376 1592 1423 aliquod
1617 1376 1807 1413 motivum
1839 1376 1886 1413 ad
1906 1377 2166 1425 peccandum,
2196 1377 2256 1414 cui
2285 1377 2314 1414 si
2340 1389 2500 1414 consen-

1437 1428 1560 1475 tiatur,
1582 1428 1716 1465 caritas
1744 1429 1935 1466 amittitur.

1433 1542 1521 1567 sentia
1539 1542 1588 1573 Cx,
1608 1542 1660 1567 Dei
1677 1542 1792 1568 essentia
1811 1542 1939 1567 bonitatis
1957 1549 2013 1567 esse
2031 1542 2080 1574 pK,
2102 1542 2154 1567 Dei
2172 1542 2286 1567 essentia
2304 1549 2372 1574 quae
2390 1545 2430 1566 est
2446 1549 2502 1567 esse

1407 1577 1408 1581 ’
1434 1577 1561 1603 bonitatis
1579 1577 1625 1603 sK.

1487 1610 1511 1645 Θ)
1532 1613 1627 1638 deseri.
1644 1627 1663 1632 -
1682 1613 1739 1638 desi
1761 1613 1859 1646 BEpF,
1878 1613 1989 1646 deficere
2007 1613 2093 1642 PAIa,
2113 1612 2142 1638 di
2162 1613 2218 1638 err-i
2240 1613 2316 1646 DpC,
2336 1612 2438 1646 deferri
2459 1612 2500 1645 pK

1433 1653 1459 1673 et
1476 1656 1504 1679 x,
1524 1649 1644 1674 desinere
1663 1649 1713 1679 sK;
1733 1648 1824 1674 abrasa
1842 1656 1888 1682 px.

1487 1683 1507 1717 ι)
1526 1684 1586 1709 Hoc
1604 1684 1683 1710 enim.
1701 1698 1720 1703 —
1739 1685 1776 1710 Et
1793 1685 1843 1710 hoc
1861 1684 1879 1715 1,
1900 1685 1947 1709 Ex
1964 1684 2013 1709 hoc
2031 1683 2101 1709 enim
2119 1691 2147 1709 κ.

1043 1791 1363 1834 ARTICULUS
1393 1791 1776 1834 DUODECIMUS

640 1876 796 1908 UTRUM
819 1875 1004 1908 CARITAS
1027 1876 1291 1907 AMITTATUR
1313 1877 1396 1907 PER
1418 1875 1546 1908 UNUM
1568 1875 1723 1907 ACTUM
1745 1875 1931 1906 PECCATI
1955 1875 2175 1906 MORTALIS

914 1945 948 1970 111
967 1945 1050 1980 Sem-2
1071 1945 1131 1970 dist.
1148 1953 1215 1976 xxxx,
1234 1953 1279 1978 qu.
1297 1953 1315 1977 1,
1334 1950 1382 1970 art.
1406 1952 1432 1976 13
1451 1945 1493 1970 De
1510 1945 1617 1974 Vir-tut„
1638 1952 1683 1977 qu.
1701 1951 1730 1974 11,
1749 1949 1796 1970 art.
1815 1943 1840 1975 6,
1863 1943 1904 1969 13.

324 2029 326 2034 ’
347 2029 407 2068 'gfff
434 2050 483 2070 ,ΜΔ

99 2042 179 2055 ,,,.>
243 2044 246 2054 2

170 2057 178 2117 ξ’
218 2075 221 2077 ·
347 2063 495 2120 §griseio
528 2062 634 2110 quod
663 2061 796 2098 caritas
825 2073 903 2098 non
936 2061 1128 2099 amittatur
1162 2074 1232 2111 per
1259 2073 1381 2098 unum
1407 2068 1408 2107 f

317 2205 467 2258 satietas
490 2222 591 2270 capit
615 2222 778 2270 aliquem
806 2232 856 2257 ex
882 2222 939 2258 his
966 2222 1034 2269 qui
1058 2222 1095 2258 in
1122 2233 1270 2258 summo
1293 2232 1381 2270 per-

312 2270 491 2322 sectoque
515 2275 744 2311 constiterint
767 2275 906 2324 gradu,
927 2286 1001 2311 non
1030 2275 1197 2311 arbitror
1215 2274 1317 2323 quod
1332 2275 1383 2311 ad

317 2327 481 2364 subitum
508 2327 590 2376 quis
617 2332 820 2364 evacuetur
837 2333 905 2364 aut
920 2327 1080 2365 decidat.-
1108 2328 1175 2364 sed
1195 2328 1380 2375 paulatim

319 2391 366 2418 ac
379 2388 451 2428 per
464 2386 594 2427 par-tes
612 2392 698 2417 eum
717 2380 888 2416 decidere
905 2391 1052 2416 necesse
1071 2387 1133 2417 est.
1165 2380 1242 2417 Sed
1261 2381 1381 2417 homo

320 2432 460 2471 decidit
478 2433 671 2470 caritatem
691 2432 878 2470 amittens.
900 2433 1002 2480 Ergo
1023 2434 1156 2469 caritas
1176 2445 1254 2470 non
1274 2433 1382 2470 amit-

319 2486 408 2524 titur
435 2499 503 2535 per
530 2499 650 2523 unum
680 2487 805 2523 solum
834 2492 960 2522 actum
987 2486 1132 2533 peccati
1163 2486 1340 2522 mortalis.

374 2551 408 2576 2.
426 2540 662 2585 PRAETEREA‚
679 2540 759 2576 Leo
774 2539 882 2588 Papa
911 2538 1010 2585 dicit,
1030 2539 1067 2576 in
1097 2551 1210 2575 serm.
1231 2539 1276 2575 de
1293 2539 1383 2575 Pas-

287 2618 292 2624 ·
318 2593 424 2631 sione
440 2592 473 2640 ²⁸⁶,
494 2593 693 2640 alloquens
722 2593 897 2630 Petrum:
946 2591 1045 2629 Vidit
1070 2592 1106 2628 in
1135 2597 1170 2628 te
1197 2592 1383 2628 Dominus

181 2661 196 2695 ρ
268 2644 275 2651 ’
321 2657 396 2682 ηοη
413 2646 536 2693 fidem
554 2647 692 2683 victam
712 2644 738 2691 β,
759 2657 834 2682 non
862 2644 1094 2681 dilectionem
1113 2656 1300 2690 aversam,
1319 2645 1385 2681 sed

320 2698 566 2736 constantiam
588 2699 710 2746 fuisse
729 2699 928 2735 turbatam.
948 2698 1299 2746 Abundavitfletus,
1321 2698 1386 2734 ubi

321 2763 396 2788 non
425 2752 559 2800 defecit
583 2751 758 2802 affectus:
786 2757 822 2787 et
835 2752 931 2799 fons
958 2751 1124 2787 caritatis
1151 2750 1243 2786 lavit
1267 2751 1382 2787 verba

83 2809 294 2859 διξξῖῌΐῖᾌῆἂ·
309 2805 544 2864 formidinis.
574 2805 623 2841 Et
651 2817 697 2842 ex
723 2804 798 2841 hoc
826 2802 972 2852 accepit
997 2803 1212 2840 Bernardus
1231 2802 1251 2824 ²¹⁸
1279 2803 1383 2852 quod

82 2862 213 2915 ἵῃζςξ·ω
187 2863 293 2917 κρυ-επ
323 2857 414 2894 dixit
440 2862 456 2885 Υ
480 2858 518 2894 in
545 2858 656 2894 Petro
685 2857 879 2894 caritatem
914 2868 988 2893 non
1006 2857 1132 2904 fuisse
1167 2856 1382 2903 extinctam,

181 2895 228 2950 γρ
320 2910 387 2948 sed
411 2910 582 2957 sopitam.
613 2911 689 2948 Sed
709 2911 854 2956 Petrus,
876 2910 1051 2969 negando
1073 2909 1276 2955 Christum,
1296 2922 1383 2959 pec-

323 2962 422 3000 cavit
449 2962 665 3000 mortaliter.
710 2963 812 3012 Ergo
842 2962 975 2999 caritas
1003 2975 1081 2999 non
1110 2962 1289 2999 amittitur
1315 2975 1384 3011 per

321 3026 443 3053 unum
473 3022 599 3053 actum
627 3015 773 3064 peccati
802 3015 984 3053 mortalis.

377 3068 411 3105 3.
441 3068 674 3115 Pmrznm,
713 3067 846 3106 caritas
875 3075 931 3105 est
957 3068 1088 3104 fortior
1115 3079 1231 3116 quam
1266 3067 1384 3105 virtus

323 3121 515 3170 acquisita.
545 3121 623 3158 Sed
650 3121 801 3158 habitus
818 3120 964 3158 virtutis
993 3120 1198 3169 acquisitae
1217 3132 1296 3158 non
1315 3122 1383 3160 tol-

322 3174 409 3211 litur
435 3185 504 3222 per
530 3185 651 3210 unum
679 3181 806 3210 actum
834 3173 978 3223 peccati
1007 3172 1249 3210 contrarium.
1280 3174 1382 3221 Ergo

377 3287 404 3319 α)
423 3286 577 3328 aliquando.
595 3300 614 3305 —
631 3286 722 3319 aliqua
737 3285 769 3317 G,
784 3289 872 3311 autem
891 3286 944 3315 Pa5
958 3293 1006 3318 pro
1023 3286 1141 3317 satietas,
1155 3286 1267 3312 societas
1282 3287 1382 3318 GHsK;

323 3329 371 3355 pro
389 3321 564 3350 constiterint,
583 3321 722 3347 constituit
739 3305 786 3354 pb
805 3320 926 3346 consistit
944 3320 976 3352 G,
995 3321 1180 3347 constituerint
1191 3322 1241 3355 pK,
1260 3322 1383 3347 constite-

321 3357 361 3382 rit
379 3357 479 3387 PDHL,
497 3357 670 3382 constituitur
686 3364 720 3387 x:
738 3361 800 3389 post
816 3363 849 3382 ac
866 3356 905 3381 Pa
923 3340 1020 3381 add’unt
1036 3357 1126 3382 etiam.

377 3391 403 3425 β)
421 3392 529 3418 victam.
547 3393 673 3425 -flctam
694 3376 863 3425 Pi-tleCsK5
884 3399 932 3424 pro
950 3395 976 3418 et
985 3393 1061 3425 jons,
1074 3392 1183 3426 affectus
1202 3392 1257 3424 PE,
1275 3368 1382 3426 effectu

324 3428 399 3453 ceteri
420 3432 445 3452 et
462 3435 488 3453 a.

430 2031 500 2067 „4
525 2019 550 2045 1)
578 2019 818 2046 nuonacmun
856 2019 909 2044 sic
942 2019 1183 2045 pnocenrrun.
1221 2008 1382 2046 Videtur
1406 2008 1408 2043 i

478 2122 656 2159 „actum
675 2114 820 2164 peccati
841 2114 1022 2151 mortalis.
1052 2115 1152 2152 Dicit
1171 2115 1274 2151 enim
1296 2115 1381 2151 Ori·
1407 2151 1409 2164 ,

428 2162 441 2178 ⁹
463 2179 469 2191 *
503 2180 665 2218 genes,
693 2168 731 2204 in
760 2167 986 2205 lPeriarch.
1006 2167 1043 2204 *τ
1073 2169 1115 2205 Si
1139 2168 1343 2216 aliquando
1364 2172 1381 2189 α
1408 2165 1409 2183 ³

1407 2232 1409 2234 ’
1433 2227 1515 2257 tum
1535 2222 1696 2257 mortale
1725 2220 1859 2257 retinet
1887 2219 2130 2256 dilectionem
2159 2218 2231 2254 Dei
2261 2225 2298 2254 et
2323 2219 2499 2268 proximi,

1410 3015 1585 3056 iritatem
1623 3016 1738 3052 habet
1775 3015 1952 3052 meritum
1989 3017 2091 3053 vitae
2127 3024 2321 3053 aeternae:

1433 2008 1554 2044 multo
1576 2006 1702 2043 minus
1723 2006 1855 2043 caritas
1875 2005 2014 2042 tollitur
2032 2018 2103 2054 per
2119 2018 2240 2042 unum
2261 2014 2389 2043 actum
2413 2018 2500 2055 pec-

1434 2061 1505 2097 cati
1534 2061 1704 2097 mortalis
1733 2060 1975 2096 contrarium.

1485 2125 1523 2161 4.
1549 2114 1782 2160 PRAETEREA‚
1805 2113 1940 2150 caritas
1959 2113 2140 2161 importat
2164 2110 2406 2148 dilectionem
2427 2112 2501 2150 Dei

1435 2173 1471 2203 et
1488 2167 1665 2215 proximi.
1689 2168 1765 2204 Sed
1785 2166 1919 2215 aliquis
1935 2166 2177 2202 committens
2197 2165 2352 2214 aliquod
2366 2178 2501 2214 pecca-

1434 2281 1475 2310 ut
1501 2273 1666 2310 videtur.
1694 2273 1924 2310 inordinatio
1955 2272 2056 2309 enim
2090 2271 2301 2308 affectionis
2330 2272 2428 2308 circa
2457 2284 2501 2309 ea

1435 2338 1534 2375 quae
1562 2335 1649 2364 sunt
1676 2326 1724 2363 ad
1751 2327 1870 2364 finem
1900 2339 1979 2363 non
2005 2325 2101 2362 tollit
2129 2336 2303 2362 amorem
2331 2325 2430 2362 finis.
2461 2333 2501 2362 ut

1434 2391 1550 2428 supra
1568 2379 1588 2401 '⁸‘
1615 2380 1760 2416 dictum
1782 2387 1847 2416 est.
1879 2380 1981 2427 Ergo
2002 2386 2128 2427 potest
2147 2390 2345 2415 remanere
2366 2378 2538 2416 caritas

1435 2432 1484 2469 ad
1511 2433 1652 2478 Deum,
1675 2433 1854 2470 existente
1873 2440 2032 2480 peccato
2053 2432 2201 2468 mortali
2221 2444 2291 2480 per
2309 2431 2502 2469 inordina-

1435 2493 1514 2531 tam
1533 2485 1777 2521 affectionem
1798 2485 1896 2522 circa
1925 2485 2080 2533 aliquod
2100 2486 2316 2533 temporale·
2339 2486 2498 2522 bonum.

1493 2538 1525 2574 5.
1547 2539 1780 2583 PRAETEREA,
1799 2538 1946 2575 virtutis
1966 2538 2201 2586 theologicae
2231 2538 2424 2575 obiectum
2445 2545 2502 2574 est

1436 2590 1588 2627 ultimus
1616 2590 1714 2627 finis.
1746 2591 1822 2627 Sed
1851 2590 1947 2628 aliae
1974 2591 2132 2628 virtutes
2161 2591 2408 2639 theologicae,
2429 2592 2499 2627 sci-

1436 2644 1523 2680 licet
1554 2644 1652 2681 fides
1691 2651 1726 2680 et
1754 2656 1859 2692 spes,
1889 2656 1967 2680 non
1995 2645 2246 2681 excluduntur
2282 2656 2351 2693 per
2378 2657 2499 2682 unum

1437 2704 1563 2734 actum
1592 2696 1736 2745 peccati
1765 2697 1952 2734 mortalis:
1980 2697 2101 2734 immo
2121 2695 2134 2719 δ
2160 2705 2359 2734 remanent
2385 2698 2499 2735 infor-

1409 2780 1411 2787 .
1436 2762 1531 2787 mes.
1562 2750 1663 2797 Ergo
1695 2750 1807 2786 etiam
1838 2749 1971 2786 caritas
1998 2758 2124 2799 potest
2151 2762 2350 2787 remanere
2382 2751 2498 2788 infor-

1436 2803 1521 2850 mis,
1553 2803 1665 2840 etiam
1685 2807 1698 2824 ⁸
1716 2815 1794 2840 uno
1822 2810 1980 2851 peceato
2011 2803 2160 2841 mortali
2188 2811 2416 2852 perpetrato.

1491 2857 1565 2893 SED
1594 2867 1751 2903 CONTRA,
1780 2868 1849 2904 per
1876 2863 2076 2905 peccatum
2119 2858 2279 2893 mortale
2307 2857 2350 2894 fit
2378 2858 2497 2895 homo

1437 2909 1572 2957 dignus
1592 2916 1714 2946 morte
1735 2917 1905 2946 aeterna:
1930 2911 2141 2947 secundum
2164 2910 2255 2947 illud
2274 2911 2386 2947 Rom.
2407 2923 2442 2947 Vl
2462 2911 2496 2948 *ε

1437 2963 1626 3012 Stipendia
1648 2963 1796 3011 peccati
1822 2974 1936 2999 mors.
1977 2963 2051 3000 Sed
2082 2963 2236 3012 quilibet
2264 2963 2410 3000 habens
2439 2976 2498 3001 ca-

2365 3016 2498 3054 dicitur

1439 3068 1539 3105 enim
1569 3070 1672 3105 Ioan.
1702 3080 1763 3105 X1v
1781 3068 1816 3105 *τ
1846 3069 1888 3105 Si
1913 3069 1994 3117 quis
2021 3069 2144 3119 diligit
2169 3082 2240 3116 me,
2270 3070 2446 3119 diligetur
2473 3083 2497 3107 a

1435 3122 1550 3159 Patre
1577 3133 1672 3167 meo,
1702 3127 1738 3158 et
1762 3133 1835 3171 ego
1862 3121 2020 3171 diligam
2049 3135 2147 3168 eum,
2177 3129 2214 3160 et
2247 3123 2496 3171 manifestabo

1437 3175 1474 3211 ei
1498 3175 1701 3222 me1'12sum‚·
1728 3174 1766 3211 in
1795 3186 1871 3222 qua
1900 3175 2058 3223 quidem
2087 3176 2391 3212 manifestatione
2419 3175 2497 3212 vita

1489 3288 1515 3320 γ)
1536 3288 1618 3313 dixit.
1635 3301 1655 3307 -
1673 3287 1738 3312 dicit
1756 3288 1802 3312 Pa.

1488 3322 1512 3355 δ)
1533 3323 1622 3348 immo.
1639 3337 1658 3341 -
1677 3326 1739 3348 tunc
1758 3323 1786 3347 B.

1489 3359 1510 3391 ε)
1529 3359 1620 3383 etiam.
1638 3373 1658 3377 -
1678 3358 1704 3383 in
1724 3359 1755 3389 Α,
1774 3361 1813 3383 est
1831 3359 1858 3383 in
1878 3366 1922 3391 px,
1941 3366 1994 3384 om.
2012 3366 2057 3389 εις
2077 3359 2186 3383 mortali
2203 3366 2256 3383 om.
2275 3359 2307 3383 A.

2552 2389 2604 2411 Art.
2620 2395 2652 2410 10.

2527 2922 2536 2931 ⁸
2551 2920 2617 2942 Vers.
2633 2926 2665 2949 23.

2525 3081 2533 3089 ⁸
2548 3080 2614 3101 Vers.
2629 3085 2658 3101 21.
