2892 4056
1004 143 1270 190 QUAESTIO
1298 143 1457 191 XLVII,
1485 142 1780 180 ARTICULUS
1807 143 1875 180 Vll

347 230 454 255 autem
467 222 548 253 inter
563 222 638 252 istas
656 222 695 251 ad
712 222 913 272 propositum
930 228 975 252 est
990 223 1078 262 quod
1101 231 1174 252 cum
1190 223 1303 253 dicitur
1317 223 1406 264 quod

347 266 454 297 virtuti
475 262 516 296 de
538 265 600 296 fine
623 266 789 306 proprium
813 272 859 296 est
881 265 1058 306 praecipere
1079 266 1107 296 ei
1130 276 1212 306 quae
1229 274 1274 297 est
1298 267 1336 297 de
1359 267 1407 297 his

348 319 429 351 quae
459 316 533 340 sunt
556 310 596 339 ad
618 309 731 345 finem,
761 310 945 349 intelligitur
967 310 1006 340 de
1035 319 1071 340 ea
1094 319 1176 350 quae
1205 318 1252 341 est
1281 311 1319 341 de
1346 310 1408 340 fine
1433 330 1434 335 ,

348 353 582 384 auctoritative:
607 354 683 383 haec
707 353 791 383 enim
815 360 861 384 est
875 363 957 394 quae
980 353 1078 383 finem
1101 354 1276 394 praestituit
1295 354 1364 384 aliis
1380 361 1410 385 et

348 398 508 438 praecipit,
532 404 569 428 ut
591 404 676 437 patet
698 397 731 427 in
755 397 873 428 artibus
896 397 1144 428 architectonicis
1167 404 1198 428 et
1220 398 1345 429 caritate
1364 408 1409 428 re-

349 448 459 482 spectu
482 441 616 472 aliarum
637 442 802 472 virtutum.
826 441 934 472 Virtus
956 441 1051 480 igitur
1073 441 1202 471 moralis
1225 451 1291 472 non
1311 449 1357 472 est
1372 442 1411 472 de

349 485 412 516 fine
434 485 661 521 auctoritative,
685 486 740 515 sed
762 484 932 515 executive.
971 484 1069 521 Quod
1092 491 1178 524 patet
1200 494 1237 515 ex
1260 495 1298 516 eo
1322 486 1411 526 quod

349 529 502 560 virtus‘ex
518 529 684 570 principali
706 535 777 560 actu
801 537 862 559 suo
883 528 1135 558 iudicandaest:
1161 535 1283 560 constat
1305 537 1411 560 autem
1436 543 1437 550 ¹

350 572 440 614 quod
461 573 650 613 praecipuus
669 579 757 603 actus
769 571 893 603 virtutis
915 571 1044 602 moralis
1067 578 1114 602 est
1134 572 1254 608 elecn'o‚
1272 580 1308 604 ut
1327 580 1414 613 patet

114 618 264 667 ‘Can'lvfegt
273 623 323 664 ¹5¹¹·
351 626 389 647 ex
411 616 479 657 ipsa
502 617 570 647 eius
585 615 778 652 definitione,
803 616 829 646 11
845 615 949 646 Ethic.
963 615 992 653 *‚
1015 615 1122 646 Virtus
1140 621 1187 646 est
1206 617 1333 648 habitus
1352 618 1412 648 ele-

351 661 459 692 ctivus‘
471 667 546 697 etc.;
570 660 681 691 electio
700 667 808 691 autem
826 659 866 689 ad
884 658 1103 690 executionem
1121 667 1249 699 spectat,
1273 661 1415 702 sequitur

353 704 439 735 enim
461 711 676 745 praeceptum,
700 710 731 735 et
753 710 799 734 est
821 702 890 743 ipsa
913 703 1056 734 executio
1079 704 1237 744 appetitus
1264 704 1297 734 in
1320 715 1416 745 appe-

352 748 455 784 tibile;
488 749 573 779 unde
607 747 686 778 nihil
709 753 803 778 restat
832 746 893 777 nisi
925 746 1058 777 exterior
1080 747 1224 779 executio
1254 755 1328 787 post
1357 749 1416 779 ele-

353 792 503 823 ctionem.
542 792 584 822 Et
605 797 772 832 propterea
794 790 892 821 virtus
920 791 1049 820 moralis
1073 799 1138 821 non
1166 792 1318 831 praecipit
1340 802 1415 832 pru-

353 836 488 872 dentiae,
512 845 569 866 nec
592 842 639 866 est
661 845 698 865 ea
719 834 806 875 prior
829 834 1020 865 naturaliter.
1058 835 1099 864 Et
1121 841 1226 865 tamen
1255 843 1417 875 oporteret

2442 143 2513 179 355

1461 230 1531 250 eam
1554 221 1738 260 praecedere
1764 219 1944 251 naturaliter
1959 220 2157 260 prudentiam
2181 219 2205 249 si
2225 227 2305 250 esset
2327 220 2365 250 de
2383 219 2446 250 fine
2465 230 2520 250 au-

1461 264 1644 295 ctoritative.
1679 265 1770 294 Esset
1793 271 1899 295 autem
1923 264 1984 294 hoc
2007 264 2032 293 si
2047 264 2145 294 virtus
2168 263 2297 293 moralis
2321 270 2401 294 esset
2415 264 2519 304 primo

1462 307 1586 338 habitus
1609 308 1779 338 intentivus
1801 307 1887 343 finis,
1912 308 1973 338 hoc
1997 315 2042 339 est
2069 308 2094 337 si
2111 307 2214 348 primo
2238 307 2398 347 perficeret
2421 307 2520 337 inten-

1462 352 1583 382 tionem
1606 351 1693 382 finis:
1717 352 1871 392 quoniam
1893 351 2027 382 intentio
2050 361 2115 382 non
2139 351 2296 391 dependet
2318 351 2356 381 ab
2376 351 2424 380 his
2440 361 2521 391 quae

1463 402 1537 425 sunt
1559 395 1599 424 ad
1625 394 1734 425 finem.
1772 395 1852 426 Dico
1882 402 1988 425 autern
2006 397 2131 435 primo,
2156 395 2231 435 quia
2253 395 2351 425 virtus
2383 395 2520 429 moralis,

1462 438 1653 479 perficiendo
1677 439 1781 479 primo
1804 439 2000 475 electionem,
2024 439 2145 478 perficit
2167 438 2353 469 secundario
2376 438 2523 469 intentio-

1464 491 1553 513 nem:
1592 490 1720 523 propter
1746 484 1835 523 quod
1857 482 1889 512 in
1912 483 1954 514 VI
1978 483 2081 513 Ethic.
2108 482 2221 513 dicitur
2249 482 2338 523 quod
2363 482 2452 523 facit
2477 483 2523 512 in-

1463 527 1631 557 tentionem
1656 532 1775 557 rectam
1791 526 1817 562 *,
1842 533 1873 556 et
1888 527 1976 567 quod
1999 526 2191 566 principium
2214 525 2398 566 prudentiae
2420 525 2524 556 firmat
2552 527 2559 534 ⁸

1463 569 1497 600 in
1515 570 1621 600 anima
1630 569 1659 600 θ.
1672 571 1713 600 Et
1727 570 1788 600 hoc
1803 577 1849 601 est
1864 570 1952 611 quod
1963 570 1995 600 in
2011 570 2111 601 littera
2123 581 2142 601 a
2157 570 2324 610 posteriori
2341 569 2523 605 declaratur,

1465 613 1599 644 dicendo
1623 617 1712 654 quod
1724 614 1807 654 finis
1830 623 1892 644 non
1913 615 2053 654 pertinet
2074 614 2117 644 ad
2139 615 2272 645 virtutes
2295 614 2434 644 morales
2453 619 2525 643 tan·

1465 667 1560 698 quam
1588 659 1676 697 ipsae
1699 659 1917 697 praestituunt
1935 658 2052 698 finem.
2090 658 2132 688 Et
2155 658 2280 688 exclusa
2307 657 2525 697 superioritate

1466 701 1590 732 virtutis
1608 702 1736 732 moralis
1759 708 1901 741 respectu
1921 701 2115 741 prudentiae,
2135 702 2308 732 declaratur
2326 701 2527 742 superioritas

1468 754 1486 774 e
1509 754 1677 775 converso:
1716 745 1792 786 quia
1818 745 1985 785 prudentia
2012 752 2120 776 movet
2142 755 2229 782 eam,
2260 745 2460 785 disponendo
2491 754 2526 775 ea

1469 798 1551 828 quae
1574 795 1648 819 sunt
1670 789 1709 819 ad
1731 788 1841 824 finem,
1870 798 1952 829 quae
1976 789 2133 828 eliguntur
2155 799 2173 819 a
2195 789 2310 819 virtute
2331 788 2460 824 morali,
2492 794 2528 819 ut

1469 831 1502 861 in
1525 832 1669 873 sequenti
1692 832 1810 872 patebit
1832 832 1974 863 articulo.

1139 969 1456 1012 ARTICULUS
1488 971 1756 1012 SEPTIMUS

510 1063 667 1095 UTRUM
691 1062 750 1093 AD
774 1061 1058 1093 PRUDENTIAM
1080 1061 1327 1093 PERTINEAT
1352 1063 1554 1094 INVENIRE
1578 1064 1757 1107 MEDIUM*
1775 1064 1818 1094 IN
1842 1064 2102 1096 VIRTUTfflUs
2125 1065 2371 1098 MORALIBUS

935 1140 958 1165 1·
978 1140 1034 1170 11⁸⁸,
1053 1148 1097 1173 qu.
1115 1147 1183 1170 wa,
1203 1146 1250 1166 art.
1270 1140 1294 1171 3,
1313 1141 1344 1165 ad
1366 1140 1393 1172 3;
1413 1141 1444 1166 111
1464 1142 1548 1171 Sent„
1568 1142 1627 1167 dist.
1645 1149 1730 1172 xxx111,
1751 1150 1795 1174 qu.
1814 1150 1844 1174 n,
1863 1148 1911 1168 art.
1931 1143 1954 1168 3.

416 1337 538 1418 {²355
539 1389 555 1403 x
570 1369 675 1419 sequi
704 1369 806 1406 enirn
835 1369 1007 1426 medium
1028 1376 1083 1406 est
1105 1370 1192 1406 finis
1216 1369 1419 1406 moralium

356 1414 551 1459 virtutum.
575 1422 651 1459 Sed
669 1420 870 1470 prudentia
883 1433 961 1458 non
976 1421 1184 1469 praestituit
1201 1422 1319 1458 finem
1338 1433 1421 1458 rno-

81 1491 87 1495 ·
121 1482 195 1504 'm
212 1481 316 1510 imeoed·
358 1474 497 1512 ralibus
525 1474 737 1524 virtutibus,
765 1481 807 1510 ut
835 1481 1030 1534 ostensum
1060 1481 1115 1510 est
1133 1474 1164 1510 ²⁸.
1213 1475 1314 1522 Ergo
1343 1486 1424 1511 non

358 1527 501 1565 invenit
528 1526 567 1564 in
596 1527 650 1564 eis
678 1513 864 1564 medium.

359 1633 470 1674 detur
498 1645 652 1671 causam
686 1632 850 1679 habere,
888 1631 958 1668 sed
993 1631 1118 1680 ipsum
1162 1643 1243 1668 esse
1277 1639 1333 1668 est
1365 1632 1423 1668 sui

358 1685 476 1736 i'psins
497 1698 627 1724 causa:
657 1686 746 1734 quia
769 1684 1074 1743 unumquodque
1095 1683 1228 1721 dicitur
1247 1696 1330 1721 esse
1356 1697 1424 1733 per

360 1743 516 1784 causam
550 1750 672 1776 suam.
720 1737 798 1776 Sed
826 1737 982 1775 existere
1019 1737 1058 1775 in
1086 1737 1216 1775 medio
1246 1738 1424 1775 convenit

358 1790 487 1829 virtuti
514 1786 648 1831 morali
676 1803 744 1840 per
771 1804 824 1837 se,
854 1789 964 1839 quasi
989 1789 1158 1839 positum
1186 1790 1224 1827 in
1253 1790 1333 1827 eius
1359 1790 1423 1827 de-

122 1851 196 1874 ·Am
217 1857 238 1880 5,
251 1856 300 1879 trs·
315 1856 332 1872 ¹·
359 1840 544 1892 finitione,
564 1853 606 1882 ut
625 1857 670 1881 ex
691 1842 831 1881 dictis*
850 1850 963 1892 patet.
1002 1843 1094 1879 Non
1115 1855 1203 1890 ergo
1223 1843 1423 1892 prudentia

361 1906 492 1935 causat
517 1897 690 1937 medium
718 1897 758 1935 in
784 1896 985 1934 virtutibus
1013 1896 1237 1934 moralibus.

362 1946 377 1999 Ἰ
414 1951 448 1987 3.
484 1949 727 1996 Parmam,
762 1948 964 1999 prudentia
1001 1955 1179 1998 operatur
1210 1948 1423 1986 secundum

221 2008 239 2026 ⁸
360 2003 524 2062 'modum
545 2009 562 2025 ‘²
590 2003 756 2041 rationis.
799 2003 879 2040 Sed
902 2001 1022 2039 virtus
1048 2001 1205 2039 moralis
1232 2002 1350 2039 tendit
1377 2002 1426 2039 ad

223 2051 240 2086 β
361 2048 534 2096 medium
568 2069 638 2105 per
665 2055 828 2093 modum
848 2053 863 2084 β
890 2052 1068 2092 naturae:
1107 2054 1196 2103 quia
1218 2062 1259 2092 ut
1277 2055 1426 2092 Tullius

122 2115 333 2171 ffgfffegpffi‘f·
362 2106 461 2155 dicit,
482 2110 521 2147 in
549 2110 582 2147 11
610 2109 717 2147 Rhet.
737 2107 768 2154 ³¹²,
797 2108 914 2146 virtus
942 2114 995 2144 est
1020 2107 1166 2145 habitus
1178 2119 1251 2155 per
1274 2108 1426 2144 modum

362 2168 522 2206 naturae
540 2162 680 2200 rationi
697 2166 977 2199 consentaneus.
1007 2161 1110 2208 Ergo
1130 2160 1330 2209 prudentia
1349 2173 1427 2197 non
1452 2154 1454 2178 ³

362 2214 573 2266 praestituit
600 2213 772 2259 medium
799 2214 1000 2252 virtutibus
1029 2213 1249 2251 moralibus.

415 2267 492 2308 SED
512 2279 659 2305 CONTRA
671 2279 738 2304 EST
753 2266 880 2316 quod'
871 2279 910 2304 1n
925 2265 1193 2326 supraposita*
1208 2265 1428 2303 definitione

362 2320 510 2364 virtutis
535 2320 690 2358 moralis
711 2319 846 2359 dicitur
865 2316 970 2370 quod
999 2327 1054 2357 est
1082 2319 1119 2356 in
1135 2318 1332 2356 medietate
1351 2319 1430 2356 exi-

363 2376 461 2418 stens
487 2373 735 2411 determinata
770 2372 917 2409 ratione
938 2377 1055 2420 prout
1082 2372 1231 2419 sapiens
1258 2371 1429 2408 determi-

366 2425 480 2464 nabit.

418 2479 644 2516 Responnzo
664 2489 848 2515 DlCENDUM
868 2477 974 2525 quod
1000 2477 1076 2513 hoc
1098 2475 1224 2524 ipsum
1248 2475 1355 2523 quod
1375 2482 1430 2512 est

366 2530 597 2570 conformari
616 2529 751 2567 rationi
771 2527 894 2567 rectae
915 2537 971 2567 est
1003 2528 1090 2566 finis
1109 2527 1288 2577 proprius
1307 2527 1430 2565 cuius-

123 2265 200 2301 sarr.
213 2284 239 2307 ς’,
254 2280 303 2306 arg.
318 2283 335 2301 ι.

1471 1212 1562 1249 libet
1587 1213 1742 1249 moralis
1769 1213 1935 1251 virtutis:
1969 1214 2219 1262 temperantia
2248 1215 2348 1252 enirn
2377 1217 2450 1252 hoc
2478 1217 2532 1254 in-

1471 1265 1601 1311 tendit,
1627 1278 1675 1302 ne
1703 1274 1860 1314 propter
1879 1266 2205 1314 concupiscentias
2233 1268 2352 1304 homo
2373 1269 2533 1306 divertat

1473 1330 1496 1354 a
1513 1317 1675 1364 ratione;
1705 1325 1742 1354 et
1761 1318 1929 1355 similiter
1954 1319 2131 1356 fortitudo
2151 1332 2198 1356 ne
2224 1333 2245 1356 a
2266 1329 2367 1357 recto
2392 1322 2532 1359 iudicio

1474 1371 1627 1407 rationis
1657 1371 1817 1408 divertat
1844 1379 1999 1420 propter
2026 1372 2200 1409 timorem
2228 1375 2289 1409 vel
2320 1375 2531 1411 audaciam.

1475 1423 1524 1459 Et
1559 1422 1620 1459 hic
1646 1423 1731 1460 fin1s
1767 1424 2010 1472 praestitutus
2047 1433 2101 1461 est
2137 1425 2283 1462 homini
2320 1427 2532 1464 secundum

1475 1476 1685 1512 naturalem
1715 1477 1918 1513 rationem:
1962 1477 2139 1513 naturalis
2168 1478 2267 1514 enirn
2297 1480 2391 1515 ratio
2422 1480 2536 1517 dictat

1447 1570 1449 1575 ¹
1473 1527 1678 1576 unicuique
1708 1536 1749 1565 ut
1777 1530 1988 1566 secundum
2017 1530 2202 1566 rationem
2230 1540 2418 1579 operetur.
2458 1533 2534 1570 Sed

413 1592 449 1620 2.
471 1581 709 1626 PRAETEREA,
738 1579 828 1617 illud
870 1578 975 1627 quod
1005 1586 1060 1615 est
1085 1590 1155 1627 per
1187 1591 1226 1615 se
1261 1591 1340 1616 non
1367 1579 1423 1616 vi·
1447 1579 1449 1589 ¹

1476 1581 1635 1629 qualiter
1671 1589 1708 1618 et
1734 1593 1804 1630 per
1835 1593 1932 1630 quae
1965 1582 2084 1618 homo
2122 1583 2158 1619 in
2193 1586 2390 1631 operando
2428 1585 2536 1622 attin-

1475 1641 1537 1681 gat
1565 1633 1738 1671 medium
1767 1634 1922 1671 rationis
1950 1635 2111 1682 pertinet
2138 1636 2187 1672 ad
2213 1636 2500 1685 dispositionem
2520 1643 2535 1666 Υ

1476 1686 1713 1735 prudentiae.
1762 1687 1868 1724 Licet
1909 1687 2010 1724 enim
2052 1688 2231 1736 attingere
2278 1690 2449 1728 medium
2491 1690 2537 1728 sit

1476 1739 1563 1776 finis
1590 1739 1736 1776 virtutis
1764 1740 1930 1787 moralis,
1958 1748 2088 1777 tamen
2114 1753 2183 1789 per
2206 1750 2349 1780 rectam
2378 1743 2536 1792 disposi-

1476 1792 1620 1829 tionem
1651 1804 1784 1830 eorurn
1815 1805 1912 1842 quae
1941 1800 2028 1830 sunt
2055 1793 2103 1830 ad
2130 1794 2250 1832 finem
2281 1795 2452 1834 medium
2481 1797 2537 1833 in—

1477 1852 1639 1882 venitur.

1532 1898 1581 1934 Et
1607 1909 1676 1945 per
1702 1898 1777 1934 hoc
1804 1906 1907 1947 patet
1934 1899 2130 1947 responsio
2159 1899 2208 1936 ad
2235 1900 2415 1948 primum.

1531 1952 1591 1987 An
1619 1961 1807 1988 SECUNDUM
1843 1963 2027 1989 mesanum
2055 1952 2161 2000 quod
2197 1952 2295 1990 sicut
2328 1965 2444 2001 agens
2472 1966 2538 1990 na-

1478 2003 1596 2039 turale
1624 2002 1711 2040 facit
1737 2011 1779 2040 ut
1806 2004 1930 2041 forma
1958 2004 2004 2042 sit
2030 2004 2070 2042 in
2096 2005 2270 2051 materia,
2302 2018 2381 2043 non
2410 2014 2538 2044 tamen

1479 2056 1566 2092 facit
1602 2063 1643 2092 ut
1677 2056 1825 2093 formae
1859 2057 2088 2094 conveniant
2124 2070 2168 2094 ea
2195 2070 2294 2105 quae
2331 2071 2400 2107 per
2427 2071 2467 2095 se
2504 2059 2538 2095 ei

1480 2108 1625 2154 insunt3
1655 2108 1704 2144 ita
1725 2109 1837 2146 etiarn
1868 2109 2067 2158 prudentia
2093 2110 2264 2148 medium
2292 2112 2482 2148 constituit
2500 2112 2538 2148 in

1481 2160 1720 2209 passionibus
1736 2169 1771 2197 et
1786 2162 2080 2210 operationibus,
2095 2175 2175 2200 non
2192 2171 2321 2200 tamen
2335 2165 2422 2201 facit
2434 2165 2539 2213 quod

1481 2213 1652 2251 medium
1681 2226 1866 2261 quaerere
1895 2215 2098 2253 conveniat
2123 2216 2261 2253 virtuti.

1534 2268 1594 2303 An
1613 2278 1772 2304 marium
1801 2279 1983 2306 mcENDuM
2016 2269 2120 2316 quod
2143 2269 2261 2305 virtus
2289 2269 2444 2306 moralis
2471 2282 2540 2318 per

1483 2319 1644 2356 modurn
1673 2327 1828 2356 naturae
1860 2320 2018 2358 intendit
2044 2321 2243 2370 pervenire
2278 2322 2326 2358 ad
2354 2323 2539 2360 medium.

1484 2372 1560 2408 Sed
1589 2372 1678 2420 quia
1705 2372 1874 2410 medium
1894 2371 1908 2395 δ
1935 2386 2014 2410 non
2042 2375 2182 2412 eodem
2210 2374 2328 2411 modo
2352 2375 2542 2413 invenitur

1481 2423 1520 2460 in
1541 2424 1732 2469 omnibus,
1762 2425 1849 2463 ideo
1868 2425 2059 2463 inclinatio
2079 2435 2246 2473 naturae,
2272 2439 2371 2475 quae
2390 2440 2542 2476 semper

1483 2476 1621 2513 eodem
1650 2477 1769 2514 modo
1799 2486 1989 2526 operatur,
2019 2479 2068 2516 ad
2095 2480 2170 2516 hoc
2197 2492 2276 2516 non
2304 2481 2454 2527 sufficit,
2475 2481 2541 2518 sed

1483 2528 1684 2575 requiritur
1710 2530 1804 2566 ratio
1832 2531 2067 2578 prudentiae.

419 2644 446 2677 α)
465 2647 597 2675 operatur
619 2642 764 2668 secundum
789 2643 906 2667 modum.
928 2656 947 2661 —
964 2646 1139 2674 comparatur
1161 2642 1304 2668 secundum
1330 2644 1430 2666 motum

366 2680 514 2712 ABleKx,
532 2682 662 2712 operatur
685 2678 830 2704 secundum
856 2681 956 2703 motum
982 2677 1129 2703 CEFGst
1152 2683 1178 2702 et
1194 2685 1221 2707 a,
1241 2680 1370 2709 operatur
1393 2677 1431 2701 ad

359 2717 447 2750 finem
467 2716 500 2741 Η.

1537 2641 1563 2674 β)
1574 2649 1627 2674 per
1639 2643 1757 2668 modum.
1771 2657 1790 2662 -
1804 2643 1830 2667 in
1846 2643 1952 2668 modurn
1971 2643 2060 2671 ABHI.
2069 2651 2123 2675 per
2132 2643 2246 2668 medium
2260 2644 2334 2674 CFK,
2347 2644 2374 2668 in
2390 2646 2504 2670 medium
2514 2647 2545 2671 L.

1537 2677 1564 2709 γ)
1583 2677 1794 2709 dispositionem.
1810 2691 1830 2696 —
1847 2678 1979 2703 rationem
1999 2679 2045 2703 Ρα.

1536 2711 1562 2744 ὃ)
1582 2713 1707 2738 medium.
1724 2727 1743 2732 -
1760 2713 1904 2739 secundum
1924 2714 1996 2745 quod
2013 2714 2128 2738 medium
2147 2714 2244 2738 addunt
2261 2715 2308 2739 Pa.

1042 2783 1373 2817 Commentario.
1396 2781 1644 2814 cardinalis
1666 2782 1865 2816 Caietam

398 2866 418 2886 n
441 2855 573 2886 articulo
596 2855 734 2896 septimo
750 2855 893 2886 eiusdem
908 2854 1431 2896 quadragesimaeseptimaequae-

371 2867 512 2930 lsttonis
534 2900 659 2930 adverte
682 2906 831 2940 quatuor.
853 2898 972 2936 Primo,
996 2898 1203 2929 differentiam
1229 2898 1310 2928 inter
1332 2896 1430 2928 finem

370 2942 566 2974 et'medium
588 2942 622 2972 in
644 2942 812 2974 virtutibus
835 2943 1026 2973 moralibus:
1049 2942 1231 2984 quodlicet
1253 2941 1431 2972 coincidant

369 2987 405 3018 in
422 2996 520 3018 unam
535 2995 612 3023 rem,
628 2987 689 3018 alia
704 2993 810 3018 tamen
825 2993 874 3017 est
890 2987 1055 3027 utriusque
1070 2987 1160 3017 ratio.
1184 2985 1327 3016 Medium
1345 2985 1431 3016 enim

370 3031 418 3065 in
427 3030 667 3071 comparatione
689 3031 727 3061 ad
751 3037 889 3062 exn-ema
912 3030 1035 3061 dicitur.
1058 3031 1099 3062 Et
1121 3031 1155 3060 in
1176 3029 1343 3070 proposito
1366 3038 1432 3059 me·

371 3076 462 3106 dium
485 3085 551 3105 non
575 3075 752 3106 secundum
775 3074 998 3116 quantitatem,
1023 3075 1079 3105 sed
1100 3074 1256 3105 rationem
1279 3083 1335 3104 seu
1358 3083 1431 3113 pro—

133 3123 218 3150 Ὀῦμ
239 3128 275 3147 v¹
295 3126 318 3142 ¹¹
333 3127 344 3148 5
372 3119 570 3160 portionem,
595 3113 722 3155 dicitur,
747 3126 783 3149 ut
804 3118 837 3148 in
861 3118 887 3148 11
913 3123 999 3158 patet
1020 3117 1156 3148 Ethicst*
1161 3126 1168 3154 ;
1204 3124 1235 3148 et
1257 3117 1432 3158 opponitur

133 3155 201 3198 “¹5¹
191 3149 232 3171 S
238 3148 284 3170 Th
292 3148 343 3169 'ec‘
373 3163 500 3204 utrique
523 3170 672 3199 extremo,
697 3162 812 3193 scilicet
835 3162 1124 3202 improportionato
1139 3171 1196 3202 per
1218 3165 1380 3191 excessum
1403 3167 1434 3191 et

372 3207 664 3248 improportionato
687 3216 742 3247 per
761 3206 928 3237 defectum.
959 3205 1046 3236 Finis
1068 3212 1175 3237 autem
1199 3205 1274 3235 haec
1298 3214 1363 3235 non
1386 3215 1432 3235 re-

374 3251 476 3292 spicit.
509 3251 551 3282 Et
573 3257 739 3291 propterea
769 3259 834 3280 non
858 3250 978 3280 mireris
1001 3249 1027 3279 si
1050 3255 1124 3289 post
1152 3249 1371 3290 quaestionem
1395 3249 1433 3279 de

374 3295 614 3335 praestitutione
637 3294 724 3331 finis,
753 3294 913 3335 quaeritur
936 3294 974 3324 de
997 3293 1179 3324 inventione
1209 3293 1304 3323 medii
1327 3303 1432 3323 mora-

375 3340 455 3370 lium
478 3339 643 3370 virtutum.

430 3384 587 3419 Secundo,
612 3383 700 3424 quod
724 3382 866 3412 medium
890 3381 1017 3411 moralis
1047 3381 1168 3411 virtutis
1196 3380 1361 3420 dupliciter
1382 3380 1431 3410 in-

376 3428 536 3468 terpretari
561 3435 747 3467 possumus:
772 3426 886 3466 primo,
904 3425 1083 3460 formaliter,
1105 3434 1162 3464 pro
1185 3424 1253 3464 ipsa
1276 3424 1371 3454 medii
1387 3434 1432 3454 ra-

1484 2853 1585 2889 tione;
1621 2854 1778 2890 secundo,
1803 2853 2020 2889 materialiter,
2055 2863 2114 2892 pro
2137 2863 2170 2883 re
2193 2854 2396 2886 denominata
2430 2856 2544 2886 media-

1485 2897 1517 2927 Si
1541 2904 1685 2928 sumatur
1715 2897 1819 2937 primo
1850 2895 1967 2933 modo,
1991 2897 2036 2927 sic
2059 2903 2105 2927 est
2128 2897 2251 2928 bonitas
2280 2899 2426 2929 rationis:
2451 2899 2477 2930 si
2500 2910 2546 2930 se—

1485 2941 1591 2972 cundo
1615 2942 1724 2977 modo,
1749 2944 1792 2971 sic
1817 2947 1863 2971 est
1885 2951 1934 2971 res
1949 2941 2034 2971 bona
2057 2941 2196 2972 bonitate
2220 2942 2360 2973 rationis.
2385 2943 2426 2974 Et
2440 2943 2544 2983 primo

1485 2986 1585 3015 modo
1601 2992 1647 3015 est
1661 2984 1732 3014 finis
1751 2985 1880 3015 moralis
1894 2985 2033 3016 virtutis:
2059 2986 2198 3015 secundo
2213 2992 2329 3022 autem,
2346 2993 2392 3016 est
2410 2986 2442 3017 id
2458 2988 2545 3028 quod

1485 3035 1531 3060 est
1555 3030 1594 3059 ad
1617 3028 1723 3059 finem
1748 3029 1841 3059 Unde
1863 3029 1993 3059 moralis
2016 3028 2115 3059 virtus
2139 3027 2226 3069 eligit
2248 3030 2466 3070 operationem
2489 3040 2544 3061 seu

1485 3073 1667 3113 passionem
1690 3073 1796 3109 talem,
1820 3079 1950 3109 tantam,
1974 3078 2043 3108 etc„
2063 3078 2101 3104 ut
2121 3074 2240 3103 bonam
2255 3075 2431 3104 secundum
2454 3075 2546 3105 ratio—

1486 3127 1569 3147 nem.
1594 3117 1724 3148 Materia
1740 3117 1825 3147 enirn
1848 3123 1895 3147 est
1917 3123 2047 3157 propter
2061 3117 2212 3147 formam:
2238 3124 2268 3147 et
2283 3118 2314 3147 id
2338 3119 2426 3158 quod
2445 3125 2491 3148 est
2505 3119 2544 3148 ad

1485 3161 1582 3191 finem
1605 3169 1641 3192 ut
1665 3160 1824 3191 materiale
1847 3167 1894 3191 est
1915 3160 2002 3196 finis;
2026 3161 2094 3201 ipse
2113 3168 2219 3192 autem
2243 3160 2312 3191 finis
2335 3162 2465 3192 formale
2487 3169 2543 3192 est.

1540 3205 1661 3240 Tertio,
1677 3205 1766 3246 quod
1781 3204 2056 3244 quemadmodum
2075 3204 2225 3235 naturalis
2244 3205 2322 3236 ratio
2339 3205 2433 3236 dictat
2448 3205 2545 3236 finem

1485 3249 1638 3279 virtutum
1656 3249 1836 3285 moralium,
1853 3248 1948 3279 etiam
1963 3249 2058 3279 dictat
2071 3249 2213 3279 medium
2229 3250 2400 3279 earundem
2414 3249 2546 3289 inquan-

1486 3300 1555 3323 tum
1577 3292 1752 3332 opponitur
1771 3293 1827 3322 uni
1853 3299 2003 3328 extremo,
2019 3293 2137 3323 scilicet
2155 3293 2306 3323 excessui:
2335 3293 2431 3323 dictat
2449 3293 2544 3333 siqui-

1458 3366 1461 3373 ,
1486 3337 1559 3367 dem
1576 3336 1724 3367 naturalis
1741 3337 1819 3366 ratio
1836 3336 1962 3368 cuilibet
1981 3337 2069 3377 quod
2088 3346 2152 3366 non
2169 3343 2215 3366 est
2237 3336 2444 3373 irascendum,
2462 3337 2545 3367 dele-

1486 3380 1646 3416 ctandum,
1671 3387 1740 3415 etc„
1761 3380 1833 3420 plus
1852 3390 1949 3421 quam
1969 3387 2104 3420 oportet.
2133 3380 2193 3410 Sed
2217 3390 2255 3410 an
2279 3381 2318 3411 sit
2337 3381 2544 3416 irascendum,

1485 3424 1682 3460 tristandum,
1700 3424 1930 3462 delectandum,
1949 3424 2026 3454 nihil
2041 3425 2090 3454 vel
2114 3433 2213 3464 usque
2233 3424 2271 3454 ad
2294 3431 2418 3455 tantum
2442 3424 2545 3455 termi-

2575 525 2631 573 Cag.
2646 531 2682 549 κη,
2698 531 2720 546 n.
2738 525 2759 551 6,

2552 558 2599 572 ιο.-
2624 551 2760 573 .Th.leci.x.

2552 580 2561 588 ’
2576 578 2633 604 Cap.
2646 585 2667 600 v.
2682 584 2704 598 n.
2716 578 2737 599 6.
2749 589 2760 593 -

2552 604 2627 626 s.Th.
2646 605 2697 625 lect.
2714 610 2744 625 iv.
