2892 4056
63 679 224 728 'cifftac’f‘etffi
242 691 273 728 fs.

952 178 1218 224 QUAESTIO
1246 179 1420 226 XXXIV,
1449 179 1744 217 ARTICULUS
1774 180 1806 215 11

2391 179 2463 226 275

297 267 388 292 nam
407 267 485 291 non
505 262 562 291 est
580 255 789 292 maximum
814 263 1071 305 peccatorum.
1100 258 1202 304 Ergo
1223 257 1356 294 odium
1384 258 1386 274 ¹
1412 257 1586 294 omnium
1616 258 1807 294 bonorum
1838 257 2024 303 datorem,
2050 256 2099 293 sit
2126 267 2170 292 ex
2200 255 2470 292 deliberatione

298 307 372 345 Dei
400 319 479 344 non
508 314 564 344 est
591 308 803 345 maximum
830 316 1087 357 peccatorum.

353 360 428 396 SED
453 370 600 397 CONTRA
628 372 694 397 nsr
722 361 828 409 quod
856 361 994 410 optimo
1022 362 1222 410 opponitur
1241 361 1360 410 pessi-

200 433 215 467 :
300 425 425 456 mum;
447 420 489 449 ut
506 420 610 462 patet
636 425 704 462 per
726 413 1017 462 Philosophum,
1037 414 1076 450 in
1093 414 1180 451 VIII
1199 415 1320 451 Ethic.
1339 413 1359 435 *

301 465 379 502 Sed
408 465 540 502 odium
568 466 640 502 Dei
668 466 873 514 opponitur
900 466 1090 504 dilectioni
1117 466 1201 514 Dei,
1222 467 1260 504 in
1284 478 1360 514 qua

301 517 470 554 consistit
488 518 678 566 optimum
706 518 886 556 hominis.
915 520 1019 566 Ergo
1048 519 1179 555 odium
1208 519 1281 556 Dei
1307 526 1362 555 est

301 570 514 619 pessimum
542 579 743 619 peccatum
769 571 949 608 hominis.

355 623 581 660 Responmzo
600 635 786 661 montinum
805 623 911 672 quod
930 623 1098 660 defectus
1112 623 1258 672 peccati
1273 635 1362 660 con-

302 675 395 713 sistit
422 675 461 712 in
489 676 691 714 aversione
719 689 741 714 a
768 677 867 722 Deo,
886 682 929 712 ut
956 687 1071 724 supra
1088 675 1108 697 *
1127 675 1269 713 dictum
1295 683 1360 713 est.

302 728 537 766 Huiusmodi
567 736 697 766 autem
724 728 873 766 aversio
902 727 1090 764 rationem
1124 729 1257 776 culpae
1285 741 1363 765 non

302 782 462 818 haberet
488 781 560 818 nisi
585 781 803 818 voluntaria
831 787 941 817 esset.
970 781 1082 817 Unde
1106 781 1200 817 ratio
1229 782 1364 829 culpae

304 834 474 871 consistit
507 834 547 871 in
582 833 797 871 voluntaria
833 834 1034 869 aversione
1067 844 1090 868 a
1116 834 1214 869 Deo.
1258 834 1364 869 Haec

303 894 434 924 autem
461 886 677 924 voluntaria
703 885 853 922 aversio
881 897 903 922 a
931 886 1016 922 Deo
1044 896 1114 933 per
1142 897 1182 921 se
1207 885 1364 933 quidem

303 939 532 988 importatur
557 939 597 976 in
624 938 714 975 odio
743 937 832 975 Dei:
865 937 904 977 in
933 938 1014 974 aliis
1043 944 1173 974 autem
1201 938 1366 986 peccatis

303 992 413 1040 quasi
428 990 691 1040 participative
711 998 748 1027 et
761 991 974 1028 secundum
995 989 1109 1027 aliud.
1140 989 1246 1026 Sicut
1265 989 1365 1027 enim

303 1045 481 1082 voluntas
507 1055 579 1092 per
604 1055 645 1080 se
673 1043 844 1080 inhaeret
873 1043 906 1080 ei
935 1043 1040 1092 quod
1068 1050 1191 1089 amat,
1230 1042 1281 1079 ita
1309 1055 1366 1079 se—

304 1096 472 1134 cundum
501 1108 542 1132 se
571 1096 704 1144 refugit
735 1095 775 1133 id
807 1097 914 1145 quod
942 1095 1040 1133 odit:
1077 1095 1181 1132 unde
1209 1095 1366 1143 quando

303 1149 439 1198 aliquis
467 1149 548 1186 odit
568 1149 708 1196 Deum,
727 1149 906 1186 voluntas
927 1149 1006 1186 eius
1026 1147 1238 1185 secundum
1258 1160 1298 1184 se
1319 1149 1367 1186 ab

304 1213 351 1239 eo
371 1201 564 1239 avertitur.
595 1202 673 1240 Sed
699 1202 739 1239 in
766 1202 847 1239 aliis
873 1201 1053 1251 peccatis,
1072 1208 1165 1250 puta
1193 1212 1280 1238 curn
1303 1201 1368 1238 ali-
1393 1217 1395 1227 ¹

303 1255 389 1304 quis
417 1254 646 1302 fornicatur,
675 1267 755 1292 non
782 1255 965 1292 avertitur
991 1267 1014 1291 a
1041 1255 1126 1291 Deo
1156 1253 1367 1291 secundum

271 1350 276 1351 ⁷
301 1307 700 1354 ammei-secundum
729 1308 852 1345 aliud:
881 1307 1108 1356 inquantum
1137 1306 1276 1343 scilicet
1303 1319 1368 1355 ap-

69 1629 142 1658 ·Cap.
150 1635 185 1656 xx.
194 1629 224 1652 al.
232 1636 279 1652 xvi.

70 2101 282 2150 ’Quum

103 2143 158 2182 ixss,
169 2144 209 2182 q’a.
217 2142 282 2180 xivi:

68 2184 112 2203 art.
126 2187 152 2208 4.

302 1360 398 1410 petit
424 1361 679 1398 inordinatam
709 1360 1015 1407 delectationem,
1035 1371 1135 1408 quae
1162 1360 1278 1396 habet
1305 1371 1370 1396 an-

305 1425 446 1461 nexam
465 1414 708 1451 aversionem
723 1425 745 1451 a
760 1414 860 1451 Deo.
882 1414 1046 1462 Semper
1065 1420 1194 1449 autern
1209 1411 1248 1448 id
1263 1413 1370 1459 quod

307 1475 365 1504 est
379 1479 450 1517 per
464 1479 506 1504 se
526 1473 582 1504 est
598 1465 726 1515 potius
750 1478 796 1502 eo
817 1465 923 1514 quod
947 1473 1004 1502 est
1022 1464 1234 1502 secundum
1255 1464 1368 1502 aliud.

305 1520 418 1558 Unde
436 1519 571 1557 odium
590 1518 664 1556 Dei
681 1518 778 1556 inter
797 1518 870 1555 alia
887 1526 1046 1566 peccata
1065 1525 1121 1554 est
1139 1516 1303 1565 gravius.

331 1613 333 1615 ,
358 1574 420 1609 An
455 1583 596 1609 ramum
628 1582 728 1608 saco
761 1583 947 1608 nicnnnum
979 1571 1107 1619 quod,
1145 1569 1242 1607 sicut
1277 1569 1371 1606 Gre-

306 1622 436 1674 gorius
463 1625 562 1671 dicit,
591 1624 700 1661 XXV
726 1624 872 1661 Moral.
893 1623 930 1671 ²¹⁶,
958 1623 1064 1660 aliud
1089 1628 1143 1659 est
1168 1623 1268 1659 bona
1294 1634 1370 1659 non

306 1679 446 1724 facere,
475 1677 581 1715 aliud
606 1682 662 1714 est
686 1677 874 1714 bonorum
902 1676 1023 1713 odisse
1049 1676 1242 1713 datorem.-
1278 1675 1375 1711 sicut

306 1731 417 1772 atiud*
427 1735 483 1768 est
498 1743 549 1768 ex
560 1730 881 1779 praecipitatione,
901 1730 1006 1767 aliud
1031 1741 1081 1766 ex
1107 1728 1374 1766 deliberatione

1411 322 1583 359 peccare,
1601 311 1705 359 quod
1727 317 1782 346 est
1795 317 1995 358 peccatum
2016 309 2055 345 in
2075 308 2257 356 Spiritum
2275 308 2470 343 Sanctum.

1411 362 1523 400 Unde
1552 362 1797 398 manifestum
1827 369 1882 398 est
1910 361 2015 410 quod
2043 361 2178 398 odium
2205 359 2278 397 Dei
2306 359 2472 396 maxime

1414 422 1471 452 est
1496 422 1696 464 peccatum
1734 414 1772 455 in
1809 414 1988 463 Spiritum
2019 414 2222 460 Sanctum,
2260 412 2472 449 secundum

1413 468 1519 516 quod
1555 475 1756 515 peccatum
1793 467 1832 503 in
1870 466 2052 515 Spiritum
2081 467 2264 503 Sanctum
2302 464 2476 502 nominat

1413 520 1567 568 aliquod
1594 531 1713 567 genus
1741 519 1904 567 speciale
1931 518 2087 567 peccati.
2118 519 2209 555 Ideo
2239 525 2370 553 tamen
2397 529 2476 553 non

1388 613 1390 626 ζ
1415 579 1658 620 computatur
1677 572 1773 608 inter
1791 572 1936 620 species
1955 570 2101 620 peccati
2119 571 2158 607 in
2179 569 2361 619 Spiritum
2382 570 2477 606 San-

1416 633 1535 672 ctum,
1565 624 1654 673 quia
1682 623 1904 672 generaliter
1931 623 2122 660 invenitur
2148 623 2188 660 in
2215 622 2322 659 omni
2349 621 2476 671 specie

1414 677 1560 727 peccati
1587 677 1627 714 in
1656 676 1838 726 Spiritum
1869 677 2064 714 Sanctum.

1468 731 1528 767 An
1543 741 1733 766 SECUNDUM
1748 741 1932 766 mei-„unum
1953 729 2058 776 quod
2077 728 2158 777 ipsa
2176 727 2379 764 infidelitas
2398 738 2478 763 non

1416 783 1533 818 habet
1551 781 1737 818 rationem
1757 782 1890 830 culpae
1919 781 1990 818 nisi
2018 781 2244 829 inquantum
2271 788 2326 816 est
2343 780 2480 816 volun-

1416 834 1522 870 taria.
1551 835 1599 870 Et
1617 834 1705 870 ideo
1733 841 1838 870 tanto
1859 841 1915 870 est
1933 834 2086 881 gravior
2113 840 2255 881 quanto
2281 840 2337 869 est
2360 831 2479 880 magis

1416 886 1644 923 voluntaria.
1666 886 1783 932 Quod
1799 893 1928 922 autem
1944 886 1989 923 sit
2006 885 2220 922 voluntaria
2238 884 2416 933 provenit
2435 896 2481 920 ex

1417 939 1492 975 hoc
1511 938 1618 986 quod
1646 938 1781 985 aliquis
1809 938 1899 975 odio
1918 939 2035 974 habet
2051 938 2252 974 veritatem
2276 950 2375 986 quae
2394 949 2482 985 pro-

1417 990 1584 1039 ponitur.
1604 990 1716 1027 Unde
1736 997 1841 1038 patet
1859 990 1965 1038 quod
1985 990 2079 1027 ratio
2099 990 2244 1038 peccati
2264 989 2302 1026 in
2321 989 2481 1027 infideli-

1416 1051 1493 1080 tate
1514 1042 1560 1079 sit
1577 1048 1593 1071 Υ
1614 1054 1659 1078 ex
1679 1042 1770 1079 odio
1790 1042 1875 1085 Dei,
1898 1042 1996 1079 circa
2016 1043 2124 1079 cuius
2142 1043 2344 1079 veritatem
2364 1050 2421 1078 est
2438 1042 2482 1078 fi-

1420 1097 1500 1133 des.
1530 1097 1579 1132 Et
1605 1095 1708 1142 ideo,
1742 1094 1838 1131 sicut
1867 1107 1982 1131 causa
2009 1102 2066 1131 est
2093 1095 2219 1143 potior
2247 1095 2402 1141 effectu,
2432 1094 2483 1131 ita

1419 1148 1553 1186 odium
1581 1148 1654 1184 Dei
1675 1154 1732 1184 est
1750 1147 1876 1184 maius
1899 1155 2101 1196 peccatum
2122 1160 2237 1196 quam
2266 1147 2482 1184 infidelitas.

1471 1203 1530 1237 An
1549 1212 1711 1238 Tam-ium
1731 1212 1918 1238 nlcaNDUM
1933 1200 2039 1248 quod
2057 1212 2136 1237 non
2151 1200 2384 1249 quicumque
2405 1199 2486 1236 odit

1418 1266 1565 1303 poenas
1605 1253 1686 1290 odit
1712 1254 1860 1300 Deum,
1894 1265 2108 1302 poenarum
2141 1261 2360 1290 auctorem:
2395 1264 2485 1289 nam

1420 1307 1528 1343 multi
1546 1306 1683 1343 odiunt
1713 1318 1859 1354 poenas
1888 1306 1953 1354 qui
1979 1313 2109 1342 tamen
2136 1305 2323 1354 patienter
2350 1317 2414 1341 eas
2433 1305 2485 1341 fe-

1419 1366 1508 1396 runt
1531 1370 1575 1395 ex
1603 1358 1816 1395 reverentia
1836 1358 1987 1395 divinae
2015 1358 2185 1395 iustitiae.
2215 1359 2326 1395 Unde
2355 1365 2390 1394 et
2409 1359 2486 1394 Au-

1420 1411 1591 1460 gustinus
1620 1410 1720 1458 dicit,
1741 1411 1776 1447 X
1809 1411 1974 1459 Confess.
1993 1411 2026 1458 ³¹²,
2050 1411 2156 1459 quod
2179 1411 2281 1447 mala
2307 1410 2486 1459 poenalia

1420 1465 1527 1501 Deus
1555 1463 1718 1500 tolerare
1737 1464 1847 1509 iubet,
1867 1475 1942 1500 non
1962 1464 2099 1500 amari.
2130 1464 2208 1500 Sed
2234 1474 2486 1511 prorumpere

1420 1516 1460 1554 in
1489 1515 1623 1553 odium
1651 1516 1725 1552 Dei
1761 1515 1978 1564 punientis,
2016 1516 2092 1552 hoc
2129 1523 2184 1552 est
2221 1516 2363 1552 habere
2397 1515 2486 1552 odio

1421 1569 1546 1618 ipsam
1572 1568 1647 1606 Dei
1664 1568 1866 1605 iustitiam:
1896 1569 2001 1617 quod
2030 1576 2086 1605 est
2113 1568 2380 1616 gravissimum
2400 1580 2489 1616 pec-

1423 1629 1564 1658 catum.
1606 1621 1718 1658 Unde
1757 1621 1965 1669 Gregorius
2003 1621 2113 1668 dicit,
2142 1621 2251 1657 XXV
2277 1621 2422 1657 Moral.
2446 1620 2487 1657 *ε

1423 1675 1528 1711 Sicut
1553 1685 1827 1722 nonnunquam
1853 1674 2013 1724 gravius
2040 1679 2096 1711 est
2113 1679 2313 1722 peccatum
2331 1673 2490 1723 diligere

1424 1738 1538 1776 quam
1560 1732 1794 1775 perpetrare,
1823 1728 1874 1764 ita
1903 1727 2059 1775 nequius
2086 1732 2140 1763 est
2165 1727 2284 1763 odisse
2313 1727 2489 1763 iustitiam

1426 1792 1542 1828 quam
1570 1792 1645 1816 non
1661 1779 1815 1827 fecisse.

301 1795 477 1833 peccare.
501 1784 560 1821 Ex
580 1795 658 1832 quo
681 1783 792 1820 datur
803 1782 964 1832 ⁴intelligi
981 1781 1089 1830 quod
1107 1781 1213 1818 odire
1233 1782 1373 1827 Deum,

361 1905 390 1940 γ’)
408 1905 453 1934 sit.
471 1918 490 1924 -
501 1904 540 1938 flt
557 1905 623 1930 Pau.

983 1972 1316 2006 Commentaria
1338 1971 1589 2004 Cardinalis
1612 1971 1812 2004 Caietam*

339 2063 360 2084 u
377 2053 512 2084 articulo
531 2053 672 2083 secundo
693 2052 835 2083 eiusdem
849 2052 1156 2092 trigesimaequartae
1179 2050 1374 2091 quaestionis

308 2065 472 2129 Irecolito
491 2097 591 2137 quod,
605 2096 692 2127 iuxta
707 2096 852 2135 superius
867 2096 885 2114 *
903 2096 996 2132 dicta,
1015 2096 1098 2126 sicut
1116 2095 1283 2135 dupliciter
1298 2105 1373 2125 con-

308 2141 464 2177 sideratur
486 2150 587 2176 amor,
610 2139 727 2171 scilicet
755 2140 933 2170 secundum
960 2139 1250 2178 concupiscentiam
1274 2146 1304 2169 et
1327 2149 1374 2169 se·
1398 2132 1400 2172 i
1424 2137 1507 2168 filiae
1529 2139 1653 2169 malum
1675 2138 1788 2169 mortis
1808 2148 1907 2179 quam
1930 2137 1989 2168 sibi
2013 2137 2136 2169 malum
2150 2136 2283 2166 minoris
2306 2136 2423 2175 gratiae
2439 2146 2492 2166 co-

310 2185 454 2218 eundum
483 2184 670 2220 amicitiam
694 2191 725 2215 et
747 2184 926 2214 secundum
955 2183 1246 2223 concupiscentiam
1269 2183 1374 2213 termi-
1399 2189 1401 2225 ζ

309 2235 405 2261 natur
426 2229 468 2259 ad
495 2238 563 2259 rem
590 2228 811 2268 concupitam,
835 2228 1013 2263 secundum
1040 2227 1211 2258 amicitiam
1243 2227 1283 2257 ad
1305 2236 1374 2266 per·
1399 2233 1401 2237 ’

311 2283 425 2304 sonam
440 2272 492 2303 cui
507 2272 757 2312 concupiscitur:
781 2272 824 2302 ita
841 2271 1007 2312 dupliciter
1025 2271 1162 2302 sumitur
1177 2271 1289 2301 odium
1295 2279 1304 2307 ;
1329 2280 1375 2300 se-

312 2317 456 2349 cundum
478 2316 760 2352 abominationem,
777 2323 808 2347 et
830 2316 1016 2346 terminatur
1031 2316 1071 2346 ad
1085 2325 1153 2346 rem
1169 2315 1375 2351 contrariam3

312 2369 344 2393 et
366 2360 545 2392 secundum
574 2360 782 2395 inimicitiam,
807 2366 838 2390 et
859 2359 1046 2391 terminatur
1068 2360 1110 2390 ad
1131 2369 1302 2399 personam
1325 2359 1376 2389 cui
1400 2382 1402 2386 Α

313 2405 438 2437 malum
459 2405 623 2436 volumus.
653 2404 694 2435 Et
714 2403 920 2443 intelligenda
944 2410 991 2433 est
1014 2402 1188 2434 differentia
1217 2403 1294 2433 haec
1316 2409 1376 2434 ter·

313 2450 478 2481 minorum
500 2448 689 2480 formaliter:
713 2447 776 2478 hoc
792 2454 838 2478 est
856 2447 933 2487 quia
954 2456 1091 2486 persona
1111 2453 1147 2477 ut
1162 2447 1206 2477 sic
1221 2453 1268 2477 est
1291 2446 1377 2476 obie-
1401 2448 1403 2485 ζ
1426 2446 1494 2476 tati.
1513 2446 1554 2476 Et
1576 2446 1638 2476 hoc
1661 2445 1843 2486 dupliciter:
1867 2445 1988 2485 primo,
2011 2444 2244 2484 participative,
2274 2453 2349 2474 cum
2379 2443 2496 2474 scilicet

314 2500 403 2526 ctum
433 2492 499 2523 odii
528 2491 726 2528 inimicitiae,
750 2498 782 2522 et
811 2501 860 2521 res
889 2497 926 2521 ut
951 2491 996 2521 sic
1018 2490 1180 2521 obiectum
1205 2490 1271 2520 odii
1301 2490 1377 2520 abo-

312 2536 514 2573 minationis;
548 2536 629 2567 sicut
657 2536 690 2566 in
720 2545 829 2566 amore
863 2535 1136 2574 concupiscentiae
1165 2541 1196 2564 et
1224 2533 1378 2564 amicitiae
1402 2552 1403 2555 =

315 2581 480 2621 contingit.
504 2581 550 2612 Ita
572 2580 662 2621 quod
685 2579 711 2610 si
729 2579 927 2620 quandoque
948 2589 1084 2619 persona
1103 2578 1259 2609 contraria
1282 2587 1378 2618 appe·
1402 2585 1404 2596 ⁴

314 2625 387 2657 timi
409 2632 520 2656 nostro
544 2624 680 2655 occurrit
702 2634 800 2664 quam
816 2630 922 2654 tamen
945 2623 1034 2653 aliter
1060 2632 1223 2658 amamus,
1247 2622 1380 2652 habetur
1403 2627 1405 2643 1

316 2669 393 2700 odio
409 2668 668 2704 abominationis,
685 2674 722 2698 ut
734 2668 829 2698 habet
846 2667 1004 2697 rationem
1022 2666 1066 2697 rei
1082 2666 1255 2697 contrariae
1271 2666 1379 2696 nobis:

316 2757 498 2798 despicitur,
514 2756 566 2788 cui
579 2763 685 2787 tamen
697 2755 779 2786 filiae
794 2755 949 2786 benefacit
965 2754 1124 2786 continue.
1140 2755 1187 2785 Ex
1201 2754 1259 2784 hac
1273 2761 1380 2785 autem

318 2801 492 2833 differentia
514 2801 656 2841 sequitur
679 2800 768 2840 quod
792 2799 858 2830 odii
880 2806 968 2830 actus
991 2798 1159 2839 dupliciter
1182 2798 1380 2838 exprimitur:

318 2845 435 2877 scilicet
450 2855 506 2886 per
519 2845 552 2885 ly
569 2844 654 2875 nolle
669 2844 802 2884 aliquid,
819 2850 850 2874 et
865 2853 922 2883 per
934 2843 967 2883 ly
983 2843 1103 2874 malum
1119 2842 1199 2873 velle
1213 2843 1321 2873 alicui.
1338 2842 1382 2873 Ut

319 2889 405 2920 enim
420 2889 606 2919 terminatur
618 2889 658 2919 ad
673 2898 742 2918 rem
765 2894 795 2918 et
806 2887 900 2918 habet
915 2887 1069 2918 rationem
1085 2886 1249 2917 refutantis
1261 2892 1292 2916 et
1307 2886 1382 2916 abo-

318 2931 480 2968 minantis,
504 2932 689 2972 exprimitur
710 2942 767 2972 per
788 2931 960 2962 voluntatis
985 2938 1092 2962 actum
1107 2930 1164 2971 qui
1187 2937 1232 2960 est
1247 2930 1332 2960 nolle
1348 2930 1384 2960 il-

319 2977 392 3007 lud:
417 2976 499 3007 utin
515 2976 660 3016 exemplo
676 2976 750 3006 dato
770 2982 870 3006 mater
885 2975 1054 3006 deliberate
1068 2974 1168 3006 nollet
1182 2974 1278 3004 vitam
1301 2973 1383 3004 filiae
1408 2982 1409 2993 ¹

322 3019 510 3052 contrariam
526 3019 627 3050 amori
646 3019 918 3060 concupiscentiae
933 3029 999 3060 quo
1014 3019 1084 3049 vult
1098 3029 1130 3049 se
1150 3018 1248 3048 amari
1271 3028 1290 3048 a
1303 3017 1382 3049 viro.

321 3064 366 3095 Ut
388 3069 495 3094 autem
518 3063 705 3094 terminatur
726 3064 766 3093 ad
789 3070 1012 3103 personamset
1034 3063 1128 3093 habet
1148 3062 1302 3092 rationem
1325 3061 1383 3092 ini-

321 3107 468 3144 micitiae,
492 3107 677 3148 exprimitur
700 3117 756 3148 per
777 3107 858 3137 velle
889 3107 1011 3137 malum
1033 3106 1078 3137 illi
1103 3109 1270 3146 personae:
1295 3106 1385 3146 quod

322 3151 356 3182 in
379 3151 525 3191 exemplo
549 3151 624 3182 dato
646 3161 714 3181 non
736 3151 831 3181 habet
854 3151 969 3181 directe
990 3150 1111 3186 locum,
1134 3149 1210 3190 quia
1232 3159 1298 3180 non
1317 3150 1385 3181 vult

323 3202 424 3227 mater
445 3193 528 3225 filiae
547 3195 723 3226 secundum
747 3204 780 3224 se
803 3195 924 3224 malum
940 3194 1066 3230 mortis;
1090 3194 1122 3224 in
1142 3193 1232 3224 cuius
1247 3193 1385 3234 signum,

323 3238 483 3270 infirmam
511 3238 599 3269 fovet
620 3245 652 3269 et
673 3238 801 3268 adiuvat
824 3246 859 3269 ut
881 3238 974 3270 vivat.
1002 3237 1067 3268 Sed
1090 3244 1136 3268 est
1159 3237 1385 3269 consideranda

323 3283 375 3314 via
397 3282 639 3314 redundantiae:
663 3282 818 3323 quoniam
841 3282 954 3312 odium
976 3281 1232 3318 abominationis,
1256 3282 1386 3322 quando

324 3326 511 3359 terminatur
538 3327 577 3357 ad
601 3335 770 3366 personam
797 3326 856 3356 sub
879 3326 999 3356 ratione
1022 3325 1083 3362 rei,
1111 3325 1184 3356 licet
1213 3324 1387 3356 formaliter

325 3371 439 3402 refutet
462 3370 655 3401 contrarium
678 3369 779 3400 amori
803 3369 1084 3410 concupiscentiae,
1106 3369 1262 3400 redundat
1280 3376 1385 3400 tamen

326 3415 359 3446 in
383 3414 575 3446 contrarium
599 3414 715 3444 amoris
738 3413 908 3449 amicitiam
932 3420 968 3444 ut
990 3413 1022 3443 in
1046 3413 1191 3453 exemplo
1207 3413 1292 3449 dato,
1316 3413 1388 3444 licet

326 3465 427 3490 mater
455 3458 568 3489 refutet
596 3458 694 3488 vitam
722 3457 803 3488 filiae
826 3464 862 3488 ut
885 3457 1078 3488 contrarium
1108 3457 1290 3488 amabilitati
1313 3467 1386 3497 pro-

1423 2051 1510 2090 priae
1532 2061 1551 2080 a
1573 2050 1653 2086 viro,
1677 2057 1784 2081 tamen
1807 2060 1844 2080 ex
1866 2050 1928 2080 hoc
1952 2049 2151 2080 convincitur
2172 2048 2262 2089 quod
2284 2048 2385 2087 magis
2407 2055 2491 2078 amat

1423 2105 1456 2125 se
1479 2102 1602 2134 gratam
1624 2095 1693 2125 viro
1717 2104 1815 2135 quam
1838 2094 1936 2125 vitam
1959 2093 2052 2129 filiae,
2076 2103 2112 2123 ac
2134 2103 2191 2132 per
2213 2093 2276 2122 hoc
2298 2093 2367 2123 vult
2383 2092 2492 2131 potius

1423 2193 1491 2212 ram
1514 2183 1594 2213 viro.
1619 2183 1660 2212 Et
1683 2183 1736 2218 sic,
1761 2192 1818 2222 per
1832 2182 1918 2212 viam
1932 2181 2170 2216 redundantiae,
2192 2180 2306 2210 odium
2327 2180 2492 2210 abomina-

1425 2226 1537 2262 tionis,
1562 2227 1692 2267 quando
1723 2234 1770 2256 est
1792 2227 1831 2256 ad
1855 2236 1923 2256 rem
1945 2235 2027 2266 quae
2051 2232 2097 2255 est
2119 2234 2274 2265 persona,
2298 2224 2348 2254 vel
2371 2224 2493 2264 aliquid

1426 2270 1494 2300 eius
1518 2270 1626 2311 aliquo
1642 2271 1753 2306 modo,
1777 2270 1843 2300 sive
1858 2277 1894 2300 ut
1917 2279 1988 2309 pars
2003 2269 2069 2299 sive
2084 2276 2120 2299 ut
2142 2268 2302 2308 possessio
2317 2268 2368 2297 vel
2383 2268 2494 2298 huius-

1426 2314 1527 2350 modi,
1551 2322 1599 2345 est
1622 2315 1718 2345 etiam
1740 2314 1854 2345 odium
1876 2313 2072 2343 inimicitiae.

1482 2359 1520 2389 11.
1544 2359 1591 2389 Ex
1613 2358 1663 2388 his
1687 2365 1795 2388 autem
1818 2358 1914 2388 habes
1938 2364 1969 2388 et
1991 2357 2081 2397 quod
2107 2357 2195 2386 Deus
2218 2355 2295 2385 odio
2318 2355 2454 2386 habetur
2476 2366 2495 2386 a

1426 2409 1601 2442 peccatore.
1629 2402 1754 2438 Primo,
1778 2408 1814 2432 ut
1837 2412 1886 2432 res
1909 2401 2065 2432 contraria
2087 2410 2163 2431 suae
2193 2409 2358 2440 perversae
2380 2400 2495 2430 volun-

1428 2489 1633 2528 transgressio
1662 2488 1698 2519 fit
1727 2496 1987 2529 praeceptorum;
2017 2489 2174 2524 secundo,
2205 2487 2396 2523 formaliter,
2421 2497 2495 2518 cum

1429 2533 1611 2573 pervenitur
1634 2533 1673 2563 ad
1689 2533 1797 2572 ipsum
1812 2539 1979 2572 peccatum
2002 2532 2067 2562 odii
2081 2532 2150 2563 Dei.
2175 2531 2260 2562 Cum
2277 2531 2363 2561 enim
2381 2531 2496 2571 aliquis

1429 2577 1553 2607 furatur
1574 2577 1763 2612 voluntarie,
1787 2576 1903 2607 refutat
1925 2583 2131 2616 praeceptum
2146 2575 2216 2611 Dei,
2233 2586 2268 2606 ac
2291 2585 2348 2615 per
2369 2575 2432 2605 hoc
2447 2575 2496 2605 in-

1429 2621 1628 2661 terpretative
1649 2620 1764 2651 refutat
1779 2621 1885 2651 Deum
1899 2620 2129 2660 prohibitorem
2144 2619 2229 2650 illius
2252 2626 2287 2650 ut
2301 2619 2496 2650 contrarium

1404 2683 1405 2693 i
1431 2675 1506 2695 suae
1529 2665 1696 2700 voluntati,
1720 2674 1783 2705 qua
1806 2665 1874 2695 vult
1896 2664 2010 2694 habere
2033 2664 2183 2694 alienum.
2208 2663 2240 2694 Si
2263 2669 2370 2693 autem
2393 2662 2497 2693 intan-

317 2721 353 2753 ut
374 2720 461 2754 patet
475 2713 516 2744 de
537 2719 637 2742 matre
651 2711 778 2742 odiente
799 2711 897 2750 vitam
911 2710 1003 2746 filiae,
1027 2720 1085 2751 pro
1109 2720 1173 2751 qua
1195 2720 1212 2740 a
1235 2710 1303 2740 viro
1320 2720 1379 2740 suo
1405 2710 1406 2719 ³

1431 2717 1502 2739 tum
1525 2709 1644 2739 malitia
1676 2708 1844 2739 excreverit
1877 2715 1913 2739 ut
1934 2708 1967 2738 in
1990 2707 2098 2748 ipsum
2129 2707 2362 2747 prohibitorem
2386 2707 2498 2746 dirigat

1432 2753 1532 2784 aciem
1555 2753 1748 2788 intentionis,
1765 2752 1828 2782 iam
1845 2752 1958 2783 odium
1982 2751 2228 2782 abominationis
2243 2758 2290 2781 est
2312 2751 2371 2781 Dei
2391 2758 2428 2781 ut
2451 2757 2499 2781 est

1432 2807 1480 2827 res
1504 2797 1659 2828 contraria
1687 2796 1788 2827 amori
1819 2795 2103 2836 concupiscentiae.
2131 2796 2172 2826 Et
2195 2795 2286 2835 quia,
2317 2802 2353 2825 ut
2375 2795 2496 2826 dictum

1433 2848 1497 2879 est,
1524 2841 1637 2871 odium
1667 2840 1912 2871 abominationis
1943 2850 2096 2880 personae
2129 2839 2285 2870 redundat
2320 2839 2353 2868 in
2383 2839 2496 2869 odium

1433 2885 1616 2916 inimicitiae
1639 2885 1795 2920 eiusdem3
1819 2884 1892 2914 ideo
1914 2884 1947 2915 in
1970 2883 2114 2924 quolibet
2136 2890 2266 2923 peccato
2282 2882 2498 2923 participative

1435 2929 1591 2960 clauditur
1615 2929 1728 2959 odium
1750 2928 1809 2959 Dei
1832 2935 1970 2969 utroque
1992 2928 2108 2958 modo:
2133 2927 2249 2958 scilicet
2272 2927 2360 2967 quod
2383 2926 2498 2957 refuta-

1434 2980 1486 3004 tur
1513 2974 1600 3004 Deus
1631 2973 1805 3008 ordinator;
1835 2978 1866 3003 et
1894 2972 1983 3013 quod
2008 2972 2086 3008 vult,
2117 2971 2351 3011 interpretative
2381 2977 2497 3007 tamen,

1434 3024 1582 3058 peccator
1603 3018 1673 3048 Deo
1698 3016 1871 3048 ordinatori
1895 3016 2017 3047 malum
2041 3015 2238 3056 oppositum,
2257 3021 2335 3055 puta
2351 3025 2416 3045 non
2432 3025 2499 3045 esse

1435 3061 1662 3092 ordinatorem.
1686 3061 1817 3096 Deinde,
1837 3060 1864 3090 si
1887 3060 2049 3100 contingat
2071 3060 2173 3090 scelus
2196 3068 2341 3096 crescere,
2357 3058 2499 3090 formali-

1436 3112 1482 3136 ter
1497 3105 1573 3136 odio
1589 3105 1682 3136 habet
1704 3105 1811 3135 Deum
1825 3111 1862 3135 ut
1875 3104 2100 3135 ordinatorem.
2124 3104 2166 3134 Et
2184 3103 2209 3133 si
2226 3103 2362 3143 amplius
2382 3110 2499 3133 crescat

1436 3150 1468 3180 in
1492 3149 1705 3185 immensum,
1731 3149 1825 3184 etiam
1853 3148 2026 3179 formaliter
2056 3148 2162 3178 Deum
2192 3147 2299 3187 ipsum
2330 3147 2364 3176 in
2392 3146 2497 3186 seipso

1437 3193 1513 3225 odio
1537 3193 1718 3224 inimicitiae
1741 3192 1953 3233 prosequitur,
1977 3192 2010 3223 in
2026 3202 2092 3233 quo
2117 3197 2357 3222 consummatur
2372 3200 2498 3220 summa

1437 3237 1622 3278 iniquitatis.

1493 3282 1534 3312 Et
1556 3280 1711 3321 quoniam
1729 3286 1895 3320 peccatum
1909 3279 2041 3310 mortale
2065 3289 2161 3309 omne
2177 3277 2351 3318 opponitur
2370 3276 2498 3312 caritati,

1439 3335 1520 3366 quae
1544 3332 1590 3355 est
1605 3324 1742 3355 amicitia
1758 3324 1797 3354 ad
1819 3324 1925 3355 Deum
1941 3323 2118 3354 secundum
2133 3322 2289 3362 seipsum;
2313 3321 2386 3351 ideo
2403 3320 2497 3351 etiam

1440 3368 1625 3399 huiusmodi
1649 3368 1760 3399 odium
1784 3367 1999 3408 participative
2022 3366 2177 3398 clauditur
2199 3366 2232 3395 in
2256 3364 2345 3395 omni
2369 3370 2498 3404 peccato

1439 3413 1576 3449 mortali,
1600 3422 1658 3452 pro
1682 3419 1802 3452 quanto
1827 3412 1859 3442 in
1882 3422 1921 3442 eo
1945 3411 2101 3442 clauditur
2129 3410 2276 3440 voluntas
2299 3409 2388 3449 quod
2411 3408 2498 3439 Deus

1441 3467 1506 3488 non
1530 3457 1570 3487 sit
1592 3457 1689 3487 Deus.
1721 3457 1767 3486 Ex
1790 3456 1853 3487 hoc
1875 3466 2014 3496 namque
2041 3455 2129 3496 quod
2152 3452 2270 3494 aliquid
2294 3452 2500 3493 praeponitur

2509 1423 2519 1433 ⁸
2535 1422 2591 1449 Cap.
2606 1427 2687 1442 xxviii.

2513 1631 2523 1640 ⁸
2538 1629 2594 1652 Loc.
2610 1630 2648 1652 cit.
