2892 4056
216 568 227 578 ⁴
247 567 295 594 Qu.
310 573 330 594 r,
351 571 393 589 art.
408 574 427 594 1,

217 593 348 615 Comment.
360 600 383 615 n.
394 600 425 616 xi.

213 786 221 794 ·
237 785 307 806 Num.
325 791 350 806 ιι.

211 1138 219 1146 ”
239 1136 284 1157 Iac.
308 1142 358 1164 cap.
376 1143 392 1158 ιι
407 1153 412 1163 ,

210 1169 268 1184 vers.
285 1169 315 1190 19.

203 1840 210 1847 ”
226 1839 284 1866 Cap.
298 1845 320 1860 v.

201 2054 208 2062 '
215 2052 262 2080 Qu.
270 2059 330 2080 ιιιν,
342 2056 411 2078 art.2‚

199 2079 227 2100 ad
241 2085 260 2106 5.

197 2206 207 2217 '⁵
225 2206 291 2229 Vers.
300 2206 328 2229 '8.

197 2368 204 2376 ”
222 2367 277 2388 Ord.
294 2367 390 2388 Hieron.

196 2393 217 2404 ⁸⁴
235 2393 300 2415 Vers.
316 2399 332 2415 ι.

198 2637 284 2659 ·'rract.
291 2636 407 2659 LXXXIX

196 2664 219 2685 in
234 2664 300 2686 Ioan-

197 2698 205 2706 ”
220 2697 287 2719 vers.
301 2703 335 2719 22.

293 2790 308 2823 β

194 3107 204 3116 ⁸
221 3106 286 3128 Vera.
302 3111 334 3133 19.

197 3142 203 3150 ¹
220 3141 267 3168 Qu.
283 3147 301 3167 ι,
321 3143 362 3161 art.
378 3146 405 3166 43

195 3173 232 3195 qu.
242 3170 316 3194 mart.
324 3173 339 3193 ι,
350 3166 378 3187 ad
385 3172 405 3195 3:

194 3197 267 3247 :nam
279 3199 317 3221 qu.
326 3199 356 3220 iv,
364 3196 406 3214 art.

463 181 508 216 56

458 265 523 289 tam
547 258 674 290 scientia
697 269 794 300 quam
818 259 1003 295 intellectus,
1028 269 1126 299 quam
1149 259 1240 291 visio.
1266 261 1306 291 Et
1329 260 1391 291 hoc
1406 261 1514 301 appel-

457 302 560 333 lamus
584 303 660 336 scire
684 304 733 334 vel
765 304 869 335 videre
894 314 929 334 ea
952 313 1033 344 quae
1064 310 1138 333 sunt
1164 302 1237 334 fidei
1259 303 1292 334 in
1316 304 1436 346 seipsis,
1459 315 1514 336 seu

458 346 634 378 secundum
658 347 801 388 proprias
825 348 970 378 rationes.
1002 347 1136 378 Constat
1165 354 1272 379 autem
1295 349 1384 388 quod
1413 349 1514 388 angeli

457 390 610 420 evidentia
636 401 700 420 non
725 391 900 431 assequitur
924 391 995 420 hoc.
1027 390 1113 420 Licet
1137 390 1221 421 enim
1245 392 1346 431 angeli
1376 392 1514 433 cognitio

455 433 488 462 in
512 433 573 463 hoc
597 435 723 465 excedat
746 441 895 470 nostram,
921 433 952 463 in
976 434 1152 473 proposito,
1177 435 1265 475 quod
1289 445 1347 465 nos
1363 436 1515 467 habemus

455 476 550 507 fidem
575 484 606 508 et
629 479 667 508 de
690 479 830 508 revelatis
855 485 884 508 et
907 478 946 507 de
970 477 1092 513 medio,
1118 478 1235 510 scilicet
1261 479 1389 510 veritate
1413 480 1514 520 prima

455 527 490 551 ut
514 522 678 558 revelante,
703 522 777 562 quia
801 529 973 561 utrumque
997 522 1164 558 credimus,
1189 530 1224 554 ut
1247 530 1332 562 patet
1355 534 1391 554 ex
1406 534 1514 564 supra-

455 564 543 595 dictis
565 565 594 600 *;
620 566 749 605 angelus
778 573 886 596 autem
910 566 948 596 de
971 566 1040 597 Deo
1066 573 1100 597 ut
1127 567 1282 597 revelante
1313 577 1378 597 non
1404 568 1514 598 habeat

453 607 549 638 fidem
573 610 627 639 sed
651 610 826 640 scientiam:
853 610 891 640 de
915 610 1057 641 revelatis
1081 617 1196 646 tamen,
1222 610 1377 651 primariis
1393 612 1512 648 saltem,

454 658 489 682 ut
511 652 664 683 Trinitate
696 660 726 683 et
748 653 941 684 beatitudine
973 654 1218 695 supernaturali,
1243 654 1338 684 fidem
1369 656 1511 686 habebat.

452 695 618 726 Evidentia
641 697 725 727 enirn
749 707 823 727 suae
848 697 1037 737 cognitionis
1060 698 1286 728 terminabatur
1300 699 1339 728 ad
1358 700 1463 730 Deum
1479 706 1513 729 ut

450 739 656 770 revelantem:
682 747 712 771 et
735 751 800 771 non
825 742 904 772 ultra
928 743 1119 781 procedebat
1141 742 1200 772 nisi
1225 743 1263 772 ad
1288 743 1355 773 eius
1379 744 1512 774 correla-

450 783 561 819 tivum,
586 784 703 817 scilicet
727 785 887 817 enuntiata
911 793 946 818 ut
969 786 1113 822 revelata,
1137 793 1173 817 ut
1196 787 1392 826 praedictum
1415 795 1461 818 est
1482 787 1511 817 θ’.

450 827 496 856 Ex
520 826 581 857 hoc
606 828 691 858 enim
715 839 780 859 non
804 830 930 860 videbat
954 831 1058 861 Deum
1083 840 1149 860 esse
1173 830 1308 867 trinum,
1333 841 1392 862 nec
1416 832 1511 862 beati-

449 870 593 901 tudinem
612 874 882 913 supernaturalem
907 884 988 906 esse:
1011 875 1066 907 sed
1082 875 1236 911 credebat,
1252 875 1326 916 quia
1342 875 1439 912 Deus,
1456 876 1510 916 qui

449 924 514 944 non
538 922 642 955 potest
665 918 800 954 mentiri,
818 918 860 949 ita
883 918 1005 950 dicebat
1019 919 1087 950 sibi.
1114 918 1282 950 Convictio
1298 927 1405 950 autem
1421 920 1510 950 intel-

447 958 546 989 lectus
572 970 607 990 ex
631 961 785 993 evidentia
802 962 887 993 testis
910 963 975 993 veri
999 973 1065 993 non
1089 964 1280 1003 perducebat
1301 964 1339 994 ad
1354 964 1510 995 visionem

448 1009 676 1042 attestatorum,
702 1007 756 1036 sed
780 1007 819 1036 ad
842 1008 1044 1044 credendum,
1069 1007 1163 1038 vellet
1186 1008 1300 1045 nollet,
1326 1009 1387 1039 ina.
1410 1009 1511 1040 'Unde

448 1047 486 1079 de
518 1047 744 1086 daemonibus,
770 1061 805 1082 ex
830 1051 988 1083 evidentia
1009 1051 1269 1085 testimoniorum
1297 1052 1511 1084 infallibilium

448 1093 713 1131 cognoscentibus
741 1094 839 1127 fidem
869 1095 1083 1129 Christianam
1112 1106 1178 1128 esse
1202 1107 1324 1133 veram,
1356 1097 1509 1138 scriptum

447 1141 493 1164 est
507 1134 524 1154 *
543 1137 632 1179 quod
655 1138 792 1171 credunt
815 1146 845 1173 et
867 1141 1123 1173 contremiscunt.
1149 1141 1205 1171 Est
1220 1151 1295 1182 ergo
1316 1141 1438 1172 coactio
1462 1142 1508 1172 in-

445 1179 588 1211 tellectus
612 1181 651 1211 ad
674 1181 786 1219 fidem,
818 1194 883 1215 non
907 1195 988 1225 quae
1013 1191 1059 1215 est
1081 1185 1195 1220 virtus,
1227 1185 1281 1216 sed
1310 1185 1506 1225 acquisitam.

445 1225 558 1263 Angeli
583 1226 740 1266 siquidem
765 1228 841 1258 boni
856 1229 1032 1259 voluntarie
1047 1229 1256 1259 adhaeserunt
1270 1229 1391 1259 veritati
1411 1239 1507 1269 quarn

446 1268 532 1304 mali,
555 1270 699 1303 nolentes
723 1272 850 1303 subesse
873 1273 1072 1312 Praeceptori
1096 1272 1229 1303 tradenti
1245 1273 1370 1303 occulta
1389 1273 1508 1313 absque

1174 182 1441 227 QUAESTIO
1469 184 1518 231 V,
1548 184 1843 220 ARTICULUS
1874 185 1904 221 11

1569 261 1703 301 dignum
1726 268 1807 291 esset
1829 268 1864 292 ut
1887 261 1920 291 in
1936 261 1990 292 tali
2006 262 2200 293 subiectione
2224 264 2421 296 haberentur.
2446 266 2487 296 Et
2502 266 2545 297 sic
2561 276 2627 296 ma-

1569 305 1718 335 nifestum
1736 312 1781 335 est
1796 305 1884 344 quod
1904 305 2058 336 evidentia
2075 306 2114 336 de
2127 306 2198 338 Deo
2213 314 2248 338 ut
2266 310 2422 340 revelante
2438 320 2504 340 non
2523 311 2627 341 exclu-

1569 349 1613 379 dit
1636 349 1791 379 rationem
1814 348 1896 379 fidei.
1921 351 1967 379 Ac
1990 359 2046 388 per
2069 350 2130 380 hoc
2150 357 2215 381 tam
2237 353 2338 393 angeli
2355 363 2452 394 quam
2468 355 2625 395 Apostoli,

1568 393 1617 422 vel
1641 392 1835 434 quicumque
1859 392 2018 423 evidenter
2041 391 2258 433 cognoverunt
2286 396 2394 428 Deum
2423 407 2489 428 esse
2512 399 2626 428 revela-

1568 443 1670 466 torem
1695 446 1807 467 eorum
1831 447 1912 477 quae
1936 443 2010 467 sunt
2037 436 2109 467 fidei
2134 445 2164 468 et
2185 447 2251 469 non
2275 450 2368 480 posse
2397 442 2531 477 mentiri,
2560 451 2627 472 non

1568 486 1734 520 propterea
1758 480 1823 511 sine
1847 480 1909 511 fide
1931 481 2074 511 fuerunt:
2104 482 2179 522 quia
2205 485 2354 515 remansit
2382 485 2459 516 fides
2482 492 2627 525 respectu

1568 524 1661 564 primi
1684 525 1808 561 obiecti,
1833 525 1921 565 quod
1954 532 2000 556 est
2020 525 2107 556 Deus
2139 526 2238 557 trinus
2262 535 2292 558 et
2315 529 2412 559 beans
2441 536 2627 569 supernatu-

1568 568 1680 599 raliter.

1621 613 1687 643 Nec
1711 622 1747 643 ex
1770 612 1818 643 his
1837 619 1929 652 putes
1958 623 2010 643 me
2034 623 2099 643 non
2128 613 2294 646 advertisse
2323 616 2362 646 ad
2385 618 2479 648 verba
2507 617 2626 649 litterae

1567 656 1697 687 dicentis
1721 657 1810 697 quod
1835 663 1978 696 respectu
2002 657 2143 687 formalis
2166 656 2198 687 in
2222 658 2346 690 obiecto
2377 658 2450 695 fidei
2480 659 2557 692 fides
2580 668 2626 692 est

1565 700 1598 730 in
1622 700 1740 740 angelis
1764 707 1795 731 et
1816 701 1848 730 in
1873 701 2038 738 omnibus,
2064 702 2119 732 sed
2149 709 2306 742 quantum
2334 703 2374 733 ad
2397 704 2556 735 materiale
2580 712 2626 736 est

1564 788 1692 819 veritate
1716 788 1818 829 prima
1841 795 1877 820 ut
1898 790 2065 825 revelante,
2081 790 2124 820 ita
2148 790 2246 830 quod,
2262 797 2300 821 ut
2314 790 2368 827 sic,
2384 799 2510 831 oportet
2522 793 2625 833 ipsam

1565 834 1603 864 ab
1627 832 1778 864 omnibus
1800 833 1987 865 habentibus
2010 833 2107 864 fidem
2130 844 2196 864 esse
2212 834 2373 866 creditam.
2397 835 2460 867 Sed
2478 836 2577 868 utitur
2591 847 2628 868 ea

1565 884 1600 908 ut
1622 877 1771 908 revelata:
1804 884 1834 909 et
1857 877 1935 908 inter
1965 878 2099 909 revelata
2127 888 2194 909 esse
2225 879 2317 919 quasi
2348 878 2490 911 formale.
2522 881 2565 912 Et
2586 881 2628 911 ad

1563 921 1791 952 insinuandum
1814 921 1885 958 hoc,
1909 932 1975 952 non
1999 922 2075 952 dixit
2097 922 2186 963 quod
2208 922 2286 953 illud
2301 922 2433 954 formale
2450 930 2496 954 est
2514 923 2626 955 veritas

1563 965 1681 1006 prima;
1705 966 1760 996 sed
1775 965 1851 996 dixit
1863 966 1951 1007 quod
1967 973 2013 996 est
2025 967 2144 997 veritas
2149 967 2260 1007 prima
2278 977 2377 1007 super
2391 977 2515 998 omnem
2532 973 2625 999 natu-

1563 1010 1664 1040 ralem
1689 1011 1900 1050 cognitionem
1919 1015 2089 1040 creaturae
2112 1012 2269 1042 existens:
2292 1011 2382 1052 quasi
2398 1012 2515 1043 diceret
2536 1012 2625 1053 quod

1563 1054 1649 1085 Deus
1673 1054 1851 1085 secundum
1874 1064 1944 1085 eam
1967 1054 2123 1085 rationem
2141 1065 2207 1096 qua.
2220 1065 2353 1087 omnem
2375 1056 2551 1087 naturalem
2575 1066 2628 1087 co-

1561 1098 1737 1138 gnitionem
1761 1105 1918 1129 creaturae
1948 1098 2078 1135 excellit,
2109 1106 2187 1139 puta
2210 1106 2246 1130 ut
2268 1099 2378 1136 trinus,
2395 1107 2431 1131 ut
2453 1101 2549 1131 beans
2573 1110 2625 1132 su-

1550 1141 1809 1182 pernaturaliter,
1828 1149 1895 1178 etc„
1913 1149 1959 1173 est
1974 1143 2065 1185 quasi
2081 1142 2214 1174 formale
2229 1143 2263 1174 in
2279 1143 2403 1176 obiecto
2427 1143 2513 1181 fidei,
2535 1145 2626 1186 quod

1562 1192 1689 1225 oportet
1712 1186 1750 1215 ab
1767 1185 1917 1216 omnibus
1938 1187 2021 1216 credi
2036 1186 2224 1218 habentibus
2243 1187 2349 1218 fidem.
2368 1188 2534 1225 Quantum
2549 1198 2625 1219 vero

1562 1230 1602 1259 ad
1625 1229 1731 1269 aliqua
1754 1230 1902 1270 mysteria
1932 1229 2103 1260 differentia
2126 1238 2182 1262 est.
2206 1231 2247 1261 Et
2269 1231 2349 1262 inter
2378 1232 2454 1263 haec
2477 1231 2625 1273 mysteria

1561 1282 1664 1303 unum
1692 1279 1739 1303 est
1768 1272 1875 1313 ipsum
1905 1273 2010 1304 Deum
2041 1283 2108 1304 esse
2136 1284 2250 1305 eorum
2278 1284 2361 1316 quae
2385 1282 2461 1307 sunt
2480 1275 2555 1307 fidei
2577 1286 2622 1307 re-

445 1321 558 1344 eotum
581 1314 746 1352 evidentia,
770 1317 908 1356 superbo
932 1317 1029 1349 oculo
1053 1323 1323 1356 contempserunt,
1348 1316 1438 1357 quasi
1461 1316 1507 1348 in—
1532 1311 1540 1351 Ι“
1560 1317 1746 1348 velatorem.

1212 1451 1527 1495 ARTICULUS
1558 1451 1857 1495 SECUNDUS

1155 1535 1309 1566 UTRUM
1333 1536 1376 1566 ιΝ
1400 1536 1679 1567 DAEMONIBUS
1703 1537 1770 1567 SIT
1794 1537 1915 1568 FJDES

683 1614 756 1644 lnfra,
776 1621 819 1646 qu.
838 1620 907 1643 xvm,
928 1618 975 1638 art.
995 1612 1018 1643 3,
1039 1614 1070 1639 ad
1090 1620 1120 1643 23
1140 1614 1171 1638 111
1191 1614 1274 1642 Sent„
1295 1614 1352 1639 dist.
1372 1622 1440 1644 xxm,
1460 1623 1505 1648 qu.
1523 1622 1561 1645 111,
1581 1620 1625 1639 art.
1648 1615 1670 1645 3,
1691 1615 1740 1647 qu·
1764 1623 1789 1646 ¹3
1810 1615 1869 1640 dist.
1887 1623 1953 1647 xxvi,
1972 1623 2016 1648 qu.
2034 1623 2062 1647 ιι,
2081 1621 2128 1641 art.
2148 1615 2175 1647 5,
2191 1617 2240 1649 qu*
2259 1625 2284 1649 4,
2303 1617 2335 1642 ad
2355 1625 2384 1649 23
2419 1652 2421 1654 v

1288 1657 1329 1682 De
1352 1657 1442 1687 Verit„
1461 1666 1506 1691 qu.
1524 1666 1575 1689 xiv,
1594 1664 1640 1683 art.
1660 1666 1688 1692 9,
1705 1659 1737 1684 ad
1755 1666 1781 1690 4.

481 1747 522 1770 f.
564 1756 594 1773 ,fs
656 1739 677 1763 D
693 1738 883 1764 SECUNDUM
899 1739 951 1763 sm
967 1739 1207 1764 paocamrua.
1224 1727 1385 1764 Videtur
1399 1729 1505 1777 quod

468 1749 636 1839 QZ}
655 1779 692 1816 in
713 1779 966 1816 daemonibus
987 1792 1065 1816 non
1085 1780 1131 1816 sit
1148 1780 1257 1817 fides.
1283 1780 1383 1817 Dicit
1403 1781 1503 1818 enim

460 1831 498 1885 '45
510 1848 572 1878 ,ν’
594 1818 625 1876 “5
639 1831 900 1882 Augustinus,
929 1832 967 1869 in
986 1833 1082 1869 libro
1099 1834 1145 1869 de
1171 1834 1306 1870 Pr'aed
1328 1835 1455 1870 Sanct.
1474 1836 1503 1878 ἃ,

447 1909 449 1911 »
469 1929 473 1930 ⁷
499 1879 597 1922 ‘12'an
613 1878 761 1936 quod
766 1886 869 1934 fides
896 1886 1059 1922 consistit
1077 1886 1114 1923 in
1130 1887 1360 1923 credentium
1374 1887 1504 1924 volim-

439 1943 523 1978 tate.
554 1937 660 1976 Haec
685 1946 812 1977 autem
832 1939 1010 1979 voluntas
1029 1939 1132 1977 bona
1153 1947 1209 1976 est
1227 1952 1302 1988 qua
1322 1940 1404 1989 quis
1424 1941 1505 1979 vult

439 1992 594 2031 credere
609 1992 706 2031 Deo.
730 1992 831 2030 Cum
844 1991 954 2039 igitur
967 1992 1006 2028 in
1021 1992 1274 2031 daemonibus
1288 2005 1367 2031 non
1381 1993 1427 2030 sit
1440 1993 1506 2031 ali-

438 2055 516 2092 qua
538 2044 716 2083 voluntas
746 2045 954 2083 deliberata
979 2046 1094 2092 bona,
1114 2053 1157 2083 ut
1183 2046 1222 2083 in
1251 2045 1380 2084 Primo
1401 2046 1421 2068 ²³²
1449 2046 1502 2085 di-

438 2104 541 2134 ctum
557 2104 624 2144 est,
632 2097 788 2134 videtur
798 2098 903 2147 quod
918 2098 957 2135 in
972 2098 1227 2136 daemonibus
1241 2111 1319 2136 non
1334 2099 1382 2136 sit
1393 2099 1501 2136 fides.

492 2162 526 2187 2.
548 2151 782 2198 Pam-mam,
803 2151 901 2188 fides
930 2159 989 2188 est
1015 2151 1214 2200 quoddam
1233 2153 1379 2189 donum
1409 2152 1502 2190 divi-

436 2215 509 2239 nae
542 2203 702 2250 gratiae:
733 2204 946 2243 secundum
984 2204 1075 2243 illud
1103 2205 1239 2255 Ephes.
1257 2217 1279 2242 ιι
1299 2205 1333 2241 ⁷³³:
1369 2206 1501 2244 Gratia

436 2257 519 2295 estis
545 2255 682 2295 salvati.
706 2269 780 2305 per
785 2257 931 2304 fidem:
960 2258 1101 2295 donum
1120 2258 1221 2295 enim
1240 2258 1314 2296 Dei
1330 2264 1392 2295 est.
1424 2259 1500 2297 Sed

437 2309 646 2347 daemones
666 2310 771 2347 dona
788 2310 951 2358 gratuita
967 2310 1176 2348 amiserunt
1194 2322 1263 2361 per
1281 2319 1499 2359 peccatum:

434 2370 479 2398 ut
496 2361 630 2398 dicitur
658 2362 695 2399 in
717 2363 853 2400 Giossa
872 2363 902 2410 ²⁸,
933 2375 1048 2411 super
1066 2363 1156 2400 illud
1177 2364 1280 2401 Osee
1300 2376 1333 2402 ιιι
1349 2364 1402 2406 ²¹³⁶,
1421 2366 1501 2413 Ipsi

435 2415 642 2465 respiciunt
664 2416 719 2452 ad
753 2416 841 2453 deos
882 2416 1044 2463 alienos,
1074 2422 1114 2453 et
1149 2417 1313 2468 diligunt
1349 2418 1499 2455 vinacia

436 2479 608 2506 uvarum.
646 2469 748 2520 Ergo
777 2469 874 2508 fides
903 2468 942 2508 in
970 2469 1224 2507 daemonibus
1252 2477 1340 2520 post
1366 2483 1500 2519 pecca-

434 2528 515 2562 tum
545 2533 630 2561 non.
652 2521 847 2562 remansit.

490 2575 523 2611 3.
552 2575 786 2621 Pas-armas,
815 2574 1015 2613 infidelitas
1033 2575 1185 2613 videtui-
1210 2586 1293 2612 esse
1312 2576 1498 2623 gravius²

433 2626 533 2663 inter
556 2635 735 2676 peccata:
754 2635 805 2664 fut
830 2634 935 2677 patet
955 2639 1026 2676 per
1043 2627 1299 2676 Augustinum
1321 2629 1353 2674 ⁸,
1383 2641 1499 2679 super

433 2680 523 2717 iliud
553 2681 657 2719 ioan.
678 2692 726 2717 xv
747 2681 785 2716 *t
813 2681 857 2716 Si
877 2692 953 2717 non
980 2681 1179 2727 venissem,
1209 2687 1244 2717 et
1271 2681 1414 2718 locutus
1446 2682 1497 2719 eis

434 2745 507 2770 non
518 2733 694 2783 fuissem,
710 2739 908 2785 peccatum
931 2746 1005 2771 non
1025 2735 1222 2772 haberent:
1251 2745 1352 2771 nunc
1370 2740 1495 2772 autem

433 2786 714 2825 excusationem
732 2799 806 2826 non
838 2787 979 2825 habent:
1006 2787 1052 2825 de
1069 2792 1228 2835 peccata
1257 2799 1326 2825 suo
1346 2784 1380 2823 β.
1417 2787 1496 2826 Sed

433 2839 477 2877 in
500 2839 729 2887 quibusdam
765 2839 984 2878 hominibus
1014 2847 1076 2878 est
1096 2846 1298 2889 peccatum
1335 2839 1496 2879 infideii-

433 2891 529 2928 tatis.
561 2892 603 2928 Si>
629 2891 738 2941 igitur
765 2893 862 2930 fides
887 2900 987 2929 esset
1005 2893 1043 2929 in
1063 2892 1330 2940 daemonibus,
1352 2892 1495 2942 aliquo·

433 2956 519 2981 rum
547 2945 750 2981 hominum
784 2953 985 2997 peccatum
1023 2953 1122 2983 esset
1158 2945 1309 2996 gravius
1337 2953 1495 2997 peccato

433 2997 681 3034 daemonum.
703 2998 821 3044 Quod
834 2998 986 3035 videtur
1000 3011 1082 3035 esse
1097 2998 1381 3038 inconveniens.
1403 2999 1495 3038 N'on

435 3062 523 3098 ergo
552 3050 651 3090 fides
679 3058 735 3089 est
761 3050 800 3089 in
829 3051 1095 3091 daemonibus.

488 3103 562 3141 SED
591 3114 741 3141 conum
766 3115 832 3140 asrr
850 3104 959 3152 quod
974 3103 1107 3142 dicitur
1127 3105 1200 3142 lac.
1222 3104 1306 3142 111*ss
1330 3105 1499 3142 Daemo-

434 3167 505 3193 nes
525 3156 686 3192 credunt
707 3161 744 3192 et
768 3157 1067 3194 contremiscunt.

488 3209 713 3259 Responnao
729 3220 912 3249 mesanum
932 3210 1049 3258 quod,
1071 3209 1169 3246 sicut·
1185 3209 1332 3258 supra*
1351 3209 1501 3247 dictum-

486 3340 514 3372 α)
532 3341 652 3373 μηνύω.
665 3354 684 3360 -
699 3345 837 3373 marum
857 3342 930 3367 addit
947 3342 974 3366 Ρ.

486 3375 515 3408 β)
526 3379 697 3408 peccatam..
716 3384 803 3405 sua.-
820 3377 1024 3404 cucumim
1034 3383 1089 3401 non
1105 3375 1171 3410 (nnn
1186 3385 1240 3402 om.
1253 3376 1410 3403 asu—ABR
1422 3382 1451 3403 et
1464 3377 1498 3409 ι).

432 3411 562 3440 haberent
576 3411 615 3437 de·
623 3415 739 3444 peccato,
753 3419 801 3439 mo
819 3412 1065 3442 ABGEEGHfflLx‚
1081 3415 1226 3443 peccatum.
1240 3419 1291 3437 non
1310 3412 1438 3438 haberent
1455 3413 1494 3444 D;

428 3449 567 3478 peccatum
586 3451 611 3471 et
628 3450 716 3472 autem
735 3455 789 3472 om.
807 3455 859 3479 pn..

483 3483 510 3514 γ)
519 3485 633 3513 propter
645 3482 786 3514 imperium
802 3482 956 3507 voluntatis.
964 3495 983 3501 -
992 3482 1055 3514 quia
1067 3482 1236 3507 convincitur-
1243 3489 1295 3514 per
1304 3483 1494 3508 auctoritatem

1557 1736 1623 1775 est,
1654 1729 1862 1766 intellectus
1892 1730 2079 1766 credentis
2109 1729 2264 1767 assentit
2287 1731 2340 1768 rei
2361 1732 2523 1769 creditae
2543 1745 2623 1770 non

1533 1782 1646 1830 'quia
1673 1781 1796 1830 ipsam
1825 1782 1953 1819 videat
1980 1783 2042 1819 vel
2073 1783 2285 1820 secundum
2315 1796 2355 1820 se
2383 1786 2446 1822 vel
2473 1797 2543 1835 per
2565 1798 2622 1823 re-

1557 1834 1785 1872 solutionem
1814 1835 1864 1872 ad
1891 1835 2015 1884 prima
2043 1835 2228 1885 principia
2254 1848 2326 1885 per
2352 1849 2393 1874 se
2420 1838 2519 1885 visa,
2553 1838 2622 1886 sed

1555 1894 1712 1937 propter
1738 1888 1942 1936 imperium
1970 1889 2175 1926 voluntatis
2193 1893 2220 1925 Υ.
2251 1889 2369 1937 Quod
2397 1897 2525 1928 autem
2552 1892 2622 1929 ver-²

1529 1938 1531 1956 ⁶
1557 1941 1680 1978 luntas
1695 1949 1852 1978 moveat
1871 1941 2103 1979 intellectum
2123 1942 2172 1979 ad
2191 1942 2476 1981 assentiendum
2494 1950 2625 1994 potest

1557 1993 1775 2042 contingere
1804 2006 1849 2031 ex
1877 1994 2040 2032 duobus.
2070 1995 2158 2032 Uno
2182 1995 2319 2044 modo,¹
2337 2007 2385 2033 ex
2402 1996 2535 2035 ordine
2552 2009 2622 2040 vo·

1556 2046 1710 2085 luntatis
1737 2047 1784 2084 ad
1814 2047 1985 2085 bonum:
2013 2055 2050 2085 et
2077 2047 2131 2085 sic
2159 2048 2319 2086 credere
2343 2056 2400 2087 eat
2417 2051 2624 2088 netualm-

1557 2099 1701 2137 dabilis.
1740 2099 1828 2137 Alio
1857 2100 1996 2148 modo,
2026 2100 2118 2148 quia
2144 2101 2355 2139 imelibcms
2382 2102 2626 2141 convincimur

1556 2153 1605 2190 ad
1632 2153 1708 2190 hoc
1736 2151 1840 2202 quod
1877 2153 2018 2190 iudicet
2051 2165 2138 2190 esse
2171 2154 2408 2193 credendum
2434 2155 2492 2192 his
2520 2166 2623 2206 quae

1556 2205 1752 2253 dicuntur,
1781 2206 1867 2243 licet
1900 2218 1982 2244 non
2015 2207 2264 2252 convincatur
2289 2219 2360 2257 pet
2388 2207 2619 2247 evidentiam

1555 2258 1619 2297 rei.
1659 2258 1764 2296 Sicut
1800 2259 1831 2296 si
1867 2259 2002 2308 aliquis
2038 2260 2229 2308 propheta
2261 2261 2544 2309 praenuntiaret
2579 2261 2622 2300 in

1554 2323 1733 2349 sermone
1770 2312 1928 2351 Domini
1966 2312 2108 2360 aliquid
2136 2313 2326 2360 futurum,
2357 2322 2396 2351 et
2420 2314 2623 2352 adhiberet

1525 2360 1527 2370 '
1553 2364 1706 2412 signum
1733 2372 1929 2402 mortuum
1958 2365 2185 2412 suscitando,
2212 2378 2258 2402 ex
2285 2367 2360 2403 hoc
2388 2366 2502 2414 signo>
2526 2378 2625 2404 con-

1552 2418 1770 2455 vinceretur
1788 2418 1995 2455 intellectus
2027 2419 2191 2456 videntis
2209 2427 2252 2456 ut
2271 2427 2520 2468 cognosceret
2537 2429 2617 2458 tnab

1553 2470 1685 2508 nifeste
1714 2471 1788 2508 hoc
1810 2471 1882 2508 dici
1902 2483 1924 2508 a
1943 2472 2041 2518 Deo,
2072 2472 2138 2520 qui
2157 2470 2171 2494 ὅ
2199 2483 2278 2509 non
2300 2472 2502 2519 mentitur;
2530 2471 2622 2511 licet

1551 2523 1643 2560 illud
1670 2524 1839 2561 futurum
1868 2524 1974 2573 quod
1992 2524 2224 2573 praedicitur
2242 2525 2280 2562 i'n
2299 2537 2342 2563 se
2361 2524 2518 2565 evidens
2534 2537 2617 2567 nnn

1552 2584 1667 2623 esset,
1682 2577 1784 2614 unde
1803 2581 1815 2598 ⁸
1844 2577 1937 2614 ratio
1956 2577 2048 2615 fidei
2067 2590 2150 2616 non.
2165 2578 2368 2616 tolleretur.
2398 2578 2614 2617 Dicendum

1551 2637 1611 2666 est*
1635 2641 1725 2678 ergo
1753 2630 1863 2679 quod·
1887 2630 1926 2668 in
1950 2630 2131 2668 fidelibus
2148 2630 2288 2668 Christi
2316 2631 2493 2668 laudatur
2517 2631 2619 2670 fides

1550 2683 1762 2719 secundum
1777 2682 1945 2732 primum
1959 2683 2133 2722 modum.
2154 2684 2204 2720 Et
2217 2684 2432 2722 secundum
2444 2685 2519 2722 hoc
2532 2694 2615 2723 non

1550 2735 1614 2771 est'
1632 2734 1670 2772 in
1699 2735 1952 2772 daemonibus
1971 2735 2005 2781 ²¹³,
2035 2736 2103 2773 sed
2131 2736 2257 2774 solum
2286 2736 2455 2774 secundo
2479 2736 2613 2776 modo.
2640 2742 2760 2771 ‘D·⁶⁰⁷·

1548 2787 1688 2824 Vident
1717 2787 1822 2826 enim
1852 2788 1972 2824 muita
2001 2788 2206 2826 manifesta
2229 2788 2367 2826 indicia
2394 2801 2439 2826 ex
2473 2789 2615 2838 quibus

1548 2840 1761 2889 percipiunt
1779 2840 1995 2878 doctrinam
2011 2841 2207 2879 Ecclesiae
2221 2853 2304 2879 ease
2319 2854 2344 2879 a
2355 2843 2459 2888 De03
2479 2854 2617 2891 quarn-

1547 2893 1606 2930 vis
1625 2893 1700 2942 ipsi·
1715 2905 1776 2930 res
1794 2893 1899 2942 ipsas
1915 2905 2015 2944 quas·
2025 2894 2196 2932 Ecclesia
2215 2895 2327 2932 docet
2346 2906 2429 2932 non*
2443 2895 2611 2942 videam

1548 2953 1638 2994 puta
1675 2947 1803 2983 Deum
1840 2958 1927 2983 esse
1960 2946 2100 2984 trinum
2131 2955 2168 2984 et
2198 2959 2341 2996 unum,
2374 2949 2437 2985 vel
2469 2947 2615 2999 aliquid

1547 2998 1782 3037 huiusmodi.

1600 3053 1661 3090 An.
1679 3064 1816 3091 PRIMUM
1835 3063 1939 3090 ERGO
1962 3064 2146 3091 nicentium
2175 3053 2284 3102 quod
2310 3054 2548 3092 daemonum
2565 3052 2611 3093 fi-

1548 3105 1616 3144 des
1645 3112 1701 3143 est
1734 3105 2029 3154 quodammodo.
2058 3114 2197 3143 coacta
2228 3118 2272 3144 ex
2307 3106 2504 3154 signorum
2531 3106 2614 3144 enix-

1549 3157 1686 3195 dantia.
1712 3159 1762 3196 Et
1779 3158 1875 3196 ideo
1886 3171 1970 3196 nott
1983 3158 2149 3208 pertinet
2164 3159 2216 3196 ad
2232 3159 2390 3197 laudem·
2404 3159 2619 3197 vohsntatis·

1547 3210 1719 3261 ipsorum
1747 3211 1853 3260 quod
1882 3213 2049 3249 credunt.

1548 3342 1669 3368 diuinam
1685 3343 1820 3368 mutire
1831 3344 1876 3368 Ιιὶι·
1884 3351 1954 3376 qm
1970 3351 2022 3369 non
2042 3344 2115 3370 m'dae
2131 3348 2163 3370 et·
2172 3347 2287 3377 popter
2305 3343 2446 3376 imperinm
2464 3343 2617 3369 uolumus

1548 3378 1677 3403 moventis
1696 3378 1856 3403 intellectum
1875 3383 1900 3404 et
1919 3379 2064 3405 obedientis
2084 3380 2142 3405 Deo
2161 3380 2189 3405 Ρ.

1600 3412 1624 3445 ὃ)
1645 3414 1699 3445 qui.
1712 3427 1726 3432 -
1745 3414 1814 3446 quia.
1827 3414 1856 3440 P.

1600 3449 1622 3481 ε)
1643 3449 1720 3473 unde.
1733 3461 1753 3469 ·-
1766 3456 1818 3482 per
1836 3450 1884 3474 hoc
1903 3450 2001 3475 addunt
2019 3450 2065 3475 Pa.

1544 761 1549 767 -
1567 744 1747 775 differentia.
1771 745 1906 775 Adverte
1922 745 1939 764 ³·
1954 746 2043 786 quod
2065 748 2187 776 Auctor
2201 746 2234 776 in
2250 746 2300 776 his
2321 747 2423 778 verbis
2439 757 2505 778 non
2527 749 2628 780 utitur
2651 751 2662 763 ⁴
2675 750 2772 773 Adverti
2783 757 2820 773 ιι·
