2892 4056
102 775 114 787 ⁸
127 776 193 798 Vers.
209 775 240 798 ¹8.

100 1096 112 1108 ⁸
125 1095 192 1118 Vera.
206 1102 245 1123 44.

100 1420 111 1431 ·
124 1419 195 1442 Hom.
207 1419 272 1442 m
285 1420 310 1441 in

98 1839 109 1848 ⁸
124 1838 190 1860 ven.
204 1844 244 1866 44.

98 1895 110 1907 ⁴
123 1895 181 1918 Ord.
202 1901 231 1917 ex
248 1897 311 1924 Aug.

100 2847 110 2856 ·
119 2845 178 2868 nist.
187 2851 225 2873 xv,

99 2875 266 2926 ἓιζξῖἒὲὗιιῗῳι.
274 2902 310 2923 ιιι,

99 2928 141 2946 ιη.
156 2930 172 2951 1,
188 2924 233 2953 qu⁸
245 2931 269 2951 4.

226 2850 309 2897 ..v-2¹:

1016 172 1281 220 QUAESTIO
1311 170 1431 217 XXV,
1458 170 1754 208 ARTICULUS
1784 170 1836 207 lX

2435 169 2507 205 205

1154 294 1470 339 ARTICULUS
1499 294 1700 336 NONUS

431 391 586 422 UTRUM
608 391 674 422 SIT
690 391 747 422 DE
771 391 1064 423 NECESSITATE
1088 386 1658 464 ΕΑΒΙΤῧἿῖἔῗῙὲἕὲἓῙ-ῧῐὲἒῇᾟὸ
1681 387 1806 418 SIGNA
1830 387 1887 417 ET
1906 385 2128 417 EFFECTUS
2150 382 2423 415 DILECTIONIS

447 513 520 543 infra,
540 521 584 546 qu.
603 521 704 543 Lxxxm.
723 519 770 539 art.
789 513 805 539 8
812 522 820 545 3
839 514 871 538 111
890 513 972 542 Sent„
992 514 1051 538 dist.
1069 520 1125 544 xxx,
1145 518 1191 537 art.
1211 520 1239 544 25
1259 513 1301 537 De
1319 511 1424 540 Virtam,
1443 518 1488 543 qu.
1507 517 1534 541 n,
1549 515 1595 534 art.
1615 509 1645 540 83
1666 510 1706 535 De
1726 511 1813 535 Duob.
1826 510 1964 542 Praecept.
1983 515 2040 539 etc„
2054 517 2110 541 cap.
2131 509 2172 534 De
2191 509 2286 533 Dilect.
2306 508 2406 536 Prox.‚·

1187 548 1228 573 De
1247 548 1320 581 Pers.
1339 546 1414 572 Vitae
1433 546 1516 578 Spin,
1536 553 1592 578 cap.
1611 553 1663 571 xxv.

456 641 464 669 ‘·
476 646 528 686 ‘a

470 665 492 704 ἱ
551 631 574 656 D
603 631 730 657 ΝοΝυΜ
757 631 811 656 S1c
838 631 1076 657 pnocnnrrua.
1105 620 1265 657 Videtur
1293 618 1398 668 quod

487 683 526 736 55
552 673 600 710 de
627 673 848 710 necessitate
877 665 1037 709 caritatis
1066 672 1111 709 sit
1138 669 1245 721 quod
1264 671 1399 720 aliquis

368 642 438 682 (⁷355
481 675 486 681 .

356 757 379 785 ρ

338 827 430 870 Νοη
452 825 660 883 'diligamus
685 833 800 869 verbo
828 840 948 891 neque
974 824 1117 881 lingua,
1135 831 1202 868 sed
1227 843 1339 880 opere
1366 829 1402 868 ei

337 887 503 924 veritate.
534 885 612 923 Sed
639 889 756 945 opere
791 880 904 933 dilig1t
937 878 1071 934 aliquis
1105 880 1318 922 exhibendo
1350 881 1399 921 ad

339 945 429 976 eum
444 950 559 988 quem
574 932 690 986 diligit
703 934 808 986 signa
829 935 865 975 et
884 933 1040 975 effectus
1057 931 1276 975 dilectionis.
1297 934 1400 986 Ergo

339 990 387 1030 de
414 983 637 1029 necessitate
666 986 827 1028 caritatis
865 998 920 1028 est
948 999 989 1029 ut
1017 990 1150 1040 aliquis
1178 984 1401 1028 huiusmodi

339 1041 445 1094 signa
474 1051 510 1082 et
537 1042 693 1082 effectus
720 1042 879 1082 inimicis
909 1039 1092 1082 exhibeat.

391 1109 427 1135 2.
448 1099 686 1144 PRAETEREA,
715 1091 849 1135 Matth.
869 1109 894 1134 v
907 1097 928 1119 '⁸
945 1091 1138 1135 Dominus
1158 1094 1270 1134 simul
1290 1093 1398 1134 dicit:

336 1145 494 1201 Diligite
520 1147 690 1189 inimicos
717 1153 879 1197 vestros,
916 1151 973 1187 et:
1009 1150 1226 1200 Benffacite
1252 1150 1309 1188 his
1337 1146 1403 1199 qui

336 1200 496 1242 oderunt
511 1217 590 1242 vos.
621 1198 699 1243 Sed
726 1197 878 1252 diligere
907 1199 1082 1241 inimicos
1111 1211 1167 1241 est
1195 1196 1243 1241 de
1271 1215 1401 1241 neces-

337 1252 444 1295 sitate
473 1254 647 1296 caritatis.
677 1252 779 1306 Ergo
800 1265 836 1294 et
853 1252 1078 1294 benefacere
1105 1253 1278 1301 inimicis.

390 1312 425 1348 3.
446 1311 680 1358 PRAETEREA,
697 1310 849 1348 caritate
869 1318 1019 1348 amatur
1037 1322 1117 1348 non
1136 1308 1262 1348 solum
1281 1310 1400 1356 Deus,

336 1357 405 1402 sed
431 1364 546 1402 etiam
574 1363 782 1414 proximus.
813 1359 889 1401 Sed
918 1358 1123 1412 Gregorius
1152 1357 1252 1410 dicit,
1267 1363 1306 1400 in
1333 1363 1402 1400 ho-

337 1412 441 1456 milia
458 1416 689 1456 Pentecostes
701 1416 732 1464 ⁸,
750 1417 854 1466 quod
873 1428 985 1453 amor
1001 1414 1078 1453 Dei
1093 1428 1169 1454 non
1182 1422 1306 1465 potest
1323 1429 1402 1454 esse

336 1469 492 1509 0tiosus:
519 1482 664 1521 magna
699 1470 800 1507 enim
829 1475 1023 1559 (geratur,
1051 1465 1087 1506 si
1111 1475 1181 1514 est;
1207 1466 1242 1506 si
1267 1465 1403 1506 desinit

336 1524 499 1573 operari,
520 1535 631 1561 amor
649 1534 723 1560 non
743 1520 807 1559 est‘.
873 1532 939 1570 rgo
962 1521 1095 1559 caritas
1115 1534 1214 1571 quae
1238 1520 1401 1559 habetur

335 1577 386 1615 ad
420 1577 640 1627 proximum
668 1587 747 1613 non
774 1583 900 1624 potest
938 1586 1020 1612 esse
1049 1573 1129 1612 sine
1167 1568 1400 1624 operationis

336 1624 486 1668 effectu.
516 1627 594 1668 Sed
612 1629 659 1666 de
687 1627 910 1667 necessitate
931 1626 1092 1666 caritatis
1122 1636 1178 1665 est
1205 1636 1246 1665 ut
1273 1629 1400 1666 omnis

335 1683 534 1734 proximus
563 1680 751 1730 diligatur,
782 1681 896 1720 etiam
918 1679 1105 1719 inimicus.
1135 1680 1237 1730 Ergo
1259 1680 1306 1719 de
1334 1694 1401 1719 ne-

337 1732 508 1775 cessitate
528 1735 690 1774 caritatis
711 1743 766 1774 est
793 1744 834 1773 ut
853 1733 966 1772 etiam
993 1736 1042 1773 ad
1061 1730 1237 1773 inimicos
1258 1740 1275 1756 ‘²
1295 1735 1400 1784 signa

338 1798 374 1828 et
401 1786 558 1828 effectus
587 1786 797 1827 dilectionis
826 1781 1090 1826 extendamus.

391 1840 466 1882 SED
491 1854 638 1882 CONTRA
660 1854 727 1880 EST
754 1839 860 1891 quod
888 1837 1023 1880 Matth.
1043 1848 1068 1879 v
1085 1836 1116 1890 4⁸,
1147 1853 1262 1891 super
1289 1838 1398 1888 illud,

337 1892 553 1947 Benefacite
570 1893 627 1934 his
646 1893 712 1945 qui
723 1893 883 1933 oderunt
898 1907 977 1942 vos,
994 1891 1083 1932 dicit
1102 1888 1240 1933 Glossa
1254 1893 1274 1916 '¹‘
1292 1894 1399 1943 quod

337 1947 557 2000 benefacere
580 1945 739 1987 inimicis
766 1955 820 1987 est
845 1947 1017 1986 cumulus
1037 1944 1290 1998 perfectionis.
1322 1946 1399 1986 Sed

336 2001 376 2045 id
404 2004 510 2055 quod
539 2000 702 2053 pertinet
737 1998 787 2040 ad
821 1998 1095 2051 perfectionem
1131 2001 1292 2039 caritatis
1321 2014 1400 2039 non

337 2065 394 2096 est
421 2059 469 2096 de
496 2056 719 2094 necessitate
756 2051 886 2105 ipsius.
931 2050 1033 2103 Ergo
1062 2067 1141 2092 non
1171 2063 1226 2092 est
1259 2055 1306 2092 de
1335 2067 1400 2092 ne-

337 2109 508 2149 cessitate
537 2107 698 2147 caritatis
730 2108 835 2158 quod
863 2104 998 2157 aliquis
1026 2108 1134 2157 signa
1170 2116 1206 2145 et
1243 2104 1401 2146 effectus

336 2163 547 2204 dilectionis
575 2162 736 2200 inimicis
765 2157 950 2199 exhibeat.

390 2218 616 2255 Rssponmzo
635 2227 820 2254 mensuum
848 2215 954 2263 quod
981 2213 1138 2251 effectus
1158 2221 1195 2251 et
1213 2213 1320 2262 signa
1340 2226 1400 2251 ca-

338 2266 455 2308 ritatis
475 2278 522 2308 ex
539 2266 706 2307 interiori
735 2267 935 2306 dilectione
961 2268 1177 2317 procedunt
1204 2274 1241 2304 et
1260 2267 1294 2304 ei
1312 2275 1400 2316 pro-

336 2323 611 2374 portionantur.
631 2322 793 2360 Dilectio
813 2329 943 2359 autem
961 2321 1116 2358 interior
1133 2321 1183 2358 ad
1202 2320 1399 2358 inimicum

387 2456 415 2488 α)
434 2455 472 2480 ad
489 2454 618 2480 inimicos.
634 2467 653 2473 -
672 2453 785 2478 inimicis
808 2453 848 2483 1x;
868 2460 915 2485 pro
939 2453 1137 2482 extendamus,
1157 2453 1328 2478 ostendamus
1351 2453 1403 2477 Pei

333 2491 390 2517 st
409 2495 435 2516 et
452 2498 478 2515 a.

389 2525 414 2559 β)
434 2533 496 2551 non.
513 2539 533 2544 —
550 2528 590 2550 est
608 2532 660 2549 non
680 2524 786 2556 PCpr
805 2528 831 2548 et
847 2530 874 2549 a.

387 2563 414 2595 γ)
434 2561 559 2594 beneficia
577 2561 619 2586 vel
635 2560 723 2593 signa.
740 2573 759 2579 -
775 2559 855 2592 signa
873 2559 915 2583 vel
932 2559 1056 2592 beneficia
1075 2557 1122 2583 Pa.

492 734 519 771 γ,
535 727 669 774 ¹homo
698 726 804 773 signa
829 726 893 762 vel
912 725 1070 762 effeetus
1096 725 1306 763 dilectionis
1331 725 1399 762 ini·
1423 759 1425 778 k

507 773 538 816 k
550 779 651 816 mico
671 779 854 816 exhibeat.
874 778 1021 816 Dicitur
1035 778 1138 816 enim
1158 780 1169 815 l
1190 781 1294 816 Ioan.
1315 790 1351 816 111
1365 778 1397 814 *ε
1423 782 1425 831 q
1452 785 1555 814 ctum
1585 784 1652 814 est.
1683 776 1747 813 Sic
1765 775 1875 824 igitur
1902 776 2108 813 dicendum
2137 784 2193 813 est
2221 776 2268 814 de
2297 776 2435 814 effectu
2452 776 2515 814 vel

1449 618 1488 655 in
1516 617 1714 665 communi
1743 617 1900 666 quidem
1929 624 1984 654 est
2006 615 2053 653 de
2072 616 2293 653 necessitate
2321 616 2514 664 praecepti

1451 670 1645 716 absolute;
1679 669 1718 706 in
1747 668 1898 718 speciali
1926 676 2054 706 autem
2082 682 2161 706 non
2180 667 2195 698 β
2214 670 2407 716 absolute,
2446 669 2514 706 sed

1451 723 1664 761 secundum
1692 723 2024 771 praeparationem
2054 722 2192 771 animi,
2221 731 2263 760 ut
2290 734 2404 772 supra
2421 720 2442 742 '¹‘
2461 722 2514 759 di-

1451 829 1559 878 signo
1589 822 1798 867 dilectionis
1828 828 1989 876 exterius
2018 825 2244 867 exhibendo.
2288 828 2385 867 Sunt
2412 829 2514 867 enim

1452 882 1644 932 quaedam
1684 880 1871 919 beneficia
1905 883 1968 919 vel
2005 882 2110 930 signa
2132 887 2147 910 Υ
2172 881 2381 921 dilectionis
2417 892 2515 932 quae

1453 936 1676 973 exhibentur
1702 932 1886 984 proximis
1913 935 1952 972 in
1972 935 2190 972 communi:
2218 944 2310 986 puta
2337 945 2426 974 cum
2450 935 2516 973 ali-

1451 989 1536 1038 quis
1564 990 1648 1026 orat
1666 1001 1737 1037 pro
1758 988 1938 1025 omnibus
1966 987 2144 1026 fidelibus
2166 990 2228 1025 vel
2256 1001 2326 1038 pro
2346 990 2427 1027 toto
2445 1001 2516 1039 po-

1451 1043 1556 1092 pulo,
1578 1050 1642 1079 aut
1661 1045 1750 1078 cum
1770 1040 1926 1090 aliquod
1939 1039 2171 1079 beneficium
2185 1041 2371 1091 impendit
2384 1036 2516 1092 aliquis

1451 1095 1520 1133 toti
1539 1094 1814 1133 communitati.
1845 1094 1894 1132 Et
1912 1095 2000 1132 talia
2019 1095 2206 1132 beneficia
2224 1097 2287 1132 vel
2307 1094 2516 1134 dilectionis

1452 1149 1559 1198 signa
1592 1146 1755 1186 inimicis
1793 1148 1971 1186 exhibere
2001 1156 2056 1185 est
2084 1147 2131 1186 de
2159 1148 2381 1187 necessitate
2408 1161 2516 1200 prae-

1453 1202 1571 1251 cepti:
1608 1201 1638 1238 si
1667 1200 1771 1239 enim
1790 1199 1805 1223 ὅ
1823 1214 1904 1239 non
1932 1200 2199 1239 exhiberentur
2226 1202 2407 1250 inimicis,
2440 1204 2516 1240 hoc

1452 1254 1656 1305 pertineret
1684 1247 1734 1292 ad
1761 1252 1926 1292 livorem
1953 1251 2157 1303 vindictae,
2188 1263 2317 1293 contra
2343 1254 2383 1294 id
2411 1255 2517 1305 quod

1453 1309 1589 1346 dicitur
1606 1309 1726 1346 Levit.
1745 1320 1807 1362 xix
1825 1308 1860 1345 *ε
1884 1309 1976 1346 Νοη
1996 1320 2154 1358 quaeres
2175 1307 2369 1354 ultionem,·
2387 1316 2425 1346 et
2440 1322 2515 1347 non
2543 1316 2554 1327 ⁸
2604 1321 2616 1336 ⁸
2629 1321 2640 1336 ⁸
2663 1321 2670 1336 ¹

1452 1361 1527 1399 eris
1554 1374 1703 1399 memor
1729 1362 1892 1399 iniuriae
1919 1361 2057 1399 civium
2085 1368 2250 1399 tuorum.

1504 1413 1591 1452 Alia
1617 1426 1712 1452 vero
1749 1422 1836 1452 sunt
1867 1412 2055 1452 beneficia
2082 1414 2144 1452 vel
2172 1414 2383 1453 dilectionis
2411 1414 2518 1464 signa
2542 1417 2546 1422 ’

1451 1479 1551 1516 quae
1580 1460 1665 1516 quis
1694 1465 1844 1504 exhibet
1870 1466 2144 1516 particulariter
2171 1468 2358 1518 aliquibus
2386 1480 2517 1517 perso-

1452 1519 1522 1557 nis.
1562 1513 1611 1557 Et
1638 1520 1726 1557 talia
1754 1518 1941 1558 beneficia
1967 1520 2030 1558 vel
2069 1520 2279 1559 dilectionis
2316 1520 2422 1569 signa
2448 1522 2517 1559 ini-

1452 1573 1562 1610 micis
1581 1567 1760 1610 exhibere
1790 1585 1868 1610 non
1898 1582 1953 1610 est
1981 1570 2029 1610 de
2058 1575 2281 1612 necessitate
2300 1575 2428 1612 salutis
2447 1574 2519 1613 nisi

1451 1627 1666 1664 secundum
1694 1627 2028 1676 praeparationem
2057 1627 2185 1673 animi,
2206 1636 2248 1665 ut
2271 1628 2412 1665 scilicet
2430 1630 2518 1666 sub-

1452 1679 1628 1717 veniatur
1647 1680 1701 1717 eis
1720 1673 1759 1717 in
1778 1680 1935 1717 articulo
1963 1681 2215 1718 necessitatis:
2245 1682 2456 1720 secundum
2476 1682 2517 1720 il-

1453 1727 1519 1771 lud
1537 1730 1719 1771 Proverb.
1738 1745 1811 1770 xxv
1824 1733 1862 1770 *τ
1882 1734 1925 1770 Si
1941 1735 2115 1771 esurierit
2131 1735 2303 1772 inimicus
2321 1741 2418 1782 tuus,
2434 1731 2517 1773 ciba

1453 1780 1574 1824 illum:
1602 1782 1638 1824 si
1661 1785 1747 1832 sitit,
1766 1783 1816 1824 da
1844 1786 1899 1823 illi
1918 1793 2064 1836 potum.
2085 1809 2109 1816 -
2130 1783 2207 1825 Sed
2235 1788 2340 1837 quod
2367 1797 2518 1838 praeter

1452 1835 1654 1877 articulum
1673 1836 1905 1877 necessitatis
1923 1838 2146 1878 huiusmodi
2169 1842 2356 1879 beneficia
2383 1843 2518 1892 aliquis

1453 1893 1614 1931 inimicis
1643 1893 1832 1942 exhibeat,
1856 1894 2018 1945 pertinet
2045 1895 2095 1932 ad
2122 1895 2398 1943 perfectionem
2424 1897 2517 1934 cari-

1452 1947 1550 1995 tatis,
1568 1959 1638 1996 per
1656 1958 1773 1996 quam
1793 1945 1928 1996 aliquis
1956 1960 2036 1985 non
2063 1950 2189 1996 solum
2217 1957 2327 1986 cavet
2342 1950 2447 1987 vinci
2461 1962 2485 1987 a
2504 1955 2517 1971 ⁸

1453 1996 1567 2047 malo,
1583 1993 1689 2050 quod
1707 2000 1938 2038 necessitatis
1958 2009 2026 2050 est,
2041 2002 2109 2039 sed
2129 2001 2242 2039 etiam
2262 2003 2344 2040 vult
2362 2003 2399 2039 in
2419 2004 2517 2041 hono

1452 2054 1603 2106 vincere
1639 2050 1785 2090 malum
1813 2053 1845 2101 ²⁸,
1873 2054 1979 2103 quod
2017 2063 2073 2092 est
2109 2055 2224 2092 etiam
2251 2055 2516 2104 perfectionis:

1454 2107 1547 2145 dum
1577 2106 1719 2144 scilicet
1745 2118 1824 2144 non
1857 2109 1983 2145 solum
2021 2117 2132 2145 cavet
2158 2117 2314 2158 propter
2340 2109 2515 2148 iniuriam

1454 2161 1524 2198 sibi
1544 2155 1685 2197 illatam
1716 2159 1862 2197 detrahi
1882 2161 1932 2198 ad
1951 2160 2105 2208 odium;
2135 2162 2202 2200 sed
2231 2163 2343 2200 etiam
2363 2172 2519 2213 propter

1454 2226 1522 2251 sua
1559 2212 1748 2251 beneficia
1781 2212 1981 2251 inimicum
2017 2214 2178 2252 intendit
2211 2216 2430 2264 pertrahere
2467 2217 2517 2255 ad

1454 2279 1567 2305 suum
1597 2276 1782 2304 amorem.

1506 2318 1556 2357 Et
1582 2332 1652 2368 per
1678 2321 1754 2357 hoc
1781 2327 1885 2370 patet
1913 2320 2111 2369 responsio
2141 2321 2190 2358 ad
2217 2321 2378 2359 obiecta.

1508 2451 1534 2485 δ)
1552 2453 1632 2494 enim.
1650 2466 1670 2472 -
1688 2452 1750 2477 Οτι-ι.
1768 2451 2002 2485 ABDEFHILpKn
2020 2457 2046 2477 et
2063 2445 2094 2481 αἶ
2106 2455 2196 2478 autem
2211 2453 2256 2484 sK,
2272 2457 2298 2478 et
2316 2459 2375 2480 ante
2393 2455 2417 2480 si
2428 2463 2456 2486 x,
2471 2456 2518 2480 ibi-

1456 2488 1663 2556 deuquJa-SZ
1680 2523 1895 2555 ABDEFHILPK
1914 2528 1939 2548 et
1957 2530 2002 2548 Ra.

1017 2629 1348 2667 commentaria
1370 2627 1620 2666 cardinalis
1643 2630 1842 2666 Caietam

365 2721 385 2741 n
400 2709 532 2741 articulo
549 2716 662 2740 octavo
682 2714 713 2740 et
731 2712 819 2739 nono
839 2707 964 2739 adverte
982 2708 1051 2739 tria.
1075 2705 1194 2744 Primo,
1214 2703 1304 2749 quod
1323 2705 1399 2749 quia

338 2723 474 2795 Iregula
487 2753 639 2794 generalis
655 2760 701 2784 est
724 2754 813 2794 quod
837 2760 1002 2794 praecepta
1021 2752 1215 2789 affirmativa,
1240 2760 1398 2793 quantum

335 2803 382 2830 est
404 2809 441 2830 ex
463 2793 530 2830 iure
553 2802 693 2834 naturae,
717 2807 783 2828 non
807 2794 947 2837 obligant
971 2791 1030 2827 nisi
1053 2797 1086 2827 in
1109 2797 1241 2828 articulo
1265 2797 1398 2828 necessi—¹

334 2843 417 2880 tatis,
434 2850 470 2874 ut
485 2845 606 2873 Auctor
620 2842 671 2873 hic
689 2842 837 2878 insinuat,
851 2849 882 2873 et
899 2842 933 2872 in
949 2842 991 2873 lv
1002 2840 1090 2873 Sent.
1105 2839 1124 2860 '⁸'
1138 2848 1282 2882 expresse
1295 2844 1396 2878 tenen

335 2887 409 2918 ideo
432 2891 491 2918 nec
513 2887 643 2918 interior
664 2886 792 2917 dilectio
810 2886 1020 2917 *inimieorum
1042 2886 1075 2916 in
1098 2885 1240 2927 speciali,
1265 2890 1323 2916 nee
1346 2896 1398 2917 ex-

336 2931 434 2962 terior
455 2930 660 2962 beneficentia
683 2937 730 2962 est
751 2931 785 2961 iu
807 2937 978 2971 praecepto
1002 2930 1061 2960 nisi
1083 2930 1116 2960 in
1140 2926 1275 2961 articulo
1292 2937 1397 2970 neces*

336 2972 446 3008 simtis,
469 2974 591 3007 Sufficit
608 2975 697 3006 enim
716 2975 807 3015 quod
827 2975 928 3006 homo
947 2975 987 3006 sit
1008 2980 1135 3015 paratus
1155 2975 1194 3005 nd
1218 2974 1398 3005 faciendum

360 3020 427 3050 uod
441 3026 564 3051 tenetur
577 3019 754 3050 secundum
767 3019 884 3056 Deum,
901 3019 1040 3060 quando,
1055 3019 1119 3056 ubi,
1136 3025 1206 3055 etc„
1230 3018 1396 3051 tenebitur.

337 3030 432 3102 {uae
455 3064 651 3104 praeparatio
670 3061 767 3094 animi
791 3069 837 3094 est
859 3062 971 3104 procul
990 3056 1088 3093 dubio
1102 3063 1135 3093 in
1151 3062 1240 3093 omni
1263 3059 1397 3094 habente

337 3102 515 3139 caritatem:
539 3111 606 3138 non
627 3105 734 3138 minus
757 3110 855 3147 quam
878 3103 1075 3148 praeparatio
1098 3103 1196 3137 animi
1219 3106 1259 3137 ad
1281 3111 1397 3150 marty-

336 3146 421 3183 rium
442 3152 475 3182 in
499 3146 631 3183 articulo
653 3151 854 3182 necessitatis.

393 3196 559 3232 Secundo,
588 3195 679 3236 quod
700 3195 776 3236 qnia
796 3194 888 3236 loqui
909 3194 985 3226 huic
1008 3202 1178 3235 personna,
1203 3190 1340 3234 salutare
1360 3191 1396 3226 iis

336 3240 417 3277 lam,
439 3250 559 3277 emero,
582 3240 730 3276 vendere,
755 3239 914 3270 convivari
942 3249 1019 3270 cum
1040 3238 1122 3275 isto,
1144 3245 1177 3270 et
1198 3239 1259 3270 alia
1284 3239 1396 3270 huius-

336 3284 436 3322 modi,
460 3294 527 3315 non
541 3290 616 3315 sunt
638 3290 725 3315 actus
770 3283 804 3314 ui
826 3282 907 3315 fiunt
928 3283 969 3314 a‘d
987 3283 1259 3320 communitatem,
1282 3284 1339 3315 sed
1357 3285 1397 3315 ad

335 3335 488 3370 personas
510 3328 543 3359 in
566 3339 581 3359 s
605 3324 711 3364 eciaIi;
735 3327 745 3357 i
769 3337 807 3358 eo
831 3337 896 3369 non
921 3333 967 3358 est
989 3325 1195 3364 necessitatis,
1219 3321 1275 3358 sed
1296 3328 1396 3369 perfe-

337 3367 467 3409 ctionis,
498 3339 603 3414 quodP
614 3370 729 3413 aliquis
751 3370 882 3402 inimico
905 3380 964 3402 suo
992 3365 1158 3412 quuatur,
1187 3371 1275 3412 quod
1304 3366 1396 3403 illum

336 3417 460 3454 salutet,
477 3424 531 3448 aut
546 3417 664 3458 aliquid
683 3416 868 3447 huiusmodi
888 3415 988 3447 faciat.
1013 3416 1054 3447 Et
1075 3422 1241 3456 propterea
1257 3426 1330 3447 cave
1349 3423 1394 3453 tu,

1447 2705 1592 2738 lectionis
1615 2703 1746 2738 inimico
1763 2703 1917 2738 exhibere.
1942 2704 2048 2738 Habes
2065 2706 2200 2738 enimin
2222 2707 2324 2739 littera
2339 2705 2357 2728 ⁴
2372 2710 2514 2749 regulam
2542 2717 2551 2726 ·

1450 2751 1695 2792 distinguentem
1710 2752 1799 2792 *inter
1821 2751 1972 2783 beneficia
1994 2762 2076 2793 quae
2099 2752 2284 2784 exhibentur
2306 2753 2458 2793 proximis
2480 2754 2514 2785 in

1451 2795 1626 2833 communi,
1650 2803 1681 2827 et
1702 2793 1761 2827 ista
1784 2803 1858 2827 sunt
1880 2806 1962 2837 quae
1977 2794 2129 2827 omnibus
2145 2804 2199 2828 aut
2219 2798 2440 2830 communitati
2463 2806 2513 2830 ex-

1449 2840 1611 2877 hibentur;
1636 2847 1666 2872 et
1684 2836 1835 2871 beneficia
1854 2848 1935 2882 quae
1955 2841 2140 2872 exhibentur
2158 2841 2383 2883 particulariter
2401 2842 2514 2884 aliqui·

1449 2886 1510 2916 bus
1532 2884 1685 2926 personis,
1710 2892 1741 2916 et
1754 2884 1812 2916 ista
1827 2890 1903 2916 sunt
1924 2892 2006 2926 quae
2029 2885 2068 2916 ad
2091 2885 2294 2926 particulares
2312 2892 2349 2918 ut
2370 2884 2415 2918 sie
2428 2892 2512 2925 sunt,

1450 2938 1533 2971 quae
1556 2930 1702 2960 diximus.
1739 2930 1813 2960 Non
1841 2930 1928 2960 enim
1953 2930 2056 2961 homo
2080 2936 2206 2961 tenetur
2232 2931 2361 2962 cuilibet
2388 2931 2513 2963 homini

1449 2975 1550 3015 loqui,
1574 2980 1632 3005 nec
1654 2974 1828 3015 quemlibet
1850 2974 2016 3005 hominem
2031 2974 2176 3012 salutare,
2199 2982 2257 3006 nec
2276 2986 2351 3006 cum
2369 2975 2514 3017 quolibet

1449 3019 1673 3060 negotiationis
1689 3018 1918 3049 commercium
1933 3019 2056 3056 habere,
2073 3026 2104 3050 et
2118 3019 2179 3050 alia
2194 3019 2390 3052 huiusmodi.
2407 3021 2513 3060 Habes

1449 3070 1480 3094 et
1503 3073 1631 3094 causam
1655 3063 1780 3103 regulae
1803 3061 1963 3094 exterioris
1986 3064 2128 3104 regulam
2150 3063 2350 3102 interiorem,
2378 3075 2443 3106 qua
2466 3066 2512 3096 di-

1450 3100 1529 3138 citur
1552 3103 1641 3148 quod
1657 3113 1693 3138 ex
1712 3111 1881 3148 praecepto
1897 3107 2006 3139 caritas
2029 3114 2095 3139 non
2118 3115 2243 3140 tenetur
2266 3108 2453 3141 descendere
2472 3109 2512 3141 ad

1449 3148 1646 3192 diligendum
1668 3151 1767 3188 hune,
1792 3152 1847 3182 sed
1870 3142 1985 3183 suffieit
2007 3151 2133 3192 diligere
2155 3153 2263 3194 ipsum
2292 3154 2325 3184 in
2347 3152 2512 3185 communi

1448 3197 1499 3227 vel
1522 3196 1554 3226 in
1579 3195 1817 3232 communitate,
1842 3201 1878 3227 ut
1899 3196 1933 3227 in
1956 3195 2059 3228 littera
2082 3197 2205 3228 dicitur.

1504 3240 1624 3276 Tertio,
1648 3240 1738 3280 quod
1761 3244 1835 3271 cum
1857 3240 1938 3271 inter
1960 3237 2085 3282 aliquos
2107 3251 2144 3271 ex
2167 3248 2277 3272 neutra
2299 3246 2386 3282 parte
2410 3241 2442 3272 in
2458 3252 2511 3272 ve-

1449 3284 1537 3315 ritate
1561 3291 1607 3315 est
1624 3284 1803 3321 inimicitia,
1826 3285 1881 3315 sed
1903 3285 1979 3326 quia
1997 3285 2150 3325 processit
2173 3286 2285 3316 odium
2308 3286 2358 3316 vel
2380 3285 2509 3324 offensa,

1450 3335 1560 3360 neuter
1574 3326 1643 3359 vult
1665 3338 1698 3359 se
1720 3325 1843 3359 flectere
1866 3335 1902 3360 ut
1924 3326 2075 3370 loquatur
2089 3325 2186 3366 alteri,
2211 3337 2265 3360 aut
2287 3325 2364 3360 alter
2386 3336 2508 3362 tantum

1449 3376 1571 3404 recusat
1592 3371 1683 3413 loqui
1706 3364 1807 3410 alteri;
1831 3372 1864 3403 in
1880 3375 1993 3404 neutro
2010 3384 2083 3404 casu
2099 3371 2134 3405 fit
2149 3380 2257 3404 contra
2273 3373 2406 3404 caritatis
2422 3384 2510 3414 prae-

1449 3423 1586 3458 ceptum.
1612 3417 1653 3447 Et
1670 3417 1751 3447 ratio
1765 3423 1813 3448 est
1830 3417 1905 3458 quia
1923 3417 2023 3448 homo
2040 3428 2105 3448 non
2122 3425 2244 3449 tenetur
2259 3418 2299 3448 ad
2313 3417 2509 3449 locutionem

337 3461 515 3498 confessor,
540 3471 580 3492 ne
607 3471 700 3501 neges
723 3460 957 3492 absolutionem
989 3460 1111 3492 nolenti
1139 3460 1216 3492 haec
1239 3460 1327 3500 signa
1350 3461 1394 3491 di·
1420 3445 1422 3496 Ι
1449 3467 1479 3492 et
1502 3461 1562 3492 alia
1592 3461 1789 3501 particularia
1816 3462 2052 3492 benevolentiae
2075 3462 2163 3502 signa
2193 3468 2338 3502 respectu
2361 3463 2509 3493 omnium

2540 724 2552 735 ⁹
2567 724 2617 745 Art.
2635 724 2739 751 praeced.

2544 1742 2554 1751 ⁸
2571 1740 2636 1762 Vers.
2650 1744 2681 1763 αι.

2546 2057 2555 2065 ·
2568 2055 2604 2077 Aa
2617 2055 2689 2082 Rom„
2704 2061 2755 2083 cap,

2562 2088 2586 2109 n,
2602 2088 2660 2104 vern.
2675 2088 2705 2104 ιι.
