2892 4056
168 511 177 520 ⁴
192 510 259 537 Prop.
276 515 330 531 xvir.

410 220 484 256 302

459 300 517 335 AD
536 310 696 336 TERT1UM
716 311 900 336 DICENDUM
928 299 1033 346 quod
1052 299 1139 335 ideo
1161 299 1366 336 concordia
1387 311 1467 335 ma-

405 362 501 397 gnae
521 356 534 372 ⁸
553 363 612 388 res
632 359 806 388 crescunt
830 360 865 388 et
883 363 952 399 per
980 351 1208 388 discordiam
1239 351 1465 398 dilabuntur,

406 403 495 450 quia
514 403 632 440 virtus
661 412 803 452 quanto
834 412 889 440 est
912 403 1032 451 magis
1055 403 1172 449 unita,
1193 411 1297 440 tanto
1318 412 1373 441 est
1392 404 1466 440 for-

1055 221 1322 266 QUAESTIO
1349 221 1544 268 XXXVII,
1574 221 1869 257 ARTICULUS
1899 222 1930 258 11

1519 299 1611 335 tinet
1638 298 1687 335 ad
1715 298 1913 346 proprium
1943 299 2123 340 effectum
2151 301 2375 362 discordiae,
2397 314 2495 351 quae
2523 309 2580 338 est

1521 350 1656 387 divisio
1684 351 1945 387 voluntatum:
1979 363 2058 388 non
2087 360 2215 390 autem
2242 355 2403 402 pertinet
2430 355 2478 391 ad
2506 355 2579 391 ori-

1518 403 1646 451 ginem
1667 402 1907 440 diversorum
1925 403 2104 440 vitiorum
2127 417 2150 441 a
2169 405 2366 454 discordia,
2385 419 2455 455 per
2473 407 2579 454 quod

405 455 493 501 tior,
524 464 560 492 et
586 469 656 505 per
683 456 962 504 separationem
993 456 1234 502 diminuitur;
1262 464 1304 492 ut
1332 457 1467 493 dicitur
1520 456 1658 492 habeat
1686 455 1872 492 rationem
1899 455 1979 493 vitii
2008 456 2187 506 capitalis.

404 508 442 545 in
463 509 557 545 libro
586 509 631 545 de
664 510 794 545 Causis
814 510 845 545 ⁵¹².
875 508 986 545 Unde
1015 515 1118 556 patet
1146 509 1250 557 quod
1278 509 1353 545 hoc
1381 521 1466 558 per-

456 639 478 671 ε)
498 645 618 671 magnae.
637 651 654 655 -
668 644 772 669 parvae
790 637 822 666 P;
842 638 882 662 vel
896 644 1000 668 parvae
1018 645 1108 670 margo
1120 638 1155 667 D;
1175 642 1233 662 ante
1252 637 1409 662 dilabuntur
1427 638 1446 661 P
1466 638 1535 662 addit
1558 637 1702 662 maximae.

1075 716 1406 749 Commentariis
1428 715 1678 748 cardinalis
1699 717 1901 750 Caietam

434 807 453 826 N
477 795 608 826 articulo
633 796 772 825 secundo
798 795 932 825 dubium
956 796 1103 832 occurrit,
1120 806 1160 826 an
1184 796 1358 826 discordiae
1375 802 1464 826 ortus

407 810 470 870 Iex
493 840 577 869 inani
601 839 700 879 gloria
723 839 773 869 vel
795 839 912 869 invidia
935 839 974 870 sit
998 839 1144 877 effective,
1168 840 1219 870 vel
1241 839 1383 870 finaliter.

458 884 507 914 Ad
531 884 592 914 hoc
616 883 728 914 dicitur
751 883 840 924 quod
864 893 938 914 curn
958 891 1046 914 ortus
1069 884 1136 915 vitii
1157 893 1193 914 ex
1209 883 1285 914 vitio
1310 882 1380 926 (qui
1395 893 1462 913 me-

402 928 563 968 taphorice
579 928 755 967 appellatur
769 926 893 969 filiatio)
910 928 949 958 sit
967 935 1056 958 ortus
1076 928 1234 969 appetitus
1251 938 1287 958 ex
1303 927 1461 968 appetitu;

403 972 560 1012 appetitus
592 979 699 1002 autem
730 982 814 1002 unus
845 972 965 1003 oriatur
988 982 1024 1002 ex
1048 972 1110 1002 alio
1133 973 1325 1014 inquantum
1349 982 1386 1002 ex
1409 982 1463 1012 ap-

402 1016 501 1056 petitu
525 1016 619 1047 unius
643 1016 820 1057 appetibilis
844 1016 944 1047 oritur
974 1017 1132 1057 appetitus
1161 1017 1287 1047 alterius
1311 1016 1463 1056 appetibi-

400 1061 438 1091 lis
463 1059 512 1102 (ut
534 1067 619 1100 patet
641 1061 673 1091 in
698 1061 800 1097 bonis,
821 1061 898 1091 dum
923 1071 959 1091 ex
982 1070 1091 1091 amore
1105 1060 1161 1091 filii
1184 1070 1328 1091 amamus
1348 1061 1462 1100 paeda·

401 1113 535 1145 gogum;
560 1111 590 1135 et
612 1104 645 1135 in
668 1105 775 1140 malis,
801 1105 879 1135 dum
903 1115 940 1135 ex
963 1105 1038 1135 odio
1062 1105 1168 1135 uxoris
1201 1105 1276 1135 odio
1308 1105 1463 1135 habentur

402 1147 658 1191 consanguinei);
682 1149 715 1179 in
738 1149 923 1179 huiusmodi
939 1159 1014 1179 vero
1039 1156 1109 1180 ortu
1127 1149 1335 1189 dependentia
1351 1159 1461 1179 secun—

402 1194 480 1223 dum
503 1193 648 1224 ordinem
673 1203 785 1224 causae
808 1192 910 1223 finalis
933 1200 1091 1233 appareat,
1113 1193 1267 1233 quoniam
1282 1193 1461 1233 appetibile,

402 1244 437 1268 ut
461 1237 514 1274 sic,
538 1247 667 1268 causam
689 1236 818 1268 finalem
845 1237 997 1277 importat
1026 1244 1055 1268 et
1078 1243 1221 1276 respectu
1251 1237 1409 1276 appetitus
1433 1243 1463 1266 et

402 1281 527 1312 alterius
550 1281 743 1322 appetibilis:
764 1291 962 1322 consequens
985 1288 1031 1312 est
1054 1287 1090 1311 ut
1112 1281 1288 1311 secundum
1307 1281 1463 1311 rationem

402 1335 513 1357 causae
535 1325 637 1357 finalis
659 1326 872 1366 intelligamus
897 1324 1046 1365 assignari
1070 1323 1149 1355 filias
1171 1324 1323 1355 vitiorum
1346 1332 1377 1355 et
1399 1324 1461 1354 vir-

402 1376 518 1401 tutum.

459 1414 500 1445 Et
522 1413 555 1443 in
578 1412 745 1453 proposito
765 1413 894 1454 quidem
911 1419 1041 1453 apparet
1059 1413 1149 1453 quod
1168 1412 1333 1448 discordia,
1351 1422 1462 1442 secun—

402 1459 479 1488 dum
509 1458 681 1488 terminum
704 1458 743 1488 ad
767 1467 880 1498 quem,
905 1458 1000 1488 habet
1028 1465 1087 1497 pro
1117 1456 1179 1487 fine
1209 1457 1389 1497 superbiam
1412 1457 1462 1487 vel

401 1512 516 1532 vanam
539 1502 682 1542 gloriam.
708 1502 872 1539 Quoniam
894 1502 967 1532 ideo
991 1501 1104 1542 aliquis
1128 1501 1261 1532 scienter
1279 1501 1365 1541 eligit
1387 1511 1462 1541 pro-

402 1547 504 1586 priam
526 1546 724 1577 voluntatem
753 1546 923 1587 praeferre*
938 1545 1053 1576 iniuste
1082 1545 1208 1576 alterius
1230 1545 1402 1582 voluntati,
1428 1552 1463 1575 ut

403 1591 532 1621 excellat
553 1590 603 1621 vel
626 1591 658 1621 in
682 1601 724 1627 re,
750 1596 782 1622 et
804 1591 865 1621 hoc
889 1597 935 1621 est
958 1590 1119 1631 superbia;
1143 1590 1194 1620 vel
1213 1590 1245 1620 in
1269 1589 1461 1630 apparentia,

1516 803 1546 826 et
1569 795 1631 826 hoc
1654 803 1701 828 est
1723 807 1804 828 vana
1827 798 1936 837 gloria.
1970 798 2010 828 Et
2034 808 2070 828 ex
2093 797 2154 827 hoc
2178 798 2267 847 quod
2289 797 2402 838 aliquis
2426 798 2578 829 excellen-

1514 839 1592 869 tiam
1616 841 1737 880 appetit
1759 841 1793 871 in
1816 851 1848 872 re
1871 842 1921 872 vel
1943 842 1976 872 in
1999 841 2195 883 apparentia,
2212 841 2312 872 oritur
2335 841 2504 872 discordia:
2528 842 2578 872 in-

1516 884 1654 915 nascitur
1682 895 1822 926 namque
1853 892 1888 916 ut
1910 893 2038 926 appetat
2067 886 2099 915 in
2124 895 2181 915 sua
2208 885 2373 916 voluntate
2403 885 2578 929 persistere,

1515 934 1552 958 ut
1574 928 1617 958 sic
1633 930 1772 961 excellat.
1789 947 1810 952 -
1825 930 2008 960 Secundum
2023 937 2130 960 autem
2145 929 2317 960 terminum
2333 939 2351 959 a
2365 939 2443 970 quo,
2464 929 2579 960 eodem

1516 972 1626 1003 ordine
1650 974 1688 1003 ab
1712 973 1830 1004 invidia
1853 973 2001 1005 nascitur.
2024 974 2107 1004 Nam
2127 983 2163 1004 ex
2178 974 2240 1004 hoc
2263 974 2352 1015 quod
2377 973 2523 1004 dolemus
2539 974 2579 1004 de

1515 1017 1602 1047 bono
1626 1017 1763 1057 proximi
1786 1024 1823 1048 ut
1845 1018 2013 1049 excedente
2037 1025 2192 1054 nostrum,
2217 1018 2396 1058 appetimus
2420 1027 2579 1048 recessum

1515 1071 1533 1090 a
1555 1061 1639 1091 bona
1662 1062 1828 1092 voluntate
1853 1062 2005 1093 eiusdem.
2033 1062 2074 1092 Et
2096 1071 2254 1093 recessum
2278 1071 2295 1092 a
2317 1062 2481 1092 voluntate
2504 1071 2578 1102 pro-

1513 1104 1590 1135 ximi
1614 1105 1760 1145 eligimus
1775 1106 1815 1136 ad
1832 1106 2119 1136 consummandam
2143 1105 2385 1137 detestationem
2401 1105 2478 1136 boni
2493 1105 2578 1136 illius

1516 1156 1551 1179 ut
1573 1149 1800 1180 diminutivum
1831 1157 1962 1200 apparet
1994 1150 2106 1180 nostri:
2138 1157 2174 1181 ut
2197 1158 2290 1191 saepe
2320 1150 2396 1180 haec
2426 1156 2579 1209 apparent

1514 1193 1595 1222 inter
1618 1193 1789 1223 discordias
1812 1193 1995 1233 principum
2016 1193 2205 1224 vicinorum.
2611 1224 2616 1231 ,

1570 1236 1751 1267 Recolenda
1773 1243 1880 1267 tamen
1903 1243 1978 1268 sunt
2000 1237 2061 1273 hic,
2085 1243 2116 1268 et
2137 1237 2170 1267 in
2193 1237 2359 1273 similibus,
2383 1237 2460 1268 duo.
2490 1237 2577 1269 Alte-

1515 1289 1588 1310 rum
1611 1286 1658 1311 est
1680 1281 1769 1321 quod
1799 1280 1970 1320 appetibile
1992 1280 2025 1310 in
2048 1280 2155 1311 anima
2177 1281 2271 1311 habet
2293 1280 2388 1311 etiam
2416 1281 2579 1313 causalita—

1514 1331 1579 1354 tem
1603 1324 1793 1361 effectivam;
1819 1331 1854 1355 ut
1878 1327 2031 1355 Averroes
2055 1323 2141 1361 dicit,
2157 1324 2191 1354 in
2205 1324 2263 1355 ΧΠ
2277 1324 2473 1366 Metaphys„
2491 1334 2578 1356 corn-

1516 1375 1612 1399 ment.
1643 1379 1744 1399 xxxvr.
1769 1369 1915 1400 Alterum
1942 1377 2035 1405 vero,
2055 1368 2145 1409 quod
2173 1377 2278 1398 sermo
2307 1367 2436 1398 moralis
2465 1368 2579 1400 intelli-

1515 1413 1599 1452 gitur
1622 1412 1799 1443 secundum
1823 1412 1855 1443 id
1884 1413 1974 1453 quod
1997 1418 2033 1443 ut
2054 1412 2088 1442 in
2118 1412 2263 1453 pluribus
2288 1411 2456 1443 invenitur.
2484 1412 2578 1445 Unde

1515 1456 1595 1487 nihil
1618 1457 1722 1487 obstat
1745 1456 1770 1486 si
1793 1457 1988 1498 quandoque
2006 1455 2134 1487 aliunde
2154 1455 2269 1487 vitium
2284 1456 2386 1496 possit
2405 1455 2495 1487 oriri:
2520 1456 2579 1488 nec

1515 1500 1611 1531 etiam
1625 1501 1651 1531 si
1674 1501 1871 1542 quandoque
1885 1500 2052 1532 causalitas
2075 1499 2215 1531 effectiva
2233 1500 2397 1531 inseratur.
2419 1499 2482 1532 Sed
2503 1509 2580 1541 pro-

1515 1545 1621 1585 posito
1651 1545 1781 1575 moralis
1805 1545 1966 1575 doctrinae
1988 1543 2060 1575 finis
2089 1544 2259 1585 praecipue
2285 1544 2588 1576 accommodandae

1514 1589 1649 1620 videtur.
