2892 4056
2375 132 2482 157 XXXIII

314 200 496 242 Castello
521 199 574 240 de
594 199 790 246 Venetizs,
818 199 1013 240 salutem.
1053 199 1378 239 Commentaria
1397 202 1546 238 nostra
1573 199 1616 238 in
1645 199 1888 239 Secundam
1916 199 2138 239 Secundae
2163 200 2272 239 Divi
2299 200 2339 239 T
2331 200 2484 241 homae

307 262 545 316 Aquinatis
565 260 851 314 imprimenda
873 260 1132 301 tradidimus
1152 261 1338 301 Domino
1366 261 1600 300 Octaviano
1625 261 1758 301 Scoto.
1781 261 1845 301 Et
1862 261 1966 314 quia
1987 273 2154 301 necesse
2175 264 2240 301 est
2258 264 2309 301 ut
2327 261 2484 314 aliquis

309 324 456 365 doctus
486 323 546 363 sit
574 323 652 375 qui
679 335 736 362 ex
767 323 911 362 animo
943 322 1139 362 intendat
1166 322 1418 362 correctioni
1445 322 1744 375 impressionis,
1781 325 1825 362 et
1851 335 1935 362 non
1963 323 2245 376 permittatur
2269 323 2364 376 ipsa
2380 322 2482 377 for-

309 397 483 426 marum
515 384 716 424 correctio
748 384 1072 438 compositorum
1104 382 1355 430 discretioni,
1391 382 1484 423 ideo
1505 382 1709 423 desiderii
1736 384 1875 423 nostri
1903 386 1967 424 est
1995 387 2047 424 ut
2071 387 2117 424 tu
2138 397 2289 425 curam
2321 385 2484 425 habeas

307 447 438 488 totius
468 445 630 498 negotii
657 448 700 485 et
728 444 797 485 die
826 447 1034 497 noctuque
1063 443 1392 498 superintendas
1423 447 1474 485 ut
1490 443 1670 498 formae
1699 445 1789 484 sint
1817 445 1919 485 bene
1940 448 2163 485 correctae.
2198 446 2350 498 Neque
2371 446 2482 486 enim

309 508 468 549 sci'mus
499 506 686 560 aliquem
718 506 844 547 isthic
863 506 942 559 qui
963 505 1013 545 id
1027 506 1219 546 muneris
1241 508 1280 545 te
1300 506 1453 546 melius
1474 509 1717 559 exequetur.
1751 507 1903 560 ltaque
1924 506 2269 547 commendamus
2292 507 2371 547 tibi
2387 521 2481 548 ma-

309 570 442 610 iorem
474 569 519 608 in
546 567 719 608 modum
740 567 857 607 illius
877 579 1039 607 curam.
1074 567 1229 607 Facies
1260 567 1380 607 nobis
1402 580 1495 607 rem
1513 568 1813 621 gratissimam
1843 569 1885 608 si
1902 569 2021 608 omni
2037 568 2177 608 studio
2199 572 2242 608 et
2260 569 2481 622 diligentia

309 631 411 672 huic
441 630 607 683 negotio
628 628 829 670 intendes.
869 627 977 668 Vale
997 631 1041 668 et
1053 630 1140 682 pro
1171 628 1292 669 nobis
1318 642 1407 669 ora.
1442 629 1618 676 Romae,
1645 628 1726 669 25a
1750 630 1952 683 Augusti,
1980 629 2111 681 [517.
2146 630 2324 684 Injuncti
2353 630 2480 670 officii

310 692 630 746 susceptionem
659 690 1016 731 Bartholomaeus
1042 690 1324 743 sequentibus
1356 690 1501 731 litteris
1529 691 1802 745 significavit:
1845 690 2213 731 Reverendissimo
2243 692 2286 731 in
2314 691 2482 732 Christo

309 754 442 794 Patri
458 767 511 794 ac
530 752 716 793 Domino
739 750 1040 798 colendissimo,
1065 751 1251 792 Domino
1277 752 1318 791 T
1309 751 1464 792 homae
1480 752 1532 792 de
1554 752 1632 792 Vio
1652 752 1864 800 Caietano,
1890 753 1933 792 S.
1950 753 2004 793 R.
2023 753 2074 792 E.
2099 753 2350 805 Presbytero
2373 753 2480 794 Car-

309 815 451 856 dinali
468 813 585 855 tituh
602 813 646 854 S.
659 813 780 853 Sixti
797 826 850 853 ac
879 813 1007 852 totius
1035 813 1211 853 Ordinis
1230 813 1587 854 Praedicatorum
1624 814 1829 854 Generali
1854 814 2077 867 Magistro,
2109 814 2273 854 Frater
2290 816 2479 855 Bartho-

310 877 502 918 lomaeus
532 875 586 916 de
607 874 754 928 Spina,
778 874 978 921 Pisanus,
1003 872 1195 914 eiusdem
1228 874 1404 915 Ordinis
1427 874 1654 928 professor
1673 876 1885 922 minimus,
1912 877 2017 929 post
2044 876 2247 916 humilem
2271 889 2479 916 commen—

309 938 524 980 dah‘ouem
561 949 613 977 ac
645 936 929 976 reverentiam
957 938 1030 976 etc.
1064 936 1225 990 Recepi
1253 936 1419 976 litteras
1444 950 1472 976 a
1499 936 1873 977 Reverendissima
1905 937 2207 977 Dominatione
2243 938 2398 978 Vestra
2435 939 2479 978 in

309 999 463 1053 quibus
485 997 715 1052 paternali
723 997 897 1050 fiducia
919 997 1189 1038 commendat
1217 998 1327 1038 mihi
1344 1010 1501 1038 munus
1532 998 1792 1051 invigilandi
1814 1000 1946 1051 super
1964 999 2238 1052 impressione
2259 999 2481 1040 Secundae

309 1059 533 1101 Secundae
564 1059 722 1100 Sancti.
750 1059 938 1107 Thomae
966 1059 1204 1112 Aquinatis
1234 1072 1330 1100 cum
1368 1059 1694 1100 Commentariis
1725 1062 1864 1113 nuper
1888 1060 1942 1100 ab
1975 1073 2043 1106 ea,
2078 1062 2261 1113 superno
2302 1060 2481 1114 afflante

309 1122 491 1177 Spiritu,
533 1120 804 1162 elucubratis.
837 1121 935 1174 Ego
955 1120 1354 1162 Reverendissimae
1384 1121 1684 1161 Dominationi
1713 1122 1892 1161 Vestrae
1919 1121 2182 1161 immortales
2197 1123 2371 1174 gratias
2396 1136 2479 1175 ago

309 1183 427 1238 quod
442 1183 554 1224 mihi
569 1182 752 1237 dignata
772 1182 832 1222 sit
850 1183 1103 1223 thesaurum
1124 1195 1251 1223 suum
1273 1183 1632 1236 pretioszssimum
1662 1182 1968 1230 commendare,
1993 1186 2044 1223 ut
2066 1196 2149 1222 non
2177 1183 2479 1237 impressorum

290 1244 766 1290 ..mammillatum
792 1257 959 1284 omnem
982 1244 1223 1298 perlustret
1245 1244 1495 1285 Ecclesiam.
1528 1245 1678 1297 Agam
1705 1247 1848 1284 autem
1861 1246 1947 1298 pro
1979 1244 2148 1284 modulo
2180 1258 2281 1291 meo,
2316 1248 2480 1298 totoque

309 1306 467 1360 affectu
487 1309 663 1360 operam
685 1318 851 1346 omnem
876 1305 1121 1359 impendam
1147 1307 1198 1345 ut
1214 1306 1340 1346 iuxta
1361 1305 1478 1359 quod
1494 1305 1546 1345 de
1566 1319 1634 1346 me
1660 1307 1815 1346 Vestra
1837 1306 2086 1346 Dominatio
2107 1305 2479 1346 Reverendissima

309 1369 423 1409 mira
456 1367 716 1420 benignitate
746 1366 924 1420 confidit,
958 1367 1049 1407 voti
1076 1369 1244 1420 compos
1274 1366 1497 1420 efficiatur.
1542 1366 1682 1407 Felici
1708 1368 1798 1407 vita
1829 1368 1951 1407 vivat
1978 1368 2021 1407 in
2051 1381 2204 1408 aevum
2230 1368 2479 1408 Dominatio

255 1478 258 1480 ι
314 1429 471 1469 Vestra
501 1427 887 1475 Reverendissaema,
923 1428 996 1468 cui
1022 1440 1090 1468 me
1120 1428 1342 1468 humiliter
1366 1428 1666 1468 recommendo.
1707 1429 1900 1474 Venetiis,
1938 1430 2017 1468 [θα
2047 1429 2314 1482 Septembris,
2346 1429 2408 1469 [5
2409 1441 2434 1469 J
2442 1439 2477 1480 7.

307 1490 428 1532 Idem
461 1489 773 1530 Praefationem
817 1489 859 1529 in
893 1489 1313 1529 commendationem
1352 1496 1442 1530 turn
1481 1490 1615 1529 sancti
1648 1490 1845 1530 Thomae
1882 1495 1972 1530 tum
2012 1490 2249 1530 Cardinalis
2289 1491 2480 1531 Caietani

309 1551 900 1604 Commentariis1praemisit.
936 1551 1168 1606 Privilegio
1190 1551 1416 1592 Pontificio
1440 1551 1770 1605 impressoribus
1803 1564 2011 1591 concesso
2036 1551 2104 1592 die
2134 1564 2185 1603 14
2207 1552 2320 1600 Maii,
2352 1551 2478 1600 1518,

309 1625 420 1668 opus
452 1613 686 1667 perfectum
721 1619 785 1652 est
818 1612 886 1653 die
911 1625 968 1653 20
991 1613 1180 1667 Augusti
1214 1613 1407 1653 eiusdem
1439 1613 1551 1653 anni.

347 1721 351 1724 ,
433 1675 590 1716 Textui
614 1674 760 1715 Sancti
783 1674 980 1715 Thomae
1004 1674 1323 1715 Commentaria
1344 1674 1586 1730 iunguntur,
1611 1680 1654 1714 et
1678 1675 1884 1715 volumen
1906 1675 1966 1715 sic
1989 1674 2246 1715 inscribitur:
2280 1675 2477 1716 Secunda

309 1736 532 1778 Secundae
551 1736 815 1777 sanctissimi
831 1736 1032 1776 Doctoris
1057 1737 1098 1776 T
1090 1736 1244 1776 homae
1265 1736 1317 1776 de
1331 1737 1516 1789 Aquino,
1541 1735 1716 1777 Ordinis
1730 1736 2096 1783 Praedicatorum,
2116 1736 2329 1776 adornata
2343 1738 2478 1790 prae-

308 1798 562 1841 clarissimis
599 1798 926 1838 Commentariis
956 1798 1321 1839 Reverendissimi
1349 1799 1393 1838 in
1420 1798 1589 1838 Christo
1616 1798 1765 1838 Patris
1792 1811 1844 1838 ac
1866 1798 2052 1845 Domini,
2086 1798 2268 1838 Domini
2293 1798 2334 1837 T
2326 1798 2479 1838 homae

307 1860 361 1901 de
385 1860 466 1901 Vio
503 1859 706 1907 Caietani,
734 1860 777 1900 S.
800 1860 864 1900 R..
878 1860 932 1900 E.
966 1860 1082 1900 tituli
1110 1860 1153 1901 S.
1178 1860 1299 1900 Sixti
1325 1860 1573 1912 Presbyteri
1596 1859 1851 1906 Cardinalis,
1875 1860 2055 1899 Artium
2087 1862 2130 1899 et
2153 1859 2317 1899 Sacrae
2346 1860 2387 1899 T
2379 1860 2478 1899 heo-

308 1920 450 1975 logiae
478 1922 680 1962 Doctoris
710 1921 869 1968 eximii,
904 1934 957 1962 ac
988 1922 1115 1962 toti'us
1153 1921 1328 1962 Ordinis
1367 1921 1591 1962 Generalis
1623 1921 1840 1974 Magistri.
1894 1922 1941 1961 In
1983 1921 2067 1961 fine
2105 1934 2291 1974 sequens
2328 1921 2480 1975 legitur

308 1983 528 2039 epilogus:
581 1983 780 2037 Explicit
822 1984 940 2023 Pars
979 1983 1177 2024 Secunda
1218 1983 1441 2024 Secundae
1481 1983 1630 2023 Partis
1667 1983 1794 2023 totius
1832 1982 2037 2022 Summae
2086 1982 2127 2022 T
2118 1982 2336 2036 heologiae
2376 1983 2484 2022 Divi

315 2045 358 2085 T
349 2045 504 2086 homae
523 2045 770 2098 Aquinatis,
802 2045 978 2085 Ordinis
999 2045 1364 2092 Praedicatorum,
1391 2045 1432 2084 T
1424 2045 1698 2097 heologorum
1720 2044 1908 2084 omnium
1929 2044 2191 2084 sanctissimi
2207 2045 2476 2091 monarchae,

307 2120 419 2161 quae
450 2106 648 2147 Secunda
682 2106 906 2146 Secundae
929 2106 1110 2159 vulgata
1142 2107 1481 2147 denominatione
1511 2109 1706 2153 vocatur,
1742 2108 1945 2146 coronata
1977 2106 2229 2146 clarissimis
2261 2105 2478 2145 Commen-

307 2169 443 2216 tam'is,
467 2181 579 2221 quae
590 2167 956 2222 profundissimos
977 2168 1145 2208 litterae
1164 2182 1314 2209 sensus
1337 2168 1534 2222 prodant
1552 2169 1595 2208 in
1618 2168 1764 2214 lucem,
1795 2180 1991 2207 errorum
2013 2167 2200 2209 omnium
2224 2170 2314 2206 tum
2335 2167 2477 2206 minus

307 2230 634 2286 intelligentium
665 2233 862 2270 sanctum
893 2230 1136 2277 Doctorem,
1172 2233 1263 2270 tum
1294 2230 1483 2270 Martini
1511 2228 1734 2270 cuiusdam
1765 2228 1923 2269 novelli
1950 2228 2132 2268 doctoris
2156 2227 2479 2282 fulgentissimo

307 2291 444 2332 sederi
459 2304 506 2331 se
518 2292 563 2331 in
579 2291 815 2331 moralibus
833 2291 1076 2345 specialiter
1089 2292 1335 2361 opponentis
1350 2291 1494 2331 nubilo
1509 2290 1773 2345 propulsato,
1799 2293 1972 2330 auctore
1996 2291 2037 2330 T
2029 2290 2158 2330 homa
2182 2289 2254 2329 illo
2275 2289 2478 2329 Caietano

307 2352 641 2399 Praedicatorio,
667 2355 750 2392 toto
771 2353 860 2393 iam
882 2353 982 2393 orbe
1002 2354 1198 2406 omnique
1215 2352 1376 2407 futuro
1401 2353 1570 2393 saeculo
1591 2352 1983 2406 samigeratissimo
2009 2352 2243 2398 sancti,tate
2272 2350 2475 2397 doctrina,

308 2414 538 2455 cardineae
558 2413 819 2454 celsitudinis
835 2413 999 2467 gloria,·
1014 2418 1191 2455 sanctae
1210 2415 1373 2455 Matris
1392 2414 1612 2455 Ecclesiae
1633 2414 1784 2454 iubare
1800 2410 2164 2482 praeclarissimo.
2205 2412 2335 2452 Cuius
2356 2412 2483 2452 aurei

306 2475 535 2516 voluminis
573 2488 710 2515 novae
740 2475 841 2515 huic
871 2475 1153 2529 impressioni,
1198 2479 1288 2515 tam
1321 2479 1504 2528 utraque
1545 2475 1814 2528 exemplaria
1857 2474 1920 2514 ad
1955 2475 2177 2515 minimum
2218 2487 2351 2527 usque
2393 2474 2478 2514 iota

298 2536 675 2592 praecorrigendo,
710 2549 842 2589 quam
874 2537 1107 2590 impressas
1137 2537 1282 2577 dietim
1301 2535 1480 2590 formas
1510 2536 1708 2589 singulas
1728 2535 1893 2575 mendis
1913 2536 2106 2576 omnibus
2137 2538 2180 2575 et
2198 2535 2354 2575 erratis
2366 2538 2477 2604 pur-

303 2597 469 2653 gando,
503 2598 832 2651 vigilantissimo
862 2598 1012 2645 studio,
1039 2598 1241 2652 praefati
1277 2597 1641 2638 Reverendissimi
1684 2596 1930 2637 Cardinalis
1967 2596 2146 2650 speciali
2177 2597 2475 2643 commissione,

306 2659 619 2715 superintendit
662 2659 929 2700 Venerabilis
969 2656 1105 2700 Pater
1140 2660 1304 2700 Frater
1341 2659 1701 2700 Bartholomaeus
1747 2659 1799 2698 de
1838 2658 1994 2712 Spina,
2040 2658 2247 2704 Pisanus,
2291 2657 2477 2697 eiusdem

313 2722 499 2769 Ordinis,
523 2723 681 2762 Lector
706 2721 871 2762 Sacrae
901 2722 942 2761 T
934 2721 1154 2774 heologiae
1180 2722 1224 2761 in
1252 2721 1466 2761 Conventu
1499 2721 1652 2761 Sancti
1680 2721 1899 2761 Dominici
1916 2720 1968 2760 de
1994 2719 2175 2760 Castello
2203 2719 2477 2759 Venetiarum

305 2784 420 2825 vitae
457 2783 685 2836 regularis.
750 2783 937 2823 Venetiis
980 2783 1190 2837 impressa
1236 2783 1474 2836 sumptibus
1514 2782 1750 2827 haeredum
1782 2782 1997 2834 quondam
2038 2781 2218 2821 Domini
2253 2781 2481 2820 Octaviani

308 2845 428 2886 Scoti
455 2844 755 2885 Modoetiensis
786 2858 838 2885 ac
870 2845 1101 2891 Sociorum,
1137 2856 1198 2884 20
1228 2845 1424 2898 Augusti
1454 2843 1586 2884 [518.

431 2906 600 2947 Primae
628 2906 816 2955 editioni,
846 2920 922 2960 per
954 2906 1134 2946 litteram
1167 2907 1209 2946 A
1244 2905 1463 2953 indicatae,
1498 2906 1673 2945 alteram
1706 2905 1929 2952 Venetam,
1964 2917 2039 2958 per
2066 2905 2100 2944 B
2135 2909 2336 2951 notatam,
2372 2916 2475 2942 con-

307 2968 546 3023 iungimus,
581 2980 658 3021 per
689 2968 852 3009 Lucam
896 2968 1135 3008 Antonium
1169 2967 1222 3008 de
1257 2967 1416 3008 Giunta
1447 2967 1701 3021 impressam
1740 2979 1852 3006 anno
1894 2965 2021 3013 1522,
2055 2978 2185 3019 quam
2228 2964 2477 3005 auctoritate

306 3030 441 3084 ipsius
475 3029 667 3070 Caietani
701 3030 742 3069 in
775 3029 914 3070 lucem
947 3029 1160 3083 prodiisse
1193 3028 1403 3069 coniicere
1435 3029 1542 3076 licet,
1579 3041 1675 3068 cum
1709 3027 1864 3068 eodem
1897 3035 2090 3085 tempore
2125 3032 2167 3067 et
2198 3027 2295 3066 loco
2331 3032 2371 3066 et
2403 3038 2478 3079 per

308 3091 493 3133 eundem
537 3091 854 3146 typographum
899 3091 1219 3132 Commentaria
1257 3103 1336 3131 sua
1377 3091 1419 3130 in
1452 3090 1642 3131 Tertiam
1681 3090 1851 3130 Partem
1890 3089 2046 3144 publici
2086 3088 2187 3129 iuris
2219 3087 2374 3128 fecerit.
2429 3088 2476 3126 In

307 3153 398 3194 istis
432 3152 602 3192 duabus
625 3152 885 3193 editionibus
918 3158 1058 3192 textus
1091 3152 1304 3207 genuinus
1327 3152 1517 3192 habetur.
1551 3151 1673 3192 Licet
1706 3151 1883 3191 enimin
1917 3151 2019 3205 ipsis
2043 3150 2223 3191 mendae
2256 3149 2476 3189 invenian-

306 3221 386 3263 tur,
410 3214 541 3268 longe
574 3220 717 3254 tamen
750 3220 849 3254 sunt
881 3228 907 3254 a
939 3214 1245 3267 depravatione
1278 3213 1634 3267 subsequentium
1675 3212 1922 3253 editionum.
1963 3212 2107 3252 Missis
2149 3223 2259 3264 quae
2302 3210 2477 3250 minoris

307 3276 514 3318 momenti
548 3281 658 3323 sunt,
694 3276 735 3315 in
759 3275 948 3316 editione
970 3276 1011 3316 A
1035 3289 1198 3316 errores
1233 3275 1358 3316 etiam
1391 3275 1604 3330 gravioris
1638 3280 1765 3314 notae
1799 3287 1886 3314 non
1920 3274 2092 3321 desunt;
2128 3285 2311 3326 quorum
2334 3278 2476 3311 tamen

306 3351 405 3393 pars
439 3351 597 3392 magna
630 3338 670 3377 in
705 3338 739 3377 B
772 3337 888 3385 scite,
923 3342 965 3377 et
996 3343 1042 3377 ut
1075 3338 1131 3377 ita
1164 3337 1355 3377 dicamus
1387 3337 1628 3377 authentice
1661 3341 1849 3376 correcta
1881 3341 1989 3376 sunt.
2027 3334 2158 3387 Quod
2192 3347 2287 3374 curn
2321 3333 2477 3373 factum

308 3399 561 3447 invenimus
597 3399 824 3439 lectionem
847 3399 882 3439 B
915 3399 1007 3438 sine
1039 3399 1318 3439 haesitatione
1351 3398 1667 3452 adoptavimus.
1711 3397 1785 3437 Illa
1806 3398 1901 3438 loca
1934 3396 2187 3451 corrigenda
2216 3400 2334 3435 erant
2366 3407 2477 3447 quae

307 3467 547 3502 curatorem
581 3460 778 3501 editionis
812 3461 846 3500 B
882 3460 1137 3515 effugerunt,
1177 3473 1274 3500 cum
1307 3461 1460 3501 horum
1501 3459 1847 3500 emendationem
1881 3472 1967 3498 non
2002 3458 2080 3498 nisi
2119 3470 2213 3498 raro
2257 3456 2297 3495 in
2331 3456 2475 3509 aliqua

449 3538 558 3562 Sunium
576 3537 677 3561 Tmzot..
696 3537 728 3561 D.
740 3537 854 3560 Tuomst:
873 3536 906 3561 T.
924 3536 956 3560 V.
2324 3539 2338 3556 e
