2892 4056
176 299 181 305 ¹
198 296 264 318 Vers.
279 302 302 322 4¹
318 302 370 323 sqq.

172 1522 180 1530 ⁴
195 1520 261 1541 Vers.
275 1527 308 1546 4¹·

175 2632 184 2642 ’
199 2631 256 2653 Can.
287 2631 370 2657 Pasce,

174 2658 227 2679 dist.
246 2657 370 2679 LXXXVI.

413 212 490 257 254

412 290 518 326 sione
538 290 886 337 eleemosynarum3
902 296 943 324 ut
962 295 1064 336 patet
1084 288 1217 324 Matth.
1232 300 1303 324 xxv
1317 288 1348 325 ³⁸.
1371 290 1472 337 Ergo

413 343 503 380 dare
534 343 818 389 eleemosynam
851 349 904 376 est
932 340 968 376 in
997 348 1215 388 praecepto.

466 397 690 432 RESPONDEO
729 405 911 430 DlCENDUM
941 393 1046 441 quod
1086 405 1173 430 cum
1204 393 1353 430 dilectio
1387 407 1475 443 pro—

411 449 501 484 ximi
531 448 575 484 sit
603 448 641 483 in
669 454 887 495 praeceptO,
910 458 1064 481 necesse
1095 454 1150 482 est
1178 446 1310 483 omnia
1334 447 1395 483 illa
1416 460 1474 483 ca-

413 502 502 538 dere
532 501 601 536 sub
629 507 834 548 praecepto
865 499 944 534 sine
974 498 1112 546 quibus
1142 498 1290 536 dilectio
1311 500 1474 548 proximi

413 566 492 590 non
518 558 774 589 conservatur.
804 551 865 587 Ad
886 550 1127 587 dilectionem
1158 559 1284 588 autem
1314 552 1475 601 proximi

411 606 573 655 pertinet
592 613 633 641 ut
650 604 827 653 proximo
858 616 935 640 non
965 605 1089 640 solum
1118 604 1284 641 velimus
1313 606 1474 652 bonum,

412 659 478 696 sed
500 658 614 694 etiarn
635 669 856 705 operemur:
883 657 1095 694 secundum
1116 657 1208 694 illud
1228 658 1242 693 I
1264 659 1368 694 Ioan.
1386 670 1422 694 111
1436 658 1475 694 *t

410 712 500 748 Non
531 710 735 759 diligamus
762 710 877 746 verbo
906 721 1026 757 neque
1054 710 1199 759 lingua,
1219 711 1286 747 sed
1311 723 1425 759 opere
1443 717 1478 747 et

410 765 576 800 veritate.
605 764 666 799 Ad
695 764 769 799 hoc
798 769 926 799 autem
956 763 1061 811 quod
1085 763 1250 800 velimus
1279 771 1314 799 et
1343 776 1477 812 opere—

411 829 497 853 mur
534 817 681 852 bonum
720 815 876 852 alicuius
914 815 1115 863 requiritur
1147 816 1254 864 quod
1295 816 1376 853 eius
1413 829 1477 854 ne-

411 868 572 906 cessitati
600 867 893 915 subveniamus,
923 869 1029 916 quod
1057 869 1099 905 fit
1117 881 1187 917 per
1215 870 1477 919 eleemosyna-

410 935 494 959 rum
515 920 764 969 largitionem.
796 922 844 958 Et
863 921 951 958 ideo
977 923 1312 970 eleemosynarum
1333 924 1477 972 largitio

411 983 466 1012 est
494 975 532 1011 in
558 981 779 1024 praecepto.

464 1028 540 1064 Sed
561 1027 650 1076 quia
668 1034 872 1076 praecepta
892 1029 1030 1065 dantur
1049 1028 1095 1064 de
1117 1028 1263 1066 actibus
1281 1030 1476 1078 virtutum,

411 1093 566 1118 necesse
582 1080 643 1118 ”est
664 1081 770 1130 quod
789 1082 864 1117 hoc
893 1081 1012 1118 modo
1038 1081 1184 1118 donum
1206 1083 1476 1131 eleemosynae

410 1134 521 1171 cadat
549 1135 620 1170 sub
648 1142 876 1182 praecepto,
907 1134 1123 1171 secundum
1153 1136 1258 1182 quod
1288 1139 1394 1172 actus
1424 1145 1479 1173 est

411 1188 456 1224 de
486 1187 709 1224 necessitate
746 1187 913 1234 virtutis,
953 1187 1094 1223 scilicet
1131 1188 1343 1225 secundum
1374 1190 1477 1237 quod

410 1247 511 1276 recta
539 1241 632 1277 ratio
663 1240 829 1288 requirit.
860 1240 1081 1276 Secundum
1111 1252 1228 1287 quam
1250 1248 1306 1277 est
1333 1242 1477 1290 aliquid

410 1293 734 1330 considerandum
774 1306 818 1329 ex
852 1300 958 1341 parte
997 1292 1139 1337 dantis3
1179 1301 1216 1329 et
1253 1293 1394 1342 aliquid
1432 1307 1476 1331 ex

408 1354 515 1396 parte
546 1347 625 1383 eius
655 1347 714 1382 cui
744 1354 800 1382 est
833 1347 1080 1393 eleemosyna
1108 1346 1247 1382 danda.
1285 1347 1343 1383 Ex
1370 1355 1477 1396 parte

410 1399 566 1449 quidem
605 1399 728 1436 dantis
767 1398 1091 1435 considerandum
1125 1406 1181 1435 est
1221 1407 1263 1436 ut
1295 1399 1333 1436 id
1371 1402 1477 1449 quod

411 1460 465 1490 est
484 1453 522 1489 in
543 1453 809 1500 eleemosynas
834 1451 1071 1499 erogandum
1100 1451 1146 1488 sit
1166 1452 1199 1488 ei
1220 1453 1476 1501 superfluum:

409 1506 622 1543 secundum
658 1505 750 1542 illud
779 1506 873 1542 Luc.
903 1517 936 1542 xi
962 1505 1003 1541 *ε
1045 1505 1155 1546 Quod
1189 1512 1358 1554 superest
1393 1508 1478 1544 date

409 1560 701 1607 eleemosynam.
731 1559 780 1595 Et
800 1558 885 1594 dico
915 1557 1155 1607 superfluum
1176 1571 1255 1597 non
1275 1560 1400 1597 solum
1421 1573 1477 1597 re-

410 1620 543 1661 spectu
573 1612 630 1648 sui
658 1611 796 1660 ipsiUS,
836 1611 942 1659 quod
976 1618 1031 1648 est
1065 1623 1179 1660 supra
1216 1612 1255 1649 id
1287 1614 1393 1660 quod
1422 1621 1478 1651 est

410 1662 669 1702 necessarium
689 1664 888 1702 individuo
910 1669 942 1710 οι;
969 1664 1037 1701 sed
1058 1665 1170 1701 etiam
1191 1673 1367 1713 respectu
1387 1667 1476 1703 alio-

411 1731 494 1755 rum
515 1730 683 1767 quorum
704 1730 794 1754 cura
813 1718 884 1754 sibi
903 1717 1106 1754 incumbit:
1130 1718 1218 1766 quia
1237 1719 1343 1766 prius
1364 1732 1476 1768 opor-

409 1779 462 1808 tet
489 1771 594 1820 quod
613 1771 876 1819 unusquisque
897 1770 967 1807 sibi
986 1770 1189 1818 provideat
1208 1778 1244 1807 et
1263 1769 1278 1800 β
1299 1771 1358 1808 his
1382 1785 1476 1821 quo-

410 1837 495 1861 rum
529 1837 619 1861 cura
649 1824 682 1860 ei
711 1823 894 1860 incumbit
927 1825 1117 1872 (respectu
1146 1836 1313 1872 quorum
1343 1825 1478 1862 dicitur

410 1877 670 1915 necessarium
703 1889 890 1925 personae
927 1877 1142 1913 secundum
1182 1877 1287 1925 quod
1310 1889 1477 1926 persona

411 1931 631 1979 dignitatem
659 1930 840 1978 importat
858 1932 900 1975 γ),
923 1937 959 1966 et
985 1937 1121 1978 postea
1141 1929 1187 1967 de
1208 1930 1361 1968 residuo
1386 1932 1477 1968 alio—

411 1997 496 2021 rum
527 1983 813 2021 necessitatibus
848 1982 1106 2020 subveniatur.
1146 1983 1251 2020 Sicut
1280 1991 1315 2020 et
1343 1992 1478 2022 natura

409 2038 535 2086 primo
556 2036 692 2085 accipit
710 2036 782 2072 sibi
796 2034 820 2078 ⁵,
838 2036 887 2072 ad
907 2036 1219 2073 sustentationem
1233 2038 1377 2086 proprii
1397 2050 1479 2075 cor—

409 2091 533 2140 poris,
573 2090 679 2139 quod
709 2097 764 2126 est
799 2089 1057 2126 necessarium
1095 2089 1303 2127 ministerio
1332 2091 1479 2128 virtutis

410 2144 632 2188 nutritivae;
662 2142 902 2191 superfluum
931 2150 1059 2179 autem
1089 2150 1220 2190 erogat
1247 2143 1296 2180 ad
1323 2156 1480 2191 genera-

409 2198 555 2234 tionem
583 2195 736 2233 alterius
764 2208 834 2244 per
859 2195 1038 2232 virtutem
1067 2196 1339 2244 generativam.

465 2252 523 2287 Ex
542 2257 649 2298 parte
669 2255 799 2286 autem
827 2248 1040 2297 recipientis
1069 2249 1272 2297 r‘equiritur
1291 2250 1397 2298 quod
1416 2263 1480 2288 ne-

412 2304 627 2341 cessitatem
647 2303 808 2339 habeat:
837 2301 1007 2350 alioquin
1026 2314 1104 2338 non
1125 2310 1224 2338 esset
1243 2303 1336 2339 ratio
1362 2315 1481 2351 quare

412 2359 661 2404 eleemosyna
691 2355 725 2391 ei
753 2356 917 2392 daretur.
955 2355 1032 2392 Sed
1062 2367 1150 2391 cum
1179 2368 1257 2392 non
1285 2357 1405 2404 possit
1433 2358 1481 2394 ab

412 2411 539 2459 aliquo
561 2421 639 2446 uno
661 2408 841 2445 omnibus
862 2408 1126 2444 necessitatem
1146 2409 1377 2446 habentibus
1395 2410 1484 2446 sub-

411 2463 550 2506 veniri,
580 2474 660 2499 non
690 2461 814 2507 omnis
844 2461 1048 2497 necessitas
1077 2461 1220 2509 obligat
1251 2462 1300 2499 ad
1328 2475 1483 2510 praece-

411 2524 534 2566 ptum,
555 2515 624 2552 sed
652 2514 713 2551 illa
742 2515 825 2551 sola
853 2514 935 2551 sine
964 2526 1040 2561 qua
1064 2514 1094 2550 is
1124 2514 1187 2562 qui
1217 2515 1481 2552 necessitatem

411 2569 551 2619 patitur
584 2567 786 2605 sustentari
814 2579 892 2603 non
920 2574 1058 2615 potest.
1095 2568 1138 2603 In
1166 2567 1228 2604 illo
1259 2568 1362 2605 enim
1392 2581 1482 2605 casu

411 2624 539 2660 locum
560 2622 677 2658 habet
697 2620 803 2669 quod
821 2620 1052 2657 Ambrosius
1073 2619 1161 2657 dicit
1179 2619 1214 2657 *ε
1235 2622 1354 2658 Pasce
1369 2622 1484 2669 fame

411 2676 646 2713 morientem.
677 2674 718 2710 Si
744 2685 819 2710 non
843 2674 1013 2722 paveris,
1044 2674 1222 2710 occidisti.

466 2729 529 2766 Sic
556 2728 668 2776 igitur
697 2727 787 2764 dare
818 2727 1107 2775 eleemosynam
1134 2727 1181 2763 de
1202 2727 1400 2775 superfluo
1430 2734 1485 2764 est

411 2783 450 2819 in
478 2789 704 2831 praecepto;
745 2787 781 2816 et
810 2780 900 2817 dare
937 2780 1227 2828 eleemosynam
1262 2779 1296 2816 ei
1334 2779 1399 2829 qui
1429 2787 1484 2816 est

412 2836 450 2872 in
480 2842 649 2872 extrema
686 2833 922 2871 necessitate.
966 2833 1069 2870 Alias
1103 2840 1233 2870 autern
1271 2832 1485 2881 eleemosy-

467 2951 494 2983 α)
514 2949 662 2975 individuo.
680 2963 698 2967 —
717 2949 743 2974 in
765 2949 851 2974 Deum
877 2947 1109 2981 (A?)EFHLpCKR
1128 2952 1153 2972 et
1171 2955 1204 2977 x,
1223 2950 1339 2972 naturae
1357 2946 1391 2977 B,
1411 2945 1482 2971 indi-

414 2986 489 3011 vidui
507 2985 575 3016 DsC,
594 2993 648 3009 om.
667 2985 699 3009 G.

469 3020 494 3054 β)
514 3024 547 3046 et.
565 3033 586 3039 -
603 3020 663 3045 dein
682 3020 714 3049 D,
733 3022 759 3044 et
777 3020 803 3044 in
823 3020 854 3048 E,
874 3019 906 3044 de
924 3018 957 3043 K.

467 3057 494 3090 γ)
514 3059 662 3088 respectu...
682 3056 820 3086 importat.
833 3068 852 3073 —
870 3055 933 3079 Post
950 3053 1125 3079 subveniatur
1143 3052 1295 3085 (subveniat
1313 3051 1363 3083 Pa)
1382 3056 1482 3085 ponunt

415 3093 454 3117 Pa
473 3097 498 3117 et
516 3091 632 3121 codices;
651 3098 698 3122 pro
713 3097 838 3122 persona,
854 3097 987 3121 personae
1007 3090 1086 3114 BDH.

469 3126 493 3159 δ)
513 3127 571 3152 sibi.
589 3140 608 3145 —
626 3126 728 3158 aliquid
740 3126 790 3150 sibi
804 3126 835 3156 G,
848 3125 933 3150 cibum
949 3125 996 3149 Pa.

1085 211 1352 257 QUAESTIO
1381 213 1541 258 XXXII,
1571 212 1866 248 ARTICULUS
1895 212 1930 247 V

1528 302 1618 326 nam
1639 294 1651 309 ²
1671 289 1761 325 dare
1791 296 1846 324 est
1875 288 1913 324 in
1942 288 2121 336 consilio,
2157 289 2252 327 sicut
2281 298 2316 327 et
2349 291 2395 328 de
2426 291 2597 340 quolibet

1529 341 1679 378 meliori
1708 342 1813 377 bono
1844 341 1981 377 dantur
2010 341 2179 379 consilia.

1582 397 1641 431 AD
1662 405 1799 431 PR1MUM
1824 405 1922 430 ERGO
1950 405 2136 431 mcENDUM
2165 395 2271 444 quod
2299 396 2436 433 Daniel
2464 397 2596 444 loque-

1530 449 1640 484 batur
1660 447 1736 494 regi
1758 447 1822 495 qui
1837 459 1915 483 non
1936 455 2014 483 erat
2033 447 2104 494 legi
2124 447 2196 483 Dei
2216 448 2418 485 subiectus.
2441 449 2489 485 Et
2507 449 2595 486 ideo

1530 513 1574 537 ea
1590 500 1703 536 etiam
1720 512 1817 548 quae
1833 500 2022 548 pertinent
2037 501 2085 536 ad
2101 508 2350 549 praeceptum
2366 501 2468 550 legis,
2478 513 2596 549 quam

1528 566 1607 590 non
1627 553 1890 601 profitebatur,
1909 559 2014 589 erant
2030 552 2063 588 ei
2077 555 2330 601 proponenda
2348 567 2418 603 per
2432 555 2596 591 modurn

1530 605 1686 643 consilii.
1703 606 1807 643 -Vel
1826 613 1952 654 potest
1977 605 2050 643 dici
2070 606 2176 653 quod
2196 607 2424 655 loquebatur
2447 607 2485 644 in
2506 619 2597 644 casu

1529 659 1591 695 illo
1621 659 1659 695 in
1689 671 1766 706 quo
1797 659 1887 696 dare
1917 660 2203 707 eleemosynam
2231 671 2311 696 non
2338 667 2395 697 est
2421 659 2460 696 in
2487 672 2596 709 prae-

1531 719 1655 761 cepto.

1583 768 1641 802 At>
1666 776 1857 802 SECUNDUM
1877 776 2062 802 DICENDUM
2091 763 2198 812 quod
2226 764 2330 801 bona
2357 765 2596 814 temporalia,

1530 830 1629 866 quae
1658 817 1805 854 homini
1834 817 2011 855 divinitus
2041 817 2300 864 conferuntur,
2332 817 2412 854 eius
2441 817 2597 866 quidem

1530 879 1617 908 sunt
1644 878 1827 920 quantum
1852 870 1901 908 ad
1919 871 2213 920 proprietatem:
2244 870 2311 907 sed
2340 878 2528 919 quantum
2549 870 2598 908 ad

1529 937 1643 962 usum
1681 937 1759 961 non
1797 924 1922 960 solum
1953 924 2094 961 debent
2128 935 2210 960 esse
2240 923 2341 970 eius,
2381 923 2449 960 sed
2483 923 2597 960 etiam

1529 978 1706 1024 aliorum,
1727 977 1792 1025 qui
1813 989 1859 1013 ex
1880 977 1936 1013 eis
1951 977 2151 1014 sustentari
2171 984 2334 1025 possunt
2358 988 2404 1013 ex
2425 988 2471 1012 eo
2492 976 2599 1025 quod

1531 1031 1565 1068 ei
1585 1030 1784 1079 superfluit
1802 1029 1826 1067 ζ.
1856 1029 1968 1067 Unde
1987 1030 2148 1067 Basilius
2169 1029 2257 1066 dicit
2274 1029 2312 1066 *ε
2337 1030 2379 1066 Si
2391 1030 2534 1078 fateris
2553 1041 2598 1066 ea

1529 1085 1597 1121 tihi
1612 1084 1787 1120 divinitus
1800 1083 2020 1131 provenisse
2040 1083 2197 1130 (scilicet
2219 1082 2446 1132 temporalia
2466 1083 2598 1130 bona),

1530 1149 1580 1174 an
1609 1137 1766 1173 iniustus
1794 1141 1848 1172 est
1874 1137 1977 1172 Deus
2006 1136 2254 1184 inaequaliter
2271 1148 2332 1173 res
2351 1136 2458 1172 nobis
2477 1136 2599 1173 distri-

2723 1030 2738 1059 t

2625 1065 2635 1075 ⁸
2650 1064 2739 1086 Homil.
2762 1070 2836 1092 super

2624 1091 2684 1140 es.
2699 1096 2836 1146 3245*

1531 1189 1677 1226 buens?
1709 1189 1788 1225 Cur
1814 1194 1852 1224 tu
1881 1189 2064 1235 abundas,
2094 1189 2155 1225 ille
2182 1200 2272 1225 vero
2301 1189 2500 1235 mendicat,
2526 1189 2601 1226 nisi
2644 1213 2647 1214 ν

1531 1247 1572 1278 ut
1598 1247 1636 1277 tu
1670 1242 1792 1277 bonae
1824 1241 2108 1288 dispensationis
2127 1246 2145 1268 η
2165 1242 2299 1278 merita
2333 1241 2597 1290 consequaris,

1530 1295 1591 1331 ille
1617 1306 1708 1330 vero
1730 1293 1936 1342 patientiae
1963 1294 2104 1330 braviis
2132 1293 2366 1330 decoretur?
2395 1295 2464 1331 Est
2485 1295 2599 1343 panis

1527 1347 1698 1394 famelici
1714 1358 1824 1395 quem
1844 1352 1882 1383 tu
1901 1352 2013 1392 tenes,
2043 1346 2136 1383 nudi
2162 1346 2288 1383 tunica
2316 1357 2432 1395 quam
2453 1346 2490 1384 in
2511 1358 2600 1384 con-

1531 1401 1631 1438 clavi
1657 1411 1876 1446 conservas,
1914 1399 2130 1436 discalceati
2155 1399 2302 1436 calceus
2330 1400 2396 1448 qui
2420 1411 2538 1448 penes
2565 1405 2600 1436 te

1530 1454 1744 1499 marcescit,
1765 1453 1964 1502 indigentis
1992 1458 2196 1503 argentum
2225 1446 2326 1501 quod
2346 1453 2516 1501 possides
2543 1452 2599 1490 in-

1529 1509 1739 1545 humatum.
1777 1506 1964 1548 Quocirca
1993 1511 2047 1543 tot
2072 1506 2267 1542 iniuriaris
2291 1511 2382 1554 quot
2413 1506 2507 1542 dare
2533 1517 2599 1543 να-

1529 1562 1624 1598 leres
1642 1558 1668 1596 θ.
1697 1560 1747 1596 Et
1775 1560 1850 1596 hoc
1873 1559 1977 1595 idem
1999 1558 2088 1596 dicit
2106 1558 2347 1606 Ambrosius,
2367 1558 2407 1595 in
2425 1559 2576 1596 Decret.
2588 1587 2598 1607 ,

1531 1614 1614 1652 dist.
1646 1613 1785 1649 XLVII
1806 1612 1837 1649 ²¹⁶.

1582 1669 1641 1703 An
1660 1677 1821 1702 TERTIUM
1840 1676 2026 1702 DICENDUM
2054 1664 2161 1713 quod
2189 1671 2246 1701 est
2269 1663 2426 1712 aliquod
2446 1670 2600 1714 tempus

1530 1722 1619 1758 dare
1657 1719 1696 1755 in
1734 1731 1810 1767 quo
1841 1717 2050 1754 mortaliter
2078 1724 2220 1766 *peccat
2247 1717 2278 1753 si
2307 1717 2599 1767 eleemosynam

1530 1773 1621 1811 dare
1650 1771 1815 1818 omittat,
1845 1783 1890 1807 ex
1917 1778 2025 1820 parte
2054 1770 2211 1819 quidem
2246 1769 2479 1819 recipientis,
2509 1781 2599 1807 cum

1530 1832 1688 1875 apparet
1707 1824 1866 1861 evidens
1886 1831 1923 1860 et
1941 1835 2081 1871 urgens
2101 1823 2323 1870 necessitas,
2349 1835 2420 1860 nec
2443 1829 2602 1872 apparet

1529 1879 1567 1916 in
1586 1884 1770 1927 promptu
1790 1877 1854 1925 qui
1883 1876 1917 1913 ei
1946 1876 2171 1922 subveniat;
2201 1888 2246 1912 ex
2265 1882 2374 1925 parte
2391 1887 2487 1912 vero
2508 1876 2601 1913 dan-

1529 1932 1596 1979 tis,
1636 1930 1879 1967 cum-habet
1906 1929 2100 1978 superflua
2137 1941 2237 1978 quae
2270 1929 2483 1966 secundum
2525 1936 2600 1966 sta-

1529 1994 1611 2022 tum
1640 1990 1882 2032 praesentem
1911 1995 1991 2020 non
2019 1989 2107 2019 sunt
2134 1981 2204 2019 sibi
2232 1981 2460 2028 necessaria,
2485 1989 2603 2030 'prout

1530 2036 1778 2088 probabiliter
1804 2035 1999 2073 aestimari
2028 2043 2167 2084 potest.
2198 2035 2282 2072 Nec
2309 2042 2462 2084 oportet
2493 2034 2601 2083 quod

1532 2090 1748 2129 consideret
1775 2089 1824 2127 ad
1852 2095 1859 2110 ²
1889 2101 2026 2126 omnes
2063 2101 2174 2126 casus
2211 2088 2276 2137 qui
2310 2094 2473 2137 possunt
2509 2099 2599 2125 con-

1531 2146 1675 2192 tingere
1703 2143 1742 2180 in
1769 2143 1960 2179 futurum:
1989 2142 2066 2179 hoc
2093 2141 2197 2179 enim
2226 2147 2327 2178 esset
2357 2141 2404 2177 de
2435 2140 2600 2179 crastino

1532 2198 1722 2248 cogitare,
1752 2196 1858 2244 quod
1890 2194 2083 2232 Dominus
2109 2193 2299 2243 prohibet,
2338 2194 2480 2231 Matth.
2503 2205 2539 2231 vi
2566 2193 2599 2230 *.
2627 2202 2639 2214 ·

1533 2251 1611 2288 Sed
1641 2249 1755 2287 debet
1782 2247 1981 2286 diiudicari
2009 2247 2248 2297 superfluum
2278 2254 2314 2284 et
2339 2246 2600 2284 necessarium

1533 2302 1746 2341 secundum
1776 2314 1820 2338 ea
1839 2313 1938 2349 quae
1964 2300 2211 2349 probabiliter
2240 2307 2276 2336 et
2302 2306 2344 2336 ut
2362 2299 2400 2336 in
2429 2299 2602 2347 pluribus

1534 2363 1753 2394 occurrunt.

1588 2412 1647 2446 An
1677 2419 1850 2450 QUARTUM
1878 2417 2063 2443 monimum
2101 2405 2206 2454 quod
2235 2404 2362 2441 omnis
2396 2405 2601 2443 subventio

1533 2461 1698 2512 proximi
1727 2459 1919 2497 reducitur
1937 2459 1987 2495 ad
2005 2466 2253 2507 praeceptum
2280 2458 2327 2495 de
2345 2457 2602 2496 honoratione

1534 2522 1751 2564 parentum.
1791 2512 1853 2549 Sic
1882 2511 1981 2548 enim
2012 2520 2048 2548 et
2074 2512 2283 2560 Apostolus
2315 2510 2600 2560 interpretatur,

1535 2570 1549 2605 Ι
1570 2568 1622 2605 ad
1643 2567 1738 2604 Tim.
1760 2577 1796 2603 1v
1813 2565 1844 2612 *,
1875 2565 2026 2602 dicens:
2056 2565 2179 2602 Pietas
2197 2565 2249 2601 ad
2265 2564 2394 2602 omnia
2415 2564 2512 2601 utilis
2531 2570 2600 2611 est,
2627 2583 2636 2591 ·

1529 2620 1822 2670 promissionem
1849 2619 1991 2655 habens
2017 2618 2118 2655 vitae
2145 2629 2242 2666 quae
2269 2629 2370 2654 nunc
2397 2623 2451 2655 est
2477 2623 2513 2654 et
2531 2619 2602 2667 fu-

1533 2680 1663 2715 turae.-
1691 2672 1799 2722 quod
1829 2671 1918 2708 dicit
1945 2670 2034 2720 quia
2061 2671 2334 2720 inpraecepto
2364 2670 2411 2707 de
2435 2671 2602 2708 honora-

1534 2726 1637 2763 tione
1657 2733 1858 2774 parentum
1886 2724 2037 2761 additur
2054 2723 2271 2773 promissio,
2293 2729 2333 2759 ut
2348 2724 2428 2760 sis’t
2446 2723 2601 2774 longae-

1534 2791 1604 2816 vus
1630 2790 1744 2827 super
1771 2784 1913 2814 terram
1936 2777 1968 2813 *.
1999 2777 2079 2813 Sub
2107 2776 2246 2825 pietate
2270 2783 2400 2813 autem
2428 2788 2602 2826 compre-

1535 2831 1714 2869 henditur
1742 2830 1868 2867 omnis
1897 2830 2229 2878 eleemosynarum
2259 2828 2417 2876 largitio.

1588 2946 1610 2977 ε)
1630 2945 1835 2978 eleemosynam.
1852 2957 1872 2962 -
1889 2943 2071 2976 eIeemosynas
2091 2942 2227 2967 PCDLna.

1587 2980 1613 3012 ζ)
1632 2980 1781 3014 superfluit.
1798 2993 1819 2999 —
1836 2979 2004 3013 superfluunt
2021 2978 2101 3003 PDH.

1587 3016 1614 3048 η)
1634 3015 1850 3048 dispensationis.
1867 3028 1886 3032 -
1903 3013 2125 3046 compensationis
2145 3013 2186 3038 ed.
2200 3020 2218 3038 a
2236 3017 2262 3038 et
2281 3013 2383 3038 codices
2402 3017 2508 3045 excepta
2525 3020 2567 3040 εκ.

1587 3049 1611 3084 Θ)
1631 3051 1742 3076 valeres.
1759 3064 1778 3070 —
1797 3050 1886 3075 valens
1905 3056 1932 3074 es
1950 3049 1979 3073 P.
1996 3062 2015 3068 —
2034 3049 2101 3074 Ante
2119 3048 2145 3073 in
2166 3048 2223 3073 PsC
2242 3048 2339 3073 addunt
2358 3051 2387 3074 ut
2405 3048 2525 3074 habetur.

1590 3087 1608 3118 ι)
1628 3086 1673 3111 ad.
1690 3100 1710 3105 ·-
1727 3086 1790 3111 Om.
1809 3086 1857 3111 Pa.

1588 3122 1614 3155 κ)
1633 3122 1679 3147 sis.
1692 3135 1712 3141 -
1730 3121 1766 3146 sit
1784 3120 1930 3154 PAmxpn.

1093 3185 1427 3218 Oommentaria
1449 3183 1702 3216 Oardjnalis
1723 3183 1926 3216 Caietam

446 3265 467 3286 >t
491 3254 624 3285 arficulo
641 3254 754 3295 quinto
778 3253 919 3283 eiusdem
935 3251 1269 3292 trigesimaesecundae
1289 3249 1482 3292 quaestionis
1533 3250 1619 3290 poris
1636 3249 1768 3286 articuli,
1785 3249 1907 3279 dicatur
1921 3247 2081 3278 distincte:
2106 3247 2160 3278 Sic
2175 3257 2255 3288 ergo
2270 3246 2352 3277 dare
2366 3247 2602 3286 eleemoynam

419 3267 676 3330 Iadvertendum
701 3305 746 3329 est
770 3297 859 3338 quod
892 3297 1034 3327 doctrina
1057 3296 1207 3327 Auctoris
1229 3295 1292 3326 hoc
1315 3294 1348 3325 in
1367 3295 1441 3324 loco
1465 3304 1483 3324 a
1533 3295 1573 3324 de
1595 3294 1761 3334 superfluo
1791 3298 1838 3324 est
1868 3294 1900 3323 in
1919 3296 2116 3333 praecepto,
2149 3297 2179 3322 et
2201 3292 2282 3322 dare
2311 3291 2549 3331 eleemosynam
2573 3289 2604 3319 ei

417 3344 575 3384 plerisque
599 3343 658 3373 fuit
687 3342 770 3372 male
792 3341 960 3371 intellecta.
989 3343 1354 3381 Acceperunt·narnque
1382 3338 1482 3379 quod,

418 3388 595 3419 seeundum
620 3387 798 3418 doctrinam
821 3385 971 3416 Auctoris
994 3385 1059 3421 hic,
1084 3385 1122 3415 ad
1147 3385 1209 3414 hoc
1232 3383 1322 3424 quod
1346 3383 1483 3414 eleemo-

418 3442 496 3473 syna
519 3432 558 3463 sit
580 3432 611 3462 in
637 3437 805 3472 praecepto
838 3430 903 3460 duo
933 3429 1028 3459 simul
1051 3429 1266 3470 requirantur,
1292 3427 1408 3459 scilicet
1431 3437 1482 3457 su-

418 3475 579 3517 perfluitas
608 3476 639 3506 in
665 3475 796 3512 debente
826 3481 855 3504 et
879 3479 1016 3503 extrema
1040 3473 1208 3503 necessitas
1236 3472 1268 3502 in
1293 3481 1331 3502 eo
1357 3470 1408 3502 cui
1430 3470 1482 3501 de—

418 3521 525 3551 betur:
556 3530 630 3550 cum
660 3527 765 3550 tamen
800 3527 963 3558 expresse,
989 3517 1226 3551 concludendo,
1251 3516 1284 3546 in
1308 3515 1390 3546 calce
1415 3525 1481 3545 cor-

1533 3339 1588 3378 qui
1612 3343 1658 3369 est
1681 3339 1713 3368 in
1737 3343 1882 3368 est-trema
1906 3337 2112 3368 necessitate:
2135 3336 2220 3367 alias
2242 3340 2350 3366 autem
2374 3339 2421 3366 est
2443 3335 2476 3364 in
2500 3333 2598 3364 consi-

1533 3382 1587 3412 lio.
1611 3382 1651 3412 Et
1675 3382 1830 3422 quoniam
1853 3381 1918 3412 iarn
1947 3380 2041 3411 multi
2065 3380 2141 3410 anni
2164 3386 2239 3410 sunt
2261 3379 2350 3420 quod
2378 3383 2488 3410 contra
2516 3377 2604 3408 hunc

1535 3436 1665 3456 sensum
1689 3433 1857 3457 tractatum
1881 3424 2050 3465 specialem
2066 3423 2083 3443 *
2107 3423 2226 3464 scripsi,
2251 3422 2306 3454 ubi
2330 3422 2488 3453 evidenter
2510 3420 2603 3451 illum

1536 3469 1707 3506 confutavi,
1732 3469 2019 3510 pertranseundum
2039 3474 2131 3508 puto.

1592 3514 1630 3544 11.
1655 3514 1690 3544 In
1715 3514 1829 3544 eodem
1853 3513 1987 3544 articulo
2020 3513 2146 3542 adverte
2170 3511 2275 3552 quod,
2301 3519 2375 3541 cum
2406 3509 2472 3540 duo
2500 3508 2603 3549 capita

2722 1251 2739 1276 η

2626 1609 2636 1620 ’
2653 1609 2710 1632 Cu!-
2726 1608 2794 1632 Sicut
2810 1608 2837 1631 il.

2627 2761 2842 2814 {ffssffffkz

2624 2814 2694 2843 phes-
2726 2820 2778 2843 etp.
2805 2821 2841 2843 vx,

2627 2847 2689 2863 vers.
2702 2846 2761 2874 ²¹³·

2629 3423 2844 3453 ’opusc-dehac»

2628 3453 2688 3480 cept.
2701 3450 2818 3474 Euenos.
