2892 4056
168 491 175 498 ·
192 489 220 510 D.
235 489 285 510 882.

172 1695 180 1702 ·
196 1693 205 1714 1
221 1692 276 1714 Cor.
295 1697 346 1719 cap.
360 1698 383 1718 x,

171 1725 230 1740 vers.
244 1725 274 1748 3¹.

179 2321 187 2328 ·
196 2318 267 2340 Hom.
277 2317 354 2339 XXVI
365 2317 388 2338 in

178 2345 269 2372 Evang.

280 2804 296 2829 Υ

184 2852 237 2901 ’Sc‘lq
270 2857 379 2900 giezi..
384 2862 394 2866 -

184 2968 193 2976 ·
206 2966 279 2993 Qua,
289 2968 331 2987 art.
340 2971 364 2991 4,
375 2970 394 2991 5.

410 190 456 226 38

407 267 546 304 cedens
566 267 639 315 agit
659 267 695 304 in
716 268 850 303 virtute
879 267 1037 312 formae,
1058 277 1157 313 quae
1186 273 1242 302 est
1259 266 1463 315 principale

407 320 542 368 agendi
569 320 813 369 principium:
851 319 945 356 sicut
974 319 1075 355 calor
1102 317 1196 366 ignis
1225 318 1298 367 agit
1326 319 1364 356 in
1390 320 1464 356 vir-

405 381 483 410 tute
512 374 657 409 formae
686 372 947 409 substantialis.
979 371 1040 407 Sic
1070 382 1158 418 ergo
1185 383 1308 420 neque
1333 379 1465 409 natura

407 438 530 473 neque
556 426 651 462 fides
671 425 750 462 sine
767 425 918 461 caritate
933 431 1093 472 possunt
1111 424 1323 471 producere
1339 433 1464 461 actum

407 478 641 515 meritorium
665 477 701 514 *ε
731 477 797 514 sed
833 477 983 513 caritate
1018 477 1330 524 superveniente,
1361 485 1465 514 actus

406 531 495 567 fidei
529 531 571 567 fit
595 530 806 566 meritorius
834 541 902 577 per
930 529 1143 576 caritatem,
1174 530 1269 566 sicut
1297 538 1332 566 et
1361 538 1466 567 actus

407 591 561 620 naturae
592 591 627 618 et
646 582 822 619 naturalis
851 581 957 618 liberi
985 582 1134 619 arbitrii.

459 638 516 672 AD
552 647 741 672 SECUNDUM
779 646 962 672 DICENDUM
992 635 1096 682 quod
1135 636 1172 672 in
1206 635 1360 672 scientia
1390 637 1465 672 duo

406 696 564 736 possunt
585 687 832 724 considerari:
863 687 1002 724 scilicet
1021 687 1101 736 ipse
1121 700 1297 724 assensus
1317 688 1467 725 scientis

407 741 454 777 ad
475 753 554 777 rem
575 740 720 787 scitam,
738 748 773 776 et
788 740 1039 777 consideratio
1060 740 1113 776 rei
1132 740 1257 777 scitae.
1279 743 1468 778 Assensus

406 801 531 829 autem
554 793 731 830 scientiae
751 805 829 830 non
848 793 1040 830 subiicitur
1054 793 1173 830 libero
1189 793 1358 831 arbitrio:
1381 794 1468 842 quia

407 846 527 882 sciens
567 846 710 893 cogitur
747 847 794 883 ad
831 846 1115 883 assentiendum
1151 859 1220 896 per
1257 847 1467 884 efficaciam

407 899 752 936 demonstrationis.
786 900 834 936 Et
862 900 950 936 ideo
980 911 1156 936 assensus
1184 899 1360 937 scientiae
1390 913 1467 938 non

408 959 462 988 est
480 952 706 989 meritorius.
737 952 814 989 Sed
835 952 1084 990 consideratio
1106 953 1260 990 actualis
1280 953 1332 990 rei
1354 954 1467 991 scitae

407 1005 574 1041 subiacet
610 1005 729 1044 libero
767 1005 939 1042 arbitrio:
984 1014 1039 1042 est
1077 1006 1176 1042 enim
1213 1006 1251 1043 in
1282 1014 1495 1055 potestate

407 1057 572 1094 hominis
593 1058 833 1095 considerare
851 1060 913 1096 vel
933 1071 1011 1095 non
1031 1059 1283 1096 considerare.
1314 1060 1363 1096 Et
1381 1060 1467 1097 ideo

408 1110 659 1147 consideratio
688 1111 864 1148 scientiae
892 1119 1017 1160 potest
1037 1124 1118 1149 esse
1140 1112 1344 1160 meritoria,
1365 1113 1394 1149 si
1414 1125 1469 1150 re-

462 1241 486 1274 β)
510 1243 559 1268 Dei
584 1244 763 1269 invitantis.—
782 1245 834 1269 Dei
852 1245 963 1269 vitantis
986 1244 1157 1277 BFpE(pn?),
1179 1246 1231 1269 Dei
1255 1246 1376 1270 veritatis
1394 1247 1468 1277 AsE,

407 1278 614 1304 demonstrantis
633 1279 663 1311 D,
683 1279 833 1305 divinitatis
852 1280 910 1310 GH,
930 1280 982 1305 Dei
999 1280 1115 1305 iuvantis
1134 1281 1168 1310 L,
1190 1281 1242 1305 Dei
1260 1281 1393 1305 visitantis
1412 1288 1451 1305 sn.

1131 188 1396 234 QUAESTIO
1427 189 1475 236 ΙΙ,
1505 187 1799 224 ART1CULUS
1829 188 1864 223 X

1518 265 1656 301 feratur
1684 264 1733 300 ad
1752 264 1870 300 finem
1903 264 2074 310 caritatis,
2095 264 2192 301 idest
2219 265 2267 302 ad
2298 266 2487 302 honorem
2507 265 2580 302 Dei

1517 318 1579 354 vel
1598 315 1794 353 utilitatem
1814 316 1988 364 proximi.
2021 317 2097 353 Sed
2117 317 2154 353 in
2173 317 2250 354 fide
2265 326 2470 366 utrumque
2492 319 2579 354 sub-

1519 370 1614 406 iacet
1637 369 1755 405 libero
1777 368 1942 405 arbitrio.
1982 369 2030 405 Et
2049 368 2136 405 ideo
2157 378 2341 418 quantum
2368 370 2417 408 ad
2435 378 2579 407 utrum-

1519 434 1594 470 que
1614 429 1718 458 actus
1737 421 1827 458 fidei
1846 429 1972 470 potest
1991 434 2073 458 esse
2093 422 2318 460 meritorius.
2354 424 2430 460 Sed
2450 423 2579 472 opinio

1519 487 1597 511 non
1618 475 1733 511 habet
1751 474 1909 511 firmum
1934 486 2154 511 assensum:
2185 482 2240 512 est
2260 475 2361 512 enirn
2382 476 2579 524 quoddam

1521 527 1642 564 debile
1663 535 1700 564 et
1719 527 1928 574 infirmum,
1949 528 2160 564 secundum
2191 527 2481 578 Philosophum,
2506 528 2544 564 in
2567 529 2579 564 1

1519 581 1658 617 Poster.
1679 580 1699 602 ’¹‘
1727 580 1836 617 Unde
1857 593 1935 617 non
1954 581 2105 618 videtur
2123 580 2332 629 procedere
2353 593 2397 618 ex
2415 581 2582 630 perfecta

1520 634 1726 670 voluntate.
1757 634 1805 670 Et
1823 633 1876 670 sic
1906 646 1951 670 ex
1974 641 2080 682 parte
2109 645 2285 670 assensus
2313 645 2391 671 non
2419 635 2582 671 multum

1522 685 1674 723 videtur
1709 686 1849 723 habere
1889 687 2073 723 rationem
2112 685 2246 724 meriti.
2291 686 2368 723 Sed
2406 698 2451 723 ex
2477 694 2582 735 parte

1524 738 1836 776 considerationis
1865 739 2019 776 actualis
2047 747 2171 788 potest
2198 738 2393 776 meritoria
2421 751 2515 776 esse.

1553 794 1612 829 Ar>
1631 803 1791 829 TERTIUM
1814 804 1997 829 nlcENDUM
2022 794 2125 840 quod
2150 793 2209 829 ille
2238 791 2304 840 qui
2325 790 2443 829 credit
2469 793 2585 829 habet

1523 845 1716 882 sufficiens
1753 845 1990 883 inductivum
2020 846 2068 883 ad
2104 845 2360 882 credendum:
2397 844 2585 882 inducitur

1523 898 1624 934 enim
1654 898 1873 935 auctoritate
1895 898 2045 936 diVinae
2066 898 2259 936 doctrinae
2286 897 2476 935 miraculis
2496 909 2586 934 con-

1522 951 1706 998 firmatae,
1729 959 1775 998 et,
1797 952 1903 999 quod
1929 952 2013 1000 plus
2039 960 2105 999 est,
2126 951 2291 989 interiori
2317 951 2494 988 instinctu
2514 950 2586 988 Dei

1522 1003 1713 1041 invitantis
1733 1003 1758 1041 β.
1789 1005 1900 1041 Unde
1920 1017 1998 1041 non
2023 1005 2153 1042 leviter
2172 1005 2300 1042 credit.
2330 1005 2483 1041 Tamen
2507 1016 2594 1042 non.

1523 1057 1637 1094 habet
1674 1057 1865 1094 sufficiens
1900 1057 2136 1095 inductivum
2171 1059 2220 1096 ad
2249 1057 2448 1095 sciendum
2467 1062 2495 1094 Υ.
2539 1058 2587 1094 Et

1523 1109 1609 1146 ideo
1638 1122 1715 1146 non
1744 1110 1888 1147 tollitur·
1911 1111 2005 1147 ratio
2034 1111 2170 1148 meriti.

1576 1248 1602 1279 γ)
1627 1247 1732 1272 Tamen.
1743 1265 1749 1272 .
1756 1265 1762 1272 .

1524 1281 1542 1305 d
1577 1282 1595 1306 d
1660 1282 1679 1306 p
1788 1248 1932 1272 sciendum.
1944 1261 1964 1267 -
1981 1255 2039 1273 cum
2063 1248 2159 1272 habeat
2174 1248 2309 1281 sufficiens
2328 1249 2453 1273 motivum
2478 1248 2516 1273 ad
2533 1255 2589 1274 cre-

1543 1288 1574 1306 en
1597 1289 1640 1306 um
1681 1290 1706 1307 a.

1089 1349 1418 1382 Commentaria
1429 1349 1689 1395 xCardinaljfi
1712 1351 1910 1384 Caietam

411 1438 457 1499 IN
482 1427 613 1458 articulo
637 1437 736 1463 nono,
761 1428 792 1458 in
817 1428 1024 1468 responsione
1048 1429 1086 1458 ad
1110 1429 1261 1469 primum,
1279 1437 1355 1460 nota
1378 1430 1466 1471 quod

439 1482 475 1502 ex
499 1471 582 1502 calce
606 1472 673 1502 eius
704 1472 798 1502 habes
823 1473 911 1514 quod
942 1479 1030 1503 actus
1054 1480 1199 1510 naturae,
1233 1481 1267 1504 ut
1291 1475 1467 1510 comedere,

408 1516 523 1553 bibere,
548 1516 685 1546 dormire
701 1524 731 1547 et
746 1516 804 1546 alia
829 1517 1029 1553 huiusmodi;
1055 1524 1085 1548 et
1108 1518 1258 1548 naturalis
1278 1518 1366 1549 liberi
1390 1519 1468 1549 arbi-

410 1560 475 1596 trii,
501 1570 566 1602 quo
589 1561 741 1591 volumus
764 1571 831 1591 esse
854 1561 936 1592 beati
961 1569 991 1592 et
1014 1571 1078 1592 non
1103 1562 1218 1598 miseri,
1234 1563 1337 1593 vivere
1359 1570 1390 1593 et
1405 1573 1471 1593 non

1522 1430 1734 1462 Christianae:
1760 1432 1935 1462 doctrinam
1953 1431 2102 1466 divinam.
2123 1442 2205 1472 quae
2224 1433 2256 1462 in
2276 1442 2361 1462 sacra
2381 1431 2540 1472 Scriptura
2554 1439 2586 1464 et

1523 1475 1662 1506 Ecclesia
1685 1482 1746 1512 est;
1779 1476 1945 1518 miracula;
1970 1483 2001 1507 et
2023 1476 2206 1507 interiorem
2236 1476 2423 1507 instinctum
2453 1475 2590 1516 Spiritus

1524 1519 1637 1550 Sancti.
1663 1520 1769 1557 Quem
1785 1523 1905 1551 Auctor
1925 1520 2033 1551 ceteris
2054 1521 2237 1561 praeponit:
2263 1520 2339 1562 quia
2355 1519 2455 1551 sotius
2470 1519 2530 1551 Dei
2542 1527 2590 1551 est

1525 1573 1615 1603 agere
1638 1564 1670 1594 in
1695 1573 1764 1600 cor;
1789 1571 1820 1595 et
1842 1566 1908 1605 ipse
1930 1565 2069 1605 Spiritus
2093 1565 2196 1595 reddit
2218 1566 2431 1596 testimonium
2458 1565 2591 1605 spiritui

410 1605 502 1641 mori,
520 1611 595 1641 etc.;
619 1605 810 1646 inquantum
827 1613 900 1636 sunt
915 1606 1085 1636 voluntarii
1105 1613 1135 1636 et
1158 1607 1292 1637 ordinati
1313 1607 1351 1637 ad
1367 1607 1472 1638 Deum
1527 1613 1635 1638 nostro
1651 1609 1734 1648 quod
1746 1609 1816 1649 filii
1829 1609 1892 1639 Dei
1906 1618 2017 1640 sumus
2033 1609 2062 1645 *;
2079 1609 2164 1650 quod
2180 1619 2272 1640 nemo
2288 1610 2373 1640 novit
2389 1610 2452 1640 nisi
2465 1610 2520 1650 qui
2534 1619 2587 1640 ac-

411 1659 428 1679 a
453 1649 593 1685 caritate,
618 1649 650 1679 in
675 1649 808 1680 habente
830 1650 918 1680 illam
942 1658 1015 1680 sunt
1038 1650 1189 1681 meritorii
1213 1651 1294 1681 vitae
1318 1658 1471 1682 aeternae.

411 1693 452 1723 Et
475 1694 515 1723 ob
543 1694 605 1723 hoc
635 1695 811 1733 Apostolus
842 1694 1002 1724 mandavit
1027 1694 1061 1724 *:
1082 1694 1155 1725 Sive
1178 1696 1380 1726 manducatis
1409 1697 1475 1726 sive

412 1737 524 1775 bibitis,
550 1745 619 1774 etc„
644 1739 751 1768 omnia
776 1739 807 1768 in
831 1739 970 1779 gloriam
995 1739 1058 1769 Dei
1071 1739 1185 1780 facite.

468 1782 501 1811 In
526 1782 732 1822 responsione
763 1783 801 1812 ad
826 1783 975 1813 ultimum
999 1789 1075 1813 nota
1106 1783 1163 1813 tria
1194 1783 1374 1814 testimonia
1404 1783 1477 1814 fidei

1527 1653 1601 1692 cipit
1615 1652 1643 1682 θ’.
1661 1653 1748 1683 Haec
1763 1660 1870 1684 autem
1894 1653 1951 1683 tria
1975 1660 2048 1684 sunt
2064 1653 2195 1694 quidem
2219 1653 2408 1684 sufficienter
2429 1652 2590 1684 inductiva

1527 1696 1566 1726 ad
1583 1697 1784 1733 credendum,
1801 1697 1863 1728 hoc
1880 1705 1926 1728 est
1941 1698 1979 1728 ad
1998 1697 2176 1728 voluntarie
2192 1697 2438 1729 assentiendum.
2463 1698 2504 1729 Et
2518 1697 2590 1729 ideo

1529 1750 1594 1770 non
1610 1741 1727 1772 tollunt
1744 1751 1780 1771 ex
1796 1751 1853 1771 sua
1869 1741 2054 1773 sufficientia
2069 1741 2219 1772 meritum
2243 1741 2413 1773 credentis:
2438 1741 2519 1773 sicut
2534 1751 2592 1773 nec

1502 1759 1506 1824 i
1529 1785 1647 1815 tollunt
1670 1785 1888 1816 voluntarium
1911 1786 1943 1815 in
1967 1793 2037 1816 actu
2067 1786 2222 1816 credendi.

1585 1863 1636 1870 W

1210 1919 1527 1962 ARTICULUS
1559 1919 1810 1962 DECIMUS

647 2005 801 2035 UTRUM
826 2003 960 2034 RATIO
985 2003 1181 2034 INDUCTA
1205 2004 1263 2034 AD
1286 2004 1343 2034 EA
1367 2004 1486 2041 QUAE
1510 2004 1623 2035 SUNT
1648 2005 1759 2035 FIDEI
1784 2005 1998 2036 DIMINUAT
2022 2005 2223 2036 MERITUM
2247 2005 2359 2036 FIDEI
2414 2000 2416 2003 '

804 2082 871 2106 Part.
891 2082 931 2113 111,
951 2089 996 2114 qu.
1015 2089 1055 2112 ιν,
1074 2087 1122 2107 art.
1143 2081 1166 2112 5,
1186 2082 1218 2106 ad
1239 2081 1268 2112 33
1288 2082 1318 2106 111
1339 2082 1422 2113 Sene„
1443 2083 1502 2107 dist.
1521 2090 1585 2111 an,
1605 2087 1652 2107 art.
1674 2082 1696 2114 3,
1716 2089 1766 2116 qu*
1787 2083 1814 2113 33
1834 2084 1843 2107 Ι
1866 2083 1942 2108 Cont.
1964 2084 2056 2113 Gent„
2078 2091 2133 2115 cap.
2150 2091 2205 2108 vm.

501 2174 508 2186 ι
534 2188 548 2201 ,,
564 2176 602 2220 ᾗ(
626 2166 648 2191 D
669 2165 830 2191 DECIMUM
850 2165 903 2190 stc
923 2165 1162 2190 PROCEDtTUR.
1192 2153 1351 2191 Videtur
1370 2153 1476 2203 quod

628 2207 721 2244 ratio
760 2207 911 2243 inducta
932 2212 947 2227 ‘²
977 2207 1026 2243 ad
1055 2219 1100 2243 ea
1128 2218 1225 2255 quae
1263 2215 1350 2244 sunt
1387 2206 1477 2244 fidei

477 2300 481 2306 ¹
543 2257 815 2298 diminuat
855 2259 1033 2297 meritum
1075 2259 1177 2296 fidei.
1234 2260 1334 2296 Dicit
1375 2260 1476 2297 enim

473 2329 481 2338 ι
584 2305 846 2361 Gregorius,
871 2313 909 2350 in
935 2313 1103 2360 quadam
1132 2313 1289 2350 homilia
1321 2313 1352 2358 ²¹⁸,
1373 2313 1476 2362 quod

406 2368 507 2415 fides
526 2378 600 2403 non
620 2368 731 2404 habet
748 2366 922 2403 meritum
948 2367 1010 2402 cui
1026 2367 1193 2403 humana
1213 2368 1308 2403 ratio
1322 2368 1482 2415 praebet

418 2420 727 2470 experimentum.
765 2420 804 2456 Si
835 2432 924 2468 ergo
945 2420 1039 2456 ratio
1060 2420 1229 2456 humana
1249 2420 1480 2457 sufficienter

419 2473 722 2522 experimentum
738 2473 926 2522 praebens
945 2472 1106 2509 totaliter
1121 2473 1282 2510 excludit
1301 2473 1477 2511 meritum

418 2526 521 2573 fidei,
540 2527 691 2564 videtur
711 2525 725 2556 β
753 2527 857 2574 quod
885 2526 1173 2575 qualiscumque
1194 2526 1287 2563 ratio
1312 2527 1480 2563 humana

419 2580 572 2617 inducta
591 2581 640 2617 ad
665 2593 708 2617 ea
729 2592 827 2628 quae
856 2587 943 2616 sunt
970 2579 1059 2616 fidei
1089 2579 1283 2616 diminuat·
1302 2579 1478 2616 meritum

420 2633 522 2670 fidei.

475 2686 509 2724 2.
532 2687 764 2733 Prmarsmm,
786 2685 969 2734 quidquid
994 2685 1169 2722 diminuit
1198 2685 1383 2722 rationem
1408 2686 1480 2723 vir-

420 2740 507 2777 tutis
528 2740 703 2777 diminuit
730 2739 914 2776 rationem
936 2738 1077 2775 meriti:
1108 2738 1197 2786 quia
1213 2738 1380 2786 felicitas
1407 2739 1482 2776 vir-

421 2794 505 2830 tutis
533 2799 587 2830 est
606 2793 822 2841 praemium
850 2800 891 2829 ut
919 2791 1032 2829 etiarn
1053 2796 1068 2819 Υ
1097 2791 1351 2840 Philosophus
1380 2791 1480 2838 dicit,

421 2846 460 2883 in
500 2847 512 2882 1
541 2847 660 2883 Etkic.
685 2846 705 2868 *
743 2846 819 2883 Sed
855 2845 948 2882 ratio
985 2846 1154 2882 humana
1186 2844 1338 2882 videtur
1374 2845 1483 2882 ditni-

423 2911 540 2936 nuere
569 2900 753 2936 rationem
782 2898 927 2935 virtutis
955 2898 1072 2946 ipsius
1100 2897 1210 2935 fidei:
1242 2898 1330 2946 quia
1360 2898 1406 2935 de
1427 2910 1483 2935 ra-

422 2952 524 2989 tione
539 2951 629 2990 fidei
645 2959 700 2989 est
715 2952 819 3000 quod
839 2952 884 2989 sit
898 2963 975 2988 non
993 2951 1269 3000 apparentium,
1284 2958 1326 2988 ut
1341 2963 1454 3000 supra
1464 2951 1484 2974 *

424 3005 565 3043 dictum
596 3013 668 3051 est;
698 3013 840 3053 quanto
870 3012 996 3041 autem
1024 3005 1151 3053 plures
1179 3004 1343 3042 rationes
1377 3004 1485 3042 indu-

425 3065 561 3096 cuntur
593 3059 642 3095 ad
679 3058 839 3107 aliquid,
875 3065 980 3094 tanto
1018 3057 1144 3094 minus
1173 3065 1229 3095 est
1262 3069 1340 3095 non
1369 3070 1484 3107 appa-

425 3124 512 3149 rens
527 3109 552 3147 ὃ.
582 3112 685 3159 Ergo
719 3110 812 3147 ratio
846 3111 1017 3147 humana
1045 3110 1198 3148 inducta
1230 3112 1278 3148 ad
1312 3123 1357 3148 ea
1384 3123 1483 3160 quae

426 3172 513 3202 sunt
540 3164 630 3202 fidei
658 3163 834 3200 meritum
863 3163 954 3200 fidei
983 3163 1166 3201 diminuit.

482 3218 516 3255 3.
554 3218 796 3264 Punicam,
835 3216 1110 3254 contrariorum
1152 3217 1361 3254 contrariae
1401 3225 1486 3254 sunt

1530 2165 1680 2191 causae.
1703 2155 1779 2191 Sed
1802 2154 1840 2192 id
1861 2154 1966 2202 quod
1986 2154 2175 2191 inducitur
2194 2156 2232 2191 in
2254 2155 2483 2192 contrarium
2504 2155 2595 2192 fidei

1530 2215 1643 2255 auget
1666 2207 1842 2244 meritum
1870 2207 1981 2245 fidei:
2011 2208 2090 2245 sive
2119 2207 2165 2244 sit
2182 2208 2395 2256 persecutio
2426 2207 2594 2259 cogentis

1531 2261 1579 2297 ad
1600 2260 1855 2298 recedendum
1875 2273 1897 2297 a
1916 2261 2005 2307 fide,
2037 2261 2117 2298 sive
2138 2261 2251 2298 etiam
2282 2261 2328 2298 sit
2352 2261 2446 2298 ratio
2470 2261 2596 2311 aliqua

1531 2314 1605 2350 hoc
1646 2314 1893 2362 persuadens.
1941 2315 2044 2362 Ergo
2074 2314 2168 2351 ratio
2199 2314 2434 2351 coadiuvans
2475 2314 2594 2357 fidem

1533 2367 1708 2404 diminuit
1735 2367 1913 2404 meritum
1943 2367 2043 2404 fidei.

1587 2421 1661 2458 SED
1690 2432 1836 2457 CONTRA
1859 2432 1925 2457 EST
1945 2421 2050 2468 quod
2079 2421 2092 2455 I
2113 2420 2213 2456 Petri
2242 2431 2277 2456 111
2297 2419 2317 2442 *
2345 2419 2500 2457 dicitur:
2523 2420 2597 2457 Pa-
2625 2438 2633 2446 ·

1533 2474 1608 2510 rati
1641 2485 1788 2522 semper
1815 2474 1866 2510 ad
1890 2473 2181 2521 satisfactionem
2210 2473 2315 2510 omni
2334 2474 2506 2521 poscenti
2529 2484 2598 2510 vos

1534 2527 1717 2563 rationem
1737 2531 1749 2548 ‘²
1783 2527 1829 2563 de
1866 2538 1911 2563 ea
1940 2538 2037 2575 quae
2073 2527 2109 2562 in
2138 2526 2243 2563 vobis
2275 2531 2329 2563 est
2349 2527 2432 2574 fide
2458 2531 2494 2563 et
2518 2536 2594 2575 spe.

1534 2581 1624 2617 Non
1654 2587 1781 2622 autem
1819 2579 1866 2616 ad
1895 2580 1970 2616 hoc
2006 2579 2202 2616 induceret
2235 2580 2442 2628 Apostolus
2470 2580 2500 2616 si
2527 2591 2598 2629 per

1534 2634 1608 2670 hoc
1637 2632 1814 2669 meritum
1844 2632 1934 2669 fidei
1963 2632 2246 2670 diminueretur.
2278 2633 2368 2670 Non
2393 2644 2482 2681 ergo
2502 2632 2596 2670 ratio

1535 2685 1709 2724 diminuit
1736 2685 1912 2722 meritum
1934 2685 2036 2723 fidei.
2577 2699 2590 2734 ⁴.

1589 2739 1814 2775 Respounno
1843 2749 2026 2775 mcENDUM
2052 2737 2169 2784 quod,
2199 2736 2294 2774 sicut
2322 2737 2465 2775 dictum
2495 2746 2550 2775 est
2563 2738 2595 2784 ³¹²,

1536 2798 1641 2828 actus
1668 2791 1759 2827 fidei
1779 2798 1903 2839 potest
1923 2802 2005 2828 esse
2029 2789 2488 2839 meritoriusinquantum
2509 2792 2598 2828 sub-

1536 2845 1632 2881 iacet
1671 2843 1856 2880 voluntati
1893 2856 1970 2880 non
2009 2845 2133 2880 solum
2176 2850 2359 2892 quantum
2394 2844 2442 2881 ad
2469 2856 2596 2892 usum,

1537 2897 1605 2935 sed
1635 2897 1747 2934 etiam
1777 2904 1961 2945 quantum
1990 2898 2037 2934 ad
2066 2908 2274 2934 assensum.
2323 2897 2435 2933 Ratio
2470 2904 2597 2934 autem

1537 2952 1706 2988 humana
1733 2950 1885 2988 inducta
1904 2950 1954 2987 ad
1982 2962 2027 2987 ea
2047 2962 2146 2998 quae
2175 2957 2262 2987 sunt
2289 2949 2379 2987 fidei
2403 2950 2601 2999 dupliciter

1537 3011 1662 3054 potest
1690 3015 1730 3040 se
1758 3004 1898 3040 habere
1930 3003 1980 3040 ad
2007 3004 2243 3040 voluntatem
2275 3003 2472 3040 credentis.
2510 3003 2599 3041 Uno

1539 3057 1694 3107 quidem
1723 3057 1855 3102 m0d0‚
1877 3056 1971 3093 sicut
1998 3056 2249 3105 praecedens:
2282 3064 2374 3105 puta
2397 3068 2485 3093 cum
2514 3057 2599 3105 quis

1539 3119 1603 3148 aut
1639 3109 1748 3147 non<
1785 3111 1942 3147 haberet
1969 3111 2218 3156 voluntatem,
2243 3116 2307 3146 aut
2335 3121 2413 3146 non
2442 3109 2600 3147 haberet
2627 3142 2632 3146 ,

1539 3171 1757 3214 promptam
1786 3164 2022 3200 voluntatem
2051 3164 2100 3201 ad
2128 3158 2375 3209 credendum,
2405 3162 2476 3200 nisi
2505 3162 2599 3200 ratio

1538 3218 1708 3254 humana
1727 3217 1980 3254 induceretur.
2008 3216 2056 3253 Et
2076 3216 2128 3253 sic
2148 3215 2242 3253 ratio
2261 3217 2431 3253 humana
2449 3215 2600 3254 inducta

481 3349 507 3382 α)
528 3349 675 3375 ιἠάιιεὶα.-
694 3348 830 3374 inductiva
848 3348 893 3372 Pa.

482 3384 506 3417 β)
522 3385 694 3416 praebens...
714 3384 829 3408 videtur.
843 3397 860 3402 —
874 3384 1045 3415 praebeat...

480 3421 507 3452 γ)
526 3421 616 3445 etiam.
634 3434 651 3438 —
670 3420 732 3445 Om.
752 3419 803 3444 PK.

481 3454 505 3487 δ)
525 3456 611 3480 minus
630 3458 669 3480 est
688 3462 786 3480 nom—
805 3454 891 3479 minus
905 3457 943 3479 est
955 3454 1032 3479 homo
1051 3454 1100 3483 BF.
1120 3455 1206 3479 minus
1224 3454 1301 3479 homo
1319 3457 1358 3479 est
1376 3454 1487 3486 pACEx,

429 3492 515 3524 magis
535 3491 600 3515 illud
620 3491 678 3522 (hoc
697 3490 729 3520 G,
748 3498 800 3514 om.
820 3490 851 3522 L)
871 3493 910 3514 est
929 3489 1024 3519 GLsE.
1045 3490 1130 3515 minus
1149 3490 1198 3515 hoc
1220 3493 1258 3514 est
1278 3497 1329 3514 non
1350 3489 1420 3518 PHa,
1441 3489 1488 3513 mi-

1071 3384 1180 3409 Videtur
1198 3391 1263 3416 ergo
1283 3384 1328 3407 Pa.

1539 3354 1588 3388 nias
1606 3348 1750 3379 (apparens
1769 3350 1807 3371 est
1825 3347 1956 3379 quaestio)
1975 3347 1993 3377 1,
2014 3347 2099 3381 magis
2123 3350 2162 3372 est
2190 3346 2290 3372 homini
2309 3353 2360 3371 non
2381 3346 2418 3374 K.
2437 3347 2483 3371 sed
2503 3334 2600 3379 expun-

1540 3388 1575 3415 git
1593 3390 1654 3407 non.

1594 3419 1615 3449 ε)
1635 3418 1774 3442 rationem.
1793 3431 1811 3436 -
1829 3418 1941 3442 reddere
1959 3418 2091 3442 rationem
2111 3418 2157 3442 Pa.

1593 3453 1618 3485 ζ)
1638 3453 1695 3485 quis
1714 3456 1762 3478 aut
1780 3460 1840 3478 non.
1858 3467 1876 3472 -
1894 3453 1990 3485 aliquis
2002 3456 2050 3478 aut
2064 3456 2167 3478 tantum
2188 3453 2233 3477 Pa.
2246 3466 2264 3471 ·-
2282 3452 2332 3477 Pro
2351 3452 2430 3482 ratio,
2446 3451 2550 3477 ratione
2563 3451 2599 3481 D;

1541 3496 1589 3521 pro
1610 3488 1787 3518 induceretur,
1808 3488 1943 3513 induceret
1963 3488 1994 3519 G,
2014 3496 2072 3514 cum
2091 3489 2140 3514 hoc
2159 3488 2328 3513 induceretur
2346 3487 2364 3512 1.

2609 585 2654 607 “Ca
2672 591 2820 611 .xxxrn,n.2.

2611 592 2696 634 -sssiin
2703 612 2754 634 lect.
2760 618 2820 634 κων.

2617 1610 2628 1622 *
2642 1609 2678 1632 Ad
2694 1609 2759 1632 Rom,
2777 1615 2828 1638 cap.

2617 1642 2668 1673 yur,
2683 1642 2743 1658 ven.
2758 1636 2792 1658 16.

2649 2435 2759 2464 Vanus.
2783 2425 2788 2429 ⁴

2623 2751 2634 2762 ⁸
2648 2752 2700 2773 Art.
2715 2751 2835 2779 praeced..

2623 2777 2652 2799 nd
2666 2783 2686 2800 π.
