2892 4056
66 867 76 878 ⁸
89 867 146 889 Loc.
161 868 209 894 cin,
220 873 276 889 con-

64 893 122 915 clus.
138 900 170 915 ιο.

65 1002 132 1058 ἶιιὲὺ.
139 1003 244 1031 ἁμαρ.
252 1010 275 1029 x,

67 1356 150 1381 ³⁰³⁶&
167 1352 215 1371 ,³⁸3¹

51 1383 55 1386 '
122 1382 152 1399 im

45 1438 74 1462 ,³
92 1437 157 1461 m.
177 1438 274 1466 tib.11.

46 1470 152 1494 ⁸¹9⁴·

64 2946 74 2957 ⁸
82 2947 120 2968 Pe.
127 2951 208 2974 unu,
215 2951 274 2968 vers.

64 2978 97 2995 io.

65 3155 248 3187 ⁵0⁸9·¹,1·V¹=¹¹-

20 3198 23 3207 ,
64 3189 135 3209 xxxi,
157 3188 181 3204 m
203 3186 248 3204 vet.

65 3215 143 3232 xxxiv.

957 216 1221 262 QUAESTIO
1251 216 1428 263 XXXVI,
1456 215 1752 253 ARTICULUS
1782 216 1813 252 11

305 291 380 333 quia
401 291 476 323 inde
491 291 611 333 aliquid
633 293 768 323 alterum
783 294 911 330 accidet,
935 294 991 325 sed
1013 294 1089 335 quia
1102 294 1211 334 ipsum
1230 294 1290 325 tale
1306 299 1362 330 est,

305 335 421 367 scilicet
444 336 596 368 excedens
619 336 738 367 habens
762 338 837 368 mali
860 338 1008 379 speciem.
1027 357 1044 361 —
1060 338 1101 368 Et
1123 338 1198 379 quia
1213 338 1286 368 hinc
1300 337 1363 368 sol-

303 386 422 410 vuntur
444 379 503 410 tria
525 379 628 420 prima
652 389 854 421 argumenta3
879 389 909 413 et
932 382 1116 423 explanatur
1134 381 1319 413 Aristoteles
1334 387 1364 412 et

303 425 442 460 Auctor;
466 430 496 454 et
519 424 629 455 omnia
645 435 786 456 consona
809 432 976 471 apparenn
1000 425 1153 456 coniicere
1169 432 1259 466 potes
1275 425 1364 466 quod

303 476 377 498 vera
399 467 543 498 doctrina
566 469 643 499 haec
666 476 723 500 est.

359 511 413 542 Ad
435 518 584 552 quartum
607 520 832 552 argumentum
855 513 968 544 dicitur
986 513 1075 553 quod
1094 512 1206 543 tristari
1222 513 1260 544 de
1276 513 1363 543 bono

303 555 450 596 proximi,
474 555 537 586 hoc
561 563 617 598 est¹
629 557 756 588 alterius
771 556 922 593 hominis,
937 556 1014 597 quia
1027 557 1106 588 nolo
1122 556 1168 587 illi
1187 557 1266 588 bene
1286 566 1363 593 esse,

304 605 351 630 est
372 598 539 640 possibile:
563 600 618 630 sed
642 611 708 631 non
723 607 843 641 spectat
865 601 905 631 ad
927 600 1090 636 invidiam,
1106 600 1161 631 sed
1184 601 1223 630 ad
1240 600 1363 638 odium,
1389 595 1390 620 ³

304 641 394 674 cuius
424 650 471 674 est
499 643 579 674 velle
602 645 725 675 malum
755 643 843 676 alteri
866 643 990 674 homini
1021 654 1087 674 non
1110 651 1240 684 propter
1263 644 1362 682 aliud;

303 685 386 718 sicut
407 687 447 717 ad
470 697 614 718 amorem
637 687 791 719 amicitiae
814 694 934 730 spectat
955 688 1091 728 gaudere
1116 689 1154 718 de
1178 689 1265 718 bono
1289 689 1364 719 alte-

303 731 368 761 rius
391 731 530 762 hominis
553 732 716 769 absolute,
742 742 797 763 seu
827 738 958 772 propter
985 732 1091 772 ipsum
1119 732 1286 762 hominem
1308 732 1365 773 qui
1389 730 1390 760 ἒ

303 776 384 806 bene
407 775 511 806 habet.

358 819 424 851 VII.
442 819 478 850 In
495 820 609 851 eodem
621 819 755 851 articulo
768 819 884 860 primo,
896 818 930 849 in
946 819 1153 859 responsione
1172 820 1212 850 ad
1223 820 1362 857 tertium,
1389 820 1390 856 ξ

303 863 458 894 Martinus
474 864 609 894 occurrit
620 863 637 883 *
656 863 777 894 dicens:
801 877 815 892 ‹
833 862 948 900 Infero,
966 870 1075 894 contra
1085 863 1258 900 Thomam,
1275 865 1365 904 quod
1388 862 1390 891 Ῐ

303 917 340 938 ex
363 907 621 948 pusillanimitate
644 917 711 939 non
733 906 875 948 sequitur
889 906 1016 938 invidia.
1041 907 1186 938 Thomas
1202 907 1286 938 enim
1305 908 1364 938 im-

303 951 396 991 ponit
418 950 579 983 Aristoteli
601 951 691 992 quod
706 949 924 992 pusillanimes
948 957 1022 982 sunt
1044 950 1158 987 invidi3
1184 958 1214 982 et
1228 951 1365 992 applicat
1389 970 1390 974 =

303 995 343 1026 ad
365 994 427 1026 hoc
449 995 654 1035 probandum
676 994 834 1025 rationem
857 994 1036 1026 Aristotelis
1050 994 1078 1031 *,
1097 995 1174 1035 quia
1196 997 1303 1026 omnia
1320 996 1366 1026 eis

302 1049 424 1080 magna
447 1039 606 1070 videntur.
630 1039 718 1070 Haec
742 1038 852 1079 opinio
869 1038 1016 1070 Thomae
1040 1048 1106 1069 non
1130 1039 1209 1070 bene
1233 1049 1364 1070 concor-
1389 1061 1390 1080 ᾖ

302 1083 356 1117 dat
378 1093 453 1115 cum
475 1082 524 1114 his
547 1092 629 1124 quae
652 1082 767 1114 eodem
789 1083 864 1114 loco
887 1082 974 1114 dixit.
997 1083 1039 1114 Et
1059 1083 1132 1115 ideo
1148 1083 1290 1123 arguitur
1308 1084 1362 1115 sic.

271 1148 273 1150 -
300 1126 416 1167 Nullus
438 1126 558 1159 invidet
579 1127 613 1157 in
635 1126 684 1157 his
706 1127 740 1157 in
763 1126 880 1168 quibus
903 1137 936 1158 se
952 1127 1093 1158 multum
1115 1134 1206 1168 putat
1221 1127 1363 1159 deficere.
1389 1135 1390 1139 ’

301 1169 363 1202 Sed
385 1170 598 1210 pusillanimis
622 1171 731 1203 omnia
753 1178 879 1211 reputat
896 1180 1028 1212 magna:
1052 1178 1087 1202 ut
1110 1171 1294 1204 Aristoteles
1318 1172 1363 1203 di·
1389 1180 1390 1215 ᾗ

301 1213 343 1247 cit
365 1221 396 1245 et
418 1215 562 1246 Thomas
591 1216 756 1256 approbat.
785 1215 870 1256 Ergo
894 1215 1104 1256 pusillanimis
1134 1225 1171 1246 ex
1190 1216 1243 1246 sui
1266 1216 1364 1257 pusil-
1389 1222 1390 1226 ’

299 1255 474 1290 lanimitate
497 1258 605 1300 potius
627 1258 795 1291 retrahitur
817 1260 855 1290 ab
878 1259 996 1291 invidia
1019 1269 1117 1301 quam
1140 1260 1318 1292 inducatur.
1342 1278 1364 1284 -
1389 1285 1390 1298 ἢ

273 1341 283 1342 7
300 1301 458 1341 Maian—et
480 1302 586 1334 minor
607 1310 682 1334 sunt
705 1304 852 1335 Thomae
875 1304 937 1335 hic.
955 1316 970 1331 >
1389 1302 1390 1310 ¹

356 1347 407 1379 Ad
429 1347 492 1379 hoc
515 1347 629 1381 dicitur
650 1349 740 1389 quod
761 1348 1004 1388 pusillanimitas
1027 1355 1134 1380 causat
1155 1348 1307 1379 invidiam
1329 1348 1364 1379 in
1389 1373 1390 1377 ,

301 1391 443 1422 subiecto
467 1392 634 1432 disposito,
657 1392 720 1423 hoc
743 1399 789 1423 est
810 1393 891 1423 infra
913 1392 1114 1424 latitudinem
1136 1392 1307 1423 hominum
1324 1392 1364 1423 si-

301 1435 444 1466 milium:
467 1435 585 1467 invidia
609 1436 705 1473 enim,
722 1443 758 1467 ut
781 1437 966 1468 Aristoteles
991 1437 1102 1468 diffuse
1125 1437 1260 1467 declarat
1274 1437 1301 1473 *,
1317 1436 1364 1467 in-

301 1486 348 1510 ter
371 1479 489 1511 similes
511 1487 567 1512 est.
593 1479 711 1512 causat
733 1487 840 1511 autem
863 1481 1016 1511 invidiam
1039 1491 1078 1511 ex
1099 1481 1221 1511 ratione
1244 1481 1365 1511 reddita

300 1523 340 1562 ab
363 1524 531 1556 Aristotele
553 1531 584 1557 et
605 1526 744 1556 Auctore
766 1524 834 1562 hic,
855 1526 931 1566 quia
955 1525 1071 1563 scilicet
1100 1526 1208 1555 omnia
1241 1535 1363 1565 magna
1389 1550 1390 1555 ,

294 1565 403 1608 putat.
425 1568 471 1600 Ita
493 1568 583 1610 quod
603 1567 796 1609 prosperitas
820 1567 930 1599 similis
956 1568 1022 1606 uni,
1046 1568 1263 1608 magnanimo,
1294 1569 1364 1599 nul-

299 1609 366 1651 lam
387 1618 443 1650 aut
465 1612 632 1653 parvulam
652 1611 806 1644 invidiam
822 1611 981 1645 excitabit:
1006 1612 1090 1654 quia,
1107 1623 1166 1653 pro
1187 1612 1285 1643 nihilo
1309 1620 1364 1645 aut

299 1651 514 1706 quiesi-‘nihilo
539 1663 688 1698 reputans
710 1656 798 1696 illam
821 1657 1073 1698 prosperitatem,
1098 1667 1164 1688 non
1187 1664 1313 1697 reputat
1331 1667 1365 1688 se

299 1695 416 1752 effecit.
438 1700 538 1733 Alteri
560 1711 648 1738 vero,
672 1701 877 1742 pusillanimi,
901 1701 1054 1733 invidiam
1076 1711 1227 1742 magnam
1250 1701 1363 1733 excita·
1389 1732 1391 1737 ,

299 1735 358 1790 ξμς
378 1744 438 1785 pro
454 1751 575 1787 quanto
591 1755 628 1776 ex
643 1755 848 1786 quacumque
867 1745 1000 1776 minima
1019 1745 1226 1786 prosperitate
1254 1745 1366 1776 similis

288 1790 426 1839 ‘rpputat
447 1799 480 1820 se
503 1789 643 1821 multum
659 1789 775 1821 excedi.
800 1790 894 1821 Unde
917 1789 994 1831 quia
1009 1789 1254 1830 pusillanimitas
1277 1789 1391 1830 simi-¹}

298 1829 338 1865 lrs'
361 1831 435 1865 facit
456 1833 507 1864 vel
521 1841 616 1874 auget
631 1833 793 1866 obiectum
807 1833 954 1870 invidiae,
971 1833 1089 1865 scilicet
1104 1834 1263 1865 rationem
1279 1844 1366 1865 exce-

2402 217 2477 263 293

1388 299 1390 343 Ι
1417 293 1518 324 dentis
1548 293 1624 323 boni
1648 293 1680 323 in
1709 293 1814 329 simili,
1844 292 1917 323 ideo
1941 292 2069 323 inclinat
2097 292 2137 322 ad
2159 291 2322 322 invidiam.
2355 293 2395 322 Et
2418 292 2482 323 hoc

1417 337 1497 368 clare
1527 343 1619 367 sonat
1649 343 1750 367 textus
1780 336 1958 368 Aristotelis
1986 336 2162 367 secundum
2191 336 2325 376 planum
2361 337 2482 366 litterae

1388 361 1390 418 1
1417 388 1610 412 contextum.
1634 381 1751 412 Sensus
1775 381 1860 411 enim
1882 380 2009 411 Martini
2033 387 2063 411 et
2087 387 2226 411 extortus
2243 387 2298 416 est,
2315 387 2345 410 et
2360 380 2481 410 Aristo-

1416 425 1469 455 teli
1493 425 1601 455 tribuit
1623 425 1711 465 quod
1735 435 1791 465 per
1815 432 1959 456 extranea
1981 431 2121 464 vagetur.
2147 425 2197 455 Ad
2221 424 2298 465 quid
2314 424 2399 454 enim
2419 435 2480 454 ser-

1389 483 1390 521 }
1415 469 1478 505 vit,
1503 469 1542 499 ad
1565 469 1655 509 quod
1678 469 1880 509 propositum
1904 469 1946 499 ibi
1970 469 2137 508 oportebat
2162 469 2199 499 de
2223 469 2482 509 pusillanimibus

1389 531 1390 534 =
1414 512 1515 553 loqui,
1540 514 1595 544 ubi
1619 513 1728 553 quales
1751 520 1826 543 sunt
1849 513 1905 553 qui
1928 512 2072 543 invident
2095 513 2310 553 investigatur,
2328 513 2388 543 nisi
2407 513 2483 554 quia

1416 557 1476 597 ipsi
1499 564 1574 588 sunt
1595 555 1710 588 invidi?
1734 557 1775 587 Et
1790 563 1957 598 propterea
1980 557 2154 588 ambitiosis
2179 557 2386 598 copulantur,
2407 557 2483 598 quia

1417 600 1542 642 utrique
1565 600 1768 641 magnificant
1791 601 1953 631 obiectum
1975 601 2120 638 invidiae,
2145 602 2291 643 quamvis
2307 611 2344 632 ex
2361 602 2483 632 diversa

1417 645 1537 681 radice;
1562 652 1598 676 ut
1621 645 1702 676 clare
1727 652 1891 676 contextus
1914 645 2061 676 ostendit.
2232 651 2235 654 '

1472 690 1523 719 Ad
1539 697 1763 729 argumentum
1780 696 1887 720 autem
1902 689 1935 719 in
1959 690 2147 729 oppositum
2163 689 2277 720 dicitur
2297 690 2386 730 quod
2403 689 2485 720 mul-

1417 739 1468 763 tus
1485 743 1628 764 excessus
1652 733 1732 764 inter
1755 733 1880 774 aliquos
1903 733 2063 764 invenitur
2085 733 2268 773 dupliciter:
2293 733 2410 764 scilicet
2433 734 2483 764 vel

1418 783 1454 807 ut
1475 777 1696 817 praeexistens,
1713 784 1744 807 et
1760 777 1803 807 sic
1826 777 1954 808 retrahit
1977 778 2015 807 ab
2038 777 2172 814 invidiu;
2196 779 2298 808 velut
2313 778 2482 808 adveniens

1417 821 1504 851 alteri
1525 821 1691 857 similium;
1709 828 1740 852 et
1755 821 1808 857 sic,
1826 828 1946 861 quanto
1964 821 2065 852 maior
2077 831 2220 852 excessus
2237 822 2373 858 advenit,
2393 829 2482 853 tanto

1417 865 1519 895 maior
1542 872 1589 895 est
1611 865 1740 895 invidia.
1761 865 1803 896 Et
1825 872 1992 905 propterea
2007 865 2064 896 Iob
2079 876 2099 895 v
2117 865 2134 884 *
2151 866 2280 896 dicitur:
2304 867 2481 898 Parvulum

1417 909 1529 939 occidit
1551 909 1683 940 invidia.
1708 909 1956 949 Superveniente
1973 910 2057 940 enim
2082 910 2136 940 uni
2161 910 2314 940 similium
2331 911 2482 942 excellen-

1417 952 1468 988 tia,
1493 952 1579 988 alter,
1605 953 1630 982 si
1654 953 1866 992 pusillanimis
1890 953 1939 989 sit,
1963 953 2057 992 longe
2081 954 2194 984 maiori
2213 961 2380 994 torquetur
2402 955 2481 986 invi-

1419 995 1486 1025 dia:
1511 996 1587 1036 quia
1610 1006 1676 1036 quo
1701 997 1801 1036 magis
1825 1006 1856 1026 se
1881 997 1987 1027 excedi
2010 1004 2118 1037 putat,
2143 1004 2230 1028 tanto
2260 999 2360 1039 magis
2383 1007 2482 1030 retor-

1416 1046 1543 1079 quetur.
1567 1042 1689 1070 Auctor
1704 1050 1789 1080 ergo,
1807 1051 1881 1070 curn
1904 1040 2085 1079 Aristotele,
2102 1042 2206 1081 primo
2230 1042 2262 1072 in
2277 1043 2335 1073 hac
2351 1053 2482 1085 respon-

1389 1081 1390 1111 ἰ
1417 1083 1507 1114 sione
1529 1084 1569 1114 ad
1592 1084 1722 1114 tertium
1753 1084 1898 1124 loquitur
1927 1085 1966 1115 de
1988 1085 2091 1116 multo
2122 1095 2250 1116 excessu
2280 1088 2329 1117 vel
2357 1088 2482 1119 defectu

1416 1127 1653 1168 praeexistente,
1671 1129 1710 1158 de
1726 1138 1792 1169 quo
1811 1129 1882 1159 solo
1899 1135 1945 1159 est
1957 1139 2029 1159 vera
2045 1130 2156 1159 maior.
2172 1130 2394 1168 Postmodum,
2408 1143 2483 1163 cum

1417 1172 1456 1202 ad
1472 1172 1690 1212 pusillanimes
1706 1173 1802 1208 venit,
1822 1173 1860 1203 de
1877 1173 1980 1204 multo
1997 1183 2124 1204 excessu
2141 1176 2391 1214 superveniente,
2409 1187 2483 1217 sup-

1416 1216 1521 1256 posita
1544 1216 1752 1247 similitudine
1775 1217 1857 1247 inter
1880 1227 1945 1253 eos,
1961 1217 2116 1257 loquitur.
2141 1218 2180 1248 Et
2205 1219 2243 1249 de
2266 1219 2328 1250 hoc
2343 1229 2389 1251 est
2412 1232 2485 1251 vera

1417 1260 1534 1291 minor.
1557 1261 1598 1291 Et
1620 1261 1693 1291 ideo
1717 1268 1943 1301 argumentum
1967 1261 2046 1292 nihil
2068 1263 2160 1293 valet.

1471 1305 1554 1335 VIII.
1579 1305 1614 1335 ln
1631 1305 1744 1335 eodem
1767 1305 1900 1336 articulo
1916 1306 2031 1346 primo,
2051 1305 2084 1336 in
2104 1306 2309 1346 responsione
2328 1308 2366 1338 ad
2390 1319 2482 1349 quar-

1417 1355 1498 1385 tum,
1521 1359 1587 1379 non
1610 1349 1733 1380 mireris
1757 1350 1846 1390 quod
1879 1350 2001 1380 dicatur
2024 1359 2114 1380 senes
2138 1350 2276 1381 invidere
2299 1352 2483 1390 iuvenibus;

1418 1400 1448 1423 et
1464 1403 1537 1423 cum
1561 1393 1623 1424 hoc
1647 1394 1769 1424 dicatur
1783 1394 1872 1434 quod
1886 1394 1986 1425 invidi
2005 1401 2080 1425 sunt
2102 1394 2220 1425 similes
2236 1403 2290 1426 aut
2306 1398 2483 1428 secundum

1389 1437 1390 1451 ¹
1417 1447 1517 1477 genus
1541 1444 1596 1468 aut
1625 1438 1802 1468 secundum
1833 1445 1984 1474 aetatem,
2010 1446 2084 1474 etc.‚
2110 1446 2146 1469 ut
2169 1447 2255 1479 patet
2283 1440 2315 1470 in
2340 1441 2366 1471 II
2389 1442 2481 1472 Rhet.

1388 1493 1392 1539 Υ
1417 1481 1594 1512 Aristotelis
1609 1481 1636 1511 *.
1660 1482 1743 1512 Nam
1766 1491 1856 1512 senes
1873 1482 1988 1513 habent
2011 1490 2144 1513 aetatem
2159 1483 2331 1514 iuvenilem
2345 1485 2377 1515 in
2395 1496 2483 1525 prae-

1417 1525 1509 1555 terito
1533 1525 1597 1556 sui:
1622 1532 1652 1555 et
1674 1525 1758 1562 ideo,
1779 1526 1951 1556 recolentes
1975 1536 2007 1556 se
2031 1527 2108 1557 olim
2123 1527 2253 1558 iuvenes
2270 1539 2335 1559 non
2359 1540 2481 1560 assecu-

1416 1576 1466 1600 tos
1489 1569 1578 1609 quod
1602 1569 1652 1600 isti
1673 1569 1804 1600 iuvenes
1822 1577 2043 1610 assequuntur,
2060 1570 2203 1602 invident
2217 1571 2287 1603 illis.
2312 1573 2353 1603 Et
2375 1583 2482 1604 rursus

1389 1633 1391 1650 ι
1417 1613 1592 1653 cogitantes
1615 1623 1647 1644 se
1670 1613 1789 1644 similes
1811 1613 1980 1644 iuvenibus
2003 1614 2036 1644 in
2061 1622 2181 1652 natura,
2197 1626 2271 1646 curn
2286 1616 2483 1648 diuturniore

1389 1655 1390 1659 ’
1417 1657 1632 1698 expectatione
1656 1658 1734 1689 tanti
1757 1658 1920 1698 temporis,
1945 1669 2011 1689 non
2034 1659 2158 1700 assequi
2181 1661 2269 1700 quod
2294 1661 2338 1692 illi
2354 1662 2482 1693 modico

1418 1707 1572 1742 ternpore,
1597 1701 1714 1733 scilicet
1736 1701 1918 1739 iuventutis,
1939 1711 2160 1744 assequuntur,
2176 1704 2328 1736 invident.
2353 1705 2484 1747 Semper

1418 1756 1492 1786 ergo
1517 1746 1675 1776 concurrit
1703 1746 1880 1777 similitudo
1912 1746 2017 1788 aliqua
2040 1748 2148 1788 aliquo
2171 1749 2287 1786 modo;
2313 1757 2348 1780 ut
2371 1749 2482 1781 diffuse

1416 1790 1602 1821 Aristoteles
1626 1790 1744 1821 ibidem
1769 1791 1974 1831 prosequitur
1997 1791 2036 1821 de
2058 1791 2186 1823 invidia.

1389 1836 1392 1870 l

1069 1969 1387 2011 ARTICULUS
1417 1969 1716 2011 SECUNDUS
1739 1951 1761 2008 s

965 2052 1147 2084 UTRUM
1178 2052 1384 2084 INVIDIA
1415 2052 1495 2083 SIT
1526 2052 1815 2084 PECCATUM

860 2124 1000 2160 latrasqu.
1018 2135 1105 2157 omn.
1123 2133 1170 2153 art.
1193 2136 1220 2158 ι;
1241 2128 1283 2152 De
1300 2127 1383 2157 Malo,

419 2216 425 2239 -ς
438 2224 486 2254 “at
512 2209 536 2234 n
549 2208 739 2234 SECUNDUM
754 2209 808 2234 Sic
822 2209 1064 2236 paocssmrua.
1081 2198 1240 2235 Videtur
1258 2198 1363 2245 quod

345 2248 418 2317 ’μζ
435 2246 483 2305 ij*
512 2249 655 2287 invidia
691 2261 770 2287 non
799 2250 844 2287 sit
870 2259 1085 2299 peccatum.
1124 2251 1224 2288 Dicit
1261 2251 1362 2287 enim

315 2304 441 2352 „isan
464 2305 483 2349 6
512 2302 787 2351 Hieronymus,
801 2303 854 2340 ad
866 2304 1036 2351 Laetam,
1052 2305 1098 2341 de
1110 2305 1284 2341 Instruct.
1300 2304 1363 2340 Fi-

312 2364 319 2375 ¹
359 2347 457 2385 *5⁷32
479 2354 586 2392 Ιίαε
598 2354 630 2392 *ε
649 2355 805 2393 Habeat
826 2356 948 2394 socias
965 2369 1052 2394 cum
1076 2357 1210 2406 quibus
1233 2357 1361 2403 discat,

300 2407 433 2457 quibus
451 2407 626 2454 invideat,
645 2420 810 2456 quarum
833 2409 1007 2446 laudibus
1024 2410 1255 2447 mordeatur.
1286 2409 1364 2447 Sed

300 2462 426 2500 nunus
454 2469 510 2498 est
537 2461 793 2498 sollicitandus
820 2462 870 2499 ad
898 2463 1151 2510 peccandum.
1181 2463 1284 2509 Ergo
1308 2463 1364 2498 in-

299 2514 401 2552 vidia
430 2525 508 2550 non
538 2522 594 2551 est
616 2522 831 2563 peccatum.

355 2579 390 2604 2.
420 2567 662 2614 PRAETEREA,
701 2566 843 2605 invidia
881 2574 936 2604 est
972 2567 1116 2604 tristitia
1153 2567 1199 2604 de
1231 2567 1364 2604 alienis
1389 2589 1391 2599 ,

266 2639 275 2673 ζ
300 2620 418 2666 bonis,
447 2628 489 2657 ut
515 2621 779 2658 Damascenus
808 2619 896 2658 dicit
915 2621 946 2657 *.
983 2619 1060 2657 Sed
1087 2620 1163 2656 hoc
1190 2619 1363 2668 quando-

300 2671 376 2723 que
411 2673 648 2710 laudabiliter
683 2673 746 2711 fit:
781 2673 915 2710 dicitur
952 2673 1054 2710 enirn
1086 2673 1199 2710 Prov.
1218 2685 1304 2710 xxnt
1321 2672 1362 2708 *ε

304 2727 401 2765 Cum
429 2727 535 2775 impii
551 2727 780 2775 sumpserint
797 2727 1066 2774 principatum,
1094 2731 1222 2775 gemet
1241 2737 1363 2773 popu-

299 2780 369 2817 lus.
398 2779 501 2827 Ergo
530 2779 673 2816 invidia
701 2791 779 2816 non
807 2791 962 2828 semper
989 2787 1045 2815 est
1071 2786 1285 2827 peccatum.

357 2833 391 2870 3.
421 2833 664 2880 PRAETEREA,
693 2832 837 2870 invidia
865 2832 988 2869 zelum
1019 2832 1212 2882 quendam
1241 2831 1364 2868 nomi-

301 2892 377 2923 nat.
407 2885 484 2923 Sed
513 2886 616 2923 zelus
645 2885 801 2934 quidam
831 2893 887 2922 est
914 2885 1060 2923 bonus:
1090 2885 1303 2922 secundum
1323 2884 1364 2921 il-

301 2938 368 2976 lud
387 2938 528 2975 Psalm.
548 2937 584 2975 *z
604 2939 717 2988 Zelus
734 2939 868 2976 domus
886 2943 972 2975 tuae
990 2938 1151 2975 comedit
1167 2950 1238 2974 me.
1259 2937 1363 2984 Ergo

301 2990 446 3028 invidia
473 3003 552 3028 non
580 3003 734 3040 semper
761 2999 819 3028 est
844 2999 1061 3040 peccatum.

355 3054 392 3090 4.
417 3044 650 3091 Pium-nam,
680 3055 807 3092 poena
835 3043 1014 3081 dividitur
1043 3050 1174 3080 contra
1197 3044 1363 3092 culpam,

305 3095 380 3133 Sed
400 3095 543 3134 invi‘dia
572 3103 628 3133 est
654 3097 846 3146 quaedam
865 3107 1011 3146 poena:
1041 3096 1130 3134 dicit
1149 3096 1253 3134 enim
1271 3096 1365 3133 Gre-

303 3148 442 3196 gorius,
457 3148 493 3186 V
510 3149 655 3186 Moral.
675 3149 711 3186 *z
746 3149 841 3187 Cum
859 3149 1044 3186 devictum
1065 3160 1132 3186 cor
1150 3148 1279 3186 livoris
1291 3160 1364 3197 pu-⁴

303 3201 407 3238 tredo
435 3202 664 3250 corruperit,
700 3202 781 3250 ipsa
809 3213 956 3251 quoque
983 3202 1173 3239 exteriora
1201 3202 1367 3239 indicant

303 3261 418 3303 quam
454 3255 626 3304 graviter
655 3255 825 3292 animum
860 3255 1014 3292 vesania
1051 3255 1224 3304 instigat.-
1261 3255 1366 3292 color

303 3307 439 3356 quippe
458 3304 610 3356 pallore
635 3308 812 3358 afficitur,
838 3308 939 3344 oculi
963 3308 1235 3356 deprimuntur,
1259 3319 1365 3345 mens

303 3360 531 3408 accenditur,
551 3361 722 3398 membra
728 3361 959 3411 frigescunt,
968 3361 1023 3408 fit
1038 3365 1055 3382 ²
1074 3360 1111 3398 in
1138 3361 1364 3410 cogitatione

323 3475 385 3535 mg)
397 3475 444 3508 fit.
461 3488 480 3494 -
492 3475 567 3535 ἔξω
583 3475 878 3536 [ςιΒίΞΞὲ-Ιιιῐζιιῖἐῗῗκόῐ
894 3482 926 3505 113
952 3483 1000 3508 pro
1026 3475 1122 3507 rabies,
1140 3475 1240 3502 scabies
1263 3476 1363 3500 ABFIL

304 3515 475 3543 p.xeta,
538 3517 565 3535 es
608 3517 646 3540 ,s
693 3517 740 3535 tes
806 3528 813 3535 .

1404 2134 1448 2159 qu.
1467 2135 1491 2158 x,
1509 2132 1557 2152 art.
1580 2134 1605 2157 13
1626 2128 1656 2152 In
1676 2128 1776 2153 Psalm-
1792 2129 1926 2153 XXXVI.

1416 2198 1550 2243 rabies,
1579 2199 1616 2234 in
1642 2199 1810 2236 dentibus
1836 2200 1985 2237 stridor.
2017 2201 2119 2248 Ergo
2147 2201 2291 2238 invidia
2320 2215 2397 2239 non
2428 2211 2484 2239 est

1389 2294 1391 2303 Ι
1415 2258 1631 2299 peccatum.

1471 2304 1545 2340 SED
1566 2315 1710 2340 CONTRA
1732 2316 1798 2341 Es’r
1818 2305 1922 2353 quod
1954 2306 2088 2342 dicitur
2114 2307 2166 2343 ad
2187 2307 2270 2344 Gal.
2287 2308 2360 2344 v*:
2388 2309 2479 2346 Non

1416 2357 1631 2405 efficiamur
1657 2357 1781 2394 inanis
1806 2357 1955 2407 gloriae
1983 2359 2123 2407 cupidi,
2159 2360 2318 2397 invicem
2339 2373 2482 2409 provo-

1417 2416 1558 2455 cantes,
1589 2409 1746 2447 invicem
1776 2411 1991 2457 invidentes.
2096 2447 2110 2459 ,
2309 2457 2315 2462 ,

1469 2463 1697 2499 Rssspoum-:o
1716 2475 1901 2501 morannum
1929 2465 2047 2512 quod,
2077 2465 2172 2502 sicut
2201 2466 2344 2502 dictum
2375 2467 2480 2514 est*,

1388 2527 1391 2546 t
1416 2514 1560 2551 invidia
1596 2522 1652 2551 est
1679 2516 1826 2552 tristitia
1845 2515 1860 2546 β
1887 2517 1934 2553 de
1960 2517 2093 2554 alienis
2125 2519 2260 2555 bonis.‘
2281 2519 2357 2555 Sed
2386 2520 2482 2556 haec

1416 2566 1559 2603 tristitia
1574 2574 1700 2615 potest
1719 2569 1937 2616 contingere
1958 2577 2121 2618 quatuor
2139 2571 2276 2607 modis.
2298 2572 2384 2608 Uno
2401 2573 2481 2621 qui-

1418 2619 1506 2656 dem
1536 2620 1677 2666 modo,
1713 2621 1868 2669 quando
1902 2621 2036 2670 aliquis
2066 2624 2168 2660 dolet
2202 2624 2248 2660 de
2283 2624 2387 2660 bono
2418 2626 2481 2662 ali-

1418 2672 1524 2709 cuius
1551 2673 1777 2722 inquantum
1806 2686 1850 2710 ex
1870 2686 1916 2710 eo
1945 2674 2098 2712 timetur
2125 2685 2401 2714 nocumentum
2419 2679 2482 2715 vel

1417 2725 1487 2762 sibi
1516 2725 1584 2777 ipsi
1612 2727 1676 2762 vel
1710 2726 1822 2762 etiarn
1859 2727 1941 2764 aliis
1978 2728 2100 2765 bonis.
2139 2730 2188 2765 Et
2215 2730 2298 2766 talis
2336 2730 2481 2767 tristitia

1417 2791 1496 2815 non
1525 2787 1580 2815 est
1607 2778 1766 2825 invidia,
1795 2787 1836 2815 ut
1863 2779 2006 2816 dictum
2037 2789 2091 2817 est
2109 2781 2146 2827 *;
2181 2789 2217 2818 et
2243 2790 2370 2830 potest
2397 2795 2479 2820 esse

1417 2831 1499 2868 sine
1514 2839 1683 2880 peccato.
1705 2832 1816 2869 Unde
1833 2832 2053 2880 Gregorius,
2064 2834 2169 2870 XXII
2181 2835 2367 2881 Moral.*‚
2384 2837 2478 2873 aitis:

1416 2885 1581 2921 Evenire
1600 2884 1826 2933 plerumque
1851 2885 1945 2922 solet
1971 2892 2024 2932 ut,
2053 2899 2128 2923 non
2148 2888 2286 2924 amissa
2306 2889 2478 2935 caritate,

1418 2943 1453 2974 et
1470 2938 1612 2974 inimici
1639 2949 1707 2974 nos
1735 2938 1846 2974 ruina
1875 2938 2056 2987 laetificet,
2077 2945 2114 2976 et
2129 2952 2281 2978 rursum
2301 2941 2379 2978 eius
2397 2942 2480 2991 glo-

1418 2990 1476 3027 ria
1503 2990 1584 3027 sine
1610 2990 1773 3027 invidiae
1800 2991 1910 3039 culpa
1939 2993 2144 3038 contristet,
2173 3005 2259 3030 cum
2288 2999 2324 3030 et
2349 3000 2481 3031 ruente

1417 3055 1462 3080 eo
1496 3043 1677 3091 quosdam
1706 3044 1797 3080 bene
1831 3044 1932 3094 erigi
1961 3045 2167 3092 credimus,
2197 3052 2234 3083 et
2259 3048 2482 3094 proficiente

1418 3096 1480 3133 illo
1501 3096 1704 3144 plerosque
1731 3097 1864 3133 iniuste
1890 3098 2054 3146 opprimi
2065 3099 2341 3146 formidamus.

1471 3149 1556 3186 Alio
1587 3149 1705 3186 modo
1734 3156 1858 3198 potest
1886 3149 2020 3198 aliquis
2048 3151 2182 3188 tristari
2216 3152 2262 3189 de
2296 3152 2400 3189 bono
2428 3153 2479 3188 al-

1417 3201 1553 3249 terius,
1583 3214 1661 3239 non
1691 3214 1733 3239 ex
1764 3215 1810 3239 eo
1839 3203 1944 3251 quod
1971 3203 2052 3252 ipse
2080 3205 2196 3241 habet
2223 3206 2381 3251 bonurn,
2411 3205 2479 3242 sed

1420 3267 1465 3292 ex
1489 3267 1534 3291 eo
1565 3255 1668 3303 quod
1698 3255 1808 3292 nobis
1837 3255 1944 3293 deest
1971 3257 2118 3294 bonum
2146 3257 2238 3294 illud
2266 3259 2370 3304 quod
2398 3257 2478 3306 ipse

1417 3308 1543 3344 habet.
1574 3308 1622 3344 Et
1648 3308 1723 3344 hoc
1742 3308 1896 3356 proprie
1925 3317 1981 3346 est
2008 3310 2128 3358 zelus;
2152 3318 2193 3346 ut
2222 3310 2477 3358 Philosophus

1419 3360 1518 3407 dicit,
1540 3360 1576 3396 in
1608 3361 1637 3396 II
1666 3361 1774 3397 Rhet.
1795 3360 1815 3382 *
1843 3362 1892 3398 Et
1919 3361 1950 3398 si
1978 3361 2045 3399 iste
2065 3364 2166 3399 zelus
2195 3363 2240 3399 sit
2260 3363 2356 3399 circa
2375 3363 2477 3400 bona

1473 3474 1498 3508 β)
1518 3475 1639 3500 tristitia.
1655 3489 1675 3494 -
1693 3475 1805 3500 tristitia
1823 3476 1953 3508 quaedam
1973 3476 2018 3501 Pa.

1472 3510 1498 3544 γ)
1519 3510 1566 3535 ait.
1584 3524 1603 3529 -
1622 3510 1686 3536 dicit
1705 3510 1736 3542 G,
1755 3518 1808 3536 om.
1828 3512 1903 3536 ceteri
1923 3516 1948 3536 et
1965 3519 1992 3536 a.

2508 870 2622 891 ‘Loc.cit.
2630 870 2652 891 in
2658 876 2720 898 resp.

2509 1493 2519 1502 ⁸
2533 1491 2569 1513 Cf.
2583 1497 2630 1518 arg.
2646 1498 2667 1513 2.

2509 2322 2517 2331 ⁸
2535 2320 2600 2342 Vers.
2615 2321 2652 2342 26.

2510 2478 2518 2486 ⁸
2533 2477 2590 2504 Arg.
2605 2482 2626 2497 2.

2507 2792 2515 2799 ⁶
2527 2791 2583 2816 ,ΑΙ-ι.
2603 2790 2709 2818 praeced.

2508 2839 2514 2847 ”
2531 2838 2588 2865 Cap.
2599 2844 2632 2864 xi,
2647 2838 2674 2859 al.
2686 2844 2718 2859 vt.

2604 2875 2619 2899 Υ

2505 3368 2514 3378 ’
2530 3368 2585 3396 Cap.
2600 3375 2632 3395 xi,
2648 3375 2671 3391 n.
2686 3375 2703 3391 ι.
