2892 4056
314 383 526 420 secundum
547 387 651 433 quod
670 387 740 424 sibi
762 395 816 424 est
836 389 1097 427 commissum.
1124 392 1163 427 Si
1181 403 1275 428 vero
1296 403 1374 428 non

313 437 430 473 habet
447 436 784 488 dispensationem,
805 441 895 489 quia
914 442 1004 478 nihil
1027 443 1227 491 proprium
1246 445 1373 492 habet,

312 497 405 526 tunc
421 501 500 526 non
522 498 648 538 potest
675 493 797 530 facere
818 494 1103 542 eleemosynam
1124 496 1203 533 sine
1226 497 1375 534 lieentia

313 542 460 579 abbatis
477 543 540 579 vel
561 555 736 593 expresse
755 546 884 583 habita
910 548 974 583 vel
1001 548 1245 595 probabiliter
1267 561 1376 598 prae-

312 602 482 644 sumpta:
521 596 591 633 nisi
619 598 714 634 forte
742 598 780 635 in
809 598 964 635 articulo
993 607 1185 637 extremae
1214 602 1375 639 necessi-

310 647 408 695 tatis,
437 648 476 686 in
504 661 582 697 quo
610 650 753 687 licitum
774 658 872 688 esset
893 651 927 687 ei
955 652 1069 689 furari
1095 661 1138 690 ut
1166 648 1375 703 eleemosy-

311 712 402 737 nam
430 701 547 739 daret.
579 703 663 740 Nec
681 710 837 752 propter
853 704 930 740 hoc
948 705 1109 742 efficitur
1126 707 1266 754 peioris
1286 719 1375 744 con·

312 753 481 791 ditionis:
501 755 591 804 quia
609 756 706 793 sicut
724 756 861 793 dicitur
877 756 916 793 in
934 757 1029 794 libro
1049 759 1095 794 de
1106 759 1247 796 Eccles.
1268 761 1376 809 Dog-

73 809 284 857 21.‘{3;..¹¹¹'¹¹¹’
311 812 402 843 mat.
421 807 458 853 *,
490 809 631 845 bonum
663 814 717 845 est
740 809 945 856 facultates
981 821 1068 847 cum
1104 811 1376 859 dispensatione

305 860 540 907 pauperibus
565 872 742 910 erogare,
759 861 827 898 sed
842 861 975 898 melius
993 868 1056 908 est,
1081 874 1154 910 pro
1176 865 1377 902 intentione

170 923 187 947 η
310 913 491 960 sequendi
508 913 730 959 Dominum,
754 914 907 950 insimul
920 919 938 941 η
966 915 1122 961 donare,
1151 922 1197 962 et,
1226 918 1375 953 absolu-

311 970 391 1002 tum
416 965 674 1011 sollicitudine,
703 977 818 1015 egere
844 978 930 1003 cum
963 968 1122 1004 Christo.

363 1019 422 1054 An
449 1029 641 1055 sacunnuu
669 1030 855 1056 memnon
892 1020 999 1067 quod
1036 1020 1066 1057 si
1103 1032 1201 1057 uxor
1237 1022 1377 1059 habeat

311 1069 404 1106 alias
431 1082 492 1107 res
518 1078 669 1119 praeter
697 1072 839 1119 dotem,
863 1084 968 1120 quae
997 1073 1192 1110 ordinatur
1219 1074 1267 1111 ad
1296 1087 1376 1111 sus—

308 1123 489 1160 tentanda
509 1136 628 1161 onera
647 1125 891 1172 matrimonii,
921 1126 983 1162 vel
1011 1138 1057 1162 ex
1085 1127 1240 1175 proprio
1269 1129 1375 1164 lucro

307 1176 370 1212 vel
408 1188 655 1226 quocumque
693 1178 766 1214 alio
804 1177 904 1215 licito
944 1179 1083 1226 modo,
1121 1187 1247 1228 potest
1286 1180 1375 1217 dare

283 1328 288 1330 -
327 1326 335 1329 „
359 1295 497 1330 nsueti-e
513 1298 719 1331 eleemosynam.
736 1313 755 1318 -
773 1300 955 1333 eleemoynas
965 1301 1061 1333 facere
1080 1301 1126 1325 Pa.

362 1331 390 1364 η)
409 1332 527 1358 insimul.
543 1346 564 1352 -
580 1333 671 1358 omnia
690 1334 789 1359 addunt
805 1335 854 1359 Pa.

323 1497 517 1530 'anticulo
540 1504 666 1534 octavo,
685 1497 720 1527 in
741 1497 950 1537 responsione
972 1498 1012 1528 ad
1028 1499 1221 1535 secundum,
1245 1500 1372 1530 adverte

309 1509 429 1584 lquod
450 1544 574 1573 Auctor
588 1542 628 1572 de
650 1551 750 1572 uxore
765 1541 832 1572 duo
849 1541 933 1573 dicit.
958 1543 1112 1579 Primum,
1130 1544 1219 1584 quod
1235 1543 1261 1574 si
1278 1543 1374 1574 habet

306 1586 448 1619 aluere
462 1585 607 1626 proprio,
623 1586 713 1626 quod
735 1592 842 1625 potest
863 1585 966 1616 facere
982 1587 1231 1628 eleemosynam.
1256 1587 1374 1618 Secun-

306 1630 396 1667 dum,
419 1630 511 1671 quod
529 1630 555 1661 si
577 1630 657 1661 nihil
675 1635 800 1670 praeter
815 1630 925 1661 dotem
938 1630 1043 1668 habet,
1059 1632 1150 1672 quod
1168 1642 1235 1662 non
1258 1638 1373 1672 potest,

305 1674 382 1716 quia
405 1681 452 1706 est
475 1674 602 1705 subdita
632 1674 702 1705 viro
724 1673 759 1704 in
782 1673 994 1714 dispositione
1017 1676 1144 1707 domus.
1167 1676 1211 1707 Et
1233 1676 1374 1716 primum

305 1718 438 1760 quidem
460 1719 581 1749 clarum
606 1725 662 1755 est,
687 1718 817 1759 quando
834 1719 954 1759 absque
976 1720 1190 1751 subtractione
1214 1720 1310 1750 debiti
1327 1719 1374 1750 of-

305 1762 369 1794 ficii
383 1762 417 1794 in
433 1763 534 1793 domo
550 1763 667 1793 mulier
680 1763 830 1794 lucratur.
844 1780 865 1786 -
880 1763 1066 1794 Secundum
1082 1771 1189 1795 autem
1205 1764 1377 1795 dubitatio-

67 1813 79 1825 ·
93 1813 151 1863 ‹3¹2ss:
165 1819 224 1841 xm.
237 1820 280 1843 5--
305 1816 382 1837 nem
404 1807 508 1838 habet.
533 1807 698 1844 Quoniam
726 1807 759 1837 in
782 1807 854 1838 VIII
877 1807 980 1838 Ethic.
997 1808 1015 1827 *
1037 1808 1221 1839 Aristoteles
1240 1809 1308 1839 vult
1330 1818 1375 1838 re-

68 1839 95 1863 s·
163 1841 218 1863 ¹⁸⁶⁸·
231 1846 256 1863 ¹·
305 1851 414 1891 gimen
437 1851 496 1882 viri
519 1858 550 1882 et
572 1851 679 1882 uxoris
701 1851 734 1881 in
758 1851 857 1882 domo
886 1862 953 1882 esse
976 1852 1154 1883 secundum
1176 1852 1373 1891 dignitatem,

979 153 1244 199 QUAESTIO
1274 156 1436 204 XXXII,
1464 158 1759 196 ARTICULUS
1789 160 1842 196 lX

363 227 424 262 An
452 237 590 285 ramum
617 238 716 265 aneo
744 241 927 267 montinum
955 231 1059 280 quod
1088 234 1312 280 monachus,
1343 233 1374 270 si
1427 235 1701 284 eleemosynas,
1732 238 1845 274 etiam
1874 238 2088 287 irrequisito
2108 251 2266 277 assensu
2285 241 2376 278 viri:
2406 254 2493 279 mo-

309 278 429 315 ·habet
451 278 774 327 dispensationem
795 295 816 318 a
835 284 1005 331 praelato
1026 285 1286 334 commissam,
1306 298 1375 334 po·
1427 288 1574 324 deratas
1611 297 1761 337 tamen,
1800 303 1847 327 ne
1883 303 1927 328 ex
1963 304 2095 329 earum
2135 294 2395 341 superfluitate
2431 295 2492 331 vir

312 338 385 367 test
417 331 542 369 facere
571 332 887 382 eleemosynamt
915 336 963 373 de
991 338 1105 374 rebus
1133 338 1373 386 monasterii,
1427 339 1717 389 depauperetur.
1748 343 1850 380 Alias
1879 351 2007 381 autem
2028 357 2106 382 non
2132 346 2246 383 debet
2275 346 2365 383 dare
2395 348 2493 384 elee-

2414 165 2488 212 259

1428 404 1610 441 mosynas
1630 395 1709 431 sine
1727 407 1916 433 consensu
1935 397 2006 434 viri
2025 399 2087 435 vel
2107 410 2284 447 expresso
2303 400 2366 436 vel
2385 411 2494 448 prae-

1426 453 1594 494 sumpto,
1624 447 1694 484 nisi
1714 447 1752 484 in
1771 449 1929 486 articulo
1950 450 2195 498 necessitatis,
2216 451 2313 488 sicut
2341 452 2389 488 de
2409 464 2492 489 mo-

1428 499 1552 534 nacho
1591 499 1731 536 dictum
1767 509 1823 537 est
1840 501 1870 538 ²¹².
1911 503 2100 549 Quamvis
2139 504 2240 541 enim
2274 504 2412 541 mulier
2447 505 2494 542 sit

1427 551 1595 598 aequalis
1615 550 1628 573 θ
1657 552 1694 589 in
1714 561 1799 590 actu
1819 555 2066 603 matrimonii,
2095 564 2225 594 tamen
2249 557 2289 594 in
2307 557 2365 594 his
2394 570 2492 606 quae

1427 603 1476 640 ad
1506 604 1796 652 dispositionem
1827 607 1966 645 domus
1993 609 2184 656 pertinent
2211 610 2272 646 vir
2303 617 2416 659 caput
2442 617 2496 647 est

1428 656 1616 703 mulieris,
1655 659 1867 696 secundum
1901 663 2151 709 Apostolum,
2183 664 2195 698 I
2221 663 2272 699 ad
2294 664 2381 700 Cor.
2405 663 2491 700 x1*.

1427 728 1452 736 ·-
1472 710 1589 746 Beata
1617 718 1745 748 autem
1776 712 1894 749 Lucia
1922 726 2106 762 sponsum
2135 715 2312 763 habebat,
2341 728 2420 753 non
2437 716 2494 752 vi-

1428 773 1526 798 rum.
1556 762 1669 799 Unde
1697 765 1744 800 de
1775 777 1964 803 consensu
1994 768 2124 804 matris
2151 775 2299 816 poterat
2327 769 2494 805 eleemo-

1429 825 1565 861 synam
1594 815 1731 852 facere.

1481 868 1540 902 An
1568 879 1729 904 Taurum
1762 881 1945 907 memnon
1979 874 2085 919 quod
2122 884 2167 908 ea
2203 885 2301 921 quae
2330 881 2418 910 sunt
2450 874 2494 910 fi-

1428 917 1629 969 liifamilias
1657 927 1746 956 sunt
1773 922 1887 969 patris
1901 928 1921 959 ‘.
1957 924 2006 959 Et
2032 924 2119 961 ideo
2148 937 2226 962 non
2253 934 2378 974 potest
2398 927 2494 963 elee-

1429 982 1635 1018 mosynam
1670 973 1794 1009 facere
1828 974 1914 1019 (nisi
1946 976 2041 1012 forte
2077 977 2241 1025 aliquam
2276 979 2491 1027 modicam,

1429 1022 1476 1059 de
1505 1035 1581 1072 qua
1609 1031 1734 1072 potest
1761 1038 2005 1074 praesumere
2040 1031 2144 1077 quod
2176 1031 2272 1079 patri
2307 1032 2492 1080 placeat):

1430 1075 1501 1112 nisi
1534 1076 1629 1113 forte
1657 1077 1815 1115 alicuius
1843 1080 1894 1115 rei
1925 1089 2024 1117 esset
2055 1082 2126 1118 sibi
2154 1095 2176 1119 a
2203 1092 2309 1131 patre
2343 1085 2495 1133 dispen-

1430 1128 1524 1165 satio
1551 1130 1768 1167 commissa.
1789 1152 1814 1159 -
1834 1133 1883 1168 Et
1909 1133 2012 1170 idern
2042 1134 2247 1172 dicendum
2277 1138 2324 1174 de
2344 1138 2474 1174 servis.

1483 1182 1595 1218 Unde
1622 1190 1727 1230 patet
1755 1185 1893 1221 solutio
1923 1186 1971 1223 ad
2001 1195 2191 1236 quartum.

1481 1296 1505 1329 θ)
1524 1297 1653 1329 aequalis.
1671 1311 1690 1316 -
1709 1298 1768 1323 viro
1787 1299 1885 1323 addunt
1903 1298 1971 1327 PLa,
1991 1307 2044 1323 om.
2063 1300 2096 1324 G.

1484 1333 1502 1365 ι)
1517 1333 1618 1365 patris.
1635 1345 1656 1351 -
1673 1336 1701 1358 et
1714 1333 1807 1364 patris
1825 1334 1873 1359 Pa.

980 1407 1319 1452 ‘commentaria
1340 1418 1592 1452 Oardsnalis
1614 1417 1815 1450 Caietam

1423 1505 1522 1530 tatem
1537 1508 1639 1534 suam,
1658 1497 1776 1528 scilicet
1800 1498 1908 1538 quoad
1932 1507 1968 1528 ea
1983 1508 2065 1538 quae
2088 1499 2174 1530 intus
2189 1507 2263 1530 sunt
2278 1500 2492 1540 disponenda;

1425 1552 1625 1583 consequens
1641 1548 1688 1572 est
1711 1548 1756 1578 ut,
1772 1541 1859 1572 iuxta
1874 1541 2144 1581 dispensationem
2167 1543 2227 1574 sibi
2242 1544 2494 1581 convenientem,

1424 1587 1527 1627 possit
1549 1586 1770 1626 eleemosynas
1793 1585 1906 1616 facere.

1479 1631 1532 1662 Ad
1555 1630 1617 1661 hoc
1641 1629 1756 1660 dicitur
1777 1630 1867 1670 quod
1897 1629 1972 1670 quia
1996 1631 2069 1661 dare
2092 1630 2311 1672 eleemosynas
2337 1641 2403 1661 non
2427 1642 2496 1672 spe-

1425 1681 1488 1706 ctat
1512 1675 1552 1705 ad
1575 1674 1717 1714 regimen
1741 1674 1878 1710 domuS,
1902 1673 1984 1705 sicut
2007 1684 2111 1705 emere
2135 1681 2166 1705 et
2188 1682 2386 1706 commutare
2412 1686 2494 1716 quae

1426 1719 1516 1749 domi
1540 1725 1615 1749 sunt
1638 1727 1697 1758 pro
1721 1717 1807 1747 illius
1840 1718 2036 1755 commodis;
2068 1719 2123 1749 sed
2147 1726 2195 1750 est
2216 1719 2315 1749 libera
2345 1719 2493 1750 alienatio

1425 1773 1531 1793 rerum
1547 1773 1606 1802 pro
1624 1769 1846 1792 extraneorum
1863 1762 2095 1793 sublevatione:
2119 1762 2203 1799 ideo,
2219 1763 2292 1794 licet
2310 1763 2401 1793 uxori
2419 1774 2494 1794 con-

1425 1807 1531 1837 veniat
1562 1806 1740 1837 secundum
1769 1813 1888 1836 rectam
1910 1806 2068 1837 rationem
2098 1806 2239 1847 regimen
2268 1817 2381 1837 eorum
2411 1818 2493 1848 quae

1425 1851 1512 1882 intus
1527 1858 1603 1882 sunt
1624 1850 1657 1881 in
1673 1850 1773 1880 domo
1783 1873 1790 1886 ‚
1815 1860 1882 1880 non
1898 1857 2004 1880 tamen
2020 1858 2188 1890 propterea
2205 1851 2353 1881 convenit
2368 1851 2396 1881 ei
2412 1852 2493 1882 elee-

41 1921 47 1924 ,
69 1901 282 1924 ‘Venient-Leo-
306 1902 338 1926 et
359 1906 427 1926 non
451 1895 610 1926 dominari
628 1896 734 1926 virum
755 1895 789 1925 in
813 1896 978 1926 omnibus:
1008 1903 1039 1927 et
1060 1896 1093 1926 in
1117 1896 1144 1926 ΙΙ
1171 1895 1341 1927 Oeconom.
1356 1896 1374 1916 *
1426 1905 1636 1936 mosynarum
1658 1894 1800 1934 largitio;
1825 1895 1879 1924 sed
1902 1893 1964 1924 hoc
1988 1901 2108 1934 spectat
2130 1895 2169 1924 ad
2193 1895 2363 1925 dominum
2386 1905 2492 1926 rerum

59 1927 280 1957 ''⁸²⁴'⁴¹⁸¹‘⁶⁸¹'''‘
306 1939 376 1970 vult
396 1940 511 1970 bonam
536 1941 703 1971 mulierem
727 1941 875 1971 omnibus
896 1950 979 1980 quae
999 1941 1087 1971 intus
1103 1946 1180 1972 sunt
1200 1941 1372 1972 dominari.

337 2416 496 2481 siff<
518 2417 542 2442 D
569 2415 698 2442 nonum
720 2416 774 2441 sm
802 2416 1043 2442 Paocamrua.
1071 2405 1232 2442 Videtur
1264 2406 1371 2453 quod

335 2458 389 2498 ἐί-τ’
448 2454 491 2500 [³⁴

326 2498 445 2562 iffa(-
458 2493 490 2547 ’ᾗ
519 2523 614 2559 syna
633 2510 818 2548 facienda.
844 2510 991 2548 Dicitur
1011 2510 1115 2547 enirn
1135 2510 1251 2547 Eccli.
1269 2509 1369 2553 x11*:

338 2557 340 2560 ’
364 2554 463 2593 5²⁴¹&
480 2554 510 2596 X*
532 2569 581 2601 ea
609 2564 861 2610 misericordi,
890 2569 927 2600 et
951 2576 998 2600 ne
1029 2563 1208 2611 suscipias
1234 2574 1369 2611 pecca-

304 2621 442 2661 torem.-
470 2617 627 2665 heneffac
662 2617 814 2662 humili,
848 2622 883 2653 et
914 2629 988 2653 non
1025 2617 1088 2653 des
1126 2616 1252 2664 impio.
1292 2615 1369 2652 Sed

302 2669 539 2718 quandoque
567 2669 749 2717 contingit
776 2669 882 2716 quod
901 2669 1109 2718 propinqui
1137 2668 1256 2707 nostri
1284 2676 1371 2704 sunt

150 2746 165 2768 ,1
220 2755 226 2761 ,
302 2729 525 2772 peccatores
554 2730 591 2760 et
626 2722 744 2771 impii.
779 2723 882 2770 Ergo
920 2735 998 2760 non
1034 2730 1121 2759 sunt
1158 2722 1212 2758 eis
1249 2721 1368 2768 magis

28 2794 31 2795 ⁷
63 2794 99 2814 ηε
304 2776 576 2824 eleemosynae
605 2775 813 2813 faciendae.

243 2828 246 2830 ’
359 2840 394 2866 2.
414 2829 650 2876 PRAETEREA,
671 2830 940 2877 eleemosynae
960 2835 1047 2865 sunt
1065 2827 1261 2864 faciendae
1281 2839 1370 2875 pro-

301 2888 386 2930 pter
413 2882 702 2919 retributionem
721 2881 910 2919 mercedis
930 2889 1126 2918 aeternae:
1155 2879 1368 2917 seeundum

303 2932 396 2971 illud
423 2935 560 2971 Matth.
579 2946 616 2971 vl
630 2934 668 2971 *z
697 2935 747 2972 Et
772 2936 886 2972 Pater
905 2941 1000 2980 tuus,
1021 2934 1086 2982 qui
1102 2933 1202 2970 videt
1228 2933 1265 2969 in
1285 2933 1368 2970 abs-

65 2519 230 2548 ‘Vero-46.

66 2945 76 2956 ·
90 2943 158 2967 Vm.
174 2945 207 2967 ιδ.

305 3039 510 3087 acquiritur
530 3051 574 3076 ex
595 3040 848 3088 eleemosynis
871 3052 971 3088 quae
991 3039 1129 3077 sanctis
1149 3045 1366 3086 erogantur:

66 3099 77 3111 ⁴
90 3098 158 3121 Vera.
173 3104 196 3126 9.

305 3145 351 3182 de
377 3155 598 3182 mammona
625 3145 839 3193 iniquitatis,
868 3151 918 3191 ut,
947 3157 1033 3182 cum
1060 3144 1282 3193 defeceritis,
1310 3156 1368 3180 re-

305 3197 447 3246 cipiant
470 3209 538 3235 uos
570 3197 608 3234 in
636 3203 790 3234 aeterna
821 3198 1067 3235 tabernacula
1075 3210 1088 3242 ,·
1120 3197 1238 3246 quod.
1254 3209 1368 3245 expo-

55 3262 78 3280 “·
91 3269 166 3292 ειη».
187 3269 277 3296 cxm,
304 3262 400 3288 nens
427 3250 673 3298 Augustinus,
693 3250 732 3288 in
750 3251 847 3287 libro
874 3251 919 3287 de
939 3251 1048 3288 Verb.
1068 3251 1182 3287 Dom.
1201 3249 1232 3296 ²¹⁶,
1261 3249 1367 3287 dicit:

67 3295 277 3319 aLdeVest-Dom.

67 3321 164 3351 XXXV,
178 3328 228 3351 cap.
244 3329 260 3344 1.

360 3439 387 3471 α)
408 3438 538 3463 debemus.
556 3452 575 3457 -
593 3439 734 3463 debeamus
754 3438 922 3463 PDGlsCKx.

1426 1949 1509 1981 quae
1531 1939 1649 1969 dantur
1670 1938 1702 1968 in
1727 1938 1981 1979 eleemosynam;
2006 1945 2037 1968 et
2058 1945 2225 1978 propterea
2248 1945 2368 1979 spectat
2389 1940 2429 1969 ad
2447 1940 2492 1970 vi-

305 1983 338 2014 Si
362 1993 438 2023 ergo
462 1984 578 2014 mulier
601 1994 668 2014 non
691 1984 800 2014 solum
814 1991 959 2025 respectu
983 1991 1070 2015 actus
1095 1985 1301 2021 matrimonii,
1319 1985 1374 2015 sed
1425 1993 1508 2019 rum,
1534 1990 1570 2013 ut
1593 1989 1690 2023 caput
1713 1989 1743 2012 et
1766 1982 1976 2013 monarcham
1999 1982 2032 2012 in
2057 1983 2167 2012 domo.

304 2027 467 2067 regiminis
491 2028 669 2064 domestici,
687 2029 860 2059 assumitur
882 2029 916 2058 in
939 2028 1060 2059 sociam
1076 2030 1255 2059 secundum
1271 2029 1374 2069 digni·
1399 2028 1402 2068 Ι

1123 2164 1440 2207 ARTICULUS
1470 2164 1672 2206 NONUS

711 2256 868 2287 UTRUM
891 2256 958 2287 SIT
981 2257 1114 2288 MAffls
1136 2256 1528 2293 PROPINQUIORIBUS
1551 2255 1842 2286 ELEEMOSYNA
1865 2255 2083 2286 FACIENDA

704 2333 737 2358 lV
756 2333 840 2364 Sent„
860 2334 918 2360 dist.
935 2340 977 2366 ιν,
995 2343 1042 2367 qu.
1059 2343 1087 2367 n,
1107 2340 1154 2361 art.
1173 2334 1198 2366 6,
1218 2336 1268 2367 qua
1289 2335 1317 2366 3;
1337 2334 1381 2359 Ad
1398 2334 1486 2363 Rom„
1503 2324 1563 2366 ¹cap.
1581 2341 1625 2364 x11,
1645 2334 1704 2358 leet.
1723 2342 1741 2358 11
1748 2342 1755 2365 ;
1776 2334 1806 2358 In
1826 2334 1934 2362 Mami„
1955 2341 2011 2366 cap.
2030 2341 2088 2358 xxv,

1423 2405 1473 2441 cti
1490 2404 1594 2440 Dei?
1619 2406 1671 2441 Et
1696 2405 1763 2452 qui
1778 2410 1864 2440 sunt
1883 2405 1949 2452 qui
1973 2406 2022 2441 ab
2046 2405 2098 2441 eis
2116 2404 2324 2452 accipiendi
2344 2409 2431 2440 sunt
2453 2405 2489 2441 in

518 2470 599 2495 non
622 2457 669 2494 sit
695 2457 817 2505 magis
843 2457 1186 2506 propinquioribus
1207 2458 1373 2494 eleemo-
1423 2457 1668 2493 tabernacula
1691 2458 1764 2494 nisi
1789 2458 1854 2505 qui
1880 2469 2012 2494 eorum
2041 2453 2269 2506 indigentiae
2292 2457 2492 2494 serviunt?

1422 2509 1525 2556 Ergo
1541 2509 1664 2556 magis
1679 2517 1766 2546 sunt
1785 2510 2053 2558 eleemosynae
2074 2509 2223 2546 dandae
2239 2509 2490 2547 sanctioribus

1422 2573 1540 2609 quam
1568 2561 1920 2610 propinquioribus.

1479 2615 1513 2652 3.
1543 2615 1779 2660 PRAETEREA,
1810 2614 1976 2651 maxime
2004 2614 2125 2650 homo
2151 2621 2207 2650 est
2235 2613 2304 2650 sibi
2333 2614 2489 2662 propin—

1423 2680 1534 2715 quus.
1573 2667 1650 2704 Sed
1679 2667 1748 2703 sibi
1782 2679 1861 2703 non
1893 2674 2019 2715 potest
2050 2667 2170 2703 homo
2201 2667 2487 2715 eleemosynam

1421 2721 1557 2757 facere.
1589 2721 1690 2767 Ergo
1710 2720 1863 2757 videtur
1882 2721 1986 2768 quod
2010 2732 2088 2756 non
2109 2719 2154 2756 sit
2173 2720 2294 2767 magis
2314 2720 2487 2757 facienda

1423 2774 1670 2820 eleemosyna
1696 2785 1884 2821 personae
1913 2771 2033 2820 magis
2062 2765 2299 2809 coniune'tae.

1476 2827 1551 2863 SED
1584 2837 1730 2862 CONTRA
1764 2837 1831 2862 EST
1866 2825 1973 2873 quod
2004 2825 2213 2874 Apostolus
2250 2825 2359 2872 dicit,
2394 2826 2408 2861 I
2437 2826 2489 2863 ad

1425 2880 1521 2916 Tim.
1541 2891 1565 2915 v
1581 2878 1617 2914 *z
1647 2878 1690 2915 Si
1715 2878 1797 2926 quis
1814 2890 1983 2924 suorum,
2013 2883 2049 2914 et
2073 2878 2242 2915 maxime
2269 2878 2486 2915 domestico-

1421 2944 1507 2969 rum
1535 2943 1668 2968 curam
1698 2943 1771 2968 non
1799 2932 1927 2976 hahet,
1953 2931 2076 2978 fidem
2110 2931 2264 2980 negavit
2289 2936 2326 2967 et
2351 2937 2406 2967 est
2431 2931 2486 2968 in-

305 2986 467 3032 condito,
481 2987 609 3024 reddet
624 2987 699 3024 tibi.
721 2987 798 3025 Sed
818 2987 1013 3024 retributio
1029 2994 1182 3023 aeterna
1202 2985 1368 3022 maxime
1409 2984 1524 3033 fideli
1549 2984 1722 3020 deterior.

1474 3039 1699 3074 RESPONDEO
1736 3047 1920 3073 DICENDUM
1956 3036 2082 3084 quod,
2121 3036 2217 3073 sicut
2250 3036 2484 3083 Augustinus

305 3092 519 3129 secundum
546 3092 638 3129 illud
667 3093 760 3130 Luc.
780 3104 841 3129 xvl
860 3093 897 3129 *ε
935 3093 1065 3129 Facite
1090 3092 1195 3129 vohis
1226 3091 1368 3128 amicos
1422 3086 1530 3136 dicit,
1559 3090 1597 3126 in
1627 3091 1639 3126 Ι
1665 3090 1710 3126 de
1732 3090 1840 3126 Doct.
1866 3089 2000 3126 Christ.
2020 3088 2056 3136 ²¹⁸,
2086 3089 2136 3126 illi
2165 3089 2228 3137 qui
2258 3096 2343 3126 sunt
2372 3090 2483 3126 nobis

1421 3143 1542 3191 magis
1571 3142 1760 3179 coniuncti
1798 3141 1907 3190 quasi
1935 3141 2105 3190 quadam
2143 3150 2242 3179 sorte
2275 3142 2387 3178 nobis
2416 3142 2483 3178 ob-

1418 3196 1588 3242 veniunt,
1617 3203 1658 3231 ut
1686 3194 1739 3231 eis
1772 3194 1892 3242 magis
1919 3194 2123 3243 providere
2152 3195 2338 3231 debemus
2354 3199 2382 3231 α.
2413 3195 2483 3231 Est

1420 3256 1550 3286 tamen
1574 3247 1671 3284 circa
1698 3248 1773 3284 hoc
1801 3247 2035 3284 discretionis
2055 3247 2148 3284 ratio
2177 3247 2403 3293 adhibenda,
2425 3259 2482 3283 se-

309 3303 384 3346 Qui
399 3309 487 3341 sunt
504 3303 570 3351 qui
586 3304 774 3341 habebunt
790 3309 943 3341 aeterna
961 3302 1174 3341 habitacula
1194 3303 1266 3340 nisi
1280 3315 1366 3339 san·
1422 3302 1590 3339 cundum
1610 3299 1860 3356 differentiam
1881 3300 2154 3337 coniunctionis
2173 3308 2207 3337 et
2227 3299 2429 3336 sanctitatis
2445 3306 2482 3336 et

2522 515 2529 523 ·
2545 514 2569 534 In
2584 520 2644 541 resp.
2660 514 2688 535 ad
2704 520 2721 536 1-

2522 667 2530 675 ·
2546 665 2612 687 Vere.
2627 672 2648 694 3.

2512 2888 2521 2898 ·
2537 2887 2605 2909 Vers.
2619 2888 2640 2910 8.

2511 3094 2519 3103 “
2535 3094 2591 3122 Cap.
2606 3101 2683 3117 xxvm.
