2892 4056
418 186 490 230 342
1095 184 1359 230 QUAESTIO
1389 186 1511 232 XLV,
1541 186 1836 224 ARTICULUS
1866 187 1917 223 1v

415 269 451 299 et
475 264 742 312 conspiciendis
768 269 803 299 et
821 263 1069 299 consulendis:
1099 261 1375 309 conspiciendis
1395 262 1475 310 qui·
1527 264 1632 311 quod
1661 275 1738 300 non
1767 263 1891 300 solum
1925 263 2058 312 dirigat
2084 265 2123 302 in
2151 267 2489 315 contemplatione,
2519 267 2587 305 sed

415 316 516 362 dem,
547 317 757 353 secundum
787 315 891 364 quod
921 314 1050 351 divina
1077 314 1114 351 in
1143 314 1275 362 seipsis
1304 322 1473 351 contern-
1528 316 1642 352 etiam
1670 315 1707 351 in
1738 315 1897 352 actione.

414 370 553 417 platur;
584 369 824 406 consulendis
852 375 1001 413 autern,
1032 367 1246 405 secundum
1275 367 1379 415 quod
1405 379 1475 415 per
1579 370 1637 404 AD
1648 379 1842 405 secunaum
1858 379 2042 406 morannum
2058 370 2164 417 quod
2179 369 2309 409 divina
2321 370 2362 409 in
2375 384 2416 409 se
2431 372 2586 420 quidem
2632 364 2634 366 V

415 422 543 459 divina
571 422 709 459 iudicat
737 422 784 459 de
813 420 989 457 humanis
1009 419 1035 467 β,
1057 432 1125 468 per
1154 420 1300 457 divinas
1324 421 1474 467 regulas
1527 428 1614 457 sunt
1641 421 1854 458 necessaria
1883 429 1919 458 et
1946 429 2120 459 aeterna:
2150 430 2403 463 sunttamen
2434 426 2586 472 regulae

414 475 578 522 dirigens
606 483 710 511 actus
738 476 942 511 humanos.
973 473 1035 510 Sic
1054 473 1165 520 igitur
1192 472 1388 521 sapientia,
1416 485 1473 509 se·
1526 473 1837 521 contingentium,
1866 485 1966 523 quae
1993 474 2171 512 humanis
2191 475 2336 517 actibus
2359 478 2532 518 subsunt.

413 530 577 564 cundum
608 529 714 575 quod
744 535 798 564 est
826 528 985 573 donum,
1005 539 1084 563 non
1111 527 1236 563 solum
1267 533 1322 563 est
1339 537 1473 573 specu·
1577 528 1636 562 AD
1651 537 1812 564 TER-rium
1831 538 2016 564 montinum
2031 528 2137 576 quod
2151 528 2256 576 prius
2271 537 2327 566 est
2345 530 2585 575 considerare

412 581 538 626 lativa‚
568 581 635 616 sed
664 580 778 616 etiam
807 580 984 628 practica.
1525 577 1667 626 aliquid
1693 579 1732 616 in
1760 579 1886 628 seipso
1915 592 2032 629 quarn
2061 581 2274 619 secundum
2293 583 2398 632 quod
2422 583 2475 621 ad
2495 585 2585 621 alte—

463 636 521 669 Αι)
548 645 683 670 PRlMUM
710 644 809 669 ERGO
837 644 1022 670 morannum
1051 631 1154 680 quod
1183 639 1326 679 quanto
1346 629 1472 677 aliqua
1524 642 1608 668 rum
1630 641 1915 680 comparatur.
1891 638 1903 654 ⁶
1945 633 2057 671 Unde
2077 635 2125 671 ad
2145 635 2370 683 sapientiam
2394 647 2463 683 per
2480 637 2586 697 prius

409 686 526 722 virtus
556 694 611 722 est
637 685 756 732 altior,
777 694 881 722 tanto
911 686 959 722 ad
978 687 1089 733 plura
1107 689 1122 712 Υ
1151 696 1192 721 se
1217 683 1400 727 extendit;
1430 690 1472 720 ut
1525 683 1684 730 pertinet
1713 686 1984 734 contemplatio
2013 686 2250 734 divinorum,
2279 699 2380 735 quae
2408 697 2481 725 est
2490 690 2585 727 visio

312 749 367 764 Μ’
408 739 568 774 habetur
596 739 634 774 in
662 739 756 775 libro
785 739 831 775 de
863 739 995 775 Causis
1012 738 1043 774 ²⁸.
1074 738 1184 775 Unde
1214 748 1260 774 ex
1284 737 1360 773 hoc
1386 735 1470 783 ipso
1516 736 1740 785 principii*;
1761 739 1999 797 etposterius
2019 739 2180 787 dirigere
2195 747 2301 777 actus
2319 741 2622 781 humanosse-

409 791 511 840 quod
540 791 722 839 sapientia
750 803 850 840 quae
879 799 936 828 est
963 791 1110 828 donum
1144 797 1200 827 est
1232 788 1471 826 excellentior
1524 790 1692 827 cundum
1708 791 1874 829 rationes
1885 792 2046 830 divinas.
2063 794 2148 831 Nec
2162 800 2292 831 tamen
2306 793 2345 831 in
2360 794 2506 831 actibus
2515 795 2585 832 hu-

408 856 523 892 quarn
539 844 722 904 sapientia
737 856 834 893 quae
851 853 905 881 est
918 844 1038 881 virtus
1052 842 1323 888 intellectualis,
1337 848 1469 889 utpote
1522 842 1647 879 manis
1666 854 1711 880 ex
1733 832 1940 883 directione
1953 846 2162 895 sapientiae
2181 846 2357 894 provenit
2370 847 2585 885 amaritudo

406 898 525 944 magis
545 897 592 933 de
612 897 827 957 propinquo
847 899 975 934 Deum
1004 897 1201 944 attingens,
1221 894 1322 944 per⁶
1350 906 1469 942 quan·-
1522 902 1585 933 aut
1613 896 1742 933 labor:
1778 898 1846 935 sed
1873 898 2000 946 potius
2020 899 2236 936 amaritudo
2256 907 2413 959 propter
2436 901 2585 948 sapien-

407 950 494 986 dam
523 951 664 987 scilicet
702 951 884 988 unionem
921 951 1072 987 animae
1102 949 1150 986 ad
1177 950 1324 1000 ipsum⁷
1353 948 1468 984 habet
1521 946 1611 986 tiam
1631 949 1790 987 vertitur
1807 951 1847 988 in
1867 952 2120 999 dulcedinem,
2147 961 2183 990 et
2201 953 2341 990 labor
2333 965 2371 990 ιιι
2396 953 2583 1000 requiem.

459 1064 483 1097 β)
503 1065 634 1090 humanis.
651 1068 670 1084 ⁴-
687 1066 790 1091 actibus
809 1066 878 1091 addit
897 1066 923 1091 Ρ.
1489 1061 1492 1096 Ι
1569 1067 1591 1097 ι)
1610 1066 1648 1091 aa
1665 1066 1780 1091 alterum
1798 1070 1982 1098 comparatur.
1999 1080 2018 1086 —
2034 1070 2076 1092 est
2099 1067 2137 1092 ad
2158 1068 2273 1093 alterum
2293 1066 2331 1099 G,
2350 1067 2387 1092 ad
2405 1067 2491 1099 ipsum
2517 1067 2584 1092 alte·

457 1103 482 1132 γ)
498 1101 590 1132 plura.
607 1115 627 1120 -
639 1101 761 1133 plurima
781 1101 826 1126 Pa.
1517 1107 1577 1126 rum
1595 1104 1771 1132 comparatur
1785 1101 1803 1132 1,
1818 1101 1904 1133 ipsum
1917 1102 1954 1126 ad
1967 1103 2082 1127 alterum
2095 1106 2272 1136 eomparatur
2284 1103 2329 1134 Pa,
2344 1102 2497 1135 (secundum
2512 1102 2585 1135 quod

456 1135 480 1168 ὃ)
501 1144 567 1167 quae
585 1139 625 1161 est
644 1137 770 1161 donum...
786 1143 845 1168 per.
859 1150 878 1155 —
897 1139 936 1161 est
955 1136 1082 1162 donum...
1099 1136 1174 1161 Unde
1182 1143 1235 1168 per
1255 1137 1277 1168 1;
1297 1144 1346 1171 pro
1359 1136 1466 1167 scilicet,
1518 1137 1555 1162 ad
1572 1136 1682 1168 omisso)
1701 1136 1816 1160 alteram
1835 1140 2009 1168 comparatur
2025 1138 2058 1163 B.

403 1172 513 1203 spiritus
527 1172 770 1201 PABCDEFLm,
782 1179 838 1197 om.
858 1172 931 1202 flu<;
950 1172 1058 1197 animae
1072 1178 1126 1196 om.
1142 1172 1206 1204 DpC
1219 1177 1245 1197 et
1263 1179 1294 1202 ιη
1312 1179 1360 1205 pm
1378 1172 1466 1203 habet,

403 1208 511 1232 haberet
525 1207 699 1239 ABEFLpCK
719 1213 744 1231 et
762 1215 806 1232 xa.

1071 1285 1408 1319 comment-,aria
1431 1286 1684 1321 Gardinalis
1707 1285 1924 1319 Caietam*

2323 1342 2340 1352 f.
2375 1337 2444 1353 mm(
2474 1343 2487 1351 .,
2526 1343 2528 1345 .
2564 1345 2582 1350 μ

245 1343 374 1402 Ηηῐῖῃῗξνῖ
406 1377 455 1439 ΙΝ
476 1367 608 1399 articulo
640 1367 749 1403 tertio,
773 1367 806 1397 in
829 1366 1038 1406 responsione
1068 1366 1108 1396 ad
1131 1366 1289 1406 primum,
1308 1367 1463 1410 perspice
1486 1368 1576 1408 quod
1599 1367 1774 1407 practicum
1804 1373 1836 1398 et
1857 1366 2092 1407 speculativum
2107 1366 2270 1415 Ιιιιιίιιιιῐιιι·
2293 1366 2327 1398 in
2348 1377 2416 1401 uno
2441 1367 2584 1416 superiof

433 1421 473 1442 ris
490 1411 618 1442 ordinis.
643 1411 684 1442 Et
707 1411 780 1442 hinc
796 1411 868 1441 vide
884 1420 983 1451 quarn
999 1411 1080 1447 bene
1096 1409 1203 1440 alibi*
1222 1409 1452 1452 scripserimus-¹

1357 1489 1621 1503 ‘ww
2566 1490 2583 1522 J.

1181 1516 1499 1590 ARTICULUS
1528 1547 1802 1599 QUARTUS

694 1641 850 1673 UTRUM
874 1641 1102 1672 SAPIENTIA
1125 1641 1272 1672 POSSIT
1296 1641 1396 1672 ESSE
1421 1640 1515 1671 SINE
1540 1640 1719 1677 GRATIA,
1745 1640 1838 1672 CUM
1861 1639 2067 1671 PECCATO
2091 1639 2291 1672 MORTALI

440 1754 484 1780 a„
440 1740 492 1780 ›
609 1734 631 1758 D
648 1733 822 1763 QUARTUM
837 1732 891 1757 sm
911 1731 1154 1757 PROCEDITUR.
1174 1719 1336 1756 Videtur
1355 1720 1460 1767 quod
1512 1719 1658 1756 donum
1689 1719 1850 1768 Spiritus
1879 1718 2021 1768 Sancti,
2054 1718 2150 1756 sicut
2177 1719 2321 1756 dictum
2354 1727 2412 1757 est
2432 1720 2465 1768 ’ξ
2493 1721 2582 1759 facit
2607 1732 2617 1741 ·

522 1779 524 1781 ’
582 1792 584 1794 ·
608 1773 805 1823 sapientia
810 1774 931 1822 possit
959 1785 1042 1810 esse
1071 1773 1152 1809 sine
1180 1773 1312 1820 gratia,
1334 1784 1422 1808 curn
1443 1776 1460 1792 α
1511 1772 1778 1809 rectitudinem
1798 1771 1925 1808 iudicii
1953 1771 2052 1808 cirea
2071 1783 2131 1808 res
2160 1771 2318 1820 divinas,
2337 1773 2399 1810 vel
2425 1785 2496 1823 per
2523 1775 2586 1812 re?

431 1815 448 1833 ⁴*
452 1767 577 1907 *2:²ss
590 1826 594 1831 “
607 1835 763 1876 peccato
785 1826 947 1863 mortali.
967 1827 1026 1863 De
1047 1825 1104 1862 his
1123 1826 1226 1862 enim
1247 1830 1358 1874 quae·
1368 1828 1478 1862 euml
1510 1826 1619 1872 gulas
1630 1825 1789 1862 divinas
1808 1825 1865 1862 de
1883 1824 1978 1873 aliis,
1999 1837 2044 1862 ex
2072 1825 2244 1873 quadam
2265 1827 2579 1865 connaturalitate

452 1856 548 1915 52⁷²-ss
563 1873 594 1916 Χ
608 1888 764 1930 peccato
809 1879 960 1916 mortali
1004 1879 1138 1916 haberi
1184 1891 1262 1916 non
1297 1885 1461 1926 possunt
1512 1878 1593 1916 sive
1620 1878 1764 1916 unione
1791 1877 1843 1916 ad
1871 1878 2012 1916 divina.
2043 1878 2155 1925 Quae
2173 1878 2332 1927 quidem
2352 1887 2408 1921 est
2429 1892 2500 1929 per
2565 1903 2580 1911 -

395 1935 600 1984 praecipue
620 1934 737 1971 sancti
764 1933 988 1981 gloriantur:
1017 1932 1232 1969 secundum
1250 1931 1343 1968 illud
1358 1933 1396 1968 ΙΙ
1411 1932 1463 1968 ad
1511 1931 1673 1979 ritatem,
1694 1939 1735 1969 ut
1754 1932 1900 1969 dictum
1920 1939 1976 1968 est
1993 1931 2025 1968 ²⁸⁸.
2054 1932 2105 1969 Et
2122 1931 2211 1971 ideo
2231 1932 2416 1980 sapientia
2435 1933 2483 1971 de
2501 1893 2581 1983 qenai

401 1991 487 2026 Cor.
510 2001 520 2025 1
538 1989 572 2024 *t
607 1988 738 2025 Gloria
759 1992 887 2024 nostra
906 1987 1000 2022 haec
1018 1991 1081 2031 est,
1101 1985 1353 2022 testimonium
1373 1995 1460 2021 con·
1511 1985 1705 2034 loquimur
1739 1984 2250 2035 praesupponitcaritatem.
2278 1986 2427 2023 Caritas
2448 1992 2581 2026 autem

393 2042 568 2080 scientiae
600 2047 761 2078 nostrae.
800 2039 877 2077 Sed
906 2040 954 2076 de
982 2038 1167 2088 sapientia
1195 2037 1210 2068 β
1238 2047 1317 2075 non
1347 2036 1460 2076 debet
1512 2047 1600 2075 non·
1618 2045 1745 2087 potest
1774 2050 1856 2076 esse
1886 2049 1974 2075 cum
2002 2043 2161 2088 peccato
2190 2039 2357 2086 mortali,
2368 2044 2430 2076 ut
2444 2052 2506 2082 ex
2518 2036 2581 2084 gul

394 2095 529 2144 aliquis
547 2094 719 2142 gloriari:
748 2089 1284 2131 secundumilludIerem.1x
1301 2091 1342 2113 *·
1333 2091 1458 2145 ‚Non
1512 2090 1736 2140 pradictis*
1763 2099 1877 2141 patet.
1907 2090 2021 2129 Unde·
2048 2090 2270 2144 relinquitur
2297 2092 2401 2141 quod
2430 2091 2579 2151 sapien»-

392 2150 579 2200 glorietur
595 2148 744 2196 sapiens
772 2147 810 2184 in
837 2146 1020 2194 sapientia
1036 2157 1118 2183 sua.
1148 2146 1252 2193 Ergo
1273 2142 1461 2193 sapientia
1510 2145 1561 2185 tia
1589 2146 1638 2183 de
1666 2157 1743 2194 qua
1769 2144 1977 2194 loquimur
1986 2156 2072 2187 non
2094 2152 2223 2224 potest
2251 2157 2335 2183 esse
2367 2158 2456 2184 cum
2479 2159 2577 2196 pec-

392 2211 517 2252 potest
545 2214 628 2238 esse
656 2202 737 2238 sine
764 2200 893 2248 gratia,
924 2211 1011 2236 cum
1040 2206 1199 2247 peccato
1227 2198 1391 2235 mortali.
1512 2206 1598 2236 cato
1625 2198 1791 2235 mortali.
2574 2224 2576 2226 ¹

447 2268 480 2293 2.
512 2257 747 2299 Pium-mm,
776 2253 961 2302 sapientia
989 2252 1171 2300 importat
1198 2252 1458 2299 cognitionem
1558 2253 1622 2287 An
1639 2262 1782 2288 PRIMUM
1798 2261 1899 2287 ERGO
1917 2261 2105 2287 mceumm
2125 2251 2231 2299 quod
2250 2222 2340 2288 illud
2369 2228 2579 2301 intelligere

394 2310 623 2355 divinorum,
653 2316 694 2345 ut
722 2307 864 2344 dictum
895 2314 950 2342 est
968 2304 999 2342 ³¹².
1031 2306 1108 2342 Sed
1128 2305 1243 2353 aliqui
1264 2317 1351 2341 cum
1369 2317 1462 2354 pec·
1503 2305 1605 2341 dum
1643 2311 1699 2341 est
1727 2304 1774 2341 de
1803 2303 1986 2352 sapientia
2014 2303 2052 2340 in
2081 2304 2194 2342 rebus
2228 2304 2455 2352 mundanis;
2493 2306 2577 2344 sive

393 2371 476 2400 cato
507 2362 655 2399 mortali
684 2367 846 2409 possunt
873 2359 1015 2396 habere
1045 2358 1303 2406 cognitionem
1321 2357 1459 2395 verita-
1510 2357 1626 2396 etiam
1644 2357 1685 2402 in
1711 2358 1826 2394 rebus
1847 2356 1983 2393 divinis
2011 2368 2080 2405 per
2099 2356 2264 2394 rationes
2287 2358 2487 2396 humanas.
2516 2360 2576 2399 De

2627 753 2821 784 ειψοηςιοο

2613 779 2753 807 cit.1nar.g

2605 1943 2618 1957 ⁴
2630 1944 2684 1967 Art.
2697 1950 2718 1966 ι.

2605 2105 2733 2134 ·Qu.xxrv‚
2739 2110 2782 2128 ιιι.
2787 2112 2816 2128 12.

391 2417 436 2453 tis
466 2415 640 2453 divinae:
670 2414 884 2451 secundum
912 2412 1004 2449 illud
1022 2413 1134 2448 Rom.
1156 2411 1221 2448 1²¹³:
1257 2403 1455 2449 Veritatem
1510 2422 1586 2459 qua
1623 2410 1742 2447 sancti
1769 2422 1848 2447 non
1876 2409 2099 2457 gloriantur,
2128 2410 2196 2447 sed
2230 2423 2316 2447 earn
2344 2423 2385 2448 se
2412 2412 2577 2453 fatentur
2603 2445 2605 2449 ⁴

393 2469 466 2506 Dei
492 2470 528 2505 in
558 2468 736 2505 iniustitia
769 2467 941 2503 detinent.
979 2466 1083 2512 Ergo
1120 2465 1306 2513 sapientia
1332 2472 1458 2513 potest
1509 2476 1588 2502 non
1607 2464 1769 2501 habere:
1790 2463 2007 2505 secundum
2024 2463 2116 2501 illud
2135 2463 2248 2501 Pron.
2267 2476 2341 2501 xxx
2358 2464 2398 2502 *ε
2419 2466 2614 2514 Sapen-.-

2626 2478 2695 2501 ven.
2708 2484 2730 2501 2.

393 2534 476 2559 esse
506 2534 594 2559 curn
623 2526 780 2570 peccato
810 2514 972 2555 mortali.
1508 2517 1560 2554 tia
1587 2517 1782 2553 hominum
1811 2528 1886 2552 non
1915 2521 1970 2552 est
1994 2527 2154 2552 mecum.
2194 2517 2414 2555 Gloriantur
2445 2526 2574 2558 autem
2628 2533 2633 2540 ·

447 2576 481 2612 3.
525 2576 759 2619 PRAETEREA,
802 2571 1037 2620 Augustinus
1084 2569 1183 2616 dicit,
1229 2570 1267 2606 in
1305 2571 1376 2607 XV
1413 2571 1458 2607 de
1510 2571 1557 2607 de
1577 2569 1762 2619 sapientia
1782 2568 1927 2606 divina:
1948 2567 2161 2606 se'cundum
2182 2570 2272 2607 illud
2293 2571 2306 2607 1
2326 2571 2379 2608 ad
2399 2572 2487 2609 Cor.
2507 2572 2573 2611 ι*ε

396 2631 431 2666 T
428 2641 499 2665 rm
519 2628 551 2674 ²¹²,
581 2628 629 2664 de
659 2627 810 2663 caritate
838 2627 1019 2674 loquens:
1047 2624 1209 2660 Nullum
1227 2629 1281 2660 est
1291 2624 1364 2661 isto
1384 2625 1460 2662 Dei
1508 2625 1650 2661 Factus-
1666 2621 1679 2645 ὅ
1707 2628 1762 2661 est
1786 2622 1892 2661 nobis
1917 2622 2101 2671 sapientia
2124 2634 2153 2660 a
2181 2623 2277 2660 Deo.
2346 2650 2347 2653 ¹
2480 2642 2487 2646 v>

391 2683 490 2720 dono
518 2680 778 2718 excellentius.-
803 2679 926 2715 solum
955 2683 970 2706 Υ
998 2683 1053 2714 est
1078 2678 1180 2725 quod
1204 2677 1335 2714 dividit
1362 2679 1459 2715 inter
1561 2679 1622 2715 An
1658 2687 1850 2715 SECUNDUM
1878 2687 2085 2714 mCENDUM
2094 2676 2206 2724 quod
2224 2676 2323 2718 ratio
2348 2653 2430 2724 illa
2434 2670 2574 2738 pente

380 2735 487 2784 filios
521 2735 633 2784 regni
658 2733 803 2770 aeterni
828 2738 864 2769 et
878 2732 984 2779 filios
1015 2731 1236 2779 perditionis
1267 2736 1456 2768 aeternae.
1508 2730 1562 2768 dit
1590 2730 1638 2768 de
1667 2729 1884 2777 cognitione
1921 2728 2142 2769 divinorum
2176 2741 2278 2777 quae
2313 2720 2518 2782 Ιιεὶιεῖωθ

393 2789 470 2826 Sed
498 2787 683 2836 sapientia
703 2786 828 2823 differt
855 2797 878 2821 a
898 2785 1063 2822 caritate.
1094 2785 1196 2831 Ergo
1217 2795 1295 2820 non
1323 2783 1457 2821 dividit
1507 2783 1676 2820 studium
1715 2790 1752 2819 et
1780 2781 2065 2830 inquisitionem
2103 2782 2270 2820 rationis.
2309 2782 2500 2832 Quaepo

391 2844 487 2879 inter
506 2841 604 2878 filios
623 2840 728 2888 regni
749 2847 784 2875 et
810 2839 910 2875 filios
938 2837 1171 2886 perditionis.
1201 2838 1304 2884 Ergo
1332 2845 1457 2886 potest
1507 2836 1641 2874 haberi
1678 2847 1766 2873 eum
1803 2842 1962 2883 peccato
1991 2835 2160 2873 mortali.
2195 2847 2275 2878 non
2307 2843 2436 2875 autern
2466 2837 2528 2878 illa
2559 2843 2572 2860 ⁸
2620 2879 2622 2881 ,

392 2907 475 2932 esse
504 2906 591 2931 curn
616 2901 776 2945 peccato
807 2892 965 2928 mortali.
1507 2888 1690 2938 sapientia
1720 2889 1767 2925 de
1795 2900 1872 2938 qua
1899 2887 2105 2936 loquimur.

447 2949 520 2985 SED
544 2958 690 2984 CONTRA
717 2957 783 2983 EST
803 2945 908 2993 quod
928 2944 1063 2981 dicitur
1091 2944 1178 2992 Sap.
1201 2943 1270 2980 1²⁸⁸:
1298 2945 1346 2981 In
1374 2955 1453 2980 ma—
1560 2945 1630 2980 An
1646 2953 1807 2981 τειιιιυιι
1835 2952 2037 2979 mesanum
2047 2940 2155 2990 quod
2182 2940 2397 2990 sapientia,
2407 2941 2477 2985 etsi
2503 2917 2572 2987 dit

393 3001 553 3038 levolam
572 3001 740 3037 animam
761 3010 835 3035 non
855 2998 1020 3034 introibit
1036 2997 1235 3045 sapientia,
1264 3008 1338 3034 nec
1348 2997 1456 3034 habi·
1506 2997 1600 3033 ferat
1623 3008 1655 3034 a
1678 2995 1844 3040 caritate,
1871 3002 2009 3033 tamen
2028 2994 2313 3043 praesupponit
2329 3006 2432 3041 eam3
2461 3002 2574 3042 ⁶153ss

393 3055 485 3092 tabit
510 3054 547 3090 in
576 3064 735 3100 corpore
760 3052 904 3088 subdito
926 3051 1103 3099 peccatis.
1293 3065 1296 3067 >
1505 3050 1581 3087 hoc
1607 3050 1691 3098 ipso
1722 3048 1856 3087 dividit
1886 3048 1982 3085 inter
2009 3047 2110 3087 filios
2146 3047 2380 3097 perditionis·
2390 3054 2429 3085 et
2455 3043 2572 3096 regni.

446 3109 675 3144 Responmio
702 3116 889 3142 DICENDUM
922 3104 1027 3153 quod
1057 3103 1241 3152 sapientia
1269 3115 1369 3151 quae
1398 3110 1455 3139 est
2211 3128 2213 3130 -
2404 3128 2406 3130 ¹
2460 3124 2482 3129 ν,
2522 3125 2531 3131 -

1708 3179 1864 3185 *¹--—-—
1900 3183 1901 3186 ¹
2160 3179 2177 3195 ¹2«
2312 3178 2328 3183 ‘¹
2469 3179 2484 3192 ⁴·
2519 3178 2569 3200 ιω

447 3219 475 3252 α)
493 3216 562 3245 cum.
578 3232 598 3239 -
616 3222 643 3244 et
658 3226 718 3243 cum
737 3218 785 3243 Pa.
1234 3224 1237 3226 ·
1353 3240 1355 3242 ,
1372 3239 1374 3241 ,
1560 3216 1584 3248 δ)
1604 3217 1714 3245 Factus.
1730 3228 1751 3237 -·
1767 3216 1853 3242 Facta
1872 3216 1963 3242 ΡΗια.
2015 3240 2017 3243 ,

446 3254 473 3288 β)
491 3255 632 3292 sapientia.
647 3268 668 3282 v·
685 3261 736 3279 sua
755 3254 824 3278 addit
841 3254 869 3278 Ρ.
1478 3215 1482 3319 ¹
1561 3253 1582 3284 ε)
1604 3253 1658 3277 illa.
1676 3265 1695 3296 Τ
1713 3252 1746 3278 de
1765 3251 1810 3297 illa
1829 3251 1881 3276 PD.
1900 3281 1917 3297 Ι,
1949 3287 1965 3293 ¹,
2014 3255 2016 3258 ·

446 3290 473 3324 γ)
491 3291 587 3328 solum.
603 3304 622 3308 -
640 3289 688 3315 hoc
706 3287 790 3315 solum
810 3288 858 3313 Pa.

1348 3409 1611 3417 mmm

2601 2579 2694 2604 'Ver-⁸.
2707 2587 2747 2611 3⁰·
