2892 4056
435 176 504 211 106

485 252 534 282 Ad
551 252 611 282 hoc
627 252 739 283 dicitur
755 253 842 292 quod
857 252 890 282 in
906 252 963 282 hac
979 262 1010 282 re
1027 259 1100 282 sunt
1116 252 1196 282 duo:
1221 252 1337 282 scilicet
1355 253 1482 288 crimen,

429 302 459 326 et
482 295 634 326 sententia
657 296 824 326 Ecclesiae.
847 296 888 326 Et
912 295 1066 336 quoniam
1085 295 1123 324 de
1141 294 1270 325 crimine
1286 296 1400 326 directe
1416 305 1484 336 spe-

429 345 491 369 ctat
513 340 552 369 ad
576 339 771 379 theologum,
796 340 834 369 de
857 339 1009 369 sententia
1034 345 1141 368 autem
1157 339 1312 369 extensive
1327 346 1358 370 et
1372 349 1483 370 secun·

429 382 531 418 dario;
556 382 671 413 idcirco
695 383 795 413 littera
818 383 856 412 de
880 382 1031 412 demerito
1056 381 1193 412 criminis
1215 382 1416 422 intelligenda
1439 389 1485 413 est

428 428 516 466 quod
540 426 673 466 speciale
696 426 816 466 aliquid
831 426 952 465 quaerit
968 432 998 455 et
1013 425 1096 456 dicit.
1121 426 1227 456 Potest
1243 425 1328 456 enim
1345 426 1484 456 Ecclesia

413 479 494 500 -non
518 470 624 500 solum
647 476 774 509 propter
797 469 868 505 hoc,
889 469 943 499 sed
959 476 1088 509 propter
1104 469 1163 499 alia
1179 469 1318 506 crimina,
1339 477 1374 500 ut
1390 469 1484 500 etiam

427 513 460 542 in
483 513 584 543 littera
607 513 733 548 dicitur,
759 513 891 542 eandem
914 522 1051 552 poenam
1079 512 1253 552 imponere.
1283 513 1367 550 Quia
1390 513 1484 552 igitur

429 557 548 586 crimen
570 556 743 596 apostasiae
761 567 777 586 a
794 555 854 585 fide
879 555 1066 586 demeritum
1089 556 1150 586 hoc
1173 556 1232 586 sibi
1247 556 1393 593 vindicat,
1410 556 1484 597 quia

428 600 565 630 totaliter
587 606 708 639 separat
728 609 745 628 a
765 600 844 635 Deo,
862 606 892 629 et
912 600 1016 629 omnis
1040 600 1180 640 aequitas
1203 601 1343 640 postulat
1362 607 1398 630 ut
1417 600 1483 630 vio-

427 643 504 673 lanti
526 642 622 673 fidem
645 643 714 673 Deo
738 643 933 673 abstrahatur
955 642 1033 673 fides
1055 643 1210 679 aliorum;
1234 644 1306 674 ideo
1329 644 1391 674 hoc
1414 654 1482 684 spe-

428 687 544 717 cialiter
567 687 604 716 de
629 686 784 725 apostasia
811 687 952 717 decisum
980 694 1035 717 est.
1066 687 1138 717 Non
1163 694 1269 717 tamen
1293 687 1413 717 dictum
1437 694 1483 717 est

427 730 515 770 quod
538 739 596 769 pro
620 730 687 760 sola
710 730 865 770 apostasia
888 740 992 770 poena
1006 731 1083 761 haec
1106 731 1297 761 incurratur:
1318 740 1375 761 nec
1393 731 1483 761 locus

427 775 465 803 ab
489 773 672 804 auctoritate
695 774 836 813 negative
855 774 976 804 validus
993 781 1046 805 est.
1064 792 1085 797 —-
1100 774 1183 812 Quia
1200 785 1272 805 vero
1290 774 1428 805 Ecclesia
1450 775 1482 805 in

427 817 565 856 allegatis
598 817 718 847 iuribus
742 818 843 848 voluit
866 819 954 858 quod
979 818 1242 849 excommunicati
1266 819 1423 855 absolute,
1448 829 1483 849 ac

426 870 481 900 per
504 861 565 892 hoc
589 871 625 891 ex
648 871 850 902 quacumque
875 872 977 897 causa,
994 862 1154 893 incurrant
1176 862 1308 893 eandem
1327 870 1481 902 poenam;

425 905 498 934 ideo
522 915 558 935 ex
581 912 668 944 parte
691 906 860 936 sententiae
877 906 1033 936 Ecclesiae
1050 906 1127 937 nihil
1142 913 1188 936 est
1203 906 1335 946 speciale
1354 906 1387 936 in
1406 917 1482 947 apo-

426 948 518 978 stasia
536 949 625 989 quod
648 959 714 979 non
738 956 784 980 est
807 950 839 979 in
863 950 1189 981 excommunicatione
1208 957 1337 991 propter
1351 951 1411 981 alia
1427 950 1482 982 cri-

425 1002 521 1022 mina.

481 1036 516 1066 11.
542 1036 577 1066 In
601 1037 715 1067 eodem
742 1037 892 1073 articulo,
918 1037 997 1068 circa
1023 1037 1076 1068 illa
1095 1038 1197 1074 verba,
1229 1038 1272 1068 Et
1294 1038 1364 1071 ideo
1385 1048 1480 1078 quam

425 1080 485 1110 cito
508 1080 625 1121 aliquis
646 1091 710 1121 per
736 1082 924 1112 sententiam
953 1080 1161 1112 denuntiatur
1190 1083 1482 1113 excommunicatus

418 1129 554 1164 propter
576 1126 770 1166 apostasiam
787 1134 807 1155 a
813 1125 896 1166 fide,
921 1126 988 1165 ipso
1007 1125 1098 1166 facto
1121 1127 1189 1156 eius
1207 1126 1323 1156 subditi
1338 1131 1414 1156 sunt
1428 1126 1482 1156 ab·

423 1168 520 1198 soluti
532 1178 553 1199 a
568 1169 707 1199 dominio
722 1174 751 1199 et
767 1170 948 1199 iuramento
964 1175 1032 1205 etc„
1050 1169 1184 1200 dubium
1204 1169 1321 1209 duplex
1336 1169 1480 1200 occurrit.

423 1212 569 1242 Primum
591 1219 646 1249 est,
670 1222 710 1243 an
735 1213 874 1252 exigatur
896 1213 1092 1243 denuntiatio
1115 1214 1155 1243 ad
1176 1213 1239 1243 hoc
1260 1213 1350 1253 quod
1364 1213 1481 1243 subditi

424 1256 561 1287 absoluti
576 1257 637 1288 sint
653 1267 671 1287 a
687 1257 831 1287 dominio
848 1263 878 1287 et
899 1257 1087 1287 iuramento.
1103 1273 1122 1279 -
1139 1256 1296 1292 Secundo,
1314 1256 1481 1296 supposito

424 1301 512 1340 quod
529 1300 582 1336 sic,
600 1311 639 1332 an
659 1300 797 1340 exigatur
820 1300 1016 1331 denuntiatio
1033 1300 1102 1331 talis
1115 1310 1248 1340 poenae,
1263 1299 1379 1331 scilicet
1393 1300 1482 1340 quod

423 1350 470 1373 est
492 1344 630 1384 privatus
650 1343 794 1374 dominio
810 1350 840 1374 et
856 1344 922 1374 iure
941 1342 1115 1374 fidelitatis:
1140 1343 1190 1374 vel
1213 1342 1346 1381 sufficiat
1361 1344 1480 1374 denun-
1508 1375 1509 1384 Χ

1507 1387 1509 1427 3
1535 1386 1654 1418 factum
1685 1387 1871 1418 damnatum
1896 1397 1914 1417 a
1945 1386 2012 1419 iure
2043 1387 2202 1418 evidenter
2228 1387 2324 1418 etiam
2352 1394 2514 1418 constans:
2538 1381 2596 1419 aut

1534 1431 1647 1462 iudicis
1675 1430 1862 1462 sententiam
1892 1431 2111 1462 declarativam
2136 1431 2270 1472 requiri;
2295 1438 2350 1462 aut
2371 1432 2593 1463 notoriet'atem
2627 1453 2631 1455 -

423 1387 510 1418 tiatio
535 1397 692 1424 censurae,
718 1387 835 1418 scilicet
857 1387 947 1428 quod
970 1394 1016 1418 est
1039 1387 1339 1424 excommunicatus,
1365 1394 1421 1418 etc.

477 1431 518 1462 Et
541 1438 587 1462 est
609 1432 688 1462 ratio
712 1431 800 1461 dubii
824 1431 988 1472 utriusque
1011 1441 1048 1462 ex
1070 1430 1180 1468 littera,
1204 1431 1279 1472 quia
1298 1431 1483 1471 exprimitur
1507 1441 1508 1468 1

423 1475 632 1512 denuntiatio,
658 1482 688 1506 et
710 1475 772 1505 hoc
795 1476 904 1516 quoad
926 1475 1083 1515 primum;
1107 1482 1138 1506 et
1161 1475 1358 1506 denuntiatio
1382 1476 1481 1506 solius

424 1529 581 1556 censurae,
606 1526 636 1550 et
657 1520 719 1550 hoc
742 1519 851 1559 quoad
874 1520 1059 1553 secundum.
1391 1540 1393 1542 ·

478 1564 514 1594 In
537 1563 723 1604 oppositum
746 1570 852 1594 autern
876 1570 922 1593 est
945 1563 1020 1604 quia
1037 1570 1092 1594 aut
1107 1563 1146 1593 ad
1163 1563 1389 1604 obligationem
1405 1573 1480 1603 poe-

422 1618 536 1638 narum
559 1618 577 1638 a
600 1607 667 1638 iure
696 1617 752 1647 per
778 1607 875 1638 latam
906 1607 1094 1649 sententiam
1123 1606 1321 1638 definitarum
1350 1607 1482 1647 exigitur

423 1651 599 1687 declaratio,
625 1658 679 1681 aut
704 1660 780 1681 non.
807 1650 839 1682 Si
865 1661 929 1681 non
955 1647 1096 1691 exigitur,
1120 1661 1195 1691 ergo
1223 1661 1289 1682 non
1316 1657 1362 1681 est
1389 1660 1480 1691 expe-

422 1695 533 1726 ctanda
557 1694 770 1731 denuntiatio;
796 1695 850 1725 sed
874 1694 1007 1735 quilibet
1030 1695 1080 1725 cui
1104 1701 1227 1726 constat
1243 1695 1418 1746 principem
1435 1694 1480 1725 fe-

422 1739 499 1769 cisse
514 1739 634 1780 aliquid
654 1745 782 1779 propter
798 1739 888 1779 quod
902 1746 1078 1779 perseverat
1091 1739 1124 1769 in
1142 1732 1480 1775 excommunicatione,

421 1790 467 1814 est
490 1783 663 1819 absolutus,
688 1790 745 1813 etc.
770 1783 803 1813 Si
822 1793 896 1813 vero
921 1783 1061 1823 exigitur,
1077 1792 1151 1823 ergo
1169 1792 1234 1813 non
1250 1782 1364 1814 sufficit
1380 1783 1480 1814 decla-

420 1827 499 1857 ratio
512 1827 600 1867 quod
615 1833 661 1857 est
675 1827 976 1863 excommunicatus,
989 1827 1044 1858 sed
1059 1827 1190 1868 exigitur
1206 1827 1373 1858 declaratio
1390 1827 1480 1868 quod

420 1870 583 1901 incurrerit
605 1881 724 1912 poenas
748 1869 985 1912 consequentes,

476 1915 527 1945 111.
544 1915 594 1945 Ad
610 1915 671 1945 hoc
691 1915 835 1952 dubium,
852 1915 996 1956 quamvis
1016 1914 1247 1946 canonistarum
1265 1914 1313 1951 sit,
1330 1924 1389 1955 pro
1404 1914 1477 1944 sim-

420 1958 553 1999 plicium
575 1965 681 1989 tamen
704 1959 920 1996 instructione,
945 1966 976 1989 et
998 1969 1037 1989 ne
1061 1966 1190 1999 exurgat
1203 1959 1371 1999 scrupulus
1396 1959 1480 1990 solli-

421 2003 519 2034 citans
542 2009 573 2034 et
594 2012 708 2034 vexans
732 2003 937 2034 conscientias
959 2003 1131 2040 timoratus,
1152 2003 1265 2034 dicitur
1286 2003 1385 2044 quod,
1402 2003 1479 2043 quia

1336 3116 1403 3143 vlh:
1444 3126 1445 3138 ι

1122 174 1386 220 QUAESTIO
1415 176 1501 222 XII,
1531 174 1824 211 ARTICULUS
1853 175 1885 210 II

1540 251 1720 291 regulariter
1734 251 1767 280 in
1783 251 1894 291 poenis
1909 261 1990 291 quae
2006 261 2072 281 non
2096 258 2169 282 sunt
2191 252 2469 283 ecclesiasticarum
2484 261 2593 282 censu-

1539 304 1644 325 rarum
1667 294 1834 335 requiritur
1856 294 2022 325 declaratio
2045 294 2157 325 iudicis
2184 296 2224 326 ad
2238 296 2455 327 executionem
2474 305 2592 335 poena·

1539 348 1620 374 rum,
1650 344 1686 368 ut
1708 337 1741 367 in
1765 348 1833 378 cap.
1851 338 1932 368 Cum
1947 338 2137 377 secundum,
2156 339 2196 369 de
2208 340 2353 378 Haeret„
2370 339 2402 369 in
2419 339 2523 375 Sexto,
2539 339 2593 370 ha-

1539 382 1647 418 betur;
1672 389 1702 412 et
1718 380 1860 417 sufficiat,
1878 387 1913 412 ut
1928 381 2046 411 ibidem
2068 381 2189 418 dicitur,
2206 383 2357 414 sententia
2372 383 2483 413 iudicis
2498 392 2593 422 super

1539 425 1667 455 crimine
1697 426 1735 455 ad
1766 425 2000 455 executionem:
2025 425 2097 455 ideo
2127 425 2256 456 indubie
2286 427 2458 457 tenendum
2486 433 2532 457 est
2563 433 2594 457 et

1539 469 1627 509 quod
1650 467 1781 508 exigitur
1810 468 1976 499 declaratio
2004 478 2059 499 seu
2082 468 2278 500 denuntiatio
2301 470 2426 507 iudicis,
2451 477 2482 501 et
2504 470 2592 510 quod

1539 512 1654 542 sufficit
1677 512 1843 543 declaratio
1863 512 2000 542 criminis
2019 522 2074 543 seu
2090 514 2433 551 excommunicationis,
2451 513 2501 544 cui
2518 523 2593 544 con-

1538 556 1644 586 iuncta
1667 563 1713 586 est
1736 566 1754 585 a
1773 556 1839 586 iure
1863 556 1932 586 talis
1955 564 2076 595 poena;
2100 563 2176 586 tunc
2198 557 2283 586 enim
2298 557 2330 587 in
2346 567 2405 588 suo
2429 557 2593 598 principali

1537 598 1720 638 intelligitur
1742 599 1932 630 declaratum
1955 599 2173 630 accessorium.

1593 643 1665 673 Dixi
1688 649 1795 673 autem
1810 643 2107 684 regulariter5quia
2117 643 2369 680 Panormitanus,
2382 644 2415 674 in
2427 655 2494 684 cap.
2511 645 2592 674 Cum

1539 697 1600 717 non
1626 687 1666 717 ab
1685 687 1822 725 homine,
1839 686 1960 725 Extra,
1985 688 2024 718 de
2047 687 2168 725 Iudic„
2195 687 2308 727 excipit
2331 697 2438 718 casum
2464 688 2593 729 quando

1538 730 1656 761 factum
1679 737 1725 761 est
1747 730 1918 767 notorium,
1939 738 1974 761 ut
1996 731 2083 761 nulla
2102 730 2141 761 sit
2164 740 2246 770 opus
2269 731 2487 762 declaratione.
2511 732 2554 762 Et
2575 742 2593 762 a

1537 774 1657 810 Felino,
1681 774 1714 804 in
1738 784 1804 815 cap.
1821 774 2017 814 Rodulphus,
2042 775 2081 805 de
2098 775 2252 814 Rescrip„
2276 775 2376 805 multa
2398 776 2437 805 ad
2459 775 2521 806 hoc
2543 775 2592 806 fir-

1537 818 1690 848 mandum
1706 817 1886 849 afferuntur.
1899 836 1919 842 -
1932 819 2110 849 Periculosa
2129 826 2234 849 tamen
2251 818 2373 849 videtur
2391 818 2469 848 mihi
2484 819 2592 849 huius-

1537 862 1625 893 modi
1649 862 1800 902 exceptio.
1829 862 1913 899 Quia
1942 863 2083 903 quandiu
2111 863 2274 893 notorium
2302 862 2375 893 facti
2402 862 2553 893 toleratur
2575 872 2593 892 a

1536 906 1648 942 iudice,
1673 906 1872 936 tolerandum
1895 916 2025 948 quoque
2047 906 2224 937 insinuatur
2246 906 2383 946 privatis.
2411 906 2593 936 Perversus-

1537 960 1599 991 que
1614 950 1693 980 ordo
1709 949 1864 986 statuitur,
1876 956 1911 981 ut
1925 949 2037 990 privati
2053 957 2218 981 teneantur
2233 950 2333 980 facere
2348 950 2436 990 quod
2450 950 2594 990 superior

1536 994 1626 1025 timet
1642 1000 1806 1024 attentare:
1828 994 1915 1034 quod
1939 994 2075 1024 eveniret
2090 995 2125 1030 si,
2142 994 2282 1034 principe
2299 994 2447 1024 existente
2470 994 2594 1024 notorie

1537 1038 1703 1074 haeretico,
1719 1038 1858 1068 Ecclesia
1873 1045 1978 1070 tacens
1992 1038 2085 1069 vellet
2107 1038 2251 1069 subditos
2273 1038 2318 1068 illi
2340 1048 2408 1069 non
2429 1047 2549 1078 parere.

1589 1081 1719 1112 Accedit
1741 1082 1781 1111 ad
1803 1082 1865 1113 hoc
1887 1082 1976 1122 quod
1999 1082 2151 1112 sententia
2170 1082 2372 1112 declaratoria
2387 1091 2453 1112 non
2468 1091 2593 1122 semper

1537 1125 1669 1166 exigitur
1699 1131 1826 1165 propter
1855 1125 1927 1155 facti
1956 1132 2010 1156 aut
2037 1125 2114 1155 iuris
2143 1125 2406 1156 incertitudinem.
2438 1125 2592 1167 Alioquin

1537 1169 1666 1209 quando
1690 1177 1770 1198 esset
1792 1169 1947 1199 evidentia
1969 1168 2042 1199 facti
2065 1169 2183 1209 absque
2205 1169 2267 1199 hoc
2290 1169 2379 1209 quod
2401 1175 2482 1200 esset
2499 1175 2592 1200 noto-

1536 1212 1629 1248 rium,
1653 1221 1719 1242 non
1743 1218 1823 1242 esset
1846 1221 1929 1251 opus
1950 1212 2178 1243 declaratione:
2202 1213 2291 1253 quod
2314 1219 2361 1243 est
2379 1213 2507 1244 falsum.
2531 1213 2593 1244 Sed

1537 1255 1669 1295 exigitur
1692 1262 1821 1295 propter
1843 1255 2093 1286 auctoritativam
2116 1256 2422 1292 manifestationem,
2446 1263 2483 1287 ut
2505 1257 2594 1297 quod

1508 1309 1509 1316 ¹
1536 1299 1703 1330 auctoritas
1717 1299 1844 1339 publica
1862 1299 2023 1332 inchoavit
2035 1299 2112 1340 lege,
2130 1300 2298 1331 auctoritas
2314 1300 2440 1340 publica
2455 1299 2595 1350 perficiat

1535 1343 1648 1374 iudice.
1675 1343 1750 1380 Quo
1774 1342 1809 1374 fit
1831 1349 1867 1373 ut
1889 1343 2022 1374 alterum
2046 1343 2084 1374 de
2108 1344 2234 1375 duobus
2258 1343 2428 1375 dicendum
2450 1343 2500 1381 sit,
2520 1351 2596 1393 post

1535 1475 1737 1516 aequiparare
1756 1475 1927 1506 sententiae
1942 1475 2162 1506 declaratoriae
2177 1475 2298 1506 iudicis.
2323 1475 2421 1512 Quod
2436 1480 2595 1516 quantun

1534 1520 1574 1550 ad
1598 1519 1769 1550 claritatem
1784 1519 1915 1550 notitiae
1941 1526 1988 1550 est
2000 1528 2126 1550 verum:
2151 1520 2206 1550 sed
2229 1526 2387 1560 quantum
2401 1520 2443 1551 ad
2456 1519 2593 1551 auctori-

1534 1570 1630 1595 tatem
1654 1563 1809 1600 claritatis,
1833 1563 1940 1594 nescio
1956 1573 2033 1600 esse,
2049 1573 2107 1594 nec
2133 1564 2227 1594 credo
2243 1573 2364 1596 verum.
2387 1564 2470 1595 Puto
2486 1571 2592 1595 tamen

1534 1607 1793 1648 distinguendum
1811 1607 1891 1638 inter
1914 1618 2007 1647 posse
2031 1614 2061 1639 et
2084 1607 2214 1644 debere;
2238 1614 2268 1638 et
2290 1607 2380 1648 quod
2400 1608 2530 1649 quando
2546 1614 2594 1641 est

1533 1651 1577 1682 ita
1600 1651 1764 1682 notorium
1793 1651 1883 1692 quod
1906 1649 1992 1682 numa
2022 1651 2123 1692 possit
2151 1651 2405 1692 tergiversatione
2435 1650 2594 1690 excusari,

1534 1695 1635 1735 possit
1658 1694 1800 1726 executio
1823 1694 1900 1731 fieri,
1917 1704 1983 1725 non
2005 1702 2111 1726 tamen
2127 1702 2292 1726 teneantur
2306 1697 2344 1726 ad
2361 1696 2593 1747 exequendum,

1534 1738 1676 1780 quandiu
1698 1738 1792 1769 iudex
1815 1739 1943 1775 tolerat;
1966 1745 2003 1769 ut
2025 1739 2069 1770 sic
2091 1739 2255 1770 notorium
2273 1739 2345 1771 facti
2360 1739 2507 1771 sortiatur
2521 1739 2593 1770 effe-

1534 1789 1621 1816 ctum
1637 1783 1808 1815 sententiae
1825 1783 2043 1814 declaratoriae
2062 1790 2219 1824 quantum
2235 1784 2275 1814 ad
2293 1783 2591 1820 manifestationem,

1534 1834 1564 1857 et
1586 1837 1652 1857 non
1675 1834 1832 1867 quantum
1854 1827 1894 1857 ad
1919 1827 2148 1859 auctoritatem.

1587 1871 1628 1901 Et
1650 1870 1684 1901 in
1706 1870 1836 1902 materia
1858 1870 2030 1911 praesentis
2045 1881 2167 1912 poenae
2183 1871 2347 1911 diligenter
2362 1871 2487 1903 adverte
2501 1871 2591 1912 quod

1533 1921 1660 1955 oportet
1675 1914 1939 1955 perseverantiam
1955 1924 2103 1946 censurae
2118 1924 2184 1946 esse
2200 1914 2375 1949 notoriam:
2399 1915 2475 1957 quia
2489 1921 2592 1947 textus

1531 1958 1616 1997 ‹hest›
1640 1967 1740 2000 ¹¹⁸un
1754 1958 1798 1990 ad
1811 1958 2104 2000 satisfactionem,
2077 1959 2094 1978 *
2121 1966 2161 1996 et,
2177 1959 2320 2000 quandiu
2335 1958 2595 2014 excommunica·
2617 1950 2714 2002 (39·
2714 1953 2763 1976 ΝΟ·
2773 1959 2830 1976 ⁸⁰⁸·

1529 2008 1581 2034 tus
1604 2008 1652 2034 est
1668 2002 1695 2033 *.
2616 2005 2698 2035 esp.
2713 2006 2817 2034 mmo.

2631 2268 2695 2297 ,111οἻ
2715 2274 2756 2287 :an-

2554 2311 2600 2346 ῑκ,
2634 2293 2756 2340 ’ἓίὲξῖὲζὶς
2775 2326 2782 2340 ,
2813 2326 2819 2340 x

2700 2352 2718 2366 lv
2736 2354 2756 2366 ,Η
2766 2356 2772 2367 1¹

2317 2380 2325 2400 a
2540 2375 2600 2399 ην)
2729 2374 2742 2398 s

2345 2433 2359 2439 ⁶
2380 2433 2395 2438 -
2497 2437 2502 2451 ,
2539 2429 2601 2450 mv.

2529 2483 2542 2502 ,τ
2555 2472 2600 2504 ἧς,

2535 2526 2599 2558 ,diss

2536 2589 2596 2611 §3¹¹

2540 2645 2543 2657 l
2552 2627 2566 2663 ἶ»
2575 2643 2579 2664 3
2729 2637 2737 2652 ³

2541 2697 2547 2717 ,Χ
2554 2696 2570 2717 »Γ
2674 2684 2723 2704 ’eall
2740 2691 2752 2703 '⁹2

2546 2745 2566 2762 ,.

2696 3411 2740 3429 ts'd.
2796 3422 2809 3429 ι,
2832 3414 2833 3417 ’
