2892 4056
237 839 247 849 “
255 838 313 859 Part.
325 838 353 862 11.
362 842 405 859 act.
414 844 445 864 v1,

237 865 258 885 in
266 864 331 886 Deer.
343 864 370 886 de
381 864 444 886 Fide.

235 1159 242 1166 ·
254 1157 314 1178 Part.
327 1157 354 1184 11,
366 1161 411 1178 act.
422 1164 444 1184 v,

235 1185 284 1205 sub.
301 1183 339 1204 fin.

231 1740 238 1749 ·
255 1739 312 1760 Can.
326 1746 348 1766 4,
363 1745 383 1765 5.

229 1852 237 1859 ·
255 1851 304 1872 Art.
325 1850 438 1878 praeced„

228 1876 256 1897 ad
271 1882 290 1897 2.

226 2321 235 2331 ⁸
252 2320 308 2341 Can.
323 2326 344 2347 5.

229 2348 248 2355 ··
264 2346 331 2368 Vers.
346 2352 380 2374 32·

480 196 530 229 24

1200 182 1464 228 QUAESTIO
1494 185 1526 229 1,
1556 183 1850 219 ARTicuLus
1880 184 1914 218 x

480 261 788 298 manifestabatur
816 262 1027 299 secundum
1061 259 1247 296 maiorem
1279 261 1535 310 propinquita-
1584 272 1658 309 pro
1685 266 1719 296 te
1745 260 1893 309 rogavi,
1912 261 2031 305 Petre,
2063 266 2103 297 ut
2125 272 2198 298 non
2222 262 2371 309 deficiat
2383 263 2485 310 fides
2503 269 2585 301 tua:
2612 270 2648 300 et

478 322 555 350 tem
591 314 638 350 ad
669 314 880 359 Christum,
918 321 958 350 ut
995 325 1106 360 supra
1130 313 1148 333 i*
1169 312 1311 350 dictum
1349 321 1415 351 est.
1445 314 1535 351 Ces-

478 374 584 403 sante
618 378 708 413 ergo
741 367 802 403 tali
836 378 949 402 causa
977 367 1014 401 in
1044 377 1145 401 nova
1174 366 1287 413 Lege,
1316 378 1394 404 non
1423 366 1535 403 debet

477 418 559 456 fieri
580 419 702 455 maior
721 431 765 455 ac
783 417 932 455 maiorss
949 417 1144 465 explicatio
1169 418 1412 456 articulorum
1431 419 1531 456 fidei.

478 472 579 519 Ergo
609 483 686 508 non
709 471 858 508 videtur
877 470 925 508 ad
946 470 1208 507 auctoritatem
1239 471 1389 508 Summi
1407 472 1533 509 Ponti-

477 523 557 561 ficis
578 523 762 571 pertinere
784 535 885 560 nova
905 522 1066 570 symboli
1087 523 1214 560 editio.

531 588 565 613 2.
596 577 832 622 PRAETEREA,
862 575 952 612 illud
981 575 1085 623 quod
1110 583 1166 612 est
1193 577 1264 613 sub
1293 577 1531 614 anathemate

475 628 714 665 interdictum
753 629 799 665 ab
837 628 1039 664 universali
1077 629 1248 665 Ecclesia
1289 641 1367 666 non
1405 630 1533 666 subest

474 680 649 729 potestati
669 680 823 717 alicuius
842 680 1018 717 hominis.
1051 681 1127 718 Sed
1147 694 1249 718 nova
1273 682 1437 730 symboli
1457 682 1532 720 edi-

474 733 525 770 tio
545 733 741 770 interdicta
761 741 815 770 est
838 734 909 770 sub
938 734 1176 771 anathemate
1205 734 1423 771 auctoritate
1451 735 1532 772 uni-

473 785 628 822 versalis
648 786 851 823 Ecclesiae.
882 786 1028 824 Dicitur
1048 787 1148 824 enirn
1168 787 1205 824 in
1221 787 1332 835 gestis
1351 787 1496 836 primae
1517 794 1532 815 Υ

474 838 690 886 Ephesinae
719 838 890 887 synodi*
918 839 1044 886 quod,
1067 840 1232 888 perlecto
1259 840 1431 889 symbolo
1459 842 1530 878 Ni-

473 903 613 928 caenae
638 892 785 939 synodi,
810 892 973 929 decrevit
997 898 1126 930 sancta
1153 894 1320 942 synodus
1346 893 1461 931 aliam
1478 895 1530 942 fi-

472 944 556 981 dem
585 943 679 981 nulli
695 944 807 982 licere
829 946 1006 993 proferre
1023 945 1084 982 vel
1101 947 1335 983 conscribere
1353 947 1413 983 vel
1430 959 1529 984 com—

465 1008 610 1044 ponere
635 1003 790 1045 praeter
821 998 1010 1046 definitam
1043 1010 1066 1036 a
1093 999 1229 1036 sanctis
1259 1000 1431 1048 patribus
1468 1001 1533 1049 qui

473 1049 509 1086 in
529 1050 676 1088 Nicaea
696 1048 709 1072 ὃ
729 1052 955 1101 congregati
978 1057 1066 1088 sunt
1090 1063 1176 1088 cum
1209 1053 1347 1100 Spiritu
1380 1053 1529 1098 Sancto,

473 1110 508 1139 et
536 1102 708 1140 subditur
744 1104 994 1141 anathematis
1031 1116 1176 1153 poena;
1216 1113 1252 1142 et
1284 1105 1386 1142 idem
1416 1106 1528 1143 etiam

472 1154 666 1192 reiteratur
685 1156 723 1194 in
742 1156 855 1204 gestis
875 1157 1199 1195 Chalcedonensis
1219 1158 1353 1206 synodi
1375 1158 1406 1195 ³¹⁶.
1426 1159 1529 1206 Ergo

470 1208 621 1246 videtur
639 1210 744 1257 quod
764 1222 842 1247 non
860 1209 1045 1258 pertineat
1068 1211 1116 1247 ad
1135 1210 1396 1247 auctoritatem
1418 1211 1530 1248 Sum-

472 1261 524 1297 mi
544 1261 738 1298 Pontificis
767 1274 869 1300 nova
898 1262 1011 1300 editio
1041 1263 1217 1310 symboli.

526 1315 559 1350 3.
591 1315 830 1362 PRAETEREA,
869 1315 1097 1352 Athanasius
1134 1327 1211 1352 non
1240 1315 1308 1352 fuit
1346 1316 1528 1352 Summus

470 1366 654 1413 Pontifex,
685 1367 752 1404 sed
771 1367 1048 1406 Alexandrinus
1067 1368 1295 1406 Patriarcha.
1325 1369 1374 1405 Et
1401 1376 1529 1406 tamen

470 1420 689 1467 symbolum
719 1420 908 1458 constituit
940 1421 1045 1469 quod
1077 1421 1116 1458 in
1145 1421 1314 1458 Ecclesia
1347 1429 1527 1459 cantatur.

469 1473 572 1520 Ergo
592 1485 670 1510 non
690 1473 808 1521 magis
827 1473 979 1511 videtur
996 1473 1184 1522 pertinere
1206 1474 1318 1511 editio
1338 1475 1505 1526 symboli
1518 1481 1529 1496 ὅ

470 1526 518 1563 ad
548 1526 754 1563 Summum
775 1527 1002 1564 Pontificem
1031 1539 1147 1575 quarn
1168 1527 1216 1564 ad
1236 1527 1341 1564 alios.

504 1578 598 1615 -SED
627 1590 772 1616 CONTRA
800 1591 867 1616 EST
893 1579 1000 1627 quod
1028 1580 1142 1617 editio
1162 1579 1327 1628 symboli
1355 1581 1451 1618 facta
1475 1589 1530 1617 est

467 1630 506 1669 in
525 1632 674 1679 synodo
694 1632 868 1680 generali.
890 1633 967 1670 Sed
981 1633 1202 1670 huiusmodi
1217 1633 1387 1681 synodus
1402 1640 1529 1671 aucto-

468 1683 573 1720 ritate
602 1685 718 1721 solius
747 1685 898 1722 Summi
926 1685 1120 1723 Pontificis
1143 1693 1268 1734 potest
1295 1686 1528 1735 congregari:

466 1744 508 1774 ut
521 1737 682 1774 habetur
695 1737 733 1774 in
747 1739 926 1784 Decretis,
939 1739 1021 1776 dist.
1037 1751 1108 1775 xvn
1119 1738 1149 1775 ²¹⁸.
1171 1739 1272 1787 Ergo
1296 1739 1409 1776 editio
1428 1751 1529 1788 sym-

467 1790 543 1827 boli
572 1791 621 1828 ad
649 1790 910 1828 auctoritatem
941 1791 1092 1829 Summi
1111 1792 1306 1829 Pontificis
1329 1792 1499 1841 pertinet.

521 1844 744 1880 Responoso
763 1856 947 1881 mcENDUM
966 1846 1083 1892 quod,
1104 1844 1200 1882 sicut
1219 1844 1362 1894 supra*
1386 1844 1526 1882 dictum

467 1903 533 1943 est,
564 1909 667 1934 nova
697 1897 809 1934 editio
829 1897 994 1945 symboli
1023 1898 1236 1935 necessaria
1256 1905 1312 1935 est
1339 1897 1388 1935 ad
1406 1898 1528 1935 vitan-

467 1949 560 1987 dum
588 1949 822 1997 insurgentes
851 1963 1008 1987 errores.
1039 1951 1100 1988 Ad
1127 1951 1224 1988 illius
1250 1963 1339 1999 ergo
1368 1951 1527 1988 auctori-

466 2009 582 2039 tatem
616 2003 776 2050 pertinet
803 2003 918 2040 editio
947 2003 1112 2051 symboli
1150 2005 1199 2041 ad
1227 2004 1333 2041 cuius
1367 2004 1527 2041 auctori-

465 2061 581 2092 tatem
602 2056 761 2103 pertinet
779 2056 1047 2094 sententialiter
1063 2056 1074 2082 t
1094 2057 1345 2094 determinare
1365 2069 1410 2095 ea
1429 2069 1526 2106 quae

466 2115 554 2145 sunt
576 2108 679 2156 fidei,
704 2117 745 2146 ut
764 2110 811 2147 ab
832 2109 1011 2148 omnibus
1031 2110 1259 2147 inconcussa
1279 2110 1354 2147 fide
1374 2117 1527 2148 tenean-

465 2167 535 2197 tur.
567 2162 652 2197 Hoc
680 2170 806 2198 autem
835 2163 995 2210 pertinet
1023 2163 1072 2200 ad
1096 2163 1357 2200 auctoritatem
1377 2164 1528 2201 Summi

466 2214 675 2261 Pontificis,
703 2216 755 2252 ad
780 2227 890 2263 quem
919 2217 1082 2254 maiores
1099 2221 1136 2253 et
1153 2216 1381 2264 difficiliores
1399 2217 1526 2254 Eccle-

464 2267 543 2304 siae
561 2268 793 2315 quaestiones
815 2267 1043 2315 reseruntur,
1064 2276 1105 2305 ut
1133 2269 1270 2306 dicitur
1288 2269 1327 2306 in
1345 2270 1525 2315 Decretis,

467 2319 547 2357 dist.
568 2332 640 2356 xvu
658 2322 687 2357 ²³².
709 2321 819 2359 Unde
849 2328 884 2358 et
911 2321 1114 2368 Dominus,
1135 2323 1227 2359 Luc.
1248 2334 1319 2359 xxu
1335 2321 1393 2368 **‚
1414 2323 1526 2360 Petro

466 2372 567 2420 dixit,
584 2385 699 2421 quem
711 2379 729 2401 η
747 2375 952 2412 Summum
967 2374 1195 2412 Pontificem
1215 2375 1420 2412 constituit:
1441 2376 1527 2425 Ego

519 2502 544 2535 β)
563 2510 595 2528 ac
614 2503 708 2528 maior.
725 2518 745 2523 -
762 2511 794 2529 ac
813 2505 900 2530 minor
919 2505 1025 2537 CDGpI,
1043 2507 1092 2529 aut
1111 2506 1198 2531 maior·
1216 2505 1248 2531 Κ.

517 2539 545 2572 γ)
560 2539 675 2570 primae.
693 2553 713 2558 —
732 2539 793 2564 Om.
813 2540 845 2565 G.

516 2573 540 2606 ὃ)
561 2574 587 2598 in
607 2574 717 2600 Nicaea.
735 2589 753 2593 -
772 2575 797 2599 in
812 2575 931 2600 Nicaena
945 2575 1170 2606 PBDEFGHIKL,
1185 2576 1210 2600 in
1225 2583 1290 2601 cena
1302 2577 1333 2605 Α,
1346 2576 1465 2601 Nieaena
1478 2576 1526 2609 pC.

517 2610 539 2642 ε)
558 2609 640 2634 editio
664 2610 784 2642 symboli.
803 2624 822 2629 -
840 2610 901 2635 Om.
926 2610 1081 2643 ABFIKpE,
1106 2616 1164 2635 ante
1188 2618 1266 2643 quam
1292 2611 1363 2643 ponit
1382 2612 1421 2643 H;
1440 2612 1526 2643 perti-

464 2651 526 2669 nere
544 2645 626 2669 editio
644 2646 759 2677 symboli
777 2646 801 2670 in
820 2645 871 2670 fine
890 2646 962 2678 ponit
980 2653 1006 2670 n.

516 2679 541 2711 ζ)
560 2681 762 2705 sententialiter.
779 2695 798 2699 -
809 2681 933 2713 finaliter
952 2682 1006 2706 PG.

517 2716 542 2746 η)
562 2722 648 2747 quem.
666 2730 684 2734 —
701 2717 809 2748 quando
828 2717 870 2741 sF.

517 2749 541 2782 0)
562 2758 615 2775 una
626 2751 707 2783 fides.
725 2752 824 2784 -fides
844 2759 896 2776 una
916 2752 1008 2776 ABFn.

1589 319 1626 350 tu
1650 313 1851 360 aliquando
1880 323 2080 349 conversus
2107 314 2292 359 confirma
2308 316 2456 363 fratres
2475 322 2567 354 tuos.
2598 317 2646 354 Et

1588 365 1699 402 huius
1729 364 1822 402 ratio
1853 372 1907 401 est
1935 365 2024 412 quia
2042 377 2119 402 una
2143 365 2238 403 fides
2253 364 2265 387 ⁰
2295 367 2409 405 debet
2428 380 2509 405 esse
2533 369 2645 406 totius

1588 418 1800 455 Ecclesiae:
1829 417 2042 455 secundum
2062 417 2150 455 illud
2171 419 2185 454 Ι
2205 419 2257 456 ad
2279 420 2364 457 Cor.
2385 421 2447 458 1²³⁶:
2476 421 2644 470 Idipsum

1587 471 1716 507 dicatis
1749 482 1896 516 omnes,
1935 476 1971 506 et
2006 482 2079 506 non
2114 471 2189 507 sint
2223 471 2259 508 in
2292 473 2396 509 vobis
2431 475 2642 511 schismata.

1588 524 1705 570 Quod
1733 523 1873 560 servari
1901 535 1979 560 non
2007 530 2136 571 posset
2172 523 2243 560 nisi
2270 526 2440 573 quaestio
2468 526 2558 563 fidei
2597 528 2644 564 de

1586 576 1663 614 fide
1683 583 1812 613 exorta
1842 575 2170 613 determinaretur‘
2189 587 2258 624 per
2277 589 2365 614 eum
2393 579 2459 626 qui
2486 579 2553 616 toti
2573 580 2644 616 Ec-

1587 629 1720 666 clesiae
1749 636 1917 677 praeest,
1946 636 1987 666 ut
2015 629 2067 665 sic
2096 629 2177 666 eius
2205 630 2388 667 sententia
2416 643 2438 667 a
2465 639 2543 668 tota
2571 634 2644 670 Ec-

1587 682 1698 719 clesia
1726 681 1884 719 firmiter
1901 689 2084 719 teneatur.
2115 683 2165 719 Et
2191 681 2278 719 ideo
2308 682 2357 719 ad
2376 684 2497 721 solam
2516 694 2644 722 aucto-

1586 735 1733 772 ritatem
1769 734 1920 772 Summi
1956 735 2152 772 Pontificis
2193 735 2354 783 pertinet
2390 748 2493 774 nova
2529 738 2644 775 editio

1585 787 1768 836 symboli:
1798 787 1893 825 sicut
1922 794 1956 824 et
1985 787 2114 825 omnia
2141 788 2214 824 alia
2242 800 2341 836 quae
2377 789 2564 837 pertinent
2596 791 2644 828 ad

1584 848 1703 878 totam
1733 841 1955 887 Ecclesiam,
1985 848 2025 878 ut
2054 848 2283 889 congregare
2312 841 2504 889 synodum
2533 854 2644 890 gene-

1585 895 1703 931 ralem
1733 900 1768 930 et
1795 893 1867 930 alia
1893 893 2124 931 huiusmodi.

1637 948 1696 984 An
1711 958 1847 983 PRiMUM
1863 957 1960 984 ERGO
1975 957 2158 985 mcENDUM
2178 946 2283 995 quod
2297 946 2335 983 in
2353 946 2523 985 doctrina
2538 948 2645 985 Chri-

1584 999 1628 1036 sti
1649 1006 1684 1036 et
1702 999 1976 1048 Apostolorum
1991 999 2130 1037 veritas
2150 999 2240 1036 fidei
2260 1007 2316 1036 est
2335 1000 2564 1038 sufficienter
2583 1012 2645 1038 ex-

1583 1052 1730 1101 plicata.
1770 1052 1847 1089 Sed
1875 1051 1965 1100 quia
1995 1052 2164 1100 perversi
2191 1052 2367 1090 homines
2395 1054 2643 1101 apostolicam

1585 1105 1795 1143 doctrinam
1829 1112 1864 1142 et
1897 1112 2040 1142 ceteras
2078 1105 2287 1153 Scripturas
2311 1112 2327 1126 ⁷·
2348 1112 2570 1154 pervertunt
2595 1108 2647 1144 ad

1582 1159 1643 1194 sui
1677 1158 1843 1205 ipsorum
1883 1158 2152 1205 perditionem,
2190 1158 2284 1195 sicut
2321 1158 2455 1197 dicitur
2489 1161 2519 1196 11
2562 1161 2641 1197 Pet.

1582 1211 1647 1247 ult.
1668 1210 1703 1254 *ς
1741 1210 1828 1246 ideo
1861 1210 2073 1248 necessaria
2102 1219 2156 1247 est
2175 1209 2206 1255 λ,
2245 1211 2480 1259 temporibus
2513 1224 2643 1261 proce-

1584 1262 1779 1309 dentibus,
1809 1262 2020 1310 explanatio
2049 1262 2140 1300 fidei
2167 1269 2298 1300 contra
2326 1264 2560 1312 insurgentes
2588 1277 2644 1302 er—

1585 1327 1700 1352 rores,

1637 1370 1696 1405 An
1721 1378 1911 1405 SECUNDUM
1934 1379 2118 1404 mCENDUM
2146 1368 2251 1416 quod
2279 1369 2484 1416 prohibitio
2506 1377 2542 1407 et
2560 1382 2646 1408 sen-

1583 1421 1699 1459 tentia
1727 1420 1864 1469 synodi
1899 1432 1939 1456 se
1973 1419 2138 1457 extendit
2170 1420 2219 1458 ad
2245 1421 2412 1469 privatas
2439 1434 2644 1471 personas,

1584 1486 1749 1522 quarum
1777 1485 1855 1511 non
1885 1480 1939 1510 est
1967 1473 2220 1511 determinare
2244 1474 2291 1511 de
2310 1474 2399 1512 fide.
2430 1476 2520 1512 Non
2541 1475 2644 1514 enim

1585 1539 1652 1576 per
1675 1525 1894 1564 huiusmodi
1913 1526 2138 1563 sententiam
2158 1526 2295 1575 synodi
2318 1527 2502 1575 generalis
2521 1529 2645 1566 ablata

1585 1587 1641 1617 est
1677 1587 1844 1628 potestas
1877 1579 2048 1628 sequenti
2076 1579 2226 1627 synodo
2261 1592 2405 1630 novam
2435 1581 2644 1620 editionem

1585 1633 1748 1682 symboli
1776 1633 1917 1679 facere,
1947 1644 2025 1669 non
2053 1632 2209 1680 quidem
2238 1633 2350 1671 aliam
2377 1633 2497 1672 fidem
2525 1635 2643 1672 conti-

1585 1693 1752 1732 nentem,
1773 1685 1841 1723 sed
1861 1685 2024 1722 eandem
2042 1685 2163 1733 magis
2184 1686 2394 1734 expositam
2405 1693 2434 1724 ¹⁴.
2456 1687 2519 1725 Sic
2539 1687 2642 1725 enim

1585 1738 1774 1789 quaelibet
1792 1739 1962 1787 synodus
1981 1736 2211 1785 observavit,
2231 1746 2272 1776 ut
2290 1751 2453 1787 sequens
2473 1740 2643 1789 synodus

1584 1792 1727 1840 aliquid
1746 1799 1952 1841 exponeret
1970 1804 2085 1840 supra
2104 1791 2142 1828 id
2171 1792 2278 1839 quod
2305 1793 2538 1841 praecedens
2557 1797 2644 1842 syri-

1585 1845 1681 1883 odus
1719 1852 1964 1894 exposuerat,
2003 1852 2159 1894 propter
2186 1845 2450 1883 necessitatem
2485 1846 2645 1884 alicuius

1582 1897 1748 1936 haeresis
1775 1898 2012 1945 insurgentis.
2041 1897 2153 1935 Unde
2180 1898 2341 1947 pertinet
2368 1898 2415 1936 ad
2437 1899 2648 1937 Summum

1582 1951 1822 1994 Pontificem,
1840 1949 1946 1988 cuius
1966 1950 2184 1988 auctoritate
2205 1951 2376 1999 synodus
2395 1960 2649 2001 congregatur

1584 2012 1618 2042 et
1647 2004 1727 2042 eius
1755 2004 1940 2042 sententia
1969 2004 2229 2042 confirmatur.

1589 2075 1595 2079 -
1636 2059 1694 2094 AD
1709 2069 1869 2094 TERTIUM
1883 2069 2068 2094 DICENDUM
2082 2058 2186 2104 quod
2201 2057 2431 2095 Athanasius
2445 2069 2523 2095 non
2538 2069 2644 2096 com-

1582 2110 1710 2159 posuit
1729 2109 2070 2147 manifestationem
2090 2109 2180 2147 fidei
2198 2122 2267 2159 per
2286 2110 2448 2149 modum
2463 2110 2640 2159 symboli,

1583 2163 1651 2201 sed
1679 2163 1799 2211 magis
1818 2175 1887 2212 per
1910 2164 2071 2200 modum
2100 2162 2298 2200 cuiusdam
2319 2168 2331 2184 *¹
2359 2163 2574 2201 doctrinae:
2601 2171 2644 2201 ut

1583 2229 1629 2253 ex
1656 2216 1739 2264 ipso
1769 2215 1887 2253 modo
1917 2216 2096 2264 loquendi
2125 2223 2293 2264 apparet.
2328 2216 2406 2254 Sed
2433 2217 2522 2264 quia
2549 2216 2658 2254 inte?

1582 2281 1688 2317 gram
1717 2269 1807 2307 fidei
1827 2268 2022 2306 veritatem
2053 2268 2132 2306 eius
2161 2268 2331 2306 doctrina
2359 2269 2524 2307 breviter
2552 2281 2642 2307 con·

1581 2322 1735 2368 tinebat,
1763 2321 1984 2359 auctoritate
2005 2321 2156 2359 Summi
2175 2321 2372 2359 Pontificis
2399 2329 2455 2359 est
2479 2330 2642 2372 recepta,

1582 2383 1623 2413 ut
1651 2375 1758 2423 quasi
1789 2375 1917 2423 regula
1945 2374 2034 2412 fidei
2063 2375 2259 2412 habeatur.
2583 2400 2586 2403 -

1633 2506 1652 2538 ι)
1671 2506 1904 2530 determinaretur.
1921 2518 1941 2524 -
1976 2505 2127 2530 declaretur
2146 2505 2196 2534 Ηπ,
2216 2505 2408 2531 determinetur
2425 2505 2453 2532 Ρ.

1633 2541 1658 2572 κ)
1678 2541 1841 2573 Scripturas.
1859 2554 1878 2560 -
1896 2540 2033 2566 doctrinas
2051 2543 2077 2565 et
2096 2540 2252 2572 Scripturas
2270 2539 2316 2566 Pa.

1633 2574 1660 2608 λ)
1680 2579 1727 2601 est.
1745 2576 1834 2609 -fuit
1853 2576 1926 2606 PCR;
1946 2583 1993 2608 pro
2002 2575 2217 2608 procedentibus,
2226 2575 2446 2608 praecedentibus
2465 2576 2526 2610 PpA
2545 2581 2570 2602 et
2587 2584 2613 2603 a.
2624 2590 2644 2596 -

1579 2612 1629 2636 Pro
1648 2611 1815 2644 explanatio,
1833 2611 1979 2643 explicatio
1998 2610 2092 2635 PADa.
2444 2619 2447 2621 Α

1633 2647 1662 2680 μ)
1681 2647 1842 2678 expositam.
1868 2660 1887 2666 —
1913 2646 2099 2678 expositurum
2134 2647 2175 2678 H,
2202 2647 2358 2679 explicitam
2389 2646 2432 2677 sC,
2463 2647 2642 2679 explicantem

1580 2689 1670 2714 margo
1688 2682 1718 2707 Ε.

1633 2717 1657 2748 ν)
1676 2717 1824 2742 cuiusdam.
1841 2731 1860 2736 -
1879 2717 1939 2741 Om.
1963 2717 1993 2741 D.

1147 2831 1478 2867 Commentario,
1500 2831 1749 2864 Cardinalis
1772 2831 1970 2864 Caietam

468 2919 515 2981 IN
532 2909 668 2940 articulis
685 2921 772 2941 nono
793 2918 823 2940 et
842 2911 965 2941 decimo
986 2911 1081 2941 simul
1100 2911 1225 2942 adverte
1245 2911 1409 2951 diligenter
1438 2911 1525 2952 quod
1572 2920 1638 2951 par
1650 2912 1682 2941 in
1693 2920 1809 2951 parem
1827 2920 1889 2941 non
1902 2911 1994 2942 habet
2008 2912 2175 2951 imperium
2189 2911 2215 2942 *.
2240 2914 2287 2942 Ac
2303 2922 2358 2952 per
2371 2912 2443 2948 hoc,
2457 2922 2540 2944 unus
2555 2913 2642 2954 Papa
2668 2917 2742 2967 &effi
2766 2917 2878 2966 ἔκκοωι,

497 2955 617 2984 Auctor
640 2964 697 2993 pro
714 2955 826 2984 eodem
849 2962 1014 2995 computat
1028 2955 1248 2986 auctoritatem
1265 2954 1448 2987 universalis
1467 2955 1524 2986 Ec-

466 2996 593 3033 clesiae,
618 2998 770 3037 generalis
786 2998 900 3038 synodi
921 3006 951 3029 et
967 2999 1085 3039 Papae:
1107 3006 1142 3030 ut
1160 3005 1246 3039 patet
1268 2999 1301 3029 in
1325 3005 1461 3040 utroque
1478 3009 1524 3029 ar-

465 3041 562 3071 ticulo
587 3041 619 3071 in
643 3049 829 3081 argumento
846 3043 886 3073 ad
904 3043 1102 3083 oppositum.
1127 3044 1168 3074 Et
1191 3043 1270 3074 ratio
1287 3050 1333 3074 est
1350 3043 1426 3083 quia
1440 3043 1526 3084 Papa

466 3092 511 3115 est
527 3092 634 3125 pastor
650 3092 680 3116 et
695 3086 863 3126 episcopus
879 3086 1061 3117 universalis
1077 3087 1234 3118 Ecclesiae
1251 3097 1325 3118 cum
1344 3087 1526 3127 plenissima

466 3135 631 3169 potestate.

469 3227 516 3289 IN
533 3216 664 3247 articulo
685 3217 809 3248 decimo
834 3217 966 3248 dubium
988 3217 1092 3258 primo
1113 3219 1250 3250 occurrit
1272 3218 1351 3250 circa
1367 3218 1523 3249 minorem

497 3261 770 3301 propositionem,
795 3261 923 3292 scilicet:
947 3262 1021 3293 Hoc
1035 3268 1153 3301 autem,
1179 3263 1296 3294 scilicet
1318 3263 1523 3293 determinare

465 3304 598 3336 finaliter
620 3315 702 3346 quae
725 3305 799 3336 fidei
823 3312 906 3342 sunt,
924 3307 1065 3346 pertinet
1089 3307 1131 3338 ad
1153 3309 1375 3338 auctoritatem
1401 3307 1524 3337 Summi

465 3349 636 3390 Pontificis.
665 3350 748 3381 Nam
772 3350 902 3390 quidam
926 3350 988 3381 hoc
1013 3361 1077 3381 non
1102 3351 1288 3388 admittunt,
1313 3361 1350 3382 ex
1373 3361 1411 3382 eo
1436 3351 1523 3392 quod

466 3393 550 3433 Papa
566 3400 670 3433 potest
686 3403 752 3424 esse
771 3394 953 3425 haereticus.
978 3412 998 3417 -
1022 3395 1062 3425 Et
1085 3403 1214 3435 propter
1230 3395 1524 3426 determinationem

466 3436 581 3468 factam
600 3437 632 3467 in
649 3437 796 3468 Concilio
813 3438 1048 3469 Constantiensi
1065 3438 1094 3467 *z
1120 3440 1208 3479 quod
1224 3439 1340 3470 scilicet
1355 3439 1439 3480 Papa
1455 3440 1525 3470 sub-

466 3488 512 3511 est
535 3481 669 3512 concilio
694 3482 862 3512 universali
893 3482 924 3512 in
952 3482 1000 3512 his
1031 3493 1113 3523 quae
1140 3491 1213 3514 sunt
1239 3482 1322 3514 fidei.
1346 3501 1364 3506 -
1388 3484 1427 3514 Et
1450 3484 1523 3524 quia

1578 2964 1644 2985 non
1666 2954 1743 2994 ligat
1765 2955 1873 2986 alium.
1906 2955 1946 2986 Et
1973 2962 2201 2997 consequenter
2229 2956 2447 2987 determinatio
2475 2956 2556 2988 facta
2585 2967 2641 2998 per

1577 3009 1679 3030 unum
1695 2999 1815 3039 Papam
1833 2999 1865 3029 in
1883 2998 2015 3030 materia
2035 2999 2107 3031 fidei
2131 3010 2197 3031 non
2218 3000 2327 3040 ligabit
2341 3010 2536 3031 successores
2552 3010 2638 3033 suos.

1577 3043 1618 3074 Et
1640 3043 1694 3080 sic,
1719 3043 1744 3074 si
1768 3043 1955 3074 huiusmodi
1977 3053 2174 3075 successores
2197 3051 2339 3076 tenerent
2362 3051 2471 3076 contra
2494 3044 2640 3076 determi-

1578 3087 1741 3118 nationem
1764 3087 1965 3124 huiusmodi,
1996 3098 2062 3119 non
2086 3095 2189 3120 essent
2212 3088 2367 3120 haeretici.
2401 3089 2499 3126 Quod
2523 3095 2570 3120 est
2591 3089 2640 3120 in-

1578 3131 1769 3162 conveniens
1793 3131 1981 3162 maximum:
2006 3133 2080 3173 quia
2104 3133 2147 3163 sic
2171 3140 2314 3173 respectu
2331 3133 2474 3164 eiusdem
2493 3133 2639 3164 determi-

1578 3175 1641 3206 nati
1674 3176 1712 3206 ab
1737 3176 1892 3212 Ecclesia,
1917 3176 2001 3212 noti,
2026 3183 2099 3213 etc..
2125 3187 2209 3207 unus
2238 3176 2339 3208 fidelis
2363 3184 2443 3208 esset
2465 3177 2639 3209 haereticus

1577 3226 1608 3250 et
1631 3219 1710 3251 alius
1736 3229 1817 3257 non;
1842 3227 1873 3251 et
1895 3220 2115 3253 determinatio
2139 3222 2228 3263 quod
2250 3227 2297 3252 est
2319 3220 2455 3252 haeresis
2477 3230 2544 3254 non
2559 3227 2640 3253 esset

1578 3263 1796 3294 determinatio
1820 3264 2015 3305 simpliciter,
2047 3265 2102 3296 sed
2125 3271 2267 3306 respectu
2293 3265 2491 3307 aliquorum,
2522 3263 2639 3296 seilicet

1577 3308 1633 3349 qui
1657 3317 1723 3338 non
1746 3315 1819 3339 sunt
1843 3309 1979 3339 Romani
2003 3308 2182 3341 Pontifices.

1633 3352 1670 3382 11.
1694 3351 1838 3383 Dubium
1861 3353 2001 3384 secundo
2024 3353 2161 3385 occurrit
2184 3353 2264 3385 circa
2285 3352 2442 3385 rationem
2464 3350 2638 3384 subiectam

1577 3395 1609 3426 in
1630 3396 1740 3432 littera,
1766 3396 1883 3427 scilicet
1905 3397 1993 3438 quod
2018 3399 2124 3428 unitas
2136 3397 2221 3438 fidei
2243 3398 2368 3428 servari
2392 3406 2454 3427 non
2473 3401 2581 3436 posset
2604 3397 2636 3426 in

1577 3445 1642 3470 tota
1657 3440 1801 3471 Ecclesia
1825 3442 1887 3472 nisi
1900 3443 2043 3481 quaestio
2059 3447 2172 3473 exorta
2188 3441 2228 3472 de
2248 3440 2317 3481 fide
2335 3440 2564 3471 determinetur
2573 3449 2636 3480 per

1577 3494 1647 3514 eum
1671 3486 1725 3525 qui
1742 3486 1799 3515 toti
1813 3485 1976 3516 Ecclesiae
1994 3491 2138 3526 praeest,
2162 3485 2242 3516 idest
2259 3484 2427 3515 Summum
2441 3483 2634 3525 Pontificem.

2673 430 2680 439 ’
2698 428 2764 451 νοτε.
2779 435 2811 451 ιο.

2671 1210 2679 1219 ·
2700 1208 2766 1231 Vere.
2781 1207 2814 1230 ιδ.
