2892 4056
172 590 182 599 ⁸
206 589 294 610 duabus
318 589 371 610 aliis

172 615 240 636 lineis
256 616 310 636 Pae.

169 1195 179 1205 '⁴
194 1195 262 1216 Num.
284 1202 318 1221 vt,
335 1203 378 1217 xv.

170 1228 217 1243 xvi.

169 2250 178 2258 ⁸
190 2248 248 2269 Vide
263 2255 310 2275 arg.
326 2255 346 2277 3.

419 154 488 189 188

412 231 455 261 sic
479 238 583 271 potest
602 232 708 271 augeri
727 232 759 261 in
775 232 934 262 infinitum
954 232 1042 272 quod
1062 241 1227 271 nunquam
1244 231 1301 262 erit
1318 232 1361 262 ita
1379 233 1474 272 longa

411 275 489 314 quin
505 275 604 315 possit
620 285 686 306 esse
702 276 842 315 longior,
868 286 905 306 eo
922 276 1010 315 quod
1025 284 1192 314 nunquam
1208 276 1354 306 consumi
1370 282 1474 315 potest

411 319 477 349 eius
495 326 711 358 augmentum,
737 319 817 349 sicut
836 329 893 349 nec
913 319 1024 348 divisio
1042 318 1177 349 alterius.
1202 319 1243 349 Et
1265 320 1474 359 quemadmo-

411 362 489 392 dum
519 361 552 393 hi
580 363 644 393 duo
673 363 760 392 modi
789 362 948 401 augmenti
976 368 1100 391 tantum
1125 362 1206 392 inter
1232 372 1264 392 se
1296 363 1411 394 distant
1438 370 1474 393 ut

411 413 618 446 augmentum
649 405 830 444 simpliciter
861 406 954 435 ducat
985 406 1024 435 ad
1058 406 1267 445 quantitatem
1298 406 1471 442 infinitam,

410 457 618 489 augmentum
643 456 748 479 autem
772 449 947 479 secundum
971 448 1048 488 quid
1078 459 1143 479 non
1168 450 1262 480 ducat
1284 450 1324 479 ad
1350 450 1472 490 quanti-

409 499 506 523 tatem
521 493 691 528 infinitam;
716 493 767 527 ita,
792 492 817 522 si
841 502 999 532 ponamus
1019 492 1150 532 singulis
1173 493 1314 532 partibus
1338 503 1393 533 per
1409 493 1472 523 sin-

408 537 496 576 gulas
520 536 792 576 augmentationes
816 536 975 575 acquisitis
1006 537 1195 576 respondere
1219 537 1395 567 secundum
1418 537 1472 567 ali-

409 590 506 620 quam
530 580 787 619 proportionem,
812 586 889 618 puta
912 580 1096 619 decuplam,
1124 581 1203 610 duas
1227 581 1302 610 alias
1324 581 1422 611 lineas
1444 581 1470 616 *,

409 630 485 663 puta
509 624 546 659 G,
571 633 651 663 quae
675 623 864 662 respondeat
886 623 946 663 ipsi
962 626 990 653 A
1014 624 1191 654 secundum
1215 631 1423 663 augmentum
1438 624 1471 654 in

407 667 566 697 infinitum
590 667 789 706 simpliciter,
814 674 844 697 et
867 667 905 703 F,
930 677 1011 707 quae
1035 668 1224 707 respondeat
1247 668 1350 698 eidem
1374 670 1402 698 A
1425 677 1471 698 se—

408 711 548 740 cundum
572 717 779 749 augmentum
803 711 836 740 in
852 710 1012 742 infinitum
1035 711 1213 742 secundum
1235 711 1313 751 quid
1321 720 1328 747 ς
1352 711 1471 741 videbi-

407 762 478 784 mus
502 754 590 793 quod
614 754 771 794 quantitas
791 753 820 785 G
839 761 885 785 est
908 755 1148 795 augmentabilis
1171 755 1204 785 in
1219 754 1379 785 infinitum
1395 755 1470 786 sim-

406 798 528 837 pliciter
553 804 584 828 et
606 798 731 829 ducitur
753 798 793 828 ad
817 799 1024 839 quantitatem
1045 798 1216 834 infinitam;
1242 798 1400 839 quantitas
1416 809 1470 829 au-

407 848 470 871 tem
488 841 522 877 F,
543 842 688 882 quamvis
705 851 829 882 semper
843 842 876 872 in
891 843 1028 882 decuplo
1045 843 1237 873 inveniretur
1251 843 1354 873 maior
1372 853 1470 883 quam

405 887 444 919 A,
469 895 534 915 non
553 893 633 916 esset
656 892 762 916 tamen
783 886 1024 925 augmentabilis
1043 887 1076 917 in
1095 885 1256 918 infinitum
1279 887 1339 917 nisi
1359 896 1470 917 secun-

406 929 484 959 dum
511 929 607 969 quid,
637 939 694 960 nec
722 931 888 960 duceretur
914 931 954 960 ad
983 931 1192 971 quantitatem
1218 929 1391 967 infinitam,
1416 931 1484 961 sed·

405 972 486 1002 infra
505 972 704 1003 latitudinem
723 974 905 1014 quantitatis
922 974 1049 1005 maioris
1065 975 1098 1005 in
1117 975 1254 1014 decuplo
1273 985 1372 1015 quam
1391 974 1430 1005 sit
1444 975 1470 1005 B

405 1016 501 1052 linea,
526 1017 616 1048 cuius
639 1017 780 1057 singulae
804 1025 906 1058 partes
929 1019 961 1048 in
986 1019 1122 1058 decuplo
1146 1019 1339 1049 exceduntur
1361 1029 1379 1049 a
1402 1029 1471 1059 par-

406 1060 490 1090 tibus
513 1060 613 1099 ipsius
638 1061 672 1092 F.

460 1104 572 1134 XVIII.
597 1105 644 1135 Ex
670 1104 718 1135 his
746 1115 827 1145 quae
855 1106 990 1146 exempli
1013 1116 1124 1142 causa,
1152 1113 1188 1136 ut
1214 1106 1345 1136 dicenda
1363 1106 1470 1145 'perci-

405 1147 542 1187 piantur,
567 1149 741 1185 attulimus,
768 1149 938 1180 dicendum
962 1156 1008 1180 est
1030 1150 1119 1190 quod
1142 1150 1265 1184 caritas,
1291 1156 1326 1179 ut
1349 1149 1469 1188 praedi-

407 1198 494 1222 ctum
521 1199 567 1222 est
582 1192 609 1228 *,
637 1203 703 1223 non
731 1194 862 1233 ponitur
890 1193 1131 1233 augmentabilis
1153 1194 1186 1223 in
1210 1192 1371 1223 infinitum
1395 1193 1469 1222 sim-

405 1235 544 1275 pliciter,
570 1237 624 1267 sed
656 1237 689 1267 in
712 1238 778 1273 via,
807 1237 870 1268 hoc
897 1244 942 1267 est
969 1237 1049 1267 infra
1075 1237 1275 1267 latitudinem
1304 1237 1382 1266 viae.
1411 1236 1471 1266 Via

406 1279 501 1316 enim,
518 1279 709 1320 inquantum
724 1282 784 1317 via,
808 1288 838 1312 et
860 1281 1060 1311 terminatam
1083 1280 1290 1321 quantitatem
1314 1287 1344 1310 et
1367 1279 1469 1311 infini-

406 1330 476 1353 tum
499 1333 704 1363 progressum
725 1325 758 1355 in
782 1335 817 1355 ea
840 1325 1005 1364 importat:
1030 1331 1157 1365 oportet
1176 1334 1315 1365 namque
1330 1324 1415 1354 viam
1431 1324 1471 1355 ad

405 1367 578 1398 terminum
597 1369 720 1405 ducere,
738 1368 798 1398 nisi
814 1368 928 1400 frustra
944 1368 995 1405 sit;
1020 1375 1051 1399 et
1069 1369 1148 1400 dum
1163 1369 1213 1399 via
1229 1369 1329 1404 durat,
1346 1378 1471 1408 semper

405 1412 562 1451 protendi.
587 1415 634 1443 Ac
657 1422 713 1453 per
735 1413 807 1448 hoc,
832 1422 889 1443 nec
913 1412 1055 1453 sequitur
1077 1413 1167 1453 quod
1188 1413 1288 1453 ipsius
1310 1413 1470 1453 quantitas

407 1456 539 1486 ducatur
551 1457 591 1486 ad
602 1456 790 1487 infinitatem
802 1456 935 1487 caritatis
952 1456 1143 1496 simpliciter,
1158 1467 1215 1487 nec
1228 1456 1369 1498 sequitur
1381 1457 1470 1497 quod

405 1499 564 1540 quantitas
577 1500 711 1532 caritatis
726 1501 944 1540 respondentis
961 1501 989 1531 ei
1004 1501 1037 1531 in
1053 1501 1154 1541 patria
1169 1501 1301 1532 ducatur
1316 1501 1356 1530 ad
1367 1500 1470 1530 infini-

406 1550 502 1574 tatem
519 1544 714 1584 simpliciter:
740 1545 795 1574 sed
813 1545 900 1585 quod
913 1545 963 1575 vel
982 1544 1107 1576 ducitur
1126 1546 1164 1575 ad
1183 1545 1322 1586 aliquam
1338 1554 1470 1584 propor—

405 1587 558 1617 tionalem
581 1588 817 1628 perfectionem,
837 1589 1061 1628 respondendo
1081 1589 1212 1629 singulis
1227 1589 1470 1629 gradibusaug-

405 1631 504 1661 menti
522 1631 555 1661 in
571 1632 622 1662 via
641 1633 817 1663 secundum
840 1633 981 1672 aliquam
1004 1633 1256 1673 proportionem,
1280 1639 1316 1664 ut
1337 1632 1371 1662 in
1394 1643 1469 1672 aug—

404 1682 536 1714 gmento
564 1677 741 1706 secundum
774 1676 852 1717 quid
877 1676 979 1706 lineae
1010 1677 1203 1708 declaratum
1229 1684 1293 1713 est;
1317 1677 1471 1717 quoniam

405 1719 538 1749 caritatis
558 1726 767 1759 augmentum
789 1720 822 1750 in
841 1721 892 1750 via
915 1730 981 1750 non
998 1727 1044 1751 est
1063 1727 1272 1760 augmentum
1287 1720 1470 1760 simpliciter

405 1763 459 1792 sed
482 1764 659 1794 secundum
682 1764 770 1805 quid,
794 1764 868 1804 quia
885 1771 968 1794 extra
984 1771 1102 1795 statum
1118 1775 1214 1795 suum
1229 1764 1405 1795 naturalem
1424 1771 1470 1795 est

404 1807 463 1836 sub
487 1807 621 1838 obscura
650 1807 831 1847 cognitione
854 1807 984 1838 luminis
1012 1807 1101 1844 fidei;
1120 1826 1138 1832 -
1154 1809 1205 1839 vel
1234 1809 1403 1848 respondet
1426 1808 1470 1838 sic

403 1850 505 1880 maior
528 1851 640 1882 maiori
665 1859 700 1882 ut
723 1852 882 1892 quantitas
906 1852 1033 1883 alterius
1057 1852 1198 1888 rationis,
1215 1852 1258 1883 ita
1282 1858 1318 1883 ut
1341 1862 1407 1882 non
1431 1852 1471 1883 sit

404 1895 570 1934 proportio
590 1896 765 1926 secundum
785 1902 1003 1935 augmentum,
1023 1897 1078 1926 sed
1100 1897 1206 1927 solum
1235 1896 1469 1927 consummatio

404 1939 581 1969 secundum
604 1940 812 1980 quantitatem
834 1940 1004 1971 inventam.

459 1983 593 2013 Declaro
619 1990 786 2024 utramque
810 1985 1061 2024 responsionem.
1084 1984 1191 2014 Prima
1210 1984 1375 2024 responsio
1395 1994 1469 2014 con-

405 2027 487 2056 cedit
516 2027 789 2067 proportionalem
814 2038 974 2058 excessum
1003 2029 1036 2058 in
1063 2028 1162 2068 patria
1191 2028 1277 2058 iuxta
1308 2038 1470 2058 excessum

402 2070 436 2099 in
458 2070 524 2100 via:
557 2072 610 2101 sed
635 2079 728 2111 negat
751 2072 783 2102 in
807 2072 857 2102 via
884 2072 949 2102 dari
976 2079 1186 2111 augmentum
1212 2071 1370 2103 infinitum
1395 2072 1469 2102 sim-

403 2113 534 2153 pliciter,
559 2122 590 2146 et
612 2122 779 2155 propterea
803 2116 897 2146 etiam
922 2123 1016 2156 negat
1038 2116 1119 2147 illud
1141 2116 1173 2146 in
1197 2116 1306 2156 patria.
1330 2117 1396 2147 Nec
1412 2117 1470 2146 ob—

403 2165 463 2188 stat
486 2158 560 2189 huic
579 2159 779 2199 responsioni
803 2160 892 2200 quod
915 2160 1092 2191 similitudo
1117 2161 1155 2190 de
1173 2167 1346 2200 augmento
1368 2160 1470 2191 lineae

403 2203 580 2233 secundum
604 2204 682 2244 quid
711 2205 898 2244 reprobatur
920 2204 953 2234 in
977 2204 1154 2244 proposito,
1171 2204 1248 2244 quia
1270 2204 1381 2235 caritas
1404 2214 1471 2235 non

404 2253 536 2286 augetur
559 2257 683 2287 semper
698 2258 754 2287 per
769 2255 872 2287 partes
896 2248 1035 2278 minores
1050 2248 1082 2278 *ε
1107 2258 1173 2278 non
1198 2248 1311 2284 obstat,
1327 2248 1468 2288 inquam,

404 2290 479 2331 quia
503 2290 679 2322 similitudo
703 2292 756 2321 illa
779 2301 844 2321 non
869 2291 995 2322 affertur
1018 2292 1126 2332 quoad
1149 2291 1211 2322 hoc
1234 2292 1324 2332 quod
1347 2299 1393 2322 est
1416 2302 1471 2322 au-

405 2334 470 2374 geri
493 2344 549 2373 per
567 2342 688 2374 partem
706 2345 831 2375 semper
846 2335 1021 2371 minorem;
1046 2336 1100 2366 sed
1116 2336 1224 2375 quoad
1236 2336 1304 2375 ,hoc
1319 2336 1407 2376 quod
1425 2343 1471 2367 est

405 2387 530 2417 semper
544 2379 651 2418 augeri
674 2389 729 2419 per
745 2379 864 2419 aliquid
879 2386 1046 2419 quantum,
1062 2389 1129 2410 non
1146 2380 1286 2410 curando
1306 2389 1346 2409 an
1365 2380 1469 2419 primo

405 2421 513 2452 addito
537 2422 643 2452 minus
663 2423 703 2453 sit
725 2423 902 2454 secundum
925 2430 956 2453 et
973 2423 1101 2454 tertium
1124 2423 1232 2453 minus
1247 2424 1398 2459 secundo,
1415 2424 1470 2454 sed

405 2465 616 2496 abstrahendo
633 2467 670 2496 ab
690 2466 748 2497 hac
760 2467 973 2507 comparativa
985 2467 1159 2497 successive
1171 2467 1354 2498 additorum
1373 2477 1470 2506 penes

405 2509 509 2540 maius
533 2517 563 2540 et
585 2509 707 2546 minus;
738 2511 820 2541 linea
844 2510 927 2541 enim
952 2517 999 2541 est
1025 2510 1188 2541 divisibilis
1214 2511 1246 2541 in
1271 2521 1396 2550 semper
1421 2511 1469 2541 di-

404 2553 538 2584 visibilia
553 2554 762 2584 abstrahendo
781 2556 820 2584 ab
843 2554 1028 2585 huiusmodi
1044 2554 1291 2594 comparatione,
1316 2562 1352 2585 ut
1375 2562 1469 2595 patet.

405 2597 530 2635 Praeter
553 2598 614 2628 hoc
629 2605 737 2628 autem
753 2599 934 2638 exemplum
950 2598 1210 2629 mathematicum
1225 2606 1272 2630 est
1288 2599 1470 2639 exemplum

405 2641 438 2671 in
453 2642 647 2672 naturalibus
670 2642 788 2672 habens
805 2649 1014 2682 augmentum
1029 2642 1062 2672 in
1079 2641 1250 2678 infinitum,
1275 2653 1340 2673 non
1363 2649 1470 2674 tamen

406 2685 582 2715 secundum
609 2686 817 2726 quantitatem
843 2685 999 2716 infinitam
1026 2687 1081 2716 sed
1109 2693 1226 2716 certam
1252 2686 1469 2717 latitudinem:

406 2736 442 2759 ut
468 2736 556 2769 ,patet
585 2730 623 2759 de
651 2737 823 2769 augmento
856 2730 1057 2770 perfectionis
1088 2730 1247 2760 humanae
1270 2730 1303 2760 in
1326 2730 1469 2770 pueritia,

408 2773 503 2803 etiam
526 2774 658 2804 durante
681 2774 814 2813 pueritia
837 2774 869 2804 in
894 2773 1070 2810 infinitum,
1104 2781 1135 2805 et
1156 2774 1341 2805 terminatur
1363 2781 1470 2805 tamen

407 2817 447 2847 ad
472 2817 593 2847 virilem
624 2817 862 2857 perfectionem.
898 2818 1051 2849 Consistit
1082 2828 1156 2858 ergo
1186 2818 1263 2848 haec
1293 2818 1394 2858 prima
1424 2828 1470 2848 re-

408 2860 538 2900 sponsio
561 2861 594 2891 in
617 2861 679 2892 hoc
701 2862 791 2902 quod
813 2868 1022 2901 augmentum
1045 2861 1178 2892 caritatis
1206 2861 1239 2892 in
1261 2862 1311 2892 via
1334 2872 1400 2892 non
1425 2869 1471 2892 est

408 2912 615 2944 augmentum
628 2905 695 2935 eius
711 2905 893 2946 quantitatis
910 2905 1102 2946 simpliciter,
1120 2906 1175 2936 sed
1190 2906 1367 2936 secundum
1381 2906 1468 2947 quid,

408 2947 525 2978 scilicet
540 2955 656 2979 statum
673 2949 940 2989 peregrinationis,
957 2949 1039 2986 fidei,
1056 2949 1218 2990 pueritiae,
1234 2950 1470 2990 matutinaeque

407 2992 507 3022 lucis:
534 2999 564 3022 et
592 2999 758 3032 propterea
785 2993 915 3033 singulis
939 2993 1095 3033 partibus,
1121 3000 1156 3024 ut
1178 2994 1222 3024 sic
1248 2993 1339 3034 loqui
1361 2993 1466 3030 liceat,

410 3035 542 3066 caritatis
566 3035 598 3066 in
613 3036 664 3069 via
687 3037 874 3076 assignando
891 3037 1028 3077 singulas
1050 3037 1083 3067 in
1107 3037 1241 3078 decupla
1263 3037 1469 3078 proportione

408 3078 440 3110 in
465 3079 573 3119 patria,
590 3090 656 3110 non
672 3081 814 3121 sequitur
828 3088 1036 3121 augmentum
1050 3081 1082 3111 in
1098 3081 1260 3112 infinitum
1277 3081 1468 3121 simpliciter,

408 3123 464 3155 sed
481 3123 656 3154 secundum
672 3124 760 3164 quid.
782 3125 848 3155 Iam
867 3124 953 3155 enim
975 3125 1213 3157 manifestatum
1233 3132 1280 3156 est
1301 3126 1390 3166 quod
1409 3132 1470 3157 stat

410 3177 534 3207 semper
560 3167 680 3208 aliquid
705 3167 798 3199 alicui
830 3178 923 3209 posse
946 3169 1082 3208 apponi3
1110 3175 1141 3199 et
1164 3179 1221 3200 nec
1243 3169 1276 3199 in
1300 3179 1332 3200 se
1355 3179 1413 3200 nec
1435 3170 1468 3200 in

407 3210 720 3253 proportionabiliter
742 3211 800 3243 sibi
819 3212 1029 3252 respondente
1048 3213 1175 3252 procedi
1199 3213 1239 3243 ad
1261 3213 1470 3254 quantitatem

409 3254 566 3287 infinitam
589 3254 780 3296 simpliciter.

465 3299 609 3330 Secunda
624 3305 732 3330 autem
754 3299 918 3340 responsio
937 3299 1016 3330 forte
1031 3301 1130 3340 magis
1148 3300 1276 3341 propria
1293 3306 1356 3332 est:
1381 3301 1470 3342 quod

410 3342 524 3373 scilicet
547 3343 822 3383 quemadmodum
843 3343 970 3374 virilitas
998 3344 1135 3375 hominis
1156 3351 1202 3375 est
1224 3345 1470 3385 proportionalis

410 3386 561 3426 pueritiae
583 3387 691 3429 quoad
714 3387 775 3418 hoc
798 3387 902 3428 quod,
927 3394 1048 3428 quanto
1071 3398 1151 3429 puer
1173 3388 1356 3428 perfectior,
1381 3395 1469 3420 tanto

409 3429 456 3460 vir
478 3430 644 3471 perfectior
666 3431 957 3471 proportionaliter;
981 3441 1047 3462 non
1071 3438 1177 3462 tamen
1200 3439 1247 3464 est
1269 3433 1313 3464 sic
1336 3442 1470 3473 proport-

410 3473 536 3505 tionalis
567 3481 603 3506 ut
632 3474 762 3514 singulis
791 3475 970 3515 augmentis
1000 3475 1152 3515 pueritiae
1180 3477 1243 3507 sint
1271 3476 1470 3516 assignabilia

1079 153 1343 199 QUAESTIO
1373 154 1512 201 XXIV,
1542 154 1836 191 ARTICULUS
1863 155 1932 190 VII

1527 232 1650 271 singula
1672 238 1842 271 augmenta
1864 231 2030 267 virilitatis;
2062 231 2106 262 sic
2129 232 2168 263 sit
2195 233 2228 263 in
2255 234 2380 264 caritate
2411 233 2528 274 patriae
2559 240 2588 264 et

1527 276 1611 311 viae,
1639 285 1719 315 quae
1743 285 1776 305 se
1798 275 1924 311 habent,
1941 275 2028 315 apud
2050 276 2245 315 Apostolum
2259 277 2293 313 *,
2319 283 2354 308 ut
2375 277 2422 307 vir
2445 284 2475 308 et
2497 287 2587 317 puer.

1527 320 1572 349 Ita
1601 319 1691 358 quod
1716 318 1898 349 conceditur
1924 319 2012 359 quod
2042 325 2162 358 quanto
2189 320 2356 359 perfectior
2384 321 2455 361 quis
2486 328 2532 351 est
2554 321 2587 351 in

1526 363 1576 392 via
1599 363 1776 392 secundum
1799 362 1972 398 caritatem,
1996 369 2085 393 tanto
2109 364 2386 403 proportionaliter
2408 364 2465 395 erit
2488 364 2587 405 perfe-

1527 406 1606 436 ctior
1621 406 1654 435 in
1670 406 1786 446 patria:
1811 405 1886 446 quia
1909 412 2015 436 tamen
2035 406 2229 437 diversarum
2243 407 2405 438 rationum
2421 414 2495 438 sunt
2517 417 2589 447 per-

1527 449 1678 480 fectiones
1705 450 1781 480 istae
1805 449 1940 480 caritatis
1962 449 1996 480 in
2019 449 2119 489 patria
2139 450 2220 480 etin
2234 451 2294 487 via,
2319 451 2395 492 quia
2410 459 2589 492 sequuntur

1525 493 1648 523 lumina
1670 493 1864 524 diversarum
1887 493 2063 529 rationum,
2088 493 2161 524 ideo
2185 503 2252 524 non
2266 501 2341 526 sunt
2359 494 2587 535 comparabiles

1526 537 1702 567 secundum
1718 537 1955 577 lssproportiones
1982 537 2096 576 gradus
2124 538 2164 567 ad
2187 538 2321 576 gradum
2350 548 2405 569 seu
2428 538 2525 579 partis
2547 538 2587 568 ad

1526 587 1657 620 partem.
1681 598 1702 603 —
1726 581 1767 611 Et
1796 581 1873 611 haec
1900 580 2066 620 responsio
2093 580 2311 620 amplectenda
2333 581 2467 612 videtur.
2503 581 2587 619 Quia

1525 624 1675 664 perfectio
1699 624 1817 664 patriae
1832 634 1865 655 se
1880 625 1974 655 habet
1989 625 2028 654 ad
2043 624 2270 664 perfectionem
2284 625 2353 655 viae
2376 632 2412 656 ut
2433 625 2586 656 terminus

1525 669 1565 698 ad
1584 674 1721 704 motum,
1746 674 1782 698 ut
1805 674 1890 708 patet
1905 678 1943 700 ex
1955 668 2102 699 inductis.
2125 668 2224 698 Modo
2241 674 2358 704 autem,
2374 675 2494 709 quanto
2518 679 2586 709 per-

1525 711 1635 742 fectior
1650 718 1697 742 est
1712 718 1830 748 motus,
1850 711 2017 752 perfectior
2031 712 2089 742 erit
2110 712 2282 742 terminus:
2307 721 2372 742 non
2391 719 2497 743 tamen
2513 719 2587 743 sunt

1526 755 1752 796 comparabiles
1775 756 1952 787 secundum
1975 755 2217 796 proportionem
2239 756 2396 795 graduum
2415 762 2523 786 motus
2546 756 2586 786 ad

1525 800 1640 839 gradus
1662 799 1695 829 in
1718 799 1865 830 termino.

1591 844 1683 874 Unde
1712 853 1749 874 ex
1772 850 1905 884 utraque
1928 843 2135 883 responsione
2158 849 2316 879 sumatur,
2344 842 2468 882 primo,
2497 842 2586 883 quod

1523 894 1733 927 augmentum
1755 887 1890 918 caritatis
1911 887 1945 917 in
1963 887 2015 917 via
2033 894 2079 918 est
2102 893 2310 926 augmentum
2325 886 2393 916 eius
2409 886 2587 916 secundum

1523 932 1611 972 quid,
1624 937 1753 971 propter
1763 931 1928 971 praedicta.
1950 931 1991 962 Et
2003 931 2114 961 deinde
2127 931 2216 972 quod
2229 940 2294 960 non
2305 930 2379 960 licet
2392 939 2430 960 ex
2441 930 2496 960 tali
2510 939 2586 969 aug-

1523 981 1632 1006 mento
1648 975 1681 1006 in
1696 974 1857 1006 infinitum
1871 974 1985 1005 inferre
1999 974 2187 1005 infinitatem
2205 974 2330 1005 termini
2346 974 2473 1004 alterius
2491 973 2586 1004 ratio-

1523 1020 1585 1055 nis;
1610 1019 1665 1050 sed
1688 1019 1904 1050 excellentiam
1927 1019 2172 1058 respondentem
2195 1019 2386 1058 cuicumque
2402 1024 2586 1057 augmento.

1523 1063 1610 1094 Sicut
1625 1069 1834 1102 augmentum
1857 1062 1997 1092 hominis
2011 1062 2046 1092 in
2064 1062 2199 1102 pueritia
2214 1069 2260 1093 est
2282 1062 2316 1092 in
2330 1061 2492 1093 infinitum
2506 1061 2586 1091 infra

1522 1107 1721 1137 latitudinem
1733 1106 1895 1146 pueritiae,
1909 1116 2033 1145 semper
2044 1106 2130 1136 enim
2140 1106 2235 1136 habet
2249 1116 2316 1146 quo
2329 1113 2444 1136 crescat
2458 1106 2492 1136 in
2503 1112 2587 1136 statu

1523 1150 1690 1190 pueritiae;
1725 1156 1756 1181 et
1786 1155 1906 1189 quanto
1935 1149 2048 1189 aliquis
2074 1149 2241 1190 perfectior
2263 1149 2358 1180 fuerit
2379 1149 2413 1179 in
2435 1149 2585 1189 pueritia,

1516 1200 1612 1224 ‘tanto
1628 1193 1686 1223 erit
1701 1193 1868 1232 perfectior
1881 1192 1945 1228 vir;
1970 1199 2001 1223 et
2023 1199 2144 1232 quanto
2160 1193 2218 1224 iste
2241 1193 2408 1233 perfectior
2424 1203 2505 1233 puer
2517 1193 2586 1229 illo,

1523 1244 1612 1268 tanto
1636 1236 1805 1276 perfectior
1819 1236 1867 1267 vir
1888 1236 1944 1266 illo
1964 1236 2037 1266 erit:
2062 1246 2129 1267 non
2152 1243 2259 1267 tamen
2277 1235 2402 1267 infinito
2425 1236 2589 1276 processui

1521 1281 1603 1311 infra
1633 1280 1833 1311 latitudinem
1864 1279 2015 1319 pueritiae
2049 1280 2220 1320 respondet
2247 1279 2390 1310 infinitus
2418 1289 2587 1320 processus

1522 1325 1706 1365 simpliciter
1731 1323 1899 1360 virilitatis;
1930 1324 1986 1354 sed
2011 1330 2067 1354 aut
2091 1323 2381 1364 incomparabilitas
2411 1324 2589 1354 secundum

1523 1369 1776 1409 proportionem,
1800 1368 1887 1399 iuxta
1910 1368 2051 1398 secundo
2075 1368 2172 1404 dicta;
2196 1374 2251 1398 aut
2273 1377 2440 1408 processus
2462 1368 2496 1398 in
2518 1366 2589 1398 infi-

1523 1414 1627 1444 nitum
1651 1413 1828 1444 secundum
1851 1411 1939 1452 quid,
1963 1412 2050 1443 iuxta
2072 1412 2176 1452 primo
2200 1412 2292 1448 dicta,
2315 1411 2489 1443 habebitur.

1577 1457 1661 1488 XIX.
1684 1457 1732 1487 Ex
1747 1456 1796 1487 his
1810 1462 1918 1486 autem
1934 1462 2020 1495 patet
2034 1456 2152 1487 solutio
2165 1456 2365 1487 obiectorum
2375 1455 2402 1486 *.
2422 1455 2588 1492 Quoniam

1523 1501 1636 1532 eadem
1658 1507 1705 1532 est
1727 1500 1807 1531 ratio
1831 1501 1870 1530 de
1893 1500 2080 1540 angelorum
2101 1507 2133 1531 et
2155 1500 2342 1536 hominum,
2375 1500 2485 1540 quoad
2506 1499 2586 1535 hoc,

1525 1545 1660 1576 caritate.
1685 1544 1800 1576 Creato
1815 1544 1902 1575 enim
1917 1554 2124 1585 quocumque
2143 1544 2306 1584 superiore
2326 1544 2440 1584 angelo
2463 1550 2495 1574 et
2517 1543 2589 1574 data

1525 1589 1650 1620 caritate
1673 1589 1850 1619 secundum
1866 1588 2029 1625 naturalia,
2045 1598 2112 1619 non
2127 1588 2187 1619 nisi
2203 1588 2338 1619 caritatis
2351 1588 2421 1618 viae
2436 1597 2588 1627 augmen-

1523 1640 1593 1664 tum
1615 1633 1648 1663 in
1671 1632 1832 1664 infinitum
1856 1632 2070 1663 concluditur:
2095 1632 2184 1673 quod
2209 1631 2508 1672 Auctor-probavit.
2540 1631 2588 1662 Ex

1524 1683 1696 1717 augmento
1727 1683 1835 1707 autem
1865 1676 1999 1708 caritatis
2029 1676 2062 1706 in
2085 1676 2137 1706 via
2164 1676 2197 1706 in
2226 1675 2388 1706 infinitum
2418 1675 2587 1716 quomodo

1523 1728 1673 1762 sequatur
1694 1721 1744 1751 vel
1762 1719 1900 1751 infinitas
1915 1720 2092 1751 secundum
2116 1719 2203 1760 quid,
2226 1719 2277 1750 vel
2298 1719 2589 1760 incomparabilitas

1523 1766 1700 1796 secundum
1722 1764 1976 1805 proportionem,
2001 1764 2123 1795 dictum
2146 1770 2202 1794 est.

1579 1810 1619 1840 Et
1638 1809 1664 1839 si
1683 1809 1838 1839 formetur
1851 1808 1931 1838 ratio
1956 1808 1995 1838 de
2009 1808 2122 1848 angelo
2147 1814 2251 1838 creato
2267 1808 2371 1843 beato,
2395 1806 2484 1847 quod
2503 1815 2588 1846 quo-

1523 1863 1662 1893 cumque
1685 1853 1758 1883 dato
1782 1858 1887 1893 potest
1909 1852 1975 1882 dari
1999 1851 2110 1888 maior,
2127 1861 2202 1891 ergo
2226 1851 2336 1882 caritas
2351 1850 2469 1891 patriae
2491 1849 2590 1881 inin·

1522 1897 1650 1928 finitum
1668 1896 1851 1937 simpliciter
1872 1896 1978 1937 augeri
1997 1902 2115 1936 potest:
2132 1912 2152 1918 —
2167 1895 2397 1935 respondeatur
2414 1894 2504 1935 quod
2521 1903 2590 1925 non

1523 1942 1666 1982 sequitur
1695 1940 1756 1971 nisi
1790 1950 1956 1981 processus
1986 1940 2019 1971 in
2049 1939 2210 1971 infinitum
2240 1939 2417 1970 secundum
2446 1938 2525 1979 quid
2555 1937 2589 1968 in

1524 1986 1639 2026 patria,
1671 1985 1753 2016 sicut
1779 1985 1805 2014 si
1832 1995 1869 2015 ex
1895 1984 2068 2015 viatoribus
2095 1983 2213 2023 angelis
2243 1983 2353 2014 fierent
2378 1982 2472 2013 beati.
2501 1982 2590 2013 Deus

1524 2030 1620 2066 enim,
1638 2029 1773 2060 creando
1798 2038 1852 2059 eos
1875 2038 2000 2069 semper
2022 2029 2140 2063 beatos,
2157 2027 2190 2058 in
2210 2027 2353 2058 eiusdem
2371 2025 2501 2057 rationis
2520 2034 2588 2065 gra-

1523 2075 1616 2106 dibus
1646 2073 1730 2104 locat
1760 2072 1869 2113 quales
1897 2078 2001 2103 essent
2030 2071 2056 2102 si
2085 2071 2190 2101 media
2220 2071 2346 2102 caritate
2367 2070 2436 2101 viae
2465 2070 2506 2100 ad
2531 2078 2588 2100 eos

1523 2117 1732 2159 pervenirent.
1761 2116 1895 2148 Constat
1918 2123 2026 2146 autem
2049 2125 2086 2145 ex
2109 2115 2198 2146 dictis
2227 2115 2318 2156 quod
2338 2113 2497 2155 quantitas
2512 2112 2588 2144 eari-

1522 2163 1594 2194 tatis
1613 2161 1741 2202 patriae,
1761 2159 2039 2201 proportionaliter
2054 2159 2249 2198 respondens
2264 2164 2437 2198 augmento
2453 2156 2588 2188 caritatis

1521 2207 1600 2242 viae,
1625 2215 1701 2236 non.
1715 2211 1761 2236 est
1783 2205 1823 2235 ad
1845 2203 2006 2234 infinitum
2029 2203 2212 2242 simpliciter
2236 2203 2318 2233 sicut
2342 2202 2376 2232 in
2391 2201 2543 2232 numeris.

1579 2250 1620 2281 Et
1642 2249 1724 2279 forte
1746 2248 1898 2288 perfectio
1922 2247 2056 2278 caritatis
2078 2247 2111 2277 in
2135 2247 2234 2287 patria
2255 2246 2299 2277 ita
2321 2252 2369 2276 est
2391 2245 2518 2277 alterius
2540 2254 2588 2278 rn-

1523 2293 1619 2324 tionis
1643 2292 1826 2324 excellenter
1849 2292 1939 2332 quod
1961 2291 2055 2321 habet
2079 2298 2267 2331 utrumque:
2298 2290 2417 2321 scilicet
2443 2295 2474 2320 et
2499 2288 2590 2329 quod

1524 2345 1570 2368 est
1593 2337 1746 2368 terminus
1763 2345 1990 2366 consummans
2012 2334 2169 2375 quidquid
2191 2333 2394 2375 perfectionis
2413 2333 2534 2365 invenit
2555 2332 2589 2366 in

1524 2381 1650 2412 caritate
1672 2381 1757 2416 viae,
1789 2388 2032 2415 consummans,
2056 2378 2205 2419 inquam,
2232 2378 2319 2410 iuxta
2345 2376 2589 2418 dispositionem

1523 2425 1725 2465 perfectibilis
1756 2422 1938 2464 quantitatis
1960 2422 2122 2459 inventae;
2155 2429 2186 2454 et
2215 2422 2304 2463 quod
2334 2428 2381 2453 est
2411 2421 2590 2454 secundnm

1522 2468 1766 2508 proportionem
1792 2467 1987 2508 respondens
2017 2473 2190 2506 augmento
2221 2466 2356 2498 caritatis
2385 2465 2418 2497 in
2447 2465 2509 2497 via.
2545 2465 2590 2498 Et

1522 2519 1690 2553 propterea
1712 2518 1846 2552 utraque
1864 2510 2072 2550 responsione
2094 2517 2222 2551 oportet
2234 2509 2292 2546 uti,
2314 2517 2353 2541 ut
2376 2509 2590 2542 communiter

1523 2556 1639 2588 credita
1662 2566 1680 2586 a
1703 2555 1886 2586 doctoribus
1908 2555 2066 2585 salvemus
2089 2555 2208 2595 absque
2228 2553 2382 2585 infinitate
2404 2553 2590 2594 simplicitur

1523 2600 1668 2632 caritatis.
1688 2600 1796 2637 Quam
1812 2599 1868 2640 qui
1882 2606 1978 2636 tenet,
1990 2598 2072 2630 sicut
2085 2599 2118 2630 in
2133 2599 2284 2635 numeris,
2300 2608 2367 2629 non
2381 2597 2475 2629 video
2489 2606 2589 2638 quiue

1523 2651 1618 2675 erret:
1643 2643 1788 2684 quamvis
1812 2644 1850 2674 ab
1873 2645 2013 2675 Auctore
2037 2643 2181 2678 declinet,
2201 2649 2237 2674 ut
2258 2649 2345 2683 patet
2367 2652 2405 2672 ex
2424 2641 2527 2673 dictis.

1579 2688 1647 2718 XX.
1673 2686 1827 2724 Quamvis
1851 2693 1959 2718 autem
1989 2686 2174 2717 huiusmodi
2197 2686 2236 2717 de
2258 2686 2384 2716 caritate
2406 2686 2467 2716 sub
2489 2691 2587 2716 meta-

1523 2731 1632 2771 phoris
1651 2730 1732 2761 dicta
1754 2739 1827 2761 vera
1847 2730 2023 2766 videantur,
2048 2740 2085 2761 ex
2104 2729 2243 2770 propriis
2266 2736 2372 2760 tamen
2390 2735 2519 2768 oportet
2539 2729 2586 2762 iu-

1523 2775 1685 2805 tellectum
1701 2774 1870 2814 quiescere,
1883 2784 1923 2805 ne
1939 2781 2122 2813 opponatur
2135 2774 2225 2814 quod
2239 2772 2400 2812 theologia
2411 2773 2587 2813 symbolica

1523 2828 1589 2849 non
1614 2825 1660 2848 est
1682 2817 1940 2857 argumentativa.
1973 2818 2065 2849 Unde
2093 2817 2202 2849 tertius
2225 2817 2342 2848 modus
2369 2816 2509 2853 dicendi,
2534 2817 2586 2849 cni

1521 2862 1624 2893 multa
1639 2862 1671 2891 in
1695 2862 1818 2893 duabus
1838 2861 2004 2902 praedictis
2027 2861 2085 2892 viis
2098 2861 2211 2894 *tacta
2234 2860 2423 2896 deserviunt,
2439 2861 2585 2892 occurrit.

1522 2907 1573 2936 Ad
1596 2905 1686 2936 cuius
1710 2905 1899 2936 evidentiam
1922 2911 2062 2946 oportet,
2086 2905 2201 2945 primo,
2225 2905 2340 2935 evitare
2362 2904 2587 2936 confusionem

1522 2950 1758 2990 quaestionum.
1789 2949 1872 2980 Sunt
1900 2949 2057 2990 siquidem
2082 2949 2116 2980 in
2141 2949 2201 2980 hac
2227 2959 2259 2979 re
2285 2955 2346 2980 tres
2372 2948 2584 2989 quaestiones.

1521 2993 1626 3024 Prima
1650 3000 1696 3024 est
1725 3003 1766 3024 an
1789 2993 1899 3025 caritas
1929 2993 2072 3025 absolute
2095 2993 2135 3024 sit
2162 2992 2404 3033 augmentabilis
2430 2992 2585 3024 intensi-ue

1521 3038 1553 3068 in
1577 3037 1749 3068 infinitum.
1774 3037 1918 3068 Secunda
1939 3044 1988 3068 est
2010 3047 2050 3069 an
2073 3037 2183 3068 caritas
2201 3037 2270 3067 viae
2292 3036 2332 3067 sit
2353 3036 2508 3068 intensive
2530 3046 2585 3067 au-

1521 3081 1721 3122 gmentabilis
1743 3081 1776 3111 in
1798 3080 1972 3113 infinitum.
2003 3080 2110 3113 Tertia
2133 3087 2179 3111 est
2205 3091 2246 3112 au
2273 3080 2383 3111 caritas
2406 3080 2524 3120 patriae
2545 3079 2586 3111 eit

1521 3125 1762 3166 augmentabilis
1777 3125 1810 3156 in
1824 3124 1996 3157 infinimm.
2021 3125 2104 3155 Inter
2126 3135 2205 3165 quas
2228 3124 2429 3165 quaestiones
2444 3124 2517 3164 ipae
2528 3124 2585 3155 ed-

1520 3170 1641 3201 iunctio
1665 3170 1863 3201 diversorum
1881 3175 2033 3205 statuum,
2053 3169 2170 3200 scilicet
2184 3169 2252 3200 viae
2268 3174 2302 3199 et
2319 3168 2448 3208 patriae,
2462 3173 2496 3200 et
2513 3168 2584 3199 aba·

1521 3214 1631 3245 tractio
1656 3215 1694 3244 ab
1719 3220 1856 3254 utroque
1879 3219 1978 3250 statu,
2011 3213 2149 3244 ostendit
2172 3212 2377 3244 &ffaenziam
2397 3221 2478 3243 eme.
2501 3229 2522 3236 -
2541 3211 2585 3242 Et

1522 3258 1624 3297 prima
1645 3258 1776 3298 quidem
1799 3258 1943 3298 quaestio
1966 3257 2000 3288 in
2022 3257 2130 3289 Tertia
2150 3257 2242 3288 Parte
2253 3256 2288 3293 ⁸⁸,
2312 3256 2368 3287 ubi
2392 3256 2436 3287 de
2459 3255 2583 3288 mirate

1522 3301 1646 3332 animae
1669 3301 1786 3333 Christi
1805 3312 1848 3333 an
1871 3301 1911 3333 sit
1941 3310 2068 3332 summa
2091 3300 2249 3341 possibilis
2273 3300 2339 3331 dari
2360 3299 2496 3336 dicetur,
2516 3305 2582 3330 tra-

1523 3345 1673 3376 ctabitur:
1704 3345 1743 3375 de
1766 3355 1830 3385 qua
1851 3345 1918 3376 iam
1937 3345 1955 3364 *
1981 3344 2103 3376 dictum
2126 3351 2171 3376 est
2200 3345 2290 3385 quod
2317 3344 2495 3374 secundum
2515 3344 2583 3373 Au-

1517 3396 1644 3420 ctorem
1666 3399 1738 3429 pars
1758 3389 1904 3428 negativa
1926 3396 1975 3421 est
1995 3399 2077 3421 vera.

1577 3433 1723 3464 Secunda
1745 3438 1852 3465 autem
1873 3432 2035 3473 quaestio,
2059 3442 2142 3473 quae
2164 3441 2239 3472 prae
2260 3430 2408 3463 manibus
2428 3429 2581 3466 habetur,

1523 3477 1617 3508 babet
1646 3483 1770 3516 partem
1793 3476 2012 3508 affirmativam
2033 3485 2157 3512 veram,
2180 3475 2247 3508 iam
2266 3474 2424 3506 Ecclesiae
2447 3473 2582 3505 auctori-

2616 284 2625 294 ⁴
2640 283 2674 305 Cf.
2695 290 2758 306 num.
2773 290 2823 306 xm.

2615 1462 2626 1473 ⁸
2639 1461 2709 1484 Num.
2724 1467 2770 1484 xvi.

2613 2868 2822 2896 ’Cs.num.1x,xn.

2610 3260 2620 3271 ⁸
2630 3260 2677 3287 Qu.
2685 3266 2726 3286 vn,
2740 3265 2782 3283 art.
2791 3266 2820 3283 n.

2611 3351 2619 3360 ·
2634 3350 2705 3372 Num.
2720 3357 2744 3372 n.
