2892 4056
20 1321 142 1379 &gt

53 2009 141 2059 mlac-

55 2219 140 2243 ‘M

0 2717 9 2840 ‹cuv—‹-
0 2693 3 2706 -·

50 1102 238 1158 hQffl:

157 1327 214 1350 m,
234 1321 277 1344 ⁸¹1
304 1315 382 1354 ²⁹24
410 1318 644 1366 PRAETEREA,
669 1319 895 1366 Gregorius,
925 1319 964 1356 in
992 1321 1117 1356 XXXI
1146 1319 1290 1356 Moral.
1310 1319 1358 1367 *,’

143 1351 265 1371 mm.
291 1370 340 1408 de
357 1370 588 1409 hebetudine
607 1371 780 1420 loquens,
801 1372 972 1409 nominat
991 1383 1075 1408 eam
1096 1373 1352 1409 hebetudinem

1001 172 1267 219 QUAESTIO
1297 171 1382 218 XV,
1411 171 1704 209 ARTICULUS
1734 173 1765 208 11

292 249 397 285 tionis,
413 249 463 279 vel
482 248 586 279 otium
601 249 651 279 vel
667 250 907 281 delectationem
924 258 954 281 et
970 250 1171 281 huiusmodi:
1197 251 1251 281 sed
1267 250 1354 281 diffe-

2393 182 2462 218 119

1406 253 1438 283 in
1463 254 1602 284 secundo
1627 261 1717 285 utens
1741 254 1870 284 nomine
1894 259 2066 294 occupatae
2090 254 2210 284 mentis.
2235 253 2276 283 Et
2292 253 2413 289 deinde,
2431 253 2463 282 in

292 293 391 323 rentia
407 293 500 323 estin
516 292 578 323 hoc
594 294 683 334 quod
698 294 891 335 principium
910 294 1080 325 aversionis
1099 295 1293 335 quandoque
1309 301 1355 325 est
1406 298 1611 336 responsione
1635 299 1674 328 ad
1697 299 1834 335 tertium,
1859 298 1934 339 quia
1957 297 2150 328 conveniunt
2173 296 2206 326 in
2229 297 2396 326 avertendo
2418 297 2463 326 in—

293 347 311 366 a
333 336 497 367 voluntate
520 337 587 367 sine
610 338 766 377 passione,
784 339 874 379 quod
896 338 1047 378 importat
1069 338 1158 375 illud,
1182 339 1296 370 Noluit
1311 340 1356 370 in·
1405 341 1580 372 tentionem
1596 349 1725 382 propter
1741 342 1872 383 aliquod
1895 341 1994 381 magis
2010 348 2162 377 amatum,
2179 340 2302 371 reduxit
2316 340 2348 370 in
2362 350 2464 370 unum

293 380 439 421 telligere
453 385 489 410 ut
504 380 582 411 bene
604 387 717 422 ageret
724 389 736 418 ;
753 389 783 413 et
798 383 992 423 quandoque
1008 393 1026 412 a
1041 383 1203 413 voluntate
1220 383 1353 413 deducta
1396 384 1552 415 -effectum
1575 392 1606 415 et
1628 395 1726 416 unam
1750 386 1903 416 rationem
1935 385 2146 416 distractivam
2170 395 2206 415 ex
2230 391 2315 424 parte
2339 384 2463 419 obiecti,

293 434 311 454 a
332 424 489 465 passione,
514 425 602 464 quod
625 425 777 465 importat
799 426 889 462 illud,
906 426 1122 466 Supercecidit
1137 428 1223 467 ignis
1239 437 1354 458 concu-

1407 429 1484 459 dum
1507 430 1676 469 respondet
1699 437 1886 469 argumento
1909 430 1999 470 quod
2022 439 2077 469 per
2093 429 2235 466 accidens
2251 435 2356 468 potest
2371 428 2464 458 alicui

286 469 474 508 placentiae,
492 473 523 498 et
537 478 600 499 non
618 470 768 500 viderunt
780 471 879 501 solem
896 471 1044 500 iustitiae.
1069 470 1109 500 Et
1125 471 1163 500 ad
1181 478 1352 512 utrumque
1403 482 1469 502 esse
1489 473 1606 503 odibile
1629 473 1799 513 intelligere
1817 474 1988 510 veritatem,
2005 473 2195 514 inquantum
2215 482 2271 512 per
2286 472 2348 502 hoc
2363 471 2463 502 homo

292 511 409 542 horum
428 511 680 551 significandum,
697 514 800 554 primo
821 513 962 544 distinxit
977 514 1098 544 Auctor
1112 514 1188 545 haec
1211 515 1352 545 membra
1404 517 1574 556 impeditur
1595 518 1634 547 ab
1658 517 1724 547 aliis
1747 527 1830 558 quae
1853 517 1952 557 magis
1977 524 2076 548 amat:
2101 517 2162 547 hoc
2189 516 2275 547 enim
2291 525 2463 546 commune

293 562 328 586 ut
351 555 498 591 diximus,
514 555 546 587 in
570 557 675 597 primo
698 564 790 589 utens
806 557 937 588 nomine
952 563 1147 597 spontaneae
1163 559 1351 596 voluntatis,

1407 567 1453 591 est
1476 561 1600 601 utrique
1624 562 1779 597 membro,
1803 569 1838 592 ut
1861 561 1980 592 dictum
2003 568 2059 592 est.

1059 685 1373 727 ARTICULUS
1404 685 1700 727 SECUNDUS

703 766 858 797 UTRUM
882 766 1120 797 HEBETUDO
1144 767 1301 798 SENsus
1323 767 1389 798 SIT
1413 769 1543 799 ALIUD
1568 771 1597 798 A
1620 768 1868 799 CAECITATE
1892 770 2051 800 MENTis

410 873 437 887 ,,
502 857 524 881 n
544 855 734 882 SECUNDUM
749 855 801 880 Sic
818 855 1057 881 nocam-rua.
1073 841 1232 881 Videtur
1246 845 1351 892 quod

342 931 361 949 a
423 906 457 923 „-
501 897 693 934 hebetudo
723 908 855 933 sensus
883 908 962 932 non
982 896 1028 933 sit
1055 897 1154 933 aliud
1184 909 1205 934 a
1235 897 1351 934 caeci-

450 948 470 987 ἢ
500 955 575 986 tate
603 949 752 986 mentis.
780 949 910 986 Unum
947 949 1048 986 enirn
1077 949 1142 986 uni
1179 957 1234 986 est
1262 962 1350 986 con—

348 992 669 1039 Δ-’ῑ”“Ῐ’κ)Κῐτειῑίυῐῃ.
701 1001 777 1039 Sed
807 1001 910 1039 dono
948 1002 1156 1039 intellectus
1191 1003 1351 1051 opponi-

291 1059 353 1090 tur
377 1051 584 1102 hebetudo,
604 1062 646 1091 ut
663 1062 767 1104 patet
794 1066 862 1103 per
888 1055 1128 1104 Gregorium,
1150 1055 1188 1092 in
1217 1056 1248 1091 II
1264 1056 1352 1092 Mo-

291 1105 361 1143 ral.
380 1105 421 1151 *ς
451 1106 512 1143 cui
539 1107 651 1147 etiarn
687 1107 894 1157 opponitur
931 1109 1090 1145 caecitas
1118 1108 1274 1155 mentis,
1305 1121 1351 1145 eo

291 1158 396 1206 quod
433 1157 640 1197 intellectus
682 1160 907 1210 principium
947 1161 1143 1209 quoddam
1185 1161 1351 1199 visivum

291 1210 471 1260 designat.
510 1213 612 1261 Ergo
641 1214 833 1251 hebetudo
872 1226 1005 1251 sensus
1034 1222 1089 1251 est
1116 1214 1218 1251 idem
1247 1215 1353 1262 quod

292 1265 452 1316 caecitas
481 1265 629 1303 mentis.

289 1435 419 1461 sensus
446 1424 548 1462 circa
575 1425 867 1475 intelligentiam.
899 1425 975 1462 Sed
1003 1425 1172 1461 hebetari
1202 1436 1315 1461 sensu
1335 1430 1354 1446 ⁸

191 1482 212 1495 ‘¹
242 1478 244 1484 '
291 1475 390 1514 circa
417 1476 699 1525 intelligentiam
719 1477 809 1514 nihil
831 1477 931 1514 aliud
958 1489 1040 1514 esse
1068 1477 1219 1514 videtur
1239 1488 1353 1526 quam

290 1529 532 1577 intelligendo
553 1530 728 1577 deficere,
744 1530 849 1578 quod
868 1530 1029 1578 pertinet
1043 1530 1092 1567 ad
1112 1529 1249 1566 mentis
1270 1542 1353 1567 cae—

291 1581 452 1619 citatem.
482 1583 584 1631 Ergo
621 1584 814 1620 hebetudo
851 1595 984 1620 sensus
1022 1582 1123 1620 idem
1162 1590 1218 1619 est
1249 1584 1352 1632 quod

291 1635 451 1681 caecitas
479 1636 627 1673 mentis.

307 1698 310 1699 ’
334 1685 380 1726 ³3.
407 1689 650 1735 Pmrma,
680 1689 710 1725 si
738 1689 777 1725 in
805 1688 932 1737 aliquo
961 1688 1159 1734 differunt,
1187 1689 1352 1725 maxime

289 1738 468 1785 videntur
485 1742 524 1779 in
551 1742 627 1779 hoc
646 1741 799 1779 differre
827 1742 932 1790 quod
953 1741 1113 1778 caecitas
1141 1742 1278 1778 mentis
1299 1749 1355 1778 est

17 1802 19 1806 ·
54 1794 250 1824 'An-W·
290 1793 516 1842 voluntaria,
537 1803 578 1832 ut
605 1806 719 1844 supra
737 1794 757 1816 *
785 1793 927 1832 dictum
961 1802 1036 1841 est,
1066 1795 1260 1832 hebetudo
1289 1807 1354 1832 au-

147 1854 164 1890 β

291 1854 370 1885 tem
398 1859 532 1885 sensus
552 1855 607 1885 est
635 1847 813 1885 naturalis
831 1846 858 1884 β.
889 1847 966 1884 Sed
985 1847 1153 1884 defectus
1177 1847 1353 1884 naturalis

291 1903 371 1938 non
390 1907 448 1938 est
465 1908 678 1950 peccatum.
704 1901 806 1948 Ergo
827 1900 1038 1938 secundum
1065 1901 1140 1938 hoc
1158 1901 1353 1938 hebetudo

292 1964 426 1997 sensus
445 1966 524 1991 non
544 1961 642 1991 esset
660 1961 872 2003 peccatum.
899 1953 1015 2000 Quod
1036 1960 1092 1990 est
1111 1962 1240 1991 contra
1261 1954 1355 1991 Gre-

160 2009 266 2038 ¹²¹⁰¹³m⁸
291 2007 441 2055 gotium
463 2008 500 2054 ⁴,
530 2007 595 2056 qui
623 2015 874 2044 connumerat
902 2018 988 2043 eam
1016 2007 1112 2044 inter
1137 2007 1227 2044 vitia
1255 2018 1354 2055 quae

150 2279 167 2304 Υ

290 2072 338 2105 ex
365 2061 452 2108 gula
480 2060 663 2097 oriuntur.

346 2113 420 2150 Szn
449 2125 596 2150 CONTRA
632 2124 699 2149 EST
735 2112 840 2161 quod
878 2112 1115 2149 diversarum
1154 2124 1355 2149 causarum

293 2173 380 2203 sunt
407 2165 545 2204 diversi
574 2165 743 2203 effectus.
775 2165 852 2202 Sed
876 2165 1094 2213 Gregorius,
1110 2166 1236 2202 XXXI
1266 2166 1356 2202 Μο-

292 2219 363 2256 ral.
381 2218 414 2266 ⁸,
436 2219 525 2256 dicit
552 2219 658 2267 quod
678 2218 872 2255 hebetudo
897 2218 1035 2255 mentis
1055 2218 1174 2255 oritur
1193 2230 1237 2255 ex
1257 2219 1355 2266 gula,

293 2271 451 2308 caecitas
489 2280 615 2309 autem
649 2271 786 2308 mentis
815 2283 860 2308 ex
894 2271 1039 2308 luxuria
1064 2277 1092 2308 Υ.
1132 2273 1235 2319 Ergo
1270 2279 1356 2308 sunt

294 2323 444 2361 diversa
470 2323 573 2361 vitia.

346 2377 572 2414 Rnspoum-:o
595 2387 784 2414 meantium
813 2377 917 2426 quod
945 2377 1063 2413 hebes
1092 2384 1204 2414 acuto
1234 2389 1356 2425 oppo—

293 2429 404 2467 nitur.
425 2432 591 2467 Acutum
611 2437 740 2466 autem
769 2429 902 2466 dicitur
921 2429 1063 2478 aliquid
1084 2441 1130 2466 ex
1156 2430 1232 2466 hoc
1251 2429 1357 2477 quod

294 2489 350 2520 est
376 2483 668 2531 penetrativum.
698 2482 810 2519 Unde
839 2490 875 2518 et
901 2482 1020 2518 hebes
1053 2482 1188 2518 dicitur
1215 2482 1356 2529 aliquid

295 2548 340 2572 ex
359 2536 434 2572 hoc
462 2535 565 2585 quod
591 2543 646 2572 est
673 2536 866 2581 obtusum,
887 2542 1085 2583 penetrare
1106 2547 1183 2571 non
1211 2535 1354 2571 valens.

295 2589 437 2626 Sensus
466 2596 594 2626 autem
623 2588 830 2637 corporalis
856 2600 926 2636 per
958 2587 1153 2635 quandam
1186 2587 1355 2624 similitu-

295 2641 423 2679 dinem
449 2650 649 2691 penetrare
687 2642 820 2679 dicitur
848 2640 1020 2678 medium
1057 2641 1282 2688 inquantum
1311 2653 1355 2677 ex

293 2694 419 2743 aliqua
447 2695 621 2732 distantia
649 2707 762 2731 suum
792 2694 986 2731 obiectum
1006 2693 1180 2742 percipit;
1209 2694 1271 2729 vel
1299 2693 1355 2730 in-

293 2755 478 2796 quantum
514 2755 640 2797 potest
676 2747 784 2797 quasi
820 2747 1056 2796 penetrando
1093 2746 1223 2783 intima
1261 2746 1315 2783 rei
1342 2744 1355 2768 δ

291 2801 499 2850 percipere.
538 2802 648 2839 Unde
677 2801 716 2838 in
754 2801 1014 2849 corporalibus
1052 2799 1186 2837 dicitur
1221 2799 1355 2847 aliquis

346 2931 375 2966 α)
394 2932 514 2957 hebetari
530 2938 644 2956 sensu.-
661 2931 780 2956 hebetari
797 2938 902 2956 sensum
921 2931 963 2960 1K,
982 2930 1110 2956 habitudo
1129 2937 1220 2955 sensus
1240 2930 1272 2954 G.

347 2966 372 3000 β)
393 2967 535 2993 naturalis.
548 2981 566 2986 -
584 2967 702 3000 defectus
721 2967 818 2991 addunt
836 2967 911 2991 Phxa.

346 3003 373 3036 γ)
393 3002 513 3027 luxuria.
525 3016 545 3021 -
563 3001 618 3027 Sed
628 3001 692 3027 haec
707 3005 770 3027 sunt
785 3002 891 3027 diversa
903 3001 970 3026 vitia
988 3001 1086 3026 addunt
1098 3001 1174 3026 Plxa.
1188 3014 1208 3020 -
1225 3000 1276 3025 Pro
1294 3003 1359 3026 sunt

295 3037 402 3063 diversa
420 3038 495 3067 vitia,
514 3041 541 3062 et
558 3040 647 3062 cetera
665 3037 702 3068 lx,
721 3040 747 3062 et
766 3037 824 3069 ipsa
842 3041 905 3062 sunt
923 3037 1030 3062 diversa
1048 3037 1114 3061 vitia
1130 3037 1156 3061 Ρ.

347 3072 372 3105 ὃ)
391 3073 487 3098 intima
506 3073 553 3098 rei.
565 3087 582 3092 -
601 3073 712 3098 minima
730 3073 770 3097 rei
787 3073 1025 3101 ABCDEFHKLR,
1044 3075 1170 3097 naturam
1189 3071 1227 3101 G.
1246 3070 1358 3096 minima

295 3108 391 3133 intima
410 3109 450 3133 rei
468 3108 485 3139 1,
505 3108 615 3133 minima
634 3107 675 3133 vel
693 3108 788 3133 intima
807 3108 847 3133 rei
866 3108 931 3133 an.

1405 857 1487 881 esse
1516 845 1614 882 acuti
1643 858 1774 882 sensus
1812 846 1876 895 qui
1902 855 2027 895 potest
2062 847 2254 896 percipere
2288 848 2463 884 sensibile

1405 897 1558 944 aliquod
1587 910 1632 934 ex
1653 899 1818 946 remotis,
1838 899 1901 935 vel
1919 900 2087 937 videndo
2106 902 2166 936 vel
2190 900 2381 938 audiendo
2400 902 2463 937 vel

1405 950 1638 995 olfaciend03
1669 958 1704 986 et
1737 963 1756 987 e
1787 952 1974 988 contrario
2008 953 2143 989 dicitur
2177 965 2289 989 sensu
2309 958 2320 974 ⁸
2347 954 2462 990 hebe-

1405 1003 1472 1038 tari
1493 1003 1558 1049 qui
1577 1015 1654 1039 non
1682 1003 1840 1052 percipit
1859 1005 1927 1040 nisi
1957 1017 2001 1041 ex
2029 1005 2244 1054 propinquo
2267 1013 2302 1042 et
2325 1018 2463 1055 magna

1405 1054 1605 1092 sensibilia.

1457 1108 1518 1144 Ad
1538 1107 1821 1145 similitudinem
1842 1117 1969 1146 autem
1990 1110 2195 1158 corporalis
2214 1122 2346 1147 sensus
2375 1111 2462 1148 dici-

1406 1168 1464 1196 tur
1492 1160 1604 1198 etiam
1626 1162 1723 1197 cirea
1751 1161 2029 1210 intelligentiam
2051 1174 2133 1199 esse
2157 1162 2289 1211 aliquis
2317 1176 2462 1210 sensus,

1406 1213 1470 1261 qui
1490 1221 1545 1250 est
1570 1214 1783 1263 aliquorum
1806 1216 2020 1263 primorum
2045 1222 2313 1262 extremorum,
2342 1224 2383 1252 ut
2411 1216 2464 1253 di-

1406 1266 1500 1302 citur
1527 1266 1565 1303 in
1594 1267 1643 1303 Vl
1671 1267 1790 1304 Ethic.
1810 1267 1852 1303 *z
1881 1268 1974 1305 sicut
1998 1269 2111 1305 etiam
2149 1280 2281 1305 sensus
2319 1276 2374 1305 est
2402 1281 2463 1305 co-

1405 1319 1637 1366 gnoscitivus
1674 1320 1905 1357 sensibilium
1939 1321 2047 1369 quasi
2084 1321 2327 1370 quorundam
2363 1322 2464 1370 prin-

1407 1371 1592 1419 cipiorum
1622 1372 1855 1420 cognitionis.
1886 1374 1959 1410 Hic
1995 1382 2123 1410 autem
2151 1386 2284 1410 sensus
2316 1374 2381 1423 qui
2409 1382 2465 1411 est

1407 1423 1503 1460 circa
1531 1424 1810 1472 intelligentiam
1839 1438 1917 1462 non
1944 1427 2102 1475 percipit
2130 1439 2241 1463 suurn
2271 1427 2463 1464 obiectum

1406 1488 1475 1525 per
1501 1476 1672 1514 medium
1693 1477 1889 1514 distantiae
1919 1479 2136 1527 corporalis,
2158 1479 2224 1516 sed
2253 1491 2322 1527 per
2348 1492 2463 1527 quae-

1407 1529 1495 1566 dam
1525 1529 1597 1566 alia
1625 1530 1767 1566 media:
1797 1530 1891 1567 sicut
1920 1543 2007 1567 cum
2026 1543 2095 1580 per
2122 1531 2392 1580 proprietatem
2412 1532 2464 1569 rei

1406 1582 1566 1631 percipit
1592 1582 1672 1619 eius
1703 1583 1916 1630 essentiam,
1947 1591 1982 1620 et
2008 1592 2078 1632 per
2102 1584 2257 1620 effectus
2277 1583 2290 1610 ζ
2308 1584 2466 1633 percipit

1407 1647 1574 1671 causam.
1604 1636 1667 1671 Ille
1697 1648 1787 1683 ergo
1817 1635 1951 1672 dicitur
1979 1649 2060 1673 esse
2089 1637 2187 1673 acuti
2215 1649 2348 1674 sensus
2368 1637 2465 1674 circa

1406 1688 1685 1735 intelligentiam
1710 1689 1775 1736 qui
1802 1689 1926 1725 statim
1946 1690 1995 1726 ad
2014 1690 2358 1738 apprehensionem
2378 1702 2464 1739 pro-

1407 1741 1571 1790 prietatis
1590 1741 1656 1788 rei,
1675 1742 1737 1778 vel
1761 1741 1875 1778 etiam
1906 1742 2073 1790 effectus,
2095 1751 2266 1779 naturam
2288 1743 2340 1780 rei
2360 1755 2464 1780 com-

1407 1794 1615 1842 prehendit,
1646 1802 1682 1830 et
1708 1794 1932 1843 inquantum
1959 1807 2080 1843 usque
2109 1795 2158 1832 ad
2177 1796 2355 1833 minimas
2375 1808 2465 1832 con-

1408 1846 1568 1884 ditiones
1602 1847 1659 1883 rei
1693 1847 1987 1885 considerandas
2018 1847 2204 1897 pertingit.
2243 1850 2306 1886 llle
2339 1857 2465 1886 autem

1408 1899 1541 1937 dicitur
1569 1911 1651 1936 esse
1676 1905 1694 1926 η
1721 1900 1841 1937 hebes
1870 1900 1968 1937 circa
2004 1900 2287 1948 intelligentiam
2319 1901 2384 1949 qui
2417 1902 2465 1939 ad

1408 1952 1715 2000 cognoscendam
1742 1954 1940 1990 veritatem
1969 1953 2022 1990 rei
2050 1954 2261 2002 pertingere
2291 1966 2368 1991 non
2397 1967 2467 2003 po-

1407 2013 1478 2042 test
1504 2005 1575 2043 nisi
1603 2017 1673 2055 per
1697 2006 1815 2042 multa
1836 2005 1869 2042 ei
1890 2006 2070 2054 exposita,
2092 2014 2128 2043 et
2146 2014 2236 2044 tunc
2255 2007 2368 2044 etiam
2388 2019 2466 2044 non

1408 2066 1532 2107 potest
1558 2058 1767 2107 pertingere
1787 2059 1835 2095 ad
1853 2059 2019 2108 perfecte
2044 2059 2363 2097 considerandum
2385 2072 2467 2097 om-

1410 2112 1471 2148 nia
1491 2124 1589 2160 quae
1608 2113 1796 2160 pertinent
1823 2112 1869 2149 ad
1892 2111 1945 2157 rei
1965 2112 2161 2149 rationem.

1463 2165 1525 2202 Sic
1548 2164 1658 2212 igitur
1685 2164 1878 2201 hebetudo
1907 2177 2039 2201 sensus
2068 2165 2166 2202 circa
2188 2165 2466 2212 intelligentiam

1410 2218 1588 2267 importat
1607 2218 1801 2265 quandam
1831 2217 2062 2254 debilitatem
2087 2218 2223 2254 mentis
2252 2218 2350 2254 circa
2378 2230 2467 2254 con-

1410 2270 1678 2308 siderationem
1707 2269 1956 2318 spiritualium
1976 2271 2186 2307 bonorum:
2216 2271 2375 2308 caecitas
2403 2283 2466 2307 au-

1409 2331 1486 2360 tem
1506 2324 1643 2361 mentis
1658 2323 1836 2372 importat
1855 2323 2120 2360 omnimodam
2135 2323 2388 2372 privationem
2405 2336 2467 2360 co-

1409 2375 1583 2425 gnitionis
1603 2377 1784 2425 ipsorum.
1817 2377 1866 2413 Et
1887 2384 2093 2424 utrumque
2131 2377 2336 2426 opponitur
2363 2376 2466 2414 dono

1409 2430 1628 2475 intellectus,
1650 2441 1718 2477 per
1744 2441 1859 2477 quem
1875 2426 1888 2450 ⁰
1907 2430 2027 2466 horno
2047 2429 2250 2478 spiritualia
2274 2430 2375 2466 bona
2403 2442 2467 2478 ap-

1409 2481 1681 2530 prehendendo
1711 2481 1905 2529 cognoscit
1932 2489 1969 2518 et
1995 2482 2044 2518 ad
2073 2494 2207 2518 eorum
2227 2482 2358 2519 intima
2379 2483 2467 2519 sub-

1409 2534 1517 2570 tiliter
1534 2541 1717 2582 penetrat.
1747 2534 1874 2570 Habet
1892 2542 2020 2571 autem
2037 2539 2045 2556 ⁸
2068 2534 2260 2571 hebetudo
2281 2534 2465 2571 rationem

1409 2587 1553 2635 peccati
1581 2587 1676 2623 sicut
1705 2594 1740 2622 et
1768 2586 1929 2623 caecitas
1957 2587 2114 2623 mentis:
2144 2587 2367 2635 inquantum
2396 2587 2466 2624 sci-

1408 2640 1492 2676 licet
1521 2647 1576 2676 est
1601 2639 1826 2686 voluntaria,
1856 2647 1898 2676 ut
1923 2647 2027 2688 patet
2048 2639 2087 2676 in
2116 2651 2162 2675 eo
2195 2640 2280 2688 qui,
2309 2640 2466 2677 affectus

1410 2693 1506 2729 circa
1526 2692 1707 2738 carnalia,
1738 2692 1784 2728 de
1813 2692 2066 2740 spiritualibus
2080 2692 2262 2729 subtiliter
2281 2693 2465 2730 discutere

1410 2745 1546 2782 fastidit
1571 2746 1632 2782 vel
1661 2745 1823 2792 negligit.

1462 2799 1511 2835 Et
1538 2811 1606 2847 per
1633 2799 1707 2834 hoc
1734 2805 1836 2846 patet
1863 2797 2059 2846 responsio
2088 2797 2137 2834 ad
2165 2798 2323 2834 obiecta.

1463 2930 1486 2961 ε)
1505 2936 1592 2954 sensu.
1604 2943 1623 2947 -
1641 2936 1731 2953 sensus
1750 2929 1811 2953 IKK.

1462 2964 1488 2996 ζ)
1506 2964 1620 2997 effectus.
1634 2979 1652 2983 —
1670 2963 1789 2997 effectum
1810 2964 1875 2988 Pau.

1461 3000 1489 3032 η)
1508 3006 1571 3024 esse.
1583 3013 1604 3018 -
1621 2999 1683 3025 Om.
1702 2999 1798 3024 PDGa.

1462 3033 1487 3068 0)
1506 3042 1590 3067 quem.
1603 3048 1623 3054 -
1641 3035 1712 3067 quod
1730 3042 1772 3059 SR.

1463 3071 1482 3102 ι)
1501 3074 1598 3096 autem.
1612 3084 1630 3089 -
1648 3070 1717 3095 enim
1736 3070 1782 3094 Pa.

2492 1280 2500 1287 ·
2517 1277 2574 1305 Cap.
2587 1284 2611 1300 xx
2637 1284 2661 1299 n.
2675 1283 2702 1303 4,

2491 1293 2702 1332 5.-S.Th.lect.1x.
