2892 4056
180 1192 391 1215 'Lib.X.adlitt.R.

177 1454 186 1462 ⁴
201 1452 268 1474 Vera.
284 1458 313 1473 21.

174 2334 184 2344 ⁴
205 2333 240 2355 Cf.
264 2340 312 2361 arg.
338 2334 387 2355 Sed

173 2362 265 2381 contra.

175 2388 194 2398 ⁸·
210 2387 312 2408 1nterlin.

431 216 503 252 318

1128 217 1395 263 QUAESTIO
1423 218 1527 264 XLI,
1556 216 1852 253 ARTICULUS
1882 218 1895 253 I

835 395 1247 472 QUAESTIO
1286 397 2193 473 QUADRAGESIMAPRIMA

1330 506 1371 545 D
1397 506 1434 546 E
1487 506 1527 545 R
1549 507 1566 545 Ι
1589 506 1629 545 Χ
1652 506 1694 545 A

1246 612 1281 637 IN
1310 612 1404 638 DUOS
1430 612 1632 638 ARTICULOS
1661 612 1778 638 DIVISA

185 698 398 745 inggdquuxm,
426 698 613 779 DE1NDE
642 686 965 724 considerandum
996 694 1051 724 est
1080 687 1127 724 de
1156 687 1235 724 rixa
1253 688 1284 725 *.

506 741 555 776 Et
584 739 682 776 circa
710 740 785 776 hoc
813 747 1049 787 quaeruntur
1077 740 1166 777 duo.

1588 689 1741 726 Primo:
1769 697 1898 727 utrum
1928 690 2006 727 rixa
2034 691 2081 728 sit
2107 698 2324 740 peccatum.

1590 742 1789 779 Secundo:
1819 750 1948 781 utrum
1978 743 2024 780 sit
2051 743 2129 781 filia
2157 744 2248 781 irae.

1226 851 1546 894 ARTICULUS
1578 852 1782 895 PRIMUS

1092 944 1250 975 UTRUM
1274 944 1377 975 R1XA
1400 944 1568 975 SEMPER
1591 945 1658 976 SIT
1682 945 1921 977 PECCATUM

455 1043 603 1131 &AMX
629 1034 651 1058 t>
677 1034 815 1059 pR1MUM
844 1035 896 1060 sm
925 1035 1166 1060 Paocem'rua.
1186 1023 1347 1061 Videtur
1375 1025 1480 1072 quod

448 1035 460 1063 >

441 1053 498 1133 (ἦ
546 1064 596 1134 ‘ff'jo
628 1075 708 1112 rixa
744 1087 822 1112 non
855 1088 1009 1124 semper
1045 1076 1092 1113 sit
1127 1083 1342 1125 peccatum.
1386 1076 1481 1113 Rixa

434 1129 731 1215 1,Yeltrse'enrm
752 1128 906 1188 videtur
931 1141 1014 1186 esse
1044 1137 1236 1188 contentio
1266 1129 1479 1177 quaedam:

471 1192 483 1206 “
503 1201 509 1203 -
547 1190 568 1213 ’)
604 1199 613 1206 κ
629 1181 716 1218 ἀιειῐ
745 1193 844 1218 enlm
862 1182 1041 1228 IS1dorus,
1070 1194 1108 1218 in
1133 1183 1228 1218 hbro
1256 1182 1422 1230 Etrmol.
1447 1181 1478 1228 ⁸⁸,

417 1232 523 1280 quod
551 1233 703 1270 rixosus
731 1240 786 1270 est
806 1246 830 1271 a
849 1235 944 1271 rictu
966 1239 983 1256 ἰ
1002 1235 1138 1271 canino
1167 1235 1306 1271 dictus:
1333 1246 1482 1282 semper

415 1285 514 1321 enim
543 1286 596 1322 ad
621 1287 951 1324 contradicendum
983 1292 1144 1335 paratus
1172 1293 1243 1332 est,
1282 1292 1317 1323 et
1353 1287 1479 1336 iurgio

415 1338 637 1384 delectatur,
673 1345 708 1375 et
736 1345 926 1388 provocat
951 1341 1244 1376 contendentem.
1284 1339 1360 1376 Sed
1390 1352 1480 1376 con-

414 1390 531 1428 tentio
552 1403 631 1428 non
650 1404 804 1441 semper
819 1400 874 1429 est
888 1400 1101 1441 peccatum.
1123 1394 1226 1440 Ergo
1246 1404 1373 1440 neque
1389 1393 1478 1429 rixa.

469 1456 504 1480 2.
534 1444 767 1493 ΡΒΑΕΤΕΗΕΑ,
810 1446 903 1482 Gen.
932 1457 1015 1482 xxvl
1035 1445 1055 1467 '¹‘
1084 1446 1220 1486 dicitur
1246 1446 1350 1495 quod
1380 1446 1479 1482 servi

414 1499 520 1534 Isaac
539 1495 554 1526 β
559 1499 749 1545 foderunt
774 1498 892 1535 alium
910 1504 1078 1546 puteum,
1099 1504 1136 1536 et
1146 1511 1220 1547 pro
1249 1499 1311 1535 illo
1331 1510 1479 1547 quoque

414 1552 532 1588 rixati
548 1556 644 1587 sunt.
675 1551 754 1588 Sed
772 1564 852 1588 non
873 1559 928 1588 est
956 1551 1193 1589 credendum
1213 1552 1319 1601 quod
1339 1552 1480 1588 familia

413 1606 520 1641 Isaac
547 1603 730 1641 rixaretur
757 1604 920 1653 publice,
946 1617 992 1641 eo
1021 1617 1101 1642 non
1127 1604 1422 1651 contradicente,
1448 1605 1479 1642 si

413 1658 488 1693 hoc
507 1663 606 1694 esset
623 1665 838 1705 peccatum.
869 1658 971 1705 Ergo
992 1657 1071 1694 rixa
1090 1670 1169 1694 non
1189 1666 1246 1695 est
1263 1666 1478 1706 peccatum.

468 1711 502 1746 3.
532 1710 773 1756 PRAETEREA,
803 1710 883 1747 rixa
901 1710 1054 1747 videtur
1074 1723 1156 1747 esse
1176 1711 1374 1759 quoddam
1394 1723 1480 1760 par-

411 1762 567 1799 ticulare
588 1762 745 1799 bellum.
776 1763 854 1800 Sed
873 1763 1029 1809 bellum·
1045 1775 1124 1800 non
1144 1776 1298 1812 semper
1318 1772 1373 1801 est
1391 1776 1479 1813 pec-

412 1823 551 1852 catum.
582 1815 686 1862 Ergo
706 1815 784 1852 rixa
804 1827 883 1852 non
903 1827 1057 1864 semper
1077 1823 1133 1853 est
1155 1824 1371 1865 peccatum.

466 1869 540 1905 SED
570 1879 716 1905 CONTRA
744 1880 810 1905 EST
847 1869 953 1916 quod
981 1869 1033 1905 ad
1062 1869 1146 1906 Gal.
1175 1881 1199 1906 v
1221 1869 1241 1891 '¹‘
1279 1869 1381 1906 rixae
1409 1882 1479 1918 po-

412 1929 555 1958 nuntur
582 1921 680 1958 inter
717 1933 834 1970 opera
869 1921 1012 1968 carnis,
1051 1933 1149 1970 quae
1176 1923 1242 1971 qui
1267 1929 1389 1972 agunt
1423 1934 1479 1959 re-

410 1985 531 2023 gnum
560 1974 636 2010 Dei
667 1986 742 2011 non
771 1980 1049 2023 consequuntur
1070 1979 1097 2012 Ὺ.
1137 1976 1240 2023 Ergo
1270 1975 1370 2013 rixae
1399 1987 1477 2012 non

412 2021 537 2064 solum
566 2034 654 2063 sunt
682 2035 849 2075 peccata,
871 2028 938 2065 sed
958 2027 1071 2064 etiam
1092 2036 1179 2065 sunt
1202 2037 1359 2078 peccata
1378 2041 1480 2066 mor-

411 2080 512 2117 talia.

465 2134 692 2170 RESPONDEO
712 2145 897 2170 DtCENDUM
925 2133 1031 2181 quod
1065 2133 1160 2170 sicut
1189 2134 1380 2171 contentio
1409 2135 1479 2172 irn—

411 2193 537 2234 portat
566 2186 762 2233 quandam
802 2186 1142 2223 contradictionem
1177 2188 1400 2234 verborum,
1430 2188 1481 2225 ita

412 2238 527 2276 etiam
557 2239 636 2275 rixa
655 2239 837 2287 importat
865 2235 1060 2288 quandam
1081 2240 1420 2276 contradictionem
1441 2241 1479 2277 in

411 2292 539 2328 factis:
570 2292 673 2328 unde
693 2304 809 2340 super
832 2291 922 2329 illud
947 2292 1030 2329 Gal.
1051 2304 1074 2328 v
1093 2290 1106 2313 ὃ
1124 2292 1145 2314 ’¹‘
1165 2292 1252 2329 dicit
1281 2293 1418 2330 Glossa
1439 2293 1479 2315 ²⁸*

411 2344 519 2393 quod
548 2344 651 2381 rixae
680 2352 767 2381 sunt
794 2345 945 2392 quando
974 2357 1024 2381 ex
1055 2345 1114 2381 ira
1143 2345 1301 2382 invicem
1330 2358 1370 2382 se
1391 2358 1480 2394 per-

412 2398 566 2433 cutiunt.
597 2398 646 2433 Et
665 2397 752 2434 ideo
782 2397 860 2434 rixa
887 2397 1039 2434 videtur
1068 2410 1151 2434 esse
1181 2399 1377 2446 quoddam
1406 2400 1481 2448 pri-

410 2458 542 2487 vatum
574 2451 730 2493 bellum,
753 2451 859 2497 quod
887 2450 984 2487 inter
1002 2449 1170 2498 privatas
1198 2463 1384 2499 personas
1405 2453 1479 2499 agi-

412 2511 474 2539 tur
501 2515 580 2539 non
610 2515 655 2539 ex
689 2503 814 2552 aliqua
842 2503 994 2551 publica
1028 2503 1272 2550 auctoritate,
1302 2504 1369 2540 sed
1399 2517 1479 2541 ma-

413 2556 468 2604 gis
490 2568 534 2592 ex
554 2556 769 2592 inordinata
795 2557 1005 2592 voluntate.
1035 2557 1084 2592 Et
1102 2556 1190 2592 ideo
1221 2556 1299 2593 rixa
1327 2569 1481 2606 semper

412 2609 595 2657 importat
622 2616 835 2657 peccatum.
876 2609 924 2645 Et
952 2609 989 2645 in
1020 2621 1066 2645 eo
1101 2609 1259 2657 quidem
1290 2610 1354 2658 qui
1391 2612 1479 2647 alte-

413 2675 498 2699 rum
519 2661 664 2699 invadit
683 2662 818 2698 iniuste
840 2670 895 2698 est
912 2669 1113 2710 peccatum
1133 2663 1313 2700 mortale:
1343 2663 1479 2701 inferre

414 2715 518 2752 enim
539 2722 815 2751 nocumentum
835 2715 1010 2763 proximo
1032 2715 1146 2752 etiam
1177 2727 1295 2764 opere
1313 2717 1480 2753 manuali

414 2781 492 2805 non
513 2775 568 2804 est
587 2768 735 2816 absque
756 2768 906 2805 mortali
930 2775 1101 2817 peccato.
1132 2769 1174 2805 In
1194 2780 1240 2805 eo
1266 2776 1394 2806 autem
1415 2770 1481 2817 qui

414 2834 454 2858 se
475 2821 643 2858 defendit
675 2829 801 2870 potest
829 2833 912 2857 esse
941 2821 1020 2858 sine
1049 2829 1221 2870 peccato,
1244 2829 1279 2858 et
1307 2823 1480 2870 quando-

414 2887 489 2923 que
519 2886 605 2910 cum
642 2882 801 2923 peccato
828 2874 990 2920 veniali,
1030 2882 1066 2911 et
1093 2875 1328 2923 quandoque
1367 2875 1481 2912 etiam

415 2939 503 2963 curn
524 2927 674 2963 mortali
694 2932 723 2963 ⁸:
744 2927 953 2963 secundum
976 2927 1170 2964 diversum
1193 2935 1342 2964 motum
1363 2927 1480 2965 animi

469 3040 496 3072 α)
516 3040 594 3065 rictu.
612 3054 631 3059 —
650 3041 704 3065 ritu
724 3041 949 3070 PCDGHKLKRa,
970 3047 1035 3074 spat.
1054 3050 1110 3067 vac.
1128 3042 1159 3067 F.

469 3074 494 3107 β)
515 3076 599 3100 Isaac.
616 3089 636 3096 -
655 3076 731 3100 Iacob
749 3077 973 3108 ABDEFHLpCK
993 3082 1017 3102 et
1035 3085 1105 3106 mra5
1124 3085 1184 3102 mox
1203 3078 1280 3103 Iacob
1299 3078 1330 3102 K.

468 3110 495 3144 γ)
514 3114 719 3142 consequuntur.
738 3126 757 3130 —
775 3115 968 3143 consequentur
986 3113 1018 3137 K.

468 3145 492 3177 δ)
515 3147 575 3170 Gal.
594 3154 618 3170 v.
636 3158 654 3165 ·-
673 3148 753 3171 rixae
771 3147 830 3171 add.
849 3148 886 3171 Pa
893 3154 901 3176 ;
923 3149 1017 3172 Glossa
1035 3156 1088 3172 orn.
1108 3148 1335 3180 ABEFHLpCKx.

470 3182 492 3214 ε)
512 3181 592 3206 etiam
612 3189 671 3206 eum
691 3182 806 3206 mortali.
825 3195 842 3201 —
861 3190 919 3207 cum
934 3187 1045 3215 peccato
1064 3183 1172 3208 mortali
1190 3183 1286 3208 PGHa.

1531 1023 1628 1071 eius,
1660 1032 1696 1062 et
1724 1025 1919 1062 diversum
1948 1027 2111 1064 modum
2141 1038 2181 1063 se
2211 1026 2456 1064 defendendi.
2494 1028 2599 1064 Nam

1532 1077 1562 1113 si
1581 1078 1664 1114 solo
1685 1078 1814 1114 animo
1836 1079 2045 1126 repellendi
2072 1079 2250 1116 iniuriam
2278 1079 2431 1126 illatam,
2453 1089 2490 1118 et
2509 1093 2598 1118 curn

1532 1130 1659 1166 debita
1688 1131 1953 1167 moderatione
1983 1143 2023 1168 se
2052 1132 2246 1179 defendat,
2276 1145 2355 1169 non
2381 1140 2439 1169 est
2464 1146 2600 1183 pecca-

1531 1190 1635 1218 tum:
1666 1194 1738 1228 nec
1765 1183 1920 1231 proprie
1948 1191 2075 1232 potest
2104 1184 2176 1221 dici
2205 1185 2284 1222 rixa
2304 1197 2349 1221 ex
2367 1194 2475 1234 parte
2506 1187 2598 1224 eius.

1532 1234 1572 1270 Si
1592 1247 1687 1271 vero
1717 1247 1805 1272 cum
1836 1236 1964 1272 animo
1994 1236 2186 1274 vindictae
2213 1238 2277 1274 vel
2306 1238 2396 1285 odii,
2424 1240 2488 1276 vel
2509 1251 2598 1276 cum

1531 1299 1688 1324 excessu
1708 1288 1856 1325 debitae
1877 1288 2152 1325 moderationis
2171 1302 2212 1326 se
2232 1290 2424 1338 defendat,
2445 1304 2599 1340 semper

1532 1348 1587 1376 est
1605 1348 1821 1388 peccatum:
1843 1341 1911 1378 sed
1929 1341 2080 1378 veniale
2100 1342 2258 1391 quidem
2281 1344 2436 1391 quando
2461 1345 2598 1393 aliquis

1530 1393 1625 1430 levis
1653 1401 1783 1430 motus
1813 1394 1891 1431 odii
1919 1395 1982 1431 vel
2010 1394 2202 1432 vindictae
2234 1408 2275 1432 se
2303 1396 2506 1444 immiscet,
2534 1398 2598 1434 vel

1531 1458 1619 1482 curn
1649 1459 1727 1483 non
1748 1448 1911 1484 multum
1941 1448 2098 1485 excedat
2117 1447 2129 1473 ζ
2148 1449 2389 1487 moderatam
2409 1450 2599 1488 defensio-

1530 1511 1642 1545 nem;
1672 1501 1833 1537 mortale
1857 1507 1987 1538 autern
2017 1501 2172 1550 quando
2202 1502 2409 1540 obfirmato
2429 1508 2448 1530 η
2469 1500 2598 1540 animo

1530 1551 1568 1588 in
1604 1551 1896 1601 impugnantem
1933 1553 2091 1602 insurgit
2126 1554 2175 1592 ad
2212 1567 2302 1592 eum
2340 1555 2598 1595 occidendum

1528 1605 1591 1642 vel
1619 1606 1784 1652 graviter
1811 1606 2057 1644 laedendum.

1583 1660 1642 1694 AD
1661 1670 1800 1696 ptumum
1819 1671 1918 1696 eaeo
1945 1671 2131 1697 mcENDuM
2159 1662 2266 1708 quod
2294 1661 2372 1698 rixa
2400 1673 2479 1698 non
2507 1661 2598 1698 sim-

1529 1710 1675 1759 pliciter
1702 1712 1877 1749 nominat
1904 1712 2212 1750 contentionem:
2242 1713 2310 1751 sed
2337 1713 2407 1751 tria
2429 1714 2469 1751 in
2487 1726 2598 1764 prae—

1529 1763 1655 1800 missis
1672 1765 1802 1802 verbis
1830 1765 1964 1802 Isidori
1990 1774 2186 1814 ponuntur
2221 1778 2320 1816 quae
2351 1767 2597 1808 inordinatio-

1530 1829 1620 1853 nem
1650 1817 1751 1854 rixae
1781 1817 1985 1854 declarant.
2014 1818 2145 1855 Primo
2179 1818 2349 1868 quidem,
2369 1819 2597 1869 promptitu-

1530 1869 1660 1906 dinem
1684 1870 1802 1907 animi
1821 1868 1834 1892 ⁰
1857 1870 1907 1908 ad
1927 1871 2256 1910 contendendum:
2286 1873 2393 1921 quod
2412 1873 2600 1921 significat

1530 1935 1618 1959 cum
1650 1923 1758 1970 dicit,
1796 1935 1944 1972 semper
1975 1924 2027 1960 ad
2051 1925 2382 1962 contradicendum
2414 1931 2596 1975 paratus,

1530 1976 1670 2013 scilicet
1698 1976 1779 2013 sive
1808 1976 1902 2013 alius
1931 1977 2030 2014 bene
2059 1977 2125 2014 aut
2142 1978 2242 2014 male
2272 1978 2372 2015 dicat
2390 1986 2456 2017 aut
2474 1979 2596 2018 faciat.

1531 2029 1725 2076 Secundo,
1755 2029 1842 2078 quia
1870 2029 1907 2067 in
1937 2029 2019 2078 ipsa
2043 2030 2341 2068 contradictione
2371 2031 2595 2071 delectatur:

1530 2084 1634 2120 unde
1672 2083 1856 2131 sequitur,
1891 2089 1926 2119 et
1963 2083 2000 2120 in
2038 2083 2164 2134 iurgio
2198 2083 2413 2122 delectatur.
2449 2084 2596 2133 Tertio,

1530 2136 1619 2184 quia
1638 2136 1720 2184 ipse
1740 2136 1833 2172 alios
1853 2143 2041 2184 provocat
2059 2137 2109 2173 ad
2129 2136 2463 2174 contradictiones:
2491 2137 2596 2176 unde

1530 2188 1715 2238 sequitur,
1744 2194 1782 2225 et
1801 2194 1989 2236 provocat
2019 2189 2311 2226 contendentem.
2398 2186 2403 2189 ’

1583 2243 1642 2278 An
1662 2253 1853 2278 SECUNDUM
1873 2253 2058 2278 montinum
2085 2242 2190 2291 quod
2208 2242 2260 2279 ibi
2283 2254 2362 2279 non
2382 2242 2598 2291 intelligitur

1530 2294 1636 2343 quod
1664 2294 1764 2331 servi
1799 2295 1905 2331 Isaac
1940 2294 2012 2331 sint
2041 2294 2167 2341 rixati,
2203 2296 2270 2332 sed
2308 2295 2415 2344 quod
2450 2296 2598 2346 incolae

1529 2356 1651 2384 terrae
1680 2347 1786 2383 rixati
1813 2355 1900 2384 sunt
1929 2355 2060 2384 contra
2089 2359 2167 2384 eos.
2196 2347 2309 2386 Unde
2332 2347 2384 2385 illi
2411 2361 2598 2397 peccave·

1530 2408 1635 2437 runt:
1666 2412 1745 2436 non
1765 2407 1892 2436 autern
1921 2400 2022 2436 servi
2043 2401 2160 2447 Isaac,
2181 2400 2247 2449 qui
2277 2401 2511 2439 calumniam
2530 2414 2597 2452 pa-

1529 2453 1732 2489 tiebantur.

1583 2507 1642 2541 Αι)
1669 2516 1830 2542 TERTlUM
1858 2516 2041 2542 DICENDUM
2079 2506 2183 2554 quod
2217 2507 2266 2543 ad
2294 2506 2370 2543 hoc
2405 2507 2513 2556 quod
2539 2508 2596 2546 iu-

1530 2566 1629 2595 stum
1660 2558 1705 2594 sit
1732 2558 1888 2604 bellum,
1914 2558 2117 2606 requiritur
2145 2559 2250 2607 quod
2277 2559 2346 2596 fiat
2366 2561 2596 2609 *auctoritate

1530 2611 1705 2660 publicae
1725 2611 1932 2659 potestatiS,
1953 2611 2048 2648 sicut
2067 2624 2182 2660 supra
2199 2611 2220 2634 '¹‘
2240 2612 2383 2649 dictum
2405 2621 2471 2650 est.
2501 2614 2597 2653 Rixa

1530 2672 1660 2701 autem
1680 2664 1722 2700 fit
1742 2676 1788 2700 ex
1806 2663 1956 2712 privato
1977 2664 2115 2701 affectu
2134 2665 2212 2701 irae
2231 2665 2294 2702 vel
2313 2665 2402 2702 odii.
2434 2666 2474 2703 Si
2493 2667 2596 2705 enim

1531 2717 1701 2754 minister
1737 2716 1916 2765 principis
1954 2725 2019 2753 aut
2053 2717 2186 2754 iudicis
2222 2718 2375 2767 publica
2410 2726 2597 2768 potestate

1531 2770 1680 2817 aliquos
1710 2769 1866 2806 invadat
1893 2769 1958 2817 qui
1987 2782 2027 2807 se
2058 2770 2285 2818 defendant,
2312 2783 2392 2808 non
2421 2772 2598 2810 dicuntur

1531 2822 1601 2871 ipsi
1622 2822 1743 2868 rixari,
1764 2823 1830 2859 sed
1855 2821 1906 2859 illi
1926 2822 1990 2871 qui
2008 2823 2184 2871 publicae
2210 2823 2387 2872 potestati
2406 2825 2594 2864 resistunt.

1532 2876 1581 2912 Et
1599 2875 1653 2912 sic
1685 2875 1736 2911 illi
1755 2875 1819 2923 qui
1848 2875 2037 2912 invadunt
2063 2888 2141 2913 non
2171 2876 2339 2913 rixantur
2362 2889 2489 2926 neque
2508 2891 2596 2927 pec-

1533 2935 1635 2965 cant:
1656 2928 1724 2965 sed
1743 2928 1792 2964 illi
1812 2928 1875 2977 qui
1896 2941 1935 2965 se
1956 2928 2168 2966 inordinate
2190 2929 2410 2967 defendunt.

1582 3043 1608 3075 ζ)
1627 3043 1750 3068 excedat.
1768 3057 1786 3061 -
1804 3043 1913 3068 excedit
1932 3043 2023 3068 Plsxn.

1582 3079 1609 3110 η)
1629 3078 1777 3111 obfirmato.
1796 3092 1814 3097 —
1832 3078 1969 3111 affirmato
1988 3078 2170 3112 ABFIKLpr
2190 3085 2215 3104 et
2233 3087 2263 3109 n.
2281 3079 2424 3112 abflrmato
2442 3080 2479 3112 D,
2498 3081 2595 3114 conflr-

1530 3117 1603 3138 mato
1622 3114 1652 3144 E,
1671 3113 1799 3147 effrenato
1818 3114 1907 3138 GHsn.
1927 3127 1945 3132 -
1963 3115 2030 3138 Ante
2048 3114 2171 3147 graviter
2189 3115 2252 3140 PGa
2271 3115 2370 3140 addunt
2388 3123 2456 3140 eum.

1582 3147 1607 3181 Θ)
1622 3149 1864 3181 promptitudinem
1884 3149 1976 3174 animi.
1994 3163 2012 3168 -
2027 3150 2242 3181 promptitudine
2260 3151 2345 3176 animi
2363 3152 2393 3182 L,
2413 3151 2486 3183 quod
2499 3158 2594 3183 prom-

1523 3184 1687 3215 ptitudinem
1706 3184 1791 3209 animi
1808 3185 1904 3210 habeat
1922 3185 2029 3215 (habeat
2046 3185 2131 3210 animi
2149 3186 2189 3210 ed.
2208 3187 2236 3217 a)
2256 3186 2301 3210 Pa.

2622 2626 2835 2655 ‘Qun-‚urti-
