2892 4056
944 184 1208 230 QUAESTIO
1237 183 1375 229 XVIII,
1404 183 1698 220 ARTICULUS
1727 183 1778 219 IV

2373 182 2440 227 137

284 261 552 310 praemiserat:
588 261 718 297 Habet
737 262 923 309 fiduciam
956 262 1056 310 quod
1079 262 1253 299 Iordanis
1281 262 1335 298 in·
1362 261 1365 317 J
1390 262 1567 297 nentium.
1604 262 1651 297 Et
1678 261 1764 298 ideo
1793 260 1913 308 magis
1940 267 2065 308 potest
2093 270 2176 295 esse
2205 258 2301 295 fides
2330 258 2442 294 infor-

277 314 380 361 fluat
395 314 432 349 in
452 325 494 350 os
511 314 600 350 eius.
630 314 736 350 Haec
755 322 882 351 autem
909 327 988 351 non
1012 322 1067 351 est
1085 326 1171 362 spes
1190 314 1238 352 de
1257 325 1334 363 qua

285 365 488 414 loquimur.

50 477 59 486 '
74 476 130 503 cap.
145 481 196 497 vni.

1391 313 1462 349 mis
1482 313 1519 349 in
1545 313 1730 350 damnatis
1748 313 1768 335 ’¹‘
1787 325 1902 362 quam
1923 324 2026 361 spes:
2056 311 2144 360 quia
2163 311 2265 348 bona
2284 315 2296 331 ²
2317 310 2444 346 divina
2470 316 2478 326 “

337 419 371 454 Α
1012 418 1018 425 ⁸
1251 418 1258 424 ¹
1362 390 1364 424 ἒ
1391 373 1582 423 nonsunt
1609 366 1663 402 eis
1691 366 1814 403 futura
1840 364 2052 414 possibilia,
2088 364 2155 400 sed
2185 370 2270 399 sunt
2298 363 2350 398 eis
2379 363 2444 399 ab·

372 429 395 454 n
423 429 611 454 SECUNDUM
638 429 820 455 memnon
848 418 963 467 quod,
991 426 1086 454 Sicut
1103 419 1334 465 Augustinus
1362 446 1364 465 ἲ
1391 425 1520 454 sentia.

287 469 385 516 dicit,
414 469 452 506 in
478 470 669 507 Enchirid.
689 470 720 517 ²⁸,
738 471 839 518 fides
861 476 915 506 est
939 475 975 506 et
999 470 1187 507 malarum
1206 481 1333 507 rerum
1363 472 1364 488 ³

1444 471 1502 506 An
1530 480 1688 507 TERriuM
1721 481 1902 507 melerinum
1940 468 2045 517 quod
2083 468 2250 505 desectus
2287 466 2367 515 spei
2406 466 2443 503 in

285 528 321 558 et
347 523 550 568 honarum,
579 528 615 558 et
638 523 929 570 praeteritarum
960 527 996 558 et
1019 523 1273 569 praesentium
1301 528 1337 558 et
1392 521 1579 558 damnatis
1607 534 1684 558 non
1711 522 1832 559 variat
1860 521 2104 567 demeritum,
2134 520 2229 556 sicut
2255 532 2326 556 nec
2355 531 2444 555 eva-

274 575 513 622 futurarum,
533 580 569 610 et
584 586 739 611 suarum
759 580 795 611 et
810 574 1042 611 alienarum.-
1068 575 1134 610 sed
1158 586 1239 622 spes
1258 587 1332 611 non
1363 578 1366 622 l
1393 574 1516 611 cuatio
1545 574 1625 622 spei
1645 574 1683 610 in
1701 575 1818 611 beatis
1846 581 1957 621 auget
1984 573 2182 610 meritum:
2212 572 2280 609 sed
2298 580 2444 608 utrum·

285 632 340 663 est
365 627 436 664 nisi
462 638 590 664 rerum
618 628 803 664 bonarum
829 627 1050 673 futurarum
1078 627 1130 662 ad
1153 639 1193 663 se
1219 628 1334 675 perti·
1364 649 1366 673 i
1393 639 1468 674 que
1498 626 1675 674 contingit
1702 634 1857 676 propter
1885 626 2135 663 mutationem
2164 632 2292 662 status.

337 756 360 788 ε)
378 756 456 781 bona.
473 769 493 776 -
510 756 583 781 dona
601 756 631 781 P.

958 824 1286 858 Commenta-ia
1309 825 1555 858 Gan-dinalis
1577 825 1774 858 Caietam

316 905 336 926 N
361 895 491 926 articulo
514 894 620 931 tertio,
645 894 678 924 in
701 893 907 935 responsione
933 894 973 924 ad
1000 894 1191 931 secundum,
1215 895 1339 925 adverte
1392 894 1469 925 fides
1492 902 1538 926 est
1560 895 1665 925 minus
1688 895 1953 936 incompassibilis
1984 896 2077 927 statui
2105 896 2327 926 damnatorum
2349 904 2446 935 quam

290 907 404 980 lquod
426 941 548 970 Auctor
569 947 635 968 non
662 937 736 969 dicit
757 937 853 968 fidem
876 937 1047 968 informem
1066 947 1132 968 esse
1155 938 1186 968 in
1210 939 1339 968 damna-
1365 951 1367 982 ᾧ
1393 947 1473 978 spes.
1495 939 1614 969 Neutra
1633 946 1738 969 tamen
1759 939 1793 968 in
1816 939 1859 969 eis
1883 932 1949 969 esse
1971 939 2104 977 videtur,
2121 939 2205 969 iuxta
2228 938 2371 979 superius
2395 938 2445 968 de-

285 983 340 1013 tis:
363 980 419 1013 sed
438 981 516 1013 *dicit
537 980 793 1021 comparativam,
809 981 898 1022 quod
922 982 1028 1022 magis
1043 987 1150 1021 potest
1171 990 1239 1012 esse
1250 981 1339 1022 fides
1365 993 1367 1019 ξ
1392 982 1556 1012 terminata
1579 982 1611 1012 in
1634 992 1689 1023 qu.
1705 993 1734 1018 v,
1752 989 1807 1012 art.
1827 992 1844 1012 2
1861 982 1887 1012 *.

285 1026 434 1066 informis
455 1026 487 1056 in
509 1025 672 1056 dammis
698 1034 794 1066 quam
817 1034 898 1066 spes.
921 1025 1021 1062 Quod
1050 1031 1096 1056 est
1118 1025 1220 1055 dicere
1250 1025 1338 1066 quod

1447 1026 1482 1055 In
1507 1025 1637 1056 articulo
1661 1032 1772 1066 quarto
1796 1026 1875 1056 nihil
1898 1025 2032 1056 occurrit
2056 1026 2264 1056 scribendum.

1059 1150 1372 1193 ARTICULUS
1402 1151 1674 1202 QUARTUS

830 1234 984 1265 UTRUM
1006 1234 1103 1265 SPEs
1125 1234 1355 1265 leTORUM
1377 1234 1553 1265 HABEAT
1577 1233 1905 1265 CERTlTUDINEM

858 1312 889 1336 111
907 1312 990 1342 Sent„
1010 1312 1068 1337 dist.
1085 1319 1150 1343 παπ,
1169 1321 1214 1344 qu.
1232 1319 1258 1343 n,
1277 1317 1324 1337 art.
1341 1319 1372 1344 4;
1392 1312 1433 1337 De
1450 1311 1555 1342 virtut„
1575 1320 1620 1345 qu.
1638 1319 1671 1343 xv,
1690 1317 1738 1337 art.
1758 1320 1781 1343 2,
1801 1313 1832 1337 ad
1851 1320 1876 1343 4.

324 1399 385 1438 *1252*
401 1402 471 1443 ,έή
498 1393 520 1418 1>
539 1393 710 1423 Quium-un
729 1394 783 1418 sm
802 1393 1038 1419 raonem-run.
1057 1382 1216 1419 Videtur
1232 1383 1338 1429 quod

303 1439 401 1487 8554),
418 1440 466 1493 ³1⁴
497 1446 584 1482 spes
609 1434 799 1471 viatorum
828 1439 845 1455 α
871 1446 950 1471 non
981 1435 1121 1471 habeat
1153 1434 1340 1471 certitudi-

295 1533 437 1573 MWQ)
455 1533 482 1570 k
497 1537 536 1575 in
554 1538 736 1576 subiecto.
765 1539 842 1576 Sed
871 1538 1052 1575 certitudo
1080 1551 1158 1576 non
1180 1538 1340 1587 pertinet

287 1583 339 1636 ad
353 1590 602 1636 voluntatem,
618 1591 685 1628 sed
708 1591 756 1628 ad
771 1591 1012 1628 intellectum.
1032 1591 1135 1639 Ergo
1154 1603 1241 1640 spes
1259 1603 1338 1628 non

285 1636 400 1695 hebet
427 1643 700 1680 certitudinem.

15 1735 17 1737 ι
50 1751 259 1801 ’(ὶῑ,ξ““ν·“·“’
285 1746 396 1794 venit,
415 1755 458 1785 ut
475 1760 589 1797 supra
606 1748 627 1770 *
645 1748 787 1786 dictum
807 1756 873 1786 est.
903 1748 981 1786 Sed
998 1748 1036 1786 in
1058 1749 1130 1786 hac
1148 1748 1226 1786 vita
1245 1748 1339 1786 scire

286 1811 355 1849 per
388 1800 650 1839 certitudinem
686 1813 765 1838 non
800 1803 1006 1851 possumus
1043 1802 1147 1850 quod
1183 1801 1339 1849 gratiam

13 1859 15 1861 ’
49 1859 194 1915 alfa-⁶
202 1866 259 1885 ‹²¹¹¹-
286 1850 508 1900 habeamus,
527 1861 570 1890 ut
596 1866 711 1903 supra
728 1853 749 1875 *
768 1853 910 1891 dictum
939 1862 1004 1891 est.
1033 1854 1135 1902 Ergo
1155 1866 1241 1902 spes
1259 1853 1340 1891 via-

286 1913 413 1943 torum
441 1917 520 1945 non
545 1906 660 1943 habet
688 1907 960 1944 certitudinem.

342 1958 376 1995 3.
405 1955 644 2006 Pmmm,
674 1958 856 1996 certitudo
885 1971 967 1996 esse
986 1971 1065 1995 non
1082 1966 1208 2007 potest
1226 1959 1273 1996 de
1293 1971 1338 1996 eo
1367 1942 1369 1980 3

289 2009 537 2059 quodpotest
555 2011 730 2049 deficere.
753 2011 830 2048 Sed
849 2011 955 2048 multi
974 2011 1138 2048 viatores
1155 2011 1340 2050 habentes

149 2066 165 2101 β
289 2075 397 2112 spem
417 2062 598 2101 deficiunt
615 2077 638 2101 a
657 2063 924 2101 consecutione
939 2062 954 2093 β
966 2063 1217 2101 beatitudinis.
1238 2065 1338 2112 Ergo
1368 2065 1369 2079 ¹

289 2116 376 2170 sp'es
401 2115 594 2154 viatorum
623 2129 701 2154 non
728 2116 843 2154 habet
869 2115 1142 2154 certitudinem.

343 2168 417 2206 SED
445 2180 591 2207 coum
617 2181 683 2207 EST
710 2169 814 2217 quod
841 2181 922 2218 spes
941 2175 995 2206 est
1011 2175 1111 2206 certa
1137 2169 1341 2217 expectatio

279 2221 440 2268 futurae
457 2221 701 2269 beatitudinis,
721 2221 816 2258 sicut
843 2221 1023 2270 Magister
1043 2221 1140 2269 dicit,
1155 2233 1238 2258 xxvi
1259 2221 1341 2259 dist.

291 2268 342 2321 ΠΙ
369 2269 468 2314 sem.
496 2274 615 2321 Quod
640 2281 765 2322 potest
795 2274 915 2324 accipi
942 2287 988 2311 ex
1019 2275 1094 2311 hoc
1122 2274 1228 2323 quod
1255 2274 1344 2312 dici-

290 2333 350 2365 tur
373 2319 405 2362 11
420 2325 472 2362 ad
487 2322 582 2363 Tim.
603 2327 666 2363 1⁸:
695 2327 780 2363 Scio
804 2327 866 2363 cui
881 2327 1031 2373 credidi,
1051 2333 1086 2364 et
1112 2331 1233 2364 certus
1259 2339 1342 2364 sum

291 2377 379 2426 quia
400 2383 534 2425 potens
560 2383 615 2415 est
638 2379 841 2427 depositum
866 2391 991 2416 meum
1018 2390 1181 2416 servare.

52 2337 62 2346 ·
77 2335 144 2358 Vm.
159 2342 191 2359 n.

344 2430 568 2467 Rnsponnsso
596 2442 778 2468 meramnum
805 2431 909 2479 quod
937 2431 1120 2468 certitudo
1152 2431 1343 2468 invenitur
1368 2438 1370 2443 ’

291 2482 332 2520 in
359 2482 486 2531 aliquo
515 2483 725 2532 dupliciter:
755 2483 895 2520 scilieet
922 2482 1174 2529 essentialiter,
1196 2491 1231 2519 et
1257 2496 1343 2531 par-

291 2533 494 2584 ticipative.
533 2535 788 2573 Essentialiter
824 2535 979 2585 quidem
1013 2535 1202 2573 invenitur
1237 2535 1274 2572 in
1301 2535 1340 2572 vi

293 2587 548 2636 cognoscitiva
574 2588 612 2624 *2
646 2588 903 2637 participative
935 2595 1062 2625 autem
1095 2588 1133 2624 in
1161 2588 1267 2624 omni
1295 2600 1342 2624 eo

346 2717 374 2750 α)
393 2717 536 2743 viatorum.
552 2731 572 2736 -
589 2718 725 2743 beatorum
745 2718 888 2750 (bonorum
906 2718 1007 2751 EpCK)
1026 2718 1158 2743 viatorum
1181 2718 1344 2750 ABEI-lpCK,

292 2753 425 2778 uiator-m
444 2752 572 2778 bonorum
590 2753 639 2778 Ln.

307 1489 421 1539 jer,
444 1493 599 1523 (nem.
629 1486 726 1535 Spes
755 1486 855 1523 enim
883 1493 939 1523 est
963 1485 1003 1523 in
1022 1487 1216 1523 voluntate
1245 1486 1338 1523 sieut
1366 1489 1368 1518 ἵ

1392 1382 1496 1430 quod
1525 1394 1546 1418 a
1574 1382 1612 1418 vi
1641 1382 1896 1429 cognoscitiva
1925 1390 2103 1419 movetur
2134 1382 2370 1419 infallibiliter
2397 1382 2445 1418 ad

1394 1434 1513 1470 finem
1541 1446 1674 1479 suum;
1712 1435 1923 1472 secundum
1961 1447 2076 1483 quem
2113 1435 2273 1472 modum
2312 1434 2446 1472 dicitur

1394 1485 1499 1534 quod
1527 1494 1661 1523 natura
1690 1487 1994 1524 certitudinaliter
2028 1495 2226 1535 operatur,
2262 1495 2443 1535 tanquam

1366 1533 1368 1584 s
1395 1545 1500 1575 mota
1519 1538 1566 1575 ab
1586 1538 1775 1575 intellectu
1794 1539 1923 1576 divino
1944 1539 2247 1576 certitudinaliter
2265 1546 2446 1576 movente

1366 1587 1368 1623 i
1394 1591 1698 1640 unumquodque
1713 1591 1763 1628 ad
1778 1604 1888 1628 suum
1907 1592 2038 1628 finem.
2059 1592 2108 1628 Et
2125 1604 2194 1640 per
2211 1593 2312 1629 hunc
2333 1591 2445 1628 etiam

1366 1673 1368 1696 j
1395 1643 1555 1681 modum
1568 1643 1725 1681 virtutes
1740 1645 1903 1681 morales
1918 1644 2053 1681 certius
2073 1652 2150 1680 arte
2165 1644 2339 1681 dicuntur
2356 1656 2447 1692 ope-

328 1706 376 1746 Α2.
405 1694 645 1743 Pmmm,
673 1707 755 1744 spes
782 1708 832 1732 ex
864 1696 992 1746 gratia
1023 1702 1059 1732 et
1087 1696 1228 1734 meritis
1250 1707 1339 1744 pro·
1367 1702 1369 1710 ⁸

1367 1781 1368 1787 ,
1395 1748 1538 1786 ratione
1567 1749 1615 1786 ad
1643 1761 1732 1786 suos
1752 1757 1868 1786 actus.
1904 1750 1953 1785 Et
1972 1749 2025 1785 sic
2051 1749 2163 1786 etiam
2192 1762 2279 1798 spes
2299 1749 2446 1786 certitu·
2475 1760 2487 1775 ¹¹

1395 1695 1467 1732 rari
1481 1695 1512 1743 ²⁸⁸,
1529 1696 1753 1745 inquantum
1772 1709 1840 1745 per
1858 1697 2018 1734 modurn
2035 1704 2188 1733 naturae
2209 1704 2411 1733 moventur
2425 1708 2447 1733 a

1396 1800 1568 1838 dinaliter
1594 1801 1712 1838 tendit
1738 1801 1777 1838 in
1796 1814 1907 1838 suum
1935 1802 2067 1848 finem,
2087 1802 2194 1850 quasi
2221 1801 2448 1851 participans

1396 1853 1656 1890 certitudinem
1685 1866 1707 1890 a
1734 1854 1823 1900 fide,
1843 1866 1940 1902 quae
1970 1862 2025 1890 est
2052 1854 2090 1890 in
2113 1854 2153 1891 vi
2181 1855 2446 1903 cognoscitiva.

1447 1906 1559 1943 Unde
1586 1913 1689 1955 patet
1715 1906 1912 1955 responsio
1941 1906 1990 1943 ad
2017 1906 2198 1955 primum.

1448 1960 1507 1996 An
1527 1970 1917 2002 SECUNDUMDICENDUM
1942 1959 2048 2007 quod
2073 1971 2159 2007 spes
2185 1971 2263 1996 non
2282 1959 2450 1999 innititur

1368 2023 1369 2059 j
1394 2010 1645 2060 principaliter
1666 2011 1805 2059 gratiae
1825 2012 1902 2048 iam
1921 2011 2084 2057 habitae,
2106 2011 2174 2048 sed
2197 2011 2347 2049 divinae
2367 2023 2449 2048 om-

1371 2720 1374 2784 ἱ

1395 2064 1625 2112 nipotentiae
1645 2071 1681 2100 et
1699 2063 1991 2110 misericordiae,
2011 2076 2080 2113 per
2105 2076 2220 2112 quam
2245 2064 2356 2101 etiam
2384 2065 2448 2112 qui

1396 2116 1554 2164 gratiam
1582 2128 1660 2153 non
1688 2117 1802 2153 habet
1830 2128 1915 2153 eam
1943 2117 2124 2166 consequi
2151 2124 2290 2165 potest,
2327 2124 2370 2153 ut
2396 2116 2450 2153 sic

1397 2169 1446 2206 ad
1473 2169 1591 2205 vitam
1619 2176 1812 2205 aeternam
1844 2169 2052 2217 perveniat.
2087 2170 2147 2206 De
2175 2169 2450 2218 omnipotentia

1397 2229 1525 2259 autem
1552 2221 1625 2258 Dei
1653 2229 1690 2258 et
1717 2221 1797 2259 eius
1834 2221 2090 2259 misericordia
2127 2229 2248 2259 certus
2282 2229 2337 2258 est
2370 2221 2448 2270 qui-

1392 2286 1561 2322 cumque
1588 2274 1706 2310 fidem
1735 2274 1861 2311 habet.

1450 2329 1508 2363 AD
1528 2337 1686 2363 TERTIUM
1705 2338 1887 2363 DlCENDUM
1911 2327 2015 2376 quod
2034 2327 2108 2364 hoc
2128 2326 2232 2375 quod
2251 2326 2365 2375 aliqui
2383 2327 2450 2363 ha-

1398 2380 1529 2416 bentes
1549 2391 1656 2428 spem
1675 2379 1852 2416 deficiant
1871 2392 1893 2416 a
1913 2380 2178 2416 consecutione
2199 2378 2448 2426 beatitudinis,

1398 2431 1577 2478 contingit
1604 2443 1650 2467 ex
1679 2431 1825 2468 defectu
1863 2431 1968 2468 liberi
2005 2432 2142 2469 arbitrii
2179 2431 2354 2480 ponentis
2382 2432 2448 2467 ob-

1368 2517 1370 2529 ,
1397 2484 1581 2520 staculum
1609 2483 1774 2531 peccati:
1804 2496 1881 2520 non
1909 2491 2036 2520 autem
2058 2497 2103 2521 ex
2123 2485 2271 2521 defectu
2300 2483 2448 2520 divinae

1397 2533 1693 2584 omnipotentiae
1712 2540 1727 2563 Υ
1746 2536 1808 2572 vel
1835 2535 2128 2583 misericordiae,
2154 2536 2213 2572 cui
2241 2549 2326 2584 spes
2354 2536 2448 2572 inni-

1397 2587 1492 2624 titur.
1522 2587 1634 2624 Unde
1652 2588 1727 2623 hoc
1746 2600 1823 2624 non
1842 2587 2075 2636 praeiudicat
2094 2589 2303 2625 certitudini
2322 2588 2411 2637 spei.

1451 2716 1476 2750 β)
1496 2718 1685 2743 consecutione.
1702 2732 1721 2736 -
1738 2718 1925 2743 constitutione
1941 2718 2137 2751 ABDEFprn,
2156 2719 2344 2744 consuetudine
2362 2719 2395 2746 G.

1451 2753 1478 2786 γ)
1497 2753 1710 2784 omnipotentiae.
1729 2766 1743 2772 -
1759 2753 1896 2785 potentiae
1913 2753 1970 2786 Ppn
1987 2758 2013 2778 et
2031 2761 2057 2779 a.

900 3065 1080 3069 m„
1201 3027 1844 3107 ...Qum-m

433 3452 541 3476 Sumam
559 3451 659 3476 Tnaor..
679 3451 708 3475 D.
728 3451 840 3475 Tuomst:
859 3451 890 3475 T.
908 3452 939 3475 V.

2277 3451 2306 3475 18

2472 988 2482 999 “
2490 987 2619 1009 Commeat.

2572 2548 2588 2573 Υ
