2892 4056
79 1118 253 1174 ‚gitium
267 1151 290 1172 ,

81 1177 105 1194 n.
114 1177 137 1198 ιι
146 1171 186 1193 ιιι.
198 1150 262 1198 Ἆρ’
239 1176 291 1198 ap.

80 1202 127 1225 mv
140 1203 164 1220 a·
177 1203 198 1226 32
211 1203 236 1224 4·

981 135 1247 182 QUAESTIO
1276 134 1439 181 XXVII,
1469 134 1764 171 ARTICULUS
1794 134 1826 170 11

2413 133 2487 169 225

994 247 1324 280 commentaria
1346 246 1595 279 cardinalis
1618 245 1818 279 Caietani

346 337 368 359 n
390 326 524 358 articulo
547 327 652 367 primo
680 327 875 368 quaestionis
903 327 1246 367 vigesimaeseptimae,
1276 327 1309 357 in
1331 335 1378 356 re·

320 339 520 412 Isponsione
544 371 583 400 ad
602 370 752 411 primum,
768 372 909 412 perspice
933 371 1048 411 primo,
1065 374 1239 402 Auctorem
1254 370 1301 402 uti
1317 370 1379 401 dis-

315 415 467 447 tinctione
489 414 600 446 facta
593 425 627 445 tn
641 425 773 457 corpore
792 415 929 451 articuli,
953 422 983 446 et
1002 421 1169 455 propterea
1189 414 1380 454 distinguere

315 459 467 490 habentes
490 458 646 489 maiorem
669 459 829 490 caritatem
854 459 887 489 in
911 458 1031 498 seipsos
1057 465 1094 489 ut
1116 458 1273 495 meliores,
1299 465 1330 489 et
1345 464 1381 490 ut

316 502 510 543 perfectioris
533 510 607 533 sunt
630 503 773 534 caritatis.
798 503 871 534 Hoc
887 502 972 533 enim
988 509 1035 532 est
1057 502 1248 542 distinguere
1264 482 1380 533 liaben-

315 553 363 578 tes
385 546 545 578 caritatem
574 548 750 578 secundum
781 555 988 578 communem
1010 546 1165 576 rationem
1189 547 1266 577 boni
1291 544 1380 588 (nam

316 590 362 622 sic
383 590 486 622 maior
508 591 619 622 caritas
643 590 808 622 constituit
829 589 995 621 hominem
1018 590 1195 627 meliorem,
1221 597 1252 621 et
1274 599 1381 620 conse-

316 641 449 676 quenter
464 635 564 676 magis
583 633 776 677 amabilem),
800 641 830 667 et
847 634 1025 666 secundum
1047 634 1210 674 propriam
1225 634 1381 665 rationem

317 678 471 712 caritatis:
494 689 570 710 nam
588 679 633 710 sic
654 685 701 710 est
723 679 823 710 virtus
840 677 994 709 inclinans
1017 678 1056 708 ad
1071 685 1178 709 actum
1197 678 1337 715 amandi,
1351 685 1383 710 et

317 722 420 753 maior
443 723 607 754 constituit
627 722 794 753 hominem
816 721 917 761 magis
941 729 1112 752 amantem.

371 766 515 806 Perspice
548 767 705 803 secundo,
733 766 822 807 quod
850 765 884 796 in
912 765 971 795 hac
997 765 1203 805 responsione
1235 775 1302 797 non
1330 775 1382 796 so-

316 811 387 841 lum
417 810 537 841 caritati
566 810 714 842 tribuitur
742 810 842 849 magis
872 809 977 839 amare
1000 819 1097 849 quam
1123 809 1236 846 amari,
1262 810 1381 840 utendo

318 854 461 885 doctrina
485 854 627 894 corporis
651 853 789 890 articuli;
817 853 872 884 sed
894 852 956 883 alia
978 852 1013 883 fit
1036 853 1243 892 comparatio,
1267 853 1383 884 scilicet

318 898 448 931 maioris
468 898 509 930 nd
528 897 692 930 minorem
714 897 877 929 car-itatem
895 897 1073 928 secundum
1095 897 1196 936 magis
1221 904 1252 927 et
1275 897 1383 928 minus

318 951 440 979 mare.
463 941 598 974 dinatio
612 941 702 982 quod
716 941 818 973 maior
834 941 943 973 caritas
962 940 1038 972 facit
1051 940 1153 980 magis
1167 947 1319 971 amantes.
1342 942 1383 972 Et

318 986 435 1018 merito
463 985 652 1017 adiunctum
675 992 722 1017 est
743 985 817 1016 hoc.
847 985 931 1022 Quia
954 985 980 1016 si
1003 984 1172 1025 proprium
1194 991 1242 1015 «st
1263 985 1382 1015 caritati

318 1039 435 1066 amare,
451 1038 651 1070 oonsequcns
664 1036 711 1060 est
726 1036 762 1060 ut
776 1029 881 1061 maior
899 1028 1010 1061 ceritas
1033 1029 1127 1060 faeiat
1140 1028 1241 1068 magis
1260 1039 1382 1066 amare,

318 1080 352 1105 et
363 1073 502 1105 maxima
516 1073 657 1105 maxime
670 1083 778 1105 amare
793 1073 900 1105 faciat:
924 1073 1012 1104 iuxta
1029 1073 1185 1124 regulam,
1197 1073 1289 1104 Sicut
1305 1075 1383 1104 sim-

142 1117 294 1140 annoan-
312 1118 444 1158 pliciter
463 1117 509 1149 ad
527 1118 725 1158 simpliciter,
749 1119 796 1149 ita
818 1119 925 1158 magis
945 1117 989 1149 ad
1011 1118 1128 1158 magis,
1153 1124 1212 1148 etc.
1225 1117 1242 1136 *

371 1161 414 1192 Et
435 1160 502 1193 hoc
521 1162 654 1212 quidem
683 1161 829 1193 absolute
858 1161 1061 1192 verissimum
1083 1169 1130 1193 est
1152 1167 1296 1201 respectu
1319 1161 1384 1192 for-

318 1205 412 1237 malis
424 1205 539 1237 obiecti
553 1205 697 1243 caritatis,
713 1206 804 1247 quod
819 1211 865 1237 est
878 1206 976 1242 Deus,
993 1212 1029 1237 ut
1043 1212 1138 1246 patet.
1163 1206 1224 1237 Sed
1238 1212 1382 1245 respectu

318 1249 497 1281 secundani
518 1250 643 1287 obiecti,
667 1250 730 1281 hoe
754 1256 801 1281 est
821 1249 971 1290 proximi,
986 1249 1170 1281 limitatur·
1162 1260 1195 1281 m
1209 1249 1310 1280 littera
1324 1249 1383 1280 hac

318 1293 649 1332 adunionesseilicet.
659 1294 833 1326 meandum
843 1295 1085 1335 proportionem
1101 1295 1211 1325 amati.
1228 1294 1292 1324 Et'
1284 1301 1384 1324 ιιιιαι-

318 1337 367 1370 dit
387 1338 478 1379 quod
500 1338 668 1389 perfectior
690 1338 802 1371 entitas
822 1338 924 1378 mugi:
946 1338 1049 1378 diligit
1062 1338 1255 1379 proximum,
1273 1348 1384 1369 secun-

320 1382 399 1412 dum
421 1382 664 1423 proportionem
687 1392 751 1423 qua
766 1382 931 1422 proximus
954 1382 1006 1412 ille
1029 1389 1076 1412 est
1098 1381 1268 1432 diligibilis,
1284 1391 1383 1422 quam

318 1425 534 1466 imperfectior
554 1426 665 1459 caritas
684 1426 793 1466 diliget
808 1426 991 1466 proximum
1007 1426 1208 1457 secundum·
1198 1425 1298 1465 ipsius
1309 1435 1384 1465 pro-

317 1469 396 1503 ximi
417 1470 671 1511 proportionem
694 1470 735 1500 Et
748 1470 812 1501 hoc
835 1476 883 1501 est
896 1469 998 1500 dicere
1022 1469 1111 1510 quod
1134 1469 1303 1509 perfectior
1318 1479 1384 1500 ma-

1431 325 1481 365 gis
1503 335 1601 366 quam
1623 325 1837 365 imperfectior
1872 324 1972 364 diligit
1994 324 2187 365 proximum,
2211 329 2329 354 attenta
2351 322 2494 354 amabili—

1433 376 1495 400 tate
1518 369 1664 409 proximi.
1698 369 1797 406 Quod
1825 369 1999 400 declaratur
2027 368 2062 399 in
2082 368 2184 400 littera
2215 367 2327 407 positis
2355 368 2493 403 duobus,

1433 413 1531 445 altero
1554 413 1764 454 perfectioris,
1789 413 1887 444 altero
1910 412 2154 453 imperfectioris
2182 411 2328 444 caritatis.
2361 411 2495 442 Constat

1434 457 1519 488 enim
1552 458 1641 497 quod
1670 457 1838 497 perfectior
1867 463 1914 487 est
1945 457 2060 488 melior
2089 463 2119 488 et
2149 456 2250 497 magis
2279 455 2439 491 amabilis,
2464 461 2495 485 et

1433 500 1647 541 imperfectior
1679 501 1784 531 minus
1814 502 1918 531 bonus
1946 511 1981 532 ac
2004 500 2110 531 minus
2140 499 2294 531 amabilis.
2327 500 2362 530 In
2386 509 2495 530 amore

1434 552 1540 576 autern
1555 552 1670 576 mutuo
1686 545 1821 576 istorum
1844 546 1921 576 haec
1945 551 1991 575 est
2005 545 2186 581 differentia,
2211 545 2299 585 quod
2318 543 2424 574 minus
2438 544 2495 574 bo-

1434 599 1495 620 nus
1518 596 1642 620 amatur
1664 599 1683 620 a
1697 589 1877 629 perfectiori
1899 595 2056 630 quantum
2079 588 2225 619 amabilis
2241 595 2296 626 est,
2321 588 2396 629 quia
2418 587 2494 618 cari-

1434 640 1481 664 tas
1504 633 1671 674 perfectior
1693 643 1760 664 non
1783 633 1890 664 solum
1913 634 2077 674 adaequat,
2101 633 2156 664 sed
2179 632 2298 664 excedit
2320 632 2494 663 bonitatem

1434 677 1542 709 minus
1564 678 1655 709 boni:
1679 678 1792 709 melior
1820 684 1927 708 autem
1957 687 2024 708 non
2052 684 2176 708 amatur
2202 678 2241 708 ab
2264 676 2497 717 imperfect-iore

1435 728 1592 762 quantum
1615 721 1758 752 amabilis
1782 728 1837 758 est,
1853 721 1929 762 quia
1951 721 2060 752 caritas
2082 721 2297 762 imperfectior
2315 730 2382 751 non
2406 721 2496 751 adae-

1435 773 1512 806 quat
1534 765 1710 796 bonitatem
1741 766 1917 796 meliorem.
1946 765 1993 796 Ex
2020 766 2082 796 hoc
2109 775 2183 805 ergo
2209 766 2298 806 quod
2328 764 2497 805 perfectior

1435 816 1521 840 amat
1542 810 1649 840 minus
1674 811 1796 841 bonum
1819 816 1977 850 quantum
2001 809 2134 839 amabile
2158 817 2212 845 est,
2229 816 2259 839 et
2281 809 2496 849 imperfectior

1435 863 1501 883 non
1523 853 1664 883 redamat
1687 853 1852 883 meliorem
1875 860 2032 894 quantum
2055 853 2197 883 amabilis
2220 860 2275 889 est,
2292 853 2497 883 manifestum

1435 903 1482 927 est
1505 897 1596 937 quod
1623 897 1792 936 perfectior
1817 897 1918 936 magis
1948 907 2048 937 quam
2076 897 2291 937 imperfectior
2313 903 2417 933 amat,
2447 907 2494 927 se—

1436 941 1578 971 cundum
1604 941 1847 980 proportionem
1869 941 1981 977 amati,
2006 941 2068 971 hoc
2097 947 2144 971 est
2167 948 2283 972 attenta
2306 940 2497 971 amabilitate

1436 984 1562 1015 obiecti.

1491 1028 1590 1059 11.1n
1614 1028 1729 1059 eodem
1747 1028 1880 1058 articulo
1899 1028 2016 1068 primo,
2036 1028 2070 1058 in
2095 1028 2303 1068 responsione
2325 1029 2371 1058 ad·
2388 1038 2498 1059 secun-

1436 1073 1524 1108 dnm,
1540 1072 1669 1103 adverte
1682 1073 1781 1112 quod,
1798 1082 1873 1103 cnm
1888 1072 1922 1102 in
1936 1072 2040 1103 littera
2057 1072 2171 1103 dicitur
2185 1073 2274 1113 quod
2290 1073 2388 1103 amari
2400 1082 2497 1113 quae-

1434 1117 1513 1147 ritur
1527 1117 1638 1147 eadem
1653 1116 1775 1147 ratione
1789 1126 1855 1157 qua
1869 1116 2030 1157 quaeritur
2043 1116 2202 1153 honorari,
2216 1117 2332 1147 scilicet
2346 1124 2382 1147 ut
2396 1117 2499 1147 mani·

1435 1160 1617 1192 sanativum
1638 1159 1717 1191 boui
1739 1160 1870 1201 proprii,
1894 1170 1960 1191 non
1984 1167 2032 1191 est
2053 1161 2294 1201 intelligendum
2308 1161 2397 1201 quod
2421 1161 2499 1191 haec

1435 1205 1476 1236 sit
1498 1215 1555 1245 per
1576 1214 1611 1235 se
1631 1205 1712 1236 ratio
1734 1204 1894 1244 appetitus
1918 1205 1984 1236 eius
2012 1205 2103 1245 quod
2132 1212 2178 1236 est
2201 1205 2313 1235 amari:
2343 1205 2499 1245 quoniam

1435 1249 1498 1280 hoc
1521 1249 1637 1280 falsum
1661 1255 1717 1280 est.
1748 1248 1858 1279 Amari
1886 1248 1973 1279 enim
1995 1259 2053 1288 per
2074 1259 2107 1279 se
2131 1249 2296 1280 ordinatur
2316 1250 2357 1279 ad
2379 1249 2497 1279 haben-

1437 1294 1516 1324 dum
1538 1293 1572 1324 id
1594 1293 1685 1333 quod
1706 1293 1795 1323 bono
1822 1293 1954 1333 proprio
1977 1293 2063 1324 intus
2093 1294 2225 1324 debetur
2247 1294 2285 1324 ab
2308 1293 2387 1324 alio:
2411 1303 2499 1323 ama-

1436 1344 1506 1368 tum
1522 1337 1607 1367 enim
1619 1338 1660 1367 ad
1675 1337 1786 1368 intima
1802 1344 1991 1377 penetratur.
2013 1338 2074 1368 Sed
2089 1337 2331 1377 intelligendum
2347 1344 2394 1368 est
2410 1337 2500 1378 quod

1435 1381 1512 1412 haec
1527 1387 1576 1412 cst
1591 1381 1673 1411 ratio
1684 1391 1782 1421 quare
1798 1382 2011 1412 communiter
2028 1382 2067 1412 ab
2079 1382 2264 1412 hominibus
2282 1382 2429 1412 homines
2445 1392 2498 1422 ap-

1435 1431 1550 1464 petunt
1571 1425 1685 1455 amari:
1706 1425 1750 1455 sic
1774 1425 1858 1455 enim
1875 1425 1989 1456 directe
2004 1427 2174 1466 respondet
2188 1433 2376 1466 argumento
2393 1426 2431 1456 de
2450 1435 2500 1456 ac-

1437 1468 1559 1500 cidente
1582 1475 1619 1499 ut
1641 1468 1675 1498 in
1697 1469 1852 1508 pluribus.

1091 1614 1410 1658 ARTICULUS
1439 1614 1738 1658 SECUNDUS

399 1707 556 1739 UTRUM
579 1706 742 1743 AMARE,
766 1705 1004 1739 SECUNDUM
1028 1706 1151 1744 QUOD
1175 1707 1256 1738 Es‘r
1279 1680 1425 1739 ACTUs
1447 1706 1690 1743 cAmTAT1s,
1714 1707 1780 1737 SIT
1804 1707 1911 1738 mEM
1934 1706 2058 1744 QUOD
2081 1706 2418 1738 BENEVOLENTIA

1271 1782 1422 1819 utflfflfc„

358 1875 359 1878 =
407 1876 412 1893 ε,
434 1876 481 1895 ι
503 1880 505 1882 v
539 1870 547 1886 ι
568 1865 759 1895 secunlum
773 1866 829 1893 stc
841 1866 1084 1893 paocnmwa.
1097 1855 1258 1893 Videtur
1274 1855 1381 1902 quod

376 1918 399 1966 f
531 1919 674 1967 amare,
694 1908 908 1946 secundum
937 1908 1042 1956 quod
1069 1915 1129 1946 est
1154 1915 1259 1946 actus
1288 1908 1381 1945 cari-

327 1989 331 1991 μ
372 1996 374 1999 ,
447 2009 450 2011 ‚
482 1993 485 2000 .
647 1960 740 1999 nihil
767 1962 814 1999 sit
841 1961 942 1999 aliud
961 1973 1089 2021 quam·
1098 1961 1379 1999 benevolentia.

500 2013 632 2052 *Dicit
654 2014 757 2052 enim
779 2014 1051 2063 Philosophus,
1080 2014 1121 2052 in
1148 2016 1181 2051 II
1209 2016 1319 2052 Rhet.
1339 2013 1380 2060 ²¹³,

319 2066 426 2114 quod
453 2077 589 2105 amare
613 2073 669 2105 est
692 2067 789 2104 velle
814 2067 932 2104 alicui
955 2068 1054 2104 bona
1076 2073 1106 2104 ².
1135 2068 1214 2105 Sed
1231 2068 1308 2105 hoc
1327 2075 1383 2105 est

317 2119 598 2158 benevolentia.
635 2120 737 2167 Ergo
766 2119 859 2158 nihil
886 2120 987 2158 aliud
1022 2128 1080 2158 est
1110 2128 1216 2158 actus
1251 2121 1384 2158 carita-

317 2172 376 2213 tis*
392 2183 511 2221 quam
538 2173 834 2212 benevolentia.-

372 2236 411 2265 2.
438 2225 672 2272 Passim,
702 2226 808 2264 cuius
828 2233 884 2264 est
901 2226 1064 2273 habitus,
1085 2226 1165 2263 eius
1190 2234 1246 2264 est
1264 2234 1381 2264 actus.

321 2277 402 2316 Sed:
425 2277 578 2317 habitus
608 2278 772 2317 caritatis
802 2286 859 2317 est
891 2279 931 2316 in
958 2279 1129 2328 potentia
1154 2280 1382 2327 voluntatis,

208 2348 216 2362 ι
260 2339 291 2355 ·¹·
318 2338 360 2368 ut
378 2342 496 2379 supra
513 2331 534 2354 ²⁸
553 2331 696 2371 dictum
717 2338 788 2369 est.
813 2333 921 2379 Ergo
945 2332 1060 2370 etiam
1088 2340 1195 2370 aetus
1223 2333 1383 2371 caritatis

85 3019 163 3068 scii:
167 3024 276 3067 *12243'3‘
285 3029 295 3034 ·

86 3129 96 3139 ⁸
105 3128 223 3156 Qu.xxm‚
231 3131 272 3150 art.
281 3133 296 3149 t.

321 2391 382 2422 est·
403 2391 511 2422 actus
545 2384 765 2422 voluntatis.
809 2385 887 2422 Sed
923 2397 1003 2423 non
1035 2385 1108 2422 nisi
1126 2383 1141 2415 β
1158 2385 1199 2423 ιιι
1235 2386 1382 2423 bonum

319 2436 503 2474 tendens:
531 2438 636 2485 quod
664 2445 720 2475 est
748 2437 1028 2475 benevolentia.
1057 2438 1160 2485 Ergo
1188 2446 1295 2475 actus
1324 2451 1384 2476 ca-

320 2489 437 2528 ritatis
465 2490 556 2528 nihil
583 2497 640 2527 est
666 2490 771 2528 aliud
797 2501 915 2538 quam
943 2490 1222 2527 benevolentia.

376 2544 411 2581 3.
430 2543 665 2589 Famem,
684 2543 982 2592 Philosophus,
974 2555 1012 2580 1n
1033 2543 1251 2581 IXEthic.²ss
1252 2572 1262 2590 ,
1277 2543 1387 2602 ponit

321 2595 489 2645 quinque
517 2597 567 2635 ad
592 2596 799 2635 amicitiam
832 2595 1078 2656 pertinentia:
1111 2608 1277 2644 quotum
1310 2596 1384 2645 pri-

321 2661 432 2688 mum
451 2656 506 2686 est
524 2649 631 2698 quod
653 2650 775 2687 homo
793 2649 883 2687 velit
907 2650 1032 2686 amico
1059 2650 1225 2695 bonum;
1251 2661 1387 2687 secun-

322 2701 415 2740 dum
450 2709 506 2739 est
536 2702 643 2750 quod
677 2702 767 2739 velit
800 2702 836 2739 ei
866 2714 945 2739 esse
978 2708 1015 2739 et
1048 2702 1198 2747 vivere
1231 2702 1385 2740 tertium

321 2762 379 2793 est
404 2756 511 2804 quod
529 2755 567 2793 ei
583 2755 760 2793 convivat
776 2759 810 2801 ῖς
839 2762 1018 2803 quartum
1039 2762 1096 2792 est
1123 2756 1229 2804 quod
1253 2756 1384 2792 eadem

321 2808 457 2858 eligat,-
482 2808 656 2856 quintum
685 2815 745 2846 est
768 2808 876 2856 quod
903 2807 1098 2846 condoleat
1119 2805 1134 2830 ⁶
1157 2814 1194 2844 et
1218 2820 1386 2858 oengau-

321 2861 417 2901 deat.
447 2860 525 2898 Sed
545 2861 668 2909 prima
687 2862 766 2899 duo
784 2860 833 2899 ad
853 2861 1161 2898 benevolentiam
1183 2861 1387 2909 pertinent.

322 2914 428 2961 Ergo
445 2913 592 2962 primus
611 2921 716 2951 aetus
737 2913 898 2952 caritatis
923 2921 980 2951 est
998 2914 1281 2952 benevolentia.
1409 2910 1412 2992 i

377 2967 452 3004 San
467 2977 697 3005 commeat
720 2966 829 3015 quod
853 2966 1109 3015 Philosophus
1138 2966 1239 3010 dicit,
1257 2967 1300 3005 in
1322 2979 1385 3005 eo·

325 3018 415 3057 dem
442 3018 540 3057 libro
557 3018 599 3065 ¹¹⁸,
624 3019 737 3066 quod<
759 3019 1028 3058 benevolentia
1052 3031 1180 3067 neque
1209 3028 1268 3058 est
1291 3021 1387 3057 anri-

323 3072 410 3109 ciria
442 3083 568 3119 neque
597 3079 652 3109 est
683 3073 843 3116 amano,
879 3072 952 3111 sed*
976 3078 1033 3110 εει
1066 3073 1254 3110 amicitiae
1278 3074 1386 3121 prin-

324 3125 475 3173 cipium.
501 3124 580 3162 Sed
598 3123 734 3163 mites
754 3131 810 3162 est
827 3125 1003 3171 micitia,
1017 3132 1060 3162 ut
1077 3137 1193 3174 supra
1207 3125 1227 3148 *
1241 3125 1388 3164 dictum

326 3185 391 3214 est.
422 3178 524 3225 Ergo
553 3177 821 3215 benevolentia
847 3189 926 3215 non
955 3185 1010 3215 est
1035 3178 1138 3221 idem
1165 3179 1270 3227 quod
1293 3179 1384 3217 dile-

325 3230 412 3277 ctio,
439 3242 538 3278 quae
567 3237 623 3266 est
648 3229 814 3267 caritatis
842 3237 957 3267 actus.

379 3357 406 3389 α)
426 3357 502 3381 bona.
514 3370 534 3375 -
547 3357 643 3381 bonum
662 3356 716 3381 PG.

379 3391 404 3425 β)
425 3392 484 3416 nisi.
502 3406 521 3411 —
538 3395 578 3417 est
596 3392 649 3416 nisi
667 3392 713 3416 Pa.
731 3406 749 3411 -
768 3391 818 3415 Pro
837 3391 915 3423 quod,
935 3399 999 3424 ergo
1018 3392 1096 3417 BEH.

379 3428 406 3461 γ)
424 3427 556 3452 convivat.
574 3441 593 3445 -
611 3427 801 3451 delectabiliter
818 3427 942 3451 convivat
961 3427 1006 3452 Pa.

468 3481 576 3506 Summae
595 3480 696 3505 Tumor.
715 3480 745 3504 D.
765 3480 877 3504 Tuomst:
897 3480 928 3504 T.
947 3480 978 3504 V.

1440 1785 1499 1809 lect.
1517 1792 1546 1810 v.

1485 1856 1714 1892 stmnnsso
1727 1867 1915 1892 mcx-:unum
1934 1855 2039 1903 quod
2059 1856 2330 1893 benevolentia.
2345 1856 2499 1905 proprie

1433 1907 1571 1945 dicitur
1598 1915 1704 1945 actus
1730 1908 1938 1945 voluntatis
1970 1921 2049 1957 quo
2077 1909 2182 1945 alteri
2213 1909 2363 1946 bonum
2390 1909 2500 1946 volu-

1432 1973 1531 1998 mus.
1557 1961 1631 1998 Hic
1650 1968 1780 2004 autem
1797 1961 2006 1998 voluntatis
2025 1969 2133 1998 actus
2152 1961 2278 1999 differt
2295 1962 2345 1999 ab
2363 1962 2501 1999 actuali

1433 2026 1569 2052 amore
1595 2022 1674 2051 tam
1703 2015 1916 2052 secundum
1946 2014 2052 2063 quod
2081 2022 2139 2051 est
2160 2015 2199 2051 in
2218 2014 2389 2063 appetitu
2416 2027 2501 2052 sen·-

1433 2067 1559 2114 sitivo,
1581 2079 1701 2116 quam
1728 2067 1844 2104 etiam
1872 2068 2087 2104 secundum
2115 2069 2220 2116 quod
2241 2076 2297 2104 est
2323 2068 2363 2104 in
2382 2081 2500 2117 appe-

1433 2120 1502 2157 titu
1520 2120 1762 2167 intellectivo,
1782 2121 1847 2169 qui
1873 2128 1930 2157 est
1952 2122 2143 2158 voluntas.
2171 2123 2295 2158 Amor
2311 2121 2415 2163 ,enim
2435 2122 2501 2170 qui

1435 2180 1492 2210 est
1530 2173 1570 2210 in
1607 2173 1778 2222 appetitu
1815 2173 1996 2211 sensitivo
2038 2174 2167 2222 passio
2202 2174 2394 2223 quaedam
2432 2182 2500 2211 est.

1435 2226 1572 2263 Omnis
1601 2234 1730 2263 autem
1758 2227 1886 2275 passio
1916 2239 2004 2264 cum
2032 2227 2203 2275 quodam
2231 2227 2377 2276 impetu
2395 2227 2501 2264 incli-

1434 2287 1500 2317 nat
1517 2279 1558 2316 in
1575 2291 1689 2316 mum
1708 2279 1916 2317 obiectum.
1944 2280 2078 2317 Passio
2107 2288 2236 2317 autem
2264 2280 2406 2317 amoris
2425 2281 2501 2317 hoc

1434 2333 1550 2370 habet
1569 2333 1675 2381 quod
1702 2345 1782 2370 non
1806 2332 1932 2370 subito
1961 2333 2139 2380 exoritur,
2158 2333 2227 2370 sed
2245 2345 2314 2382 per
2333 2333 2500 2382 aliquam

1435 2385 1631 2424 assiduam
1659 2385 1939 2434 inspectionem
1966 2386 2020 2423 rei
2046 2393 2206 2423 amatae.
2236 2387 2285 2423 Et
2303 2386 2392 2423 ideo
2412 2386 2501 2423 Phi-

1433 2438 1634 2486 losophus,
1660 2438 1701 2475 in
1729 2439 1782 2475 IX
1807 2439 1929 2475 Ethic.
1949 2438 1982 2486 ⁸,
2011 2439 2219 2476 ostendens
2246 2439 2499 2476 differentiam
2527 2450 2583 2471 ⁸ca

1435 2490 1532 2527 inter
1559 2490 1869 2527 benevolentiam
1903 2498 1940 2527 et
1966 2503 2140 2529 amorem
2178 2492 2327 2540 quiNest
2353 2492 2500 2541 passio,

1437 2542 1530 2580 dicit
1545 2543 1651 2592 quod
1678 2543 1947 2581 benevolentia
1974 2556 2048 2581 non
2072 2545 2186 2581 habet
2207 2545 2467 2581 distensionem
2487 2550 2499 2566 ⁸

1435 2601 1473 2633 et
1483 2596 1698 2644 appetitum,
1714 2596 1812 2633 idest
1834 2596 2003 2644 aliquem
2022 2596 2208 2645 impetum
2229 2597 2499 2645 inclinationis,

1437 2650 1505 2687 sed
1534 2661 1579 2686 ex
1606 2649 1688 2685 solo
1725 2648 1867 2686 iudicio
1903 2649 2058 2686 rationis
2088 2650 2209 2687 homo
2237 2650 2320 2687 vult
2352 2651 2500 2687 bonum

1437 2702 1559 2739 alicui.
1598 2701 1778 2739 Similiter
1800 2701 1914 2739 etiam
1939 2702 2022 2739 talis
2046 2714 2158 2739 amor
2185 2710 2242 2739 est
2266 2715 2311 2739 ex
2332 2704 2499 2751 quadarn

1437 2754 1733 2793 consuetudine:
1763 2755 2033 2792 benevolentia
2061 2763 2189 2792 autem
2214 2755 2406 2793 interdum
2427 2756 2500 2793 ori-

1436 2816 1496 2846 tur
1515 2820 1562 2845 ex
1580 2807 1790 2856 repentino,
1811 2808 1909 2844 sicut
1935 2807 2069 2845 accidit
2096 2808 2207 2846 nobis
2236 2809 2285 2845 de
2309 2809 2500 2858 pugilibus

1436 2862 1501 2910 qui
1520 2868 1702 2910 pugnant,
1723 2873 1888 2909 quorum
1909 2861 2071 2898 alterum
2089 2862 2279 2899 vellemus
2297 2862 2466 2899 vincere.

1492 2914 1573 2952 Sed
1589 2926 1699 2951 amor
1717 2914 1784 2962 qui
1803 2921 1858 2950 est
1875 2913 1915 2951 in
1938 2914 2107 2962 appetitu
2130 2914 2359 2951 intellectivo
2385 2915 2499 2952 etiarn

1438 2967 1564 3004 differt
1591 2979 1613 3004 a
1642 2966 1920 3004 benevolentia.
1960 2968 2145 3016 Importat
2173 2967 2275 3004 enim
2303 2968 2499 3016 quandam

1437 3020 1625 3058 unionem.
1659 3020 1872 3057 seeundum
1909 3019 2069 3058 affectus
2088 3019 2100 3046 t
2119 3020 2283 3058 amantis
2318 3022 2367 3058 ad
2397 3033 2500 3058 arna-

1437 3081 1545 3110 tum:
1570 3073 1797 3121 inquantum
1817 3072 1959 3110 scilicet
1975 3085 2112 3110 amans
2136 3073 2309 3110 aestimat
2327 3082 2498 3111 amatum

1438 3126 1731 3174 quodammodo
1759 3134 1801 3162 ut
1827 3137 1949 3163 unum
1978 3126 2061 3173 sibi,
2079 3127 2143 3163 vel
2167 3126 2215 3163 ad
2236 3139 2276 3163 se
2295 3127 2498 3175 pertinens,

1440 3187 1476 3216 et
1503 3179 1560 3216 sic
1584 3187 1763 3216 movetur
1795 3179 1836 3216 in
1866 3178 2006 3227 ipsum.
2045 3179 2122 3216 Sed
2150 3180 2416 3216 benevolentia
2445 3187 2500 3216 est

1439 3232 1597 3280 simplex
1625 3239 1730 3268 actus
1757 3231 1962 3268 voluntatis
1991 3245 2069 3281 quo
2093 3233 2276 3269 volumus
2303 3232 2413 3269 alicui
2432 3233 2500 3269 bo-

1492 3357 1516 3389 δ)
1535 3358 1683 3383 condoleat.
1700 3372 1720 3377 -
1737 3358 1762 3382 ei
1779 3358 1920 3383 condoleat
1938 3358 2009 3383 PDn.

1491 3394 1513 3424 ε)
1534 3393 1730 3418 distemionem.
1747 3406 1767 3413 -
1785 3394 1983 3419 distinctionem
2002 3393 2033 3425 D,
2053 3394 2241 3419 dissensionem
2261 3394 2374 3419 PGan.

1491 3427 1516 3460 ζ)
1536 3428 1654 3462 affectus.
1674 3443 1691 3446 —
1710 3429 1832 3462 affectum
1853 3429 1968 3454 PDGlsC
1987 3434 2013 3454 et
2031 3437 2075 3454 xa.

2324 3489 2356 3514 29

2527 2475 2552 2498 s.
2562 2456 2608 2498 TE:
2622 2457 2716 2499 1203·ss
2727 2462 2737 2467 '
