2892 4056
47 246 59 258 ⁶
71 245 138 267 Vers.
153 251 189 273 29-

48 306 57 316 ·
71 302 137 323 Vera.
152 307 188 330 30.

45 399 258 424 *cfifficasyien

46 428 76 450 de
88 427 170 454 spirit.
186 426 257 447 Blae-

0 459 2 476 ῐ
45 454 121 482 phem.

147 568 159 584 ι

52 885 60 894 ·
82 882 107 904 1⁸
129 881 177 904 11⁸⁶
220 887 251 909 qu

49 914 146 936 m,
159 912 194 930 art
213 914 220 930 ι
240 914 251 936 3

0 3999 8 4056 rs-vv„

66 1990 138 2009 sinn}
165 1990 194 2003 3¹11

11 3363 13 3366 ·
68 3353 188 3377 '.Cemur
205 3354 276 3376 Ρηήι.

66 3381 144 3410 &eph
163 3381 277 3408 Ten-pier,

9 3438 12 3442 Δ
67 3413 195 3435 cap-um.
210 3412 234 3432 a:
249 3407 277 3429 al.

69 3433 165 3488 ξοςκτν
159 3433 229 3460 Sec„
229 3423 276 3456 ’.ιι-ι

993 166 1258 213 ρυΑΕετιο
1287 166 1391 212 Χιν,
1421 166 1715 203 ARTlcuLUs
1746 167 1759 202 1

243 286 251 292 ⁵
287 252 492 294 postquam
516 243 658 281 dixerat
675 245 706 292 *‚
732 245 806 286 Qui
830 244 1144 293 blasphemaverit
1170 245 1206 282 in
1232 245 1347 294 Spiri-
1378 248 1379 268 ²

287 303 366 334 tum
394 297 572 333 Sanctum
597 304 679 344 etc„
705 297 895 345 subiungit
917 297 937 319 ²⁸
958 297 1216 346 Evangelista:
1250 298 1350 340 Quo·
1378 308 1379 337 ;

288 350 390 387 niam
419 349 600 395 dicebant,
621 350 800 397 Spiritum
827 350 1063 387 immundum
1091 352 1211 387 habet.

2390 167 2459 202 113

1458 247 1518 281 Αι)
1547 256 1683 281 PRIMUM
1705 256 1804 281 ERGO
1823 255 2008 281 DICENDUM
2028 243 2144 291 quod,
2167 242 2262 279 sicut
2282 243 2466 280 confessio

1406 297 1496 334 fidei
1529 309 1606 333 non
1641 298 1765 334 solum
1804 297 1973 334 consistit
2004 298 2042 333 in
2074 295 2345 345 protestatione
2379 295 2466 341 oris,

1378 366 1379 392 3
1407 350 1474 387 sed
1503 350 1615 386 etiam
1635 349 1672 386 in
1691 349 1962 398 protestatione
1982 349 2126 398 operis;
2155 348 2205 385 ita
2229 348 2342 385 etiam
2370 348 2468 384 blas'-

339 401 413 438 Alii
435 401 455 423 *
480 413 574 438 vero
592 402 709 439 aliter
736 403 934 451 accipiunt,
957 403 1122 440 dicentes
1149 410 1351 452 peccatum
1378 407 1379 452 l
1405 403 1560 452 phemia
1599 402 1756 451 Spiritus
1785 402 1912 440 Sancti
1939 409 2064 451 potest
2094 400 2323 438 considerari
2361 409 2396 437 et
2430 400 2467 438 in

285 456 349 493 vel
368 454 646 503 blasphemiam
666 454 703 492 in
725 455 908 504 Spiritum
924 455 1107 492 Sanctum
1128 466 1210 492 esse
1229 468 1351 504 quan-
1378 473 1379 486 ι

288 509 337 546 do
356 506 490 556 aliquis
504 515 636 555 peccat
651 515 782 545 contra
800 507 1087 556 appropriatum
1107 509 1253 546 bonum
1269 508 1352 557 Spi-
1378 514 1379 532 ³

1407 468 1473 493 ore
1502 463 1539 492 et
1566 454 1603 492 in
1633 456 1748 492 corde
1778 463 1813 492 et
1841 455 1879 492 in
1909 467 2038 504 opere.

1459 511 1517 545 An
1537 519 1727 545 SECUNDUM
1746 520 1934 545 DlCENDUM
1963 507 2068 557 quod
2088 507 2300 544 secundum
2320 506 2467 542 tertiam

287 560 378 597 ritus
407 559 534 596 Sancti
553 565 580 606 ι,
603 561 663 597 cui
688 560 951 610 appropriatur
979 561 1140 608 bonitas,
1160 561 1255 598 sicut
1282 562 1353 597 Pa·
1378 559 1379 600 ι
1406 561 1665 610 acceptionem
1682 561 1919 610 blasphemia
1939 561 1977 597 in
1994 561 2174 609 Spiritum
2192 560 2374 596 Sanctum
2396 558 2468 596 dis—

286 613 332 649 tri
351 612 615 660 appropriatur
638 613 806 662 potentia
834 620 870 649 et
893 612 988 648 Filio
1017 613 1210 661 sapientia.
1240 614 1351 651 Unde
1378 613 1379 639 Ὺ

291 672 491 714 peccatum
519 665 557 701 in
585 666 738 702 Patrem
772 665 899 702 dicunt
933 677 1014 701 esse
1036 667 1189 714 quando
1218 679 1351 715 pecca—

287 725 347 755 tur
381 729 426 754 ex
459 717 698 764 infirmitate3
731 724 933 766 peccatum
962 725 1090 756 autem
1118 719 1156 756 in
1185 719 1324 756 Filium
1341 748 1350 766 ,

288 770 443 820 quando
471 778 650 819 peccatur
676 782 720 808 ex
745 770 976 818 ignorantia;
998 779 1198 819 peccatum
1223 779 1351 809 autem

290 928 503 978 expositum
533 935 599 965 est.
630 928 746 974 Quod
768 928 923 976 quidem
943 928 1123 976 contingit
1143 929 1350 977 dupliciter.

289 982 375 1019 Uno
405 980 541 1027 modo,
571 992 615 1016 ex
648 980 889 1017 inclinatione
922 981 1072 1018 habitus
1108 981 1256 1028 vitiosi,
1286 982 1352 1030 qui

291 1033 432 1070 malitia
468 1033 621 1070 dicitur:
653 1040 688 1069 et
715 1033 768 1070 sic
796 1046 874 1070 non
904 1042 959 1071 est
986 1034 1088 1071 idem
1116 1047 1277 1083 peccare
1307 1047 1351 1071 ex

289 1086 429 1123 malitia
451 1086 555 1134 quod
583 1097 743 1134 peccare
771 1085 809 1123 in
839 1086 1019 1136 Spiritum
1041 1087 1236 1124 Sanctum.
1265 1087 1351 1124 Alio
1378 1104 1379 1107 ¹

289 1139 408 1175 modo
437 1139 615 1186 contingit
635 1150 680 1176 ex
700 1151 745 1176 eo
767 1140 872 1188 quod
890 1152 959 1188 per
979 1148 1241 1189 contemptum
1261 1140 1351 1177 abii·
1378 1145 1379 1167 ³

291 1191 385 1228 citur
412 1199 448 1227 et
480 1200 703 1229 removetur
735 1192 774 1229 id
810 1193 916 1241 quod
949 1193 1172 1230 electionem
1205 1194 1351 1242 peccati

290 1249 438 1293 poterat
469 1244 671 1294 impedire:
701 1245 795 1282 sicut
823 1258 909 1295 spes
936 1259 1005 1296 per
1033 1247 1350 1296 desperationem,

264 1300 328 1345 ¹,et
352 1297 478 1344 timor
495 1296 565 1347 per
592 1299 961 1347 praesumptionem,
992 1307 1028 1336 et
1060 1300 1250 1348 quaedam
1279 1299 1350 1336 alia

210 1351 227 1363 '²
290 1350 522 1398 huiusmodi,
543 1359 584 1388 ut
601 1351 696 1389 infra
710 1351 731 1374 ’¹‘
749 1352 904 1389 dicetur.
941 1353 1048 1389 Haec
1074 1361 1201 1390 autem
1221 1353 1352 1389 omnia
1378 1354 1379 1393 ἒ

1406 614 1583 662 tinguitur
1611 621 1740 650 contra
1768 614 2044 662 blasphemiam
2073 613 2110 650 in
2139 612 2278 649 Filium
2302 611 2468 649 hominis

1378 671 1379 713 ξ
1407 667 1618 704 secundum
1647 666 1753 714 quod
1782 666 1898 703 Filius
1926 666 2093 703 hominis
2123 673 2177 702 est
2211 665 2324 702 etiarn
2354 664 2468 701 Filius

1406 719 1491 766 Dei,
1522 719 1617 756 idest
1643 719 1719 756 Dei
1740 719 1858 756 virtus
1877 725 1914 756 et
1930 719 2004 756 Dei
2020 718 2201 767 sapientia
2219 717 2250 754 *.
2281 717 2391 755 Unde
2411 730 2469 754 se-

1378 790 1379 818 j
1407 773 1576 809 cundum
1613 773 1705 818 hoc,
1734 779 1935 820 peccatum
1971 772 2010 808 in
2039 772 2178 808 Filium
2205 770 2372 807 hominis
2401 770 2470 807 erit

289 823 326 860 in
356 823 536 871 Spiritum
565 824 760 870 Sanctum,
781 823 936 871 quando
968 832 1148 872 peccatur
1177 836 1220 861 ex
1250 832 1352 860 certa
1378 827 1379 831 ’

187 898 201 930 1·
223 924 229 934 ,
254 897 259 929 ;
289 876 449 922 malitia,
479 876 577 912 idest
603 887 648 912 ex
676 876 756 924 ipsa
785 876 968 912 electione
997 876 1098 923 mali,
1128 884 1169 912 ut
1197 889 1312 925 supra
1332 877 1352 898 ’¹‘
1378 892 1379 895 ¹

1406 833 1605 873 peccatum
1634 836 1679 860 ex
1707 824 1917 871 ignorantia
1944 825 2006 861 vel
2035 836 2080 860 ex
2106 823 2335 860 infirmitate.

1459 879 1519 913 AD
1537 888 1696 913 TERTiuM
1716 888 1900 914 DmENDUM
1928 877 2032 925 quod
2061 885 2260 925 peccatum
2291 888 2335 912 ex
2367 883 2466 912 certa

1407 929 1549 966 malitia
1577 929 1788 966 secundum
1819 929 1922 977 quod
1950 929 2126 978 provenit
2155 941 2200 965 ex
2229 929 2468 965 inclinatione

1406 981 1569 1027 habitus,
1589 993 1667 1018 non
1688 990 1743 1018 est
1763 982 1924 1030 speciale
1953 989 2164 1030 peccatum,
2191 982 2257 1018 sed
2278 982 2467 1029 quaedam

1406 1034 1590 1082 generalis
1610 1034 1754 1083 peccati
1784 1034 1960 1072 conditio.
1992 1036 2110 1071 Prout
2127 1046 2221 1071 vero
2247 1042 2302 1070 est
2321 1046 2366 1071 ex
2385 1047 2468 1083 spe-

1407 1087 1488 1124 ciali
1519 1094 1737 1135 contemptu
1767 1087 1923 1123 effectus
1953 1087 2110 1136 Spiritus
2140 1087 2265 1124 Sancti
2286 1087 2322 1123 in
2343 1087 2466 1132 nobis,

1406 1141 1521 1177 habet
1554 1140 1740 1177 rationem
1778 1140 1951 1189 specialis
1983 1140 2139 1188 peccati.
2172 1140 2220 1176 Et
2253 1141 2464 1177 secundum

1378 1223 1379 1227 ,
1406 1194 1480 1230 hoc
1501 1193 1614 1230 etiam
1632 1200 1832 1242 peccatum
1849 1193 1886 1229 in
1908 1192 2087 1241 Spiritum
2109 1193 2290 1229 Sanctum
2312 1201 2367 1229 est
2386 1205 2470 1241 spe-

1378 1274 1379 1301 }
1408 1245 1499 1283 ciale
1527 1258 1646 1294 genus
1665 1245 1821 1295 peccati.
1842 1266 1866 1273 -

1378 1340 1379 1347 ἵ
1407 1311 1513 1336 mam
1534 1299 1821 1348 expositionem.
1837 1319 1861 1326 -
1879 1299 2098 1336 Secundum
2114 1306 2241 1336 autem
2262 1299 2468 1336 secundam

1888 1246 1936 1282 Et
1965 1245 2133 1282 similiter
2156 1245 2366 1282 secundum
2394 1245 2471 1294 pri-

1407 1351 1704 1401 expositionem‚
1739 1364 1817 1388 non
1847 1359 1902 1388 est
1929 1352 2091 1400 speciale
2119 1364 2238 1399 genus
2266 1351 2410 1400 peccati
2428 1351 2467 1388 *ε

291 1404 389 1452 quae
417 1405 562 1452 peccati
591 1405 815 1443 electionem
834 1405 1068 1454 -impediunt,
1089 1413 1177 1442 sunt
1195 1405 1351 1442 effectus
1378 1403 1379 1447 ἦ
1406 1417 1497 1441 nam
1512 1404 1635 1441 finalis
1651 1404 1935 1453 impoenitentia
1950 1412 2074 1454 potest
2092 1417 2173 1441 esse
2190 1405 2470 1442 circumstantia

291 1456 450 1506 Spiritus
480 1457 607 1495 Sancti
638 1458 676 1495 in
704 1458 827 1495 nobis.
863 1459 911 1494 Et
939 1455 1026 1495 ideo
1056 1457 1108 1494 sic
1137 1470 1182 1494 ex
1209 1458 1352 1495 malitia

290 1508 449 1565 peecare
478 1518 534 1547 est
559 1522 719 1560 peccare
747 1511 783 1548 in
813 1510 994 1559 Spiritum
1025 1511 1218 1547 Sanctum.

1407 1457 1605 1493 cuiuslibet
1634 1457 1781 1504 generis
1810 1457 1965 1505 peccati.

322 1663 366 1696 ι)
384 1665 480 1689 bonum
505 1664 624 1696 Spiritus
648 1664 750 1690 Sancti.
768 1679 788 1684 —·
807 1665 902 1691 bonum
926 1666 994 1691 sicut
1017 1666 1210 1699 ABEFHpCK‚
1237 1666 1353 1700 Spiritui
1378 1666 1380 1683 V
1408 1666 1525 1698 Spiritui
1545 1666 1644 1690 Sancto
1665 1666 1692 1696 P,
1706 1666 1775 1691 sicut
1793 1666 1862 1690 enim
1878 1666 1993 1697 Spiritui
2007 1666 2107 1691 Sancto
2123 1666 2167 1691 lsC
2186 1671 2211 1690 et
2230 1674 2260 1696 ιω
2281 1673 2329 1698 pro
2341 1666 2410 1691 sicut
2422 1666 2461 1690 Pa

291 1699 391 1728 sancto
409 1699 476 1730 Daa,
497 1700 592 1725 bonum
611 1697 727 1732 Spiritui
751 1701 851 1726 Sancto
870 1702 894 1731 l,
914 1701 1009 1726 bonum
1029 1709 1061 1731 x;
1080 1709 1139 1734 pro
1145 1702 1202 1731 cui,
1222 1702 1260 1727 sic
1283 1701 1352 1726 enim
1378 1708 1381 1731 1
1407 1701 1452 1731 tri,
1473 1701 1542 1726 sicut
1560 1704 1587 1726 et
1606 1701 1683 1726 Patri
1702 1701 1730 1732 P,
1750 1701 1788 1726 sic
1806 1701 1884 1726 Patri
1903 1701 1948 1726 IsC
1968 1707 1992 1725 et
2011 1709 2037 1726 x.

951 1789 1300 1822 Commenta-ia
1322 1789 1572 1822 cardinalis
1594 1789 1795 1822 Caietam

298 1874 345 1938 Ιιι
366 1863 562 1905 quaestionis
584 1864 856 1903 quartaedecimae
879 1866 1012 1897 articulo
1033 1867 1138 1907 primo
1155 1867 1221 1897 duo
1244 1877 1356 1897 occur-

323 1914 400 1938 runt
421 1907 570 1949 notanda.
593 1907 748 1944 Primum,
764 1909 854 1958 quod
869 1910 984 1941 directe
1004 1917 1123 1950 spectat
1147 1911 1186 1941 ad
1210 1911 1356 1951 proposi-

294 1959 375 1989 tum,
399 1958 446 1983 est
468 1951 557 1992 quod
579 1959 745 1991 peccatum
768 1953 802 1984 in
825 1953 979 1994 Spiritum
1002 1955 1163 1991 Sanctum,
1181 1956 1357 1986 secundum

240 2002 242 2005 ’
295 2005 427 2028 omnem
443 1995 669 2037 acceptionem,
685 1997 882 2038 blasphemia
904 1999 1027 2036 dicitur,
1045 2009 1111 2029 non
1125 2000 1214 2040 quod
1230 1999 1358 2040 proprie

294 2041 458 2091 loquendo
474 2040 516 2070 sit
529 2041 561 2070 in
574 2041 677 2080 specie
693 2041 951 2082 blasphemiae-
931 2043 1019 2074 -nisi
1035 2044 1212 2074 secundum
1222 2044 1358 2085 primam

295 2083 522 2135 acceptionem,
540 2084 572 2114 in
594 2094 660 2125 qua
683 2086 848 2117 manifeste
871 2086 987 2118 falsum
1003 2088 1041 2118 de
1058 2088 1127 2118 Deo
1144 2088 1213 2119 Iesu
1231 2088 1359 2119 Christo
1385 2088 1387 2104 ’·

296 2129 410 2162 dicitur
431 2128 664 2170 ignominiose:
688 2138 818 2171 propter
839 2133 930 2172 quod
953 2132 1048 2163 etiam
1063 2132 1178 2162 iniuria
1193 2133 1226 2162 in
1242 2133 1359 2163 Filium

295 2173 437 2208 hominis
466 2173 611 2204 distincta
641 2182 750 2206 contra
779 2175 928 2206 iniuriam
955 2176 989 2206 in
1013 2176 1165 2216 Spiritum
1189 2177 1359 2213 Sanctum,

297 2219 392 2252 etiam
415 2217 610 2258 blasphemia
626 2218 739 2250 dicitur
755 2226 786 2250 et
810 2227 870 2251 est:
893 2239 913 2244 —
937 2221 992 2251 sed
1007 2230 1043 2251 ea
1058 2221 1179 2252 ratione
1195 2228 1360 2262 peccatum

297 2262 331 2293 in
353 2260 508 2303 Spiritum
525 2261 696 2300 Sanctum,
721 2264 993 2315 qualitercumque
1017 2272 1193 2305 sumptum,
1217 2265 1360 2306 blasphe-

299 2306 362 2337 mia
377 2305 500 2342 dicitur,
517 2305 591 2346 quia
607 2315 655 2337 est
670 2317 753 2348 opus
774 2309 966 2340 contrarium
982 2309 1112 2350 Spiritui
1128 2310 1259 2346 Sancto;
1281 2310 1362 2340 sicut

299 2360 316 2381 e
340 2354 495 2380 converso
517 2359 615 2380 omne
638 2360 721 2391 opus
744 2353 835 2393 pium
858 2353 1016 2384 confessio
1039 2353 1112 2384 fidei
1137 2361 1191 2390 est,
1212 2361 1248 2384 ut
1262 2354 1295 2384 in
1310 2354 1361 2384 lit-

298 2402 367 2426 tera
381 2394 517 2425 dicitur'
509 2403 543 2424 ιιι
558 2396 764 2434 responsione
776 2398 816 2427 ad
831 2397 983 2436 primum.
1000 2399 1090 2435 Quot
1103 2407 1242 2438 namque
1257 2398 1362 2429 modis

300 2437 413 2470 dicitur
436 2448 540 2469 unum
561 2440 797 2479 oppositorum,
822 2447 870 2472 tot
893 2441 1006 2472 dicitur
1028 2449 1059 2472 et
1081 2442 1250 2482 reliquum.

355 2482 393 2514 11.
418 2482 611 2519 Secundum,
636 2485 726 2525 quod
749 2485 898 2516 indirecte
922 2486 1066 2521 occurrit,
1084 2493 1130 2516 est
1148 2495 1185 2516 ex
1205 2486 1336 2522 Scoto‚'
1329 2495 1362 2515 ιιι

300 2536 373 2557 um
388 2526 459 2558 dist.
472 2527 499 2557 11
511 2527 610 2565 Sent.,
622 2538 675 2569 qu.
691 2540 723 2566 11,
737 2537 896 2569 arguente,
909 2529 1054 2570 quamvis
1070 2539 1134 2559 non
1147 2529 1321 2560 affirmante
1335 2529 1361 2564 *‚

301 2571 390 2612 quod
412 2572 560 2602 voluntas
583 2573 685 2612 possit
707 2573 786 2604 velle
810 2574 932 2604 malum
955 2573 1128 2603 formaliter
1147 2583 1184 2603 ex
1200 2580 1282 2604 certa
1297 2583 1362 2603 ma-

299 2614 366 2646 litia
389 2615 433 2646 sic
456 2616 545 2656 quod
568 2626 634 2647 non
657 2617 732 2648 velit
746 2618 826 2648 illud
842 2618 900 2648 sub
917 2617 1021 2658 aliqua
1037 2617 1156 2648 ratione
1175 2617 1252 2647 boni
1268 2617 1362 2648 etiam

301 2666 481 2700 apparente.
505 2661 619 2700 Arguit
633 2669 741 2693 autem
757 2662 932 2702 dupliciter.
956 2662 1074 2698 Primo,
1091 2661 1166 2702 quia
1181 2667 1364 2702 sequeretur

301 2703 390 2745 quod
411 2706 559 2736 voluntas
584 2713 685 2736 creata
709 2716 773 2737 non
797 2713 905 2746 posset
927 2706 1054 2736 tendere
1077 2706 1109 2735 in
1126 2705 1288 2736 obiectum
1304 2706 1362 2736 sub

301 2747 407 2789 aliqua
422 2749 542 2780 ratione
558 2750 617 2780 sub
633 2761 696 2791 qua
713 2760 777 2780 non
793 2757 900 2790 posset
915 2751 1040 2781 tendere
1053 2750 1199 2780 voluntas
1215 2750 1331 2780 divina.
1344 2767 1363 2772 -

300 2793 456 2824 Probatur
479 2794 615 2834 sequela.
645 2794 729 2832 Quia
753 2795 858 2825 divina
881 2795 1029 2826 voluntas
1053 2801 1157 2834 potest
1180 2795 1307 2824 tendere
1329 2794 1362 2824 in

302 2844 399 2867 omne
413 2838 538 2868 bonum
552 2839 746 2870 substratum
761 2838 806 2869 illi
831 2838 1030 2874 deformitati,
1048 2838 1120 2869 licet
1142 2848 1208 2868 non
1224 2837 1257 2868 in
1275 2838 1362 2868 illam

302 2880 457 2912 rationem
481 2881 618 2924 malitiae
642 2883 920 2914 concomitantem.

359 2924 508 2958 Secundo
530 2927 624 2966 quia,
648 2926 755 2967 posito
779 2927 868 2967 quod
892 2926 1144 2967 apprehendatur
1167 2926 1279 2956 odium
1304 2925 1363 2956 Dei

303 2969 342 2999 ab
365 2969 472 3011 aliqua
494 2971 636 3011 potentia
658 2971 846 3002 intellectiva
870 2978 971 3001 creata
994 2980 1058 3001 non
1083 2977 1213 3006 errante,
1238 2980 1274 3000 ex
1297 2980 1363 3011 quo

303 3023 369 3049 non
392 3021 482 3051 errat,
507 3016 649 3056 sequitur
671 3015 760 3056 quod
784 3025 850 3046 non
873 3015 1018 3045 ostendat
1040 3014 1152 3045 odium
1168 3014 1226 3045 Dei
1242 3014 1301 3046 sub
1316 3024 1364 3044 ra—

303 3057 390 3088 tione
413 3058 506 3096 boni,
531 3059 586 3090 sed
613 3066 738 3091 tantum
765 3059 850 3090 mali.
881 3059 922 3089 Et
949 3065 1024 3089 tunc
1052 3058 1104 3089 sic.
1129 3061 1195 3089 Aut
1217 3058 1363 3089 voluntas

304 3109 408 3142 potest
430 3102 510 3133 illud
532 3103 622 3139 velle,
638 3110 693 3134 aut
712 3113 788 3133 non.
813 3102 845 3134 Si
869 3110 974 3143 potest
989 3102 1068 3133 illud
1082 3102 1172 3139 velle,
1188 3109 1274 3143 patet
1290 3112 1363 3143 pro-

304 3145 462 3186 positum:
487 3147 562 3187 quia
585 3147 672 3178 nulla
696 3153 742 3177 est
755 3146 880 3178 bonitas
895 3147 928 3177 in
945 3147 1000 3176 illo
1017 3153 1088 3177 actu
1104 3146 1191 3186 prior
1205 3146 1276 3186 ipso
1293 3153 1364 3177 actu

304 3191 442 3221 volendi.
471 3191 503 3222 Si
526 3191 612 3221 enim
635 3190 810 3231 assignatur
832 3191 937 3231 aliqua
959 3191 1084 3220 bonitas
1107 3197 1236 3230 propter
1259 3197 1365 3222 actum

304 3235 442 3270 volendi,
467 3235 527 3265 hoc
551 3245 616 3265 non
641 3242 687 3265 est
705 3235 737 3265 in
755 3234 878 3266 obiecto
896 3242 931 3265 ut
945 3235 1102 3274 praecedit
1115 3241 1231 3271 actum,
1248 3234 1303 3266 sed
1319 3241 1365 3266 est

304 3280 337 3310 in
361 3279 431 3319 ipso
456 3286 490 3310 ut
513 3279 656 3319 sequitur
679 3285 786 3309 actum
809 3278 946 3309 volendi.
964 3295 984 3301 -
1000 3278 1032 3309 Si
1055 3286 1162 3309 autem
1178 3289 1244 3309 non
1261 3286 1365 3319 potest

305 3323 337 3354 in
361 3323 440 3353 illud
464 3323 585 3354 malum
609 3330 772 3353 ostensum
796 3322 855 3353 nisi
879 3323 937 3353 sub
966 3322 1070 3363 aliqua
1092 3323 1212 3354 ratione
1235 3323 1312 3354 boni
1335 3330 1365 3354 et

305 3377 370 3398 non
395 3367 486 3403 mali,
511 3377 585 3407 ergo
609 3367 658 3397 vel
687 3366 869 3407 simpliciter
899 3376 966 3397 non
996 3373 1101 3408 potest
1129 3367 1162 3397 in
1190 3367 1286 3404 illud;
1314 3367 1364 3397 vel

306 3418 431 3452 oportet
455 3412 610 3442 rationem
634 3421 700 3442 esse
719 3417 912 3441 excaecatam
936 3410 1023 3452 prius
1046 3411 1236 3442 naturaliter.
1266 3411 1364 3448 Quod

305 3455 427 3486 videtur
438 3455 676 3490 inconveniens;
695 3462 725 3485 et
741 3461 848 3486 contra
863 3454 1032 3486 articulum
1047 3454 1254 3486 Parisiensem
1264 3455 1290 3490 *,
1307 3455 1363 3495 qui

448 3517 557 3541 Sumam:
575 3517 676 3541 Timor..
696 3516 726 3539 D.
737 3515 850 3540 Tamus
870 3515 900 3539 T.
918 3516 948 3539 V.

1410 1875 1456 1898 est
1473 1873 1582 1898 contra
1601 1867 1680 1897 illud
1697 1867 1752 1897 Vll
1770 1867 1885 1904 Ethic„
1904 1877 1970 1906 cap.
1987 1877 2019 1896 111
2034 1867 2059 1903 *,
2077 1867 2188 1897 Stante
2210 1868 2333 1897 ratione
2357 1867 2387 1896 in
2404 1868 2473 1897 uni-

1411 1912 1530 1943 versali
1553 1917 1583 1942 et
1600 1912 1797 1951 particulari
1820 1918 1878 1941 etc.

1467 1956 1519 1986 111.
1533 1955 1594 1986 Sed
1606 1955 1682 1986 haec
1697 1961 1882 2006 argumenta
1898 1955 2018 1985 solvere
2035 1965 2100 1984 non
2117 1961 2163 1985 est
2179 1953 2313 1985 difficile.
2330 1954 2474 1985 Primum

1412 1999 1496 2030 enim
1520 2000 1743 2039 argumentum
1763 1999 1795 2029 in
1811 2009 1874 2029 sua·
1885 1999 2111 2039 consequentia
2130 2009 2196 2029 non
2211 1998 2309 2034 valet;
2334 2008 2391 2029 nec
2407 2001 2473 2029 eius

1412 2044 1558 2094 probatio
1570 2043 1676 2074 efficax
1692 2050 1747 2074 est.
1765 2044 1847 2081 Quia
1861 2050 1981 2083 praeter
1994 2050 2099 2074 actum
2116 2044 2310 2074 substratum
2326 2043 2472 2080 malitiae,

1411 2089 1444 2118 in
1460 2094 1589 2128 peccato
1607 2095 1653 2118 est
1675 2098 1829 2128 apparens
1845 2088 1969 2118 bonitas
1993 2087 2037 2117 illi
2054 2087 2194 2127 peccanti
2212 2097 2306 2120 nunc,
2323 2087 2383 2123 hic,
2402 2094 2471 2123 etc„

1412 2133 1445 2162 in
1468 2141 1576 2172 quam,
1601 2139 1636 2162 ut
1655 2132 1734 2162 ratio
1751 2139 1798 2162 est
1811 2132 1885 2162 huic
1901 2132 1999 2162 totius
2015 2139 2112 2168 actus,
2130 2142 2195 2162 non
2212 2138 2317 2171 potest
2340 2131 2411 2161 ferri
2428 2132 2473 2161 di-

1386 2195 1387 2205 ι
1413 2177 1485 2206 vina
1508 2177 1666 2212 voluntas,
1690 2176 1765 2216 quia
1788 2183 1824 2206 ut
1847 2177 1890 2207 sic
1914 2183 1960 2207 est
1982 2176 2060 2206 ratio
2085 2176 2245 2216 peccandi.
2271 2175 2362 2206 Unde
2382 2185 2474 2215 argu-

1413 2227 1559 2251 mentum
1577 2221 1610 2250 in
1626 2221 1752 2251 duobus
1769 2220 1895 2251 fallitur.
1919 2220 2036 2256 Primo,
2054 2221 2142 2261 quod
2158 2220 2311 2251 rationem
2329 2220 2403 2250 boni
2421 2221 2474 2250 ab—

1414 2265 1517 2295 solute
1541 2265 1695 2304 supponit
1714 2275 1790 2301 esse,
1804 2275 1877 2295 cum
1894 2271 2000 2299 tamen
2017 2264 2186 2305 respective
2208 2265 2336 2295 dicatur.
2365 2264 2475 2295 Unum

1415 2319 1553 2350 namque
1577 2316 1607 2339 et
1629 2309 1714 2339 idem
1739 2317 1784 2339 est
1806 2309 1930 2339 bonum
1954 2308 2009 2339 uni
2033 2316 2063 2339 et
2086 2309 2208 2339 malum
2224 2308 2320 2339 alteri.
2345 2310 2392 2338 Ac
2419 2318 2474 2349 per

1414 2354 1485 2390 hoc,
1507 2363 1661 2393 apparens
1685 2354 1806 2383 bonum
1833 2353 1888 2383 uni
1912 2363 1977 2383 non
1997 2360 2043 2383 est
2065 2362 2218 2393 apparens
2237 2354 2360 2383 bonum
2377 2352 2473 2383 alteri.

1414 2400 1461 2428 Ac
1484 2407 1541 2438 per
1563 2397 1635 2432 hoc,
1659 2406 1725 2427 non
1749 2404 1875 2437 oportet
1898 2397 1996 2437 quod,
2014 2397 2039 2427 si
2055 2397 2211 2437 peccatori
2231 2404 2317 2428 actus
2337 2396 2401 2427 odii
2417 2397 2475 2426 Dei

1415 2447 1563 2481 appareat
1586 2442 1704 2476 bonus,
1729 2442 1817 2481 quod
1842 2441 1936 2472 etiam
1966 2442 2035 2472 Deo
2059 2442 2160 2482 pdssit
2182 2450 2332 2481 apparere
2361 2441 2474 2471 bonus.

1414 2485 1560 2515 Amabile
1581 2484 1739 2525 siquidem
1762 2485 1889 2522 bonum,
1910 2487 2080 2525 unicuique
2102 2491 2208 2517 autem
2226 2486 2418 2525 proprium;
2442 2492 2476 2515 ut

1415 2528 1630 2568 Philosophus
1654 2528 1744 2564 dicit,
1769 2528 1802 2558 in
1824 2529 1895 2559 VIII
1918 2529 2051 2560 Etkic*.

1471 2571 1654 2602 Secundum
1678 2578 1724 2601 est
1747 2572 1836 2611 quod
1859 2582 1924 2602 non
1948 2572 2111 2612 distinguit
2134 2573 2214 2603 inter
2237 2572 2410 2603 bonitatem
2430 2583 2474 2602 se-

1416 2617 1558 2646 cundum
1588 2626 1631 2651 se,
1656 2622 1686 2646 et
1709 2622 1745 2645 ut
1768 2622 1814 2646 est
1837 2616 1915 2646 ratio
1939 2616 2008 2646 talis
2036 2623 2134 2647 actus.
2165 2617 2248 2646 Dato
2277 2616 2362 2646 enim
2386 2617 2474 2657 quod

1416 2660 1520 2690 omnis
1545 2660 1668 2690 bonitas
1684 2659 1723 2690 sit
1742 2659 1884 2690 amabilis
1907 2670 1924 2690 a
1947 2670 2164 2700 quocumque,
2181 2670 2247 2690 non
2267 2661 2409 2700 sequitur
2431 2668 2475 2691 ta-

1417 2714 1491 2734 men
1514 2704 1602 2744 quod
1623 2703 1661 2734 sit
1680 2704 1822 2734 amabilis
1844 2714 1862 2734 a
1877 2713 2084 2744 quocumque
2101 2711 2136 2735 ut
2159 2704 2239 2735 ratio
2257 2705 2361 2734 omnis
2385 2712 2473 2735 actus

1417 2748 1507 2779 cuius
1523 2754 1627 2788 potest
1642 2757 1709 2777 esse
1725 2748 1804 2778 ratio
1819 2748 1853 2777 in
1873 2757 2096 2789 quocumque:
2119 2749 2174 2778 sed
2197 2748 2302 2778 solum
2326 2749 2415 2788 quod
2437 2749 2477 2779 sit

1416 2792 1558 2823 amabilis
1581 2792 1619 2822 ab
1646 2801 1844 2832 unoquoque
1867 2792 2153 2832 proportionaliter.
2178 2792 2218 2823 Et
2242 2792 2316 2833 quia
2347 2802 2475 2832 peccare

1417 2836 1560 2867 consistit
1582 2836 1613 2866 in
1630 2835 1710 2866 velle
1731 2836 1906 2866 bonitatem
1921 2846 2027 2866 veram
2042 2836 2093 2866 vel
2108 2843 2312 2877 apparentem
2332 2843 2367 2867 ut
2382 2837 2475 2867 ratio-

1417 2891 1491 2911 nem
1508 2880 1582 2910 mali
1606 2887 1703 2916 actus,
1721 2880 1810 2920 quod
1829 2880 1935 2910 solum
1966 2880 2113 2911 convenit
2136 2880 2292 2911 voluntati
2315 2890 2440 2911 aversae
2459 2891 2477 2911 a

1417 2925 1600 2961 Deo;.ideo
1624 2935 1689 2954 non
1707 2924 1848 2964 sequitur
1862 2924 1951 2965 quod
1974 2925 2061 2955 Deus
2084 2924 2185 2964 possit
2203 2925 2282 2955 velle
2303 2925 2361 2955 sub
2378 2935 2414 2955 ea
2430 2935 2476 2955 ra-

1417 2970 1504 3000 tione
1519 2979 1583 3010 qua
1599 2975 1703 3008 potest
1717 2968 1864 2999 voluntas
1879 2975 1990 2999 creata.

1474 3013 1525 3044 lv.
1550 3013 1732 3044 Secundum
1759 3020 1866 3043 autern
1888 3019 2111 3052 argumentum
2135 3011 2240 3043 deficit
2262 3012 2377 3052 primo,
2402 3013 2477 3053 quia

1417 3057 1509 3098 ponit
1532 3058 1655 3088 malum
1677 3057 1845 3096 integrum,
1861 3057 1950 3098 quod
1972 3056 2114 3096 implicat
2137 3057 2202 3086 duo
2219 3056 2474 3087 contradictoria:

1417 3101 1552 3132 destruit
1575 3101 1659 3131 enim
1683 3100 1832 3141 seipsum,
1858 3101 1943 3141 apud
1966 3100 2206 3141 philosophiam
2221 3099 2249 3130 ’ᾗ
2274 3101 2369 3131 Ponit
2391 3101 2476 3131 enim

1418 3146 1530 3176 odium
1557 3145 1632 3182 Dei,
1658 3152 1693 3175 ut
1716 3152 1761 3175 est
1784 3145 1945 3175 obiectum
1972 3145 2178 3185 praeveniens
2209 3151 2315 3175 actum
2338 3144 2474 3180 volendi,

1418 3199 1485 3220 esse
1508 3196 1633 3220 tantum
1657 3190 1788 3220 malum.
1813 3189 1985 3220 Obiectum
2009 3189 2094 3219 enim
2114 3188 2255 3229 positum
2278 3188 2310 3218 in
2335 3189 2405 3219 solo
2428 3188 2475 3219 in-

1418 3234 1544 3265 tellectu
1561 3241 1591 3264 et
1605 3234 1638 3264 in
1655 3234 1725 3264 solo
1750 3243 1816 3264 esse
1840 3233 1996 3264 obiectivo
2019 3232 2202 3268 voluntatis,
2219 3232 2413 3272 impossibile
2431 3239 2477 3263 est

1418 3278 1507 3319 quod
1531 3278 1570 3308 sit
1592 3284 1716 3308 tantum
1740 3277 1877 3308 malurn:
1902 3276 2055 3318 quoniam
2079 3283 2205 3317 oportet
2220 3277 2378 3307 includere
2402 3276 2476 3306 sub-

1418 3329 1550 3354 stratum
1569 3329 1685 3352 actum.
1710 3321 1805 3352 Verbi
1821 3322 1927 3361 gratia,
1943 3321 1975 3351 in
1992 3321 2169 3361 proposit0,
2187 3321 2297 3351 odium
2313 3321 2372 3351 Dei
2389 3330 2476 3360 prae-

1418 3373 1575 3397 sentatum
1592 3366 1746 3396 voluntati
1770 3366 1903 3396 includit
1926 3365 1958 3396 in
1982 3375 2014 3396 se
2038 3372 2143 3396 actum
2165 3364 2337 3395 voluntatis
2359 3364 2415 3405 qui
2431 3371 2477 3395 est

1418 3410 1540 3446 odium,
1565 3417 1595 3441 et
1615 3409 1847 3440 deformitatem
1870 3409 1990 3440 ratione
2012 3409 2168 3440 indebitae
2187 3408 2344 3444 materiae,
2362 3407 2478 3439 scilicet

1419 3454 1486 3485 Dei.
1513 3454 1598 3485 Cum
1617 3455 1764 3485 voluntas
1788 3454 1820 3484 in
1844 3454 1905 3484 hoc
1922 3460 2087 3494 peccatum
2106 3452 2212 3488 fertur,
2230 3459 2317 3483 actus
2332 3452 2384 3483 ille
2401 3462 2476 3483 con-

2304 3512 2332 3537 15

2495 721 2559 743 'lad
2571 721 2625 744 Cor.
2632 727 2683 749 cap.
2690 727 2707 749 i,

2496 754 2555 770 vers.
2570 754 2606 775 2⁴-

2497 1357 2507 1368 '
2522 1357 2549 1379 D.
2564 1363 2616 1385 99⁰-

2499 1881 2709 1909 ⁸Num.9.-S.Th.

2501 1909 2552 1929 lect.
2568 1913 2603 1929 ιιι.

2502 2538 2576 2565 Cap.
2584 2544 2608 2564 n,
2618 2543 2681 2559 num.
2690 2544 2709 2564 ²;

2502 2570 2581 2612 {anfi}
2590 2570 2713 2617 Ιὲἓιωιιΐνῖ

2504 3112 2510 3118 ”
2535 3109 2606 3130 Arist.
2636 3108 2712 3130 Etlu'c.

2502 3135 2712 3163 lib.1V‚eap.v,

2502 3168 2569 3210 2¹¹3—
2558 3161 2600 3184 —S
2597 3151 2652 3183 Tm
2659 3162 2713 3183 leet.
