2892 4056
88 553 97 562 ‘
105 551 131 573 S.
139 551 183 572 Τὶι.
199 551 252 572 lect.
262 556 277 572 ι.
289 562 298 567 -

88 577 140 599 nid.
150 577 191 599 lib.
200 576 231 604 V,
245 582 298 604 οιρ.

90 619 96 630 ,
112 609 175 625 num.
190 609 214 630 4.

87 1607 179 1632 'Vun-
193 1612 231 1630 ιο.

91 1821 228 1852 amen.

1033 135 1297 182 QUAESTIO
1328 136 1396 182 lx,

325 214 501 245 secundum
523 212 659 243 rationes
682 212 853 244 inferiores.
878 214 946 243 Hae
970 219 1043 244 sunt
1066 213 1211 254 propriae
1233 220 1383 244 creatura-

324 267 396 288 rum
420 266 541 293 causae,
566 266 602 287 ex
625 257 740 296 quibus
764 257 917 288 iudicium
939 256 983 287 fit.

379 301 545 336 Secundo,
570 300 658 340 quod
681 300 713 330 in
740 301 946 341 responsione
969 301 1008 331 ad
1034 301 1161 331 tertium
1184 301 1312 340 secundi
1335 310 1383 330 ar-

324 344 412 376 ticuli
435 354 501 374 non
521 343 633 374 dicitur
655 344 744 384 quod
767 345 914 375 scientiae
944 344 1066 374 mediae
1097 351 1170 374 sunt
1193 344 1293 384 magis
1316 354 1384 374 ma-

324 387 509 419 thematicae
533 397 630 427 quam
654 389 824 419 naturales:
840 407 860 411 —
876 398 949 419 cum
973 387 1088 418 falsum
1112 388 1160 424 sit,
1177 388 1320 419 absolute
1335 388 1383 418 lo-

325 432 469 472 quendo:
493 431 568 471 quia
590 431 773 471 simpliciter
802 438 876 462 sunt
898 431 1044 462 scientiae
1072 431 1242 467 naturales,
1273 438 1384 472 utpote

325 485 392 506 non
414 475 625 505 abstrahentes
649 485 667 505 a
689 476 818 506 materia
841 475 994 511 sensibili;
1021 475 1126 505 omnis
1150 475 1235 505 enim
1258 475 1385 506 scientia

326 529 392 549 non
415 518 597 549 abstrahens
627 529 645 548 a
668 519 797 550 materia
819 518 957 549 sensibili
980 525 1026 548 est
1049 519 1213 555 naturalis,
1243 526 1278 549 ut
1300 526 1385 559 patet

325 562 368 593 VI
382 562 567 603 Metaphys.
578 562 596 580 ⁴*
612 562 673 593 Sed
684 563 797 594 dicitur
808 563 897 602 quod
913 567 1187 592 connumerantur
1198 565 1304 604 magis
1313 573 1383 594 cum

327 606 569 644 mathematicis,
595 612 701 647 utpote
721 608 767 638 eis
781 606 959 637 similiores.
984 605 1025 636 Et
1047 606 1084 636 de
1105 607 1385 637 connumeratione

1426 135 1721 172 ART1CULUS
1752 136 1782 171 11
2444 136 2491 182 75

1435 213 1566 253 quidem
1585 213 1693 253 liquet,
1714 213 1788 253 quia
1808 222 1881 243 cum
1900 212 2072 253 geometria
2091 219 2120 243 et
2136 212 2328 243 arithmetica
2351 213 2496 243 scientiae

1436 257 1558 286 mediae
1573 263 1780 287 numerantur
1795 257 1875 287 inter
1890 256 2032 287 liberales
2048 263 2137 286 artes.
2163 256 2211 286 De
2223 256 2425 287 similitudine
2442 267 2495 287 au-

1436 307 1501 331 tem
1523 300 1555 330 in
1578 301 1678 330 modo
1703 300 1940 331 demonstrandi
1963 300 2167 331 manifestum
2191 307 2246 336 est,
2269 301 2347 330 dum
2369 310 2496 331 mensu-

1437 344 1536 374 rando
1561 351 1591 374 et
1613 343 1847 384 quantificando
1872 344 2092 375 conclusiones
2116 351 2341 375 monstrantur.
2377 345 2497 374 Verum

1437 388 1512 428 quia
1532 388 1677 418 ‘medium
1697 395 1869 428 utrumque
1892 388 1973 428 sapit
1995 395 2183 424 extremum;
2208 395 2238 418 et
2260 387 2406 418 scientiae
2422 388 2497 418 istae

1438 442 1475 462 ex
1505 438 1591 471 parte
1616 431 1735 462 formae
1768 442 1804 462 ex
1827 432 2047 463 mathematica
2069 432 2199 462 veniunt
2229 438 2259 462 et
2289 432 2437 471 pendent,
2462 442 2499 462 ex

1438 482 1524 515 parte
1540 485 1614 505 vero
1631 475 1778 506 materiae
1799 476 1946 516 physicae
1961 483 2049 506 sunt:
2074 485 2234 506 sermones
2253 476 2431 506 Doctorum
2447 476 2498 515 pie

1438 519 1661 559 interpretandi
1685 526 1767 555 sunt,
1789 517 1816 549 'si
1836 520 1965 560 quando
1989 521 2028 550 ad
2054 520 2187 550 alterum
2211 526 2385 550 extremum
2405 519 2498 549 nimis

1439 563 1606 593 declinant.

1097 740 1411 782 ARTICULUS
1441 741 1738 782 SECUNDUS

853 827 1007 858 UTRUM
1031 827 1256 858 SCIENTIAE
1280 828 1437 859 DONUM
1459 828 1526 859 slT
1551 828 1682 859 CIRCA
1706 829 1784 859 RES
1807 829 1978 859 Dlvas

1096 901 1127 925 111
1145 901 1227 930 Sent„
1248 901 1307 926 dist.
1324 909 1394 932 xxxv,

363 986 377 1011 ι
398 991 423 1014 ,ε
466 997 514 1033 05(
541 983 564 1007 D
579 982 768 1008 SECUNDUM
783 983 836 1008 sm
851 982 1089 1008 paocsmrua.
1109 971 1268 1008 Videtur
1282 971 1387 1019 quod

398 1022 404 1027 ’
460 1014 510 1083 23ae
541 1022 719 1060 scientiae
753 1023 899 1060 donum
932 1023 978 1060 sit
1014 1023 1112 1060 circa
1140 1036 1199 1060 res
1228 1023 1386 1060 divinas.

348 1074 640 1129 1,(Dicit
667 1075 770 1113 enim
798 1076 1041 1124 Augustinus,
1062 1076 1151 1113 XIV
1169 1077 1215 1113 de
1237 1078 1273 1113 T
1269 1077 1339 1113 rin.
1355 1076 1386 1123 ³¹⁸,

385 1147 393 1158 -·
496 1121 646 1176 quod
672 1141 742 1177 per
769 1129 964 1166 scientiam
990 1129 1164 1179 gignitur
1180 1129 1292 1176 fides,
1320 1141 1387 1166 nu-

327 1181 438 1217 tritur
465 1186 499 1217 et
527 1182 740 1219 roboratur.
771 1182 849 1219 Sed
876 1182 973 1219 fides
1003 1190 1057 1219 est
1086 1182 1132 1219 de
1161 1182 1275 1219 rebus
1295 1182 1388 1219 divi-

327 1233 405 1270 nis:
436 1233 526 1282 quia
563 1234 757 1281 obiectum
793 1235 884 1272 fidei
917 1244 972 1271 est
1004 1234 1142 1271 veritas
1174 1234 1317 1283 prima,
1347 1243 1389 1272 ut

328 1339 376 1376 de
405 1339 519 1376 rebus
548 1339 697 1377 divinis.

382 1403 416 1429 2.
434 1393 667 1439 ΡΒΑΕΤΕΚΕΑ,
685 1393 831 1429 donum
847 1392 1023 1428 scientiae
1039 1399 1094 1428 est
1109 1392 1255 1440 dignius
1271 1404 1386 1441 quarn

327 1445 482 1482 scientia
501 1445 693 1493 acquisita.
715 1445 792 1481 Sed
812 1444 938 1493 aliqua
957 1444 1112 1481 scientia
1131 1444 1313 1493 acquisita
1332 1453 1388 1482 est

327 1497 426 1534 circa
441 1509 500 1534 res
515 1497 673 1544 divinas,
689 1498 784 1534 sicut
798 1497 952 1534 scientia
970 1497 1265 1546 metaphysicae.
1286 1498 1387 1545 Ergo
1415 1524 1416 1528 ,

327 1550 448 1587 multo
468 1550 588 1598 magis
604 1550 750 1587 donum
766 1550 944 1587 scientiae
961 1556 1016 1586 est
1031 1550 1129 1586 circa
1148 1563 1207 1587 res
1228 1550 1386 1587 divinas.
1415 1551 1416 1555 ’

383 1603 416 1640 3.
438 1604 671 1649 PRAETEREA,
692 1603 786 1640 sicut
814 1603 950 1640 dicitur
967 1604 1078 1639 Rom.
1100 1615 1109 1639 1
1128 1602 1160 1650 ²¹⁶,
1190 1603 1388 1640 invisibilia
1415 1606 1416 1613 ¹

326 1656 403 1692 Dei
420 1667 494 1704 per
520 1667 565 1692 ea
589 1657 810 1704 quaefacta
834 1662 920 1693 sunt
947 1655 1128 1692 intellecta
1156 1657 1389 1705 conspiciun-

327 1713 398 1746 tur.
423 1709 470 1746 Si
488 1708 599 1756 igitur
618 1716 673 1746 est
692 1709 846 1746 scientia
867 1709 965 1746 circa
984 1721 1044 1746 res
1063 1716 1219 1756 creatas,
1239 1710 1389 1746 videtur
1415 1715 1417 1744 ἓ

327 1761 433 1810 quod
462 1761 576 1799 etiam
605 1762 651 1798 sit
679 1763 776 1799 circa
805 1774 863 1799 res
892 1761 1051 1799 divinas.

382 1815 456 1852 SED
472 1826 619 1851 CONTRA
633 1827 699 1852 EST
714 1815 818 1864 quod
829 1814 1073 1863 Augustinus,
1083 1807 1171 1851 XIV
1186 1815 1231 1851 de
1244 1816 1280 1851 T
1276 1814 1386 1862 rin.*,
1415 1834 1417 1847 ι

329 1867 437 1904 dicit:
466 1868 611 1904 Rerum
631 1868 845 1905 divinarum
864 1868 1017 1905 scientia
1030 1868 1188 1916 proprie
1206 1868 1388 1916 sapientia

327 1926 581 1968 nuncupetur:
608 1922 864 1958 humanarum
893 1927 1017 1958 autem
1040 1921 1197 1969 proprie
1214 1922 1389 1958 scientiae

327 1985 464 2010 nomen
493 1973 666 2010 obtineat.
813 1971 818 1976 ’

379 2027 606 2063 stpomo
630 2038 813 2063 DICENDUM
840 2027 945 2075 quod
966 2034 1110 2063 certum
1138 2026 1321 2063 iudicium
1342 2027 1388 2063 de
1416 2038 1417 2057 1

326 2091 367 2116 re
395 2078 520 2127 aliqua
551 2079 715 2116 maxime
749 2079 859 2117 datur
887 2092 933 2116 ex
967 2092 1035 2116 sua
1070 2091 1195 2116 causa.
1225 2080 1274 2116 Et
1301 2079 1389 2116 ideo

327 2132 538 2169 secundum
567 2132 742 2170 ordinem
771 2145 972 2169 causarum
1001 2139 1152 2181 oportet
1181 2144 1262 2169 esse
1291 2132 1390 2170 ordi·
1416 2133 1417 2151 ³

326 2196 417 2222 nem
432 2184 677 2222 iudiciorum:
699 2185 794 2222 sicut
810 2185 912 2222 enim
929 2198 1043 2222 causa
1056 2185 1181 2234 prima
1202 2193 1256 2222 est
1276 2198 1390 2222 causa

328 2238 539 2284 secundae,
569 2238 618 2275 ita
645 2250 713 2287 per
741 2251 896 2276 causam
929 2239 1094 2287 primam
1129 2238 1314 2276 iudicatur
1342 2238 1389 2275 de
1416 2238 1418 2265 ³

329 2302 444 2326 causa
462 2291 641 2328 secunda.
667 2292 725 2328 De
746 2304 859 2328 causa
879 2299 1006 2329 autem
1026 2292 1150 2341 prima
1169 2304 1247 2328 non
1266 2299 1390 2340 potest

327 2342 483 2380 iudicari
502 2355 570 2391 per
589 2343 702 2380 aliam
722 2356 889 2381 causam.
915 2346 963 2381 Et
982 2345 1068 2382 ideo
1084 2345 1266 2382 iudicium
1287 2346 1390 2393 quod
1416 2353 1419 2384 ξ

327 2396 372 2432 fit
398 2407 467 2444 per
496 2408 650 2433 causam
678 2396 843 2444 primam
873 2405 927 2433 est
954 2398 1121 2445 primum
1146 2405 1182 2434 et
1199 2398 1390 2446 perfectis-

329 2448 482 2486 simum.
515 2450 555 2485 In
584 2449 640 2485 his
669 2457 797 2486 autem
818 2449 856 2486 in
875 2449 1014 2497 quibus
1033 2450 1174 2497 aliquid
1194 2457 1250 2486 est
1267 2451 1391 2509 perfe-

329 2501 552 2548 ctissimum,
573 2514 717 2539 nomen
733 2514 940 2538 commune
959 2502 1106 2550 generis
1126 2511 1392 2551 appropriatur
1417 2517 1419 2542 ;

327 2554 386 2591 his
401 2567 500 2603 quae
521 2555 701 2591 deficiunt
721 2567 743 2591 a
760 2551 1047 2603 perfectissimo,
1068 2555 1138 2603 ipsi
1158 2563 1286 2592 autem
1306 2567 1392 2603 per·

327 2607 533 2645 fectissimo
554 2608 753 2656 adaptatur
772 2608 874 2644 aliud
893 2608 1054 2656 speciale
1075 2621 1236 2645 nomen:
1265 2615 1308 2644 ut
1325 2620 1392 2656 pa-
1417 2605 1419 2617 ³

328 2667 382 2697 tet
399 2660 437 2697 in
465 2660 605 2709 logicis.
635 2661 739 2697 Nam
758 2660 797 2698 in
815 2673 953 2708 genere
974 2661 1278 2698 convertibilium
1300 2661 1391 2698 illud
1417 2670 1419 2673 ’

330 2714 435 2762 quod
463 2713 648 2761 significat
675 2714 776 2762 quod
792 2714 883 2762 quid
900 2719 962 2759 est,
983 2714 1136 2762 speciali
1156 2713 1312 2750 nomine
1332 2714 1392 2750 de·
1418 2727 1419 2730 ¹

317 2766 447 2814 finitio
481 2774 661 2803 vocatur:
691 2778 789 2815 quae
823 2772 955 2803 'autern
988 2767 1036 2804 ab
1062 2772 1079 2788 α
1105 2768 1180 2804 hoc
1213 2766 1392 2804 deficiunt
1417 2772 1419 2806 ἐ

329 2819 590 2856 convertibilia
618 2819 813 2856 existentia
836 2832 980 2857 nomen
1006 2832 1211 2857 commune
1240 2819 1311 2856 sibi
1332 2832 1388 2857 re-

330 2871 461 2918 tinent,
491 2872 629 2909 scilicet
656 2872 763 2920 quod
783 2873 944 2921 propria
973 2873 1158 2910 dicuntur.

385 2924 487 2971 Quia
514 2925 624 2973 igitur
642 2937 786 2962 nomen
805 2925 982 2963 scientiae
1001 2926 1180 2975 importat
1199 2925 1392 2974 quandam

332 2977 595 3014 certitudinem
623 2978 762 3024 iudicii,
791 2986 832 3015 ut
861 2978 1002 3015 dictum
1032 2988 1086 3016 est
1105 2979 1143 3025 *ς
1174 2979 1204 3016 si
1233 2979 1389 3028 quidem

333 3030 516 3067 certitudo
544 3030 670 3068 iudicii
698 3031 739 3068 fit
759 3029 774 3060 β
800 3043 869 3080 per
896 3031 1116 3069 altissimam
1138 3044 1304 3079 causam,
1326 3032 1392 3068 ha-

333 3083 397 3120 bet
425 3083 587 3132 speciale
616 3095 778 3130 nomen,
808 3084 914 3132 quod
942 3092 998 3121 est
1025 3085 1226 3134 sapientia:
1258 3084 1393 3122 dicitur

334 3135 436 3173 enirn
465 3136 614 3185 sapiens
643 3136 681 3173 in
709 3149 944 3186 unoquoque
973 3150 1110 3185 genere
1132 3138 1195 3187 qui
1216 3138 1322 3175 novit
1340 3138 1391 3175 al-

332 3189 517 3226 tissimam
546 3201 700 3226 causam
729 3189 825 3226 illius
853 3191 1012 3238 generis,
1033 3203 1102 3239 per
1126 3203 1241 3240 quam
1268 3198 1393 3240 potest

387 3321 414 3353 α)
434 3321 475 3346 ab.
492 3334 512 3340 —
529 3321 566 3345 ad
585 3321 654 3353 Hpir,
674 3321 700 3346 in
721 3321 767 3345 Pa.

387 3355 412 3388 β)
425 3357 468 3390 fit.
487 3369 506 3375 —-
522 3356 558 3381 sit
576 3356 684 3385 BGHL,
703 3363 770 3388 quae
786 3356 822 3389 fit
840 3356 871 3381 D.
888 3370 907 3375 —
926 3357 987 3381 Post
1004 3364 1112 3382 causam
1137 3365 1155 3381 ι(
1174 3357 1242 3382 addit
1257 3358 1327 3382 illius
1345 3364 1391 3390 ge·
1418 3383 1419 3396 ἵ

333 3392 418 3421 neris5
431 3392 469 3416 Pa
488 3392 584 3417 addunt
603 3392 673 3416 illius
690 3391 796 3424 generis
811 3399 862 3423 per
876 3399 955 3424 quam
965 3395 1055 3424 potest
1074 3393 1106 3417 de
1124 3393 1244 3418 omnibus
1263 3393 1390 3418 iudicare.
1418 3397 1419 3416 ς

385 3427 412 3461 γ)
432 3427 479 3451 vel.
497 3441 516 3446 —
534 3428 576 3452 vel
593 3428 677 3452 solum
698 3427 743 3452 Pa.

1414 909 1458 933 qu.
1476 909 1504 932 11,
1523 906 1569 926 art.
1591 901 1613 932 3,
1633 902 1682 934 qu⁸
1706 910 1726 926 1.

1413 975 1415 1044 Ι
1443 972 1490 1008 de
1519 971 1698 1008 omnibus
1727 971 1905 1009 iudicare.
1941 972 2168 1020 Simpliciter
2195 981 2322 1010 autem
2351 974 2500 1022 sapiens

1414 1045 1415 1072 ¹
1443 1023 1575 1060 dicitur
1602 1024 1666 1071 qui
1701 1024 1808 1061 novit
1836 1025 2055 1061 altissimam
2090 1037 2244 1062 causam
2273 1026 2499 1075 simpliciter,

1414 1073 1416 1127 l
1442 1076 1582 1113 scilicet
1609 1078 1748 1113 Deum.
1780 1078 1828 1113 Et
1847 1078 1933 1114 ideo
1954 1077 2117 1125 cognitio
2139 1078 2353 1115 divinarum
2374 1092 2501 1116 rerum

1413 1133 1415 1176 l
1441 1137 1601 1166 vocatur
1629 1129 1820 1178 sapientia.
1852 1130 2027 1178 Cognitio
2046 1143 2140 1167 vero
2162 1143 2288 1167 rerum
2316 1132 2501 1169 humana-

1414 1178 1416 1230 ᾖ
1442 1194 1528 1219 rum
1547 1190 1707 1219 vocatur
1726 1182 1891 1229 scientia,
1912 1183 2020 1232 quasi
2040 1184 2237 1220 communi
2256 1184 2411 1221 nomine
2432 1185 2502 1221 im-

1413 1234 1417 1298 i
1440 1242 1616 1284 portante
1636 1235 1899 1272 certitudinem
1928 1236 2056 1273 iudicii
2076 1237 2319 1285 appropriato
2340 1237 2389 1274 ad
2409 1238 2503 1274 iudi-

89 1294 193 1324 ἀπα.
207 1298 250 1319 ιη.
264 1300 280 1317 ι.
322 1286 477 1335 supra*
493 1286 666 1323 habitum
691 1295 758 1324 est.
788 1288 891 1335 Ergo
912 1295 948 1324 et
968 1287 1113 1324 donum
1134 1288 1311 1324 scientiae
1332 1295 1388 1324 est
1414 1302 1416 1348 ἱ
1442 1287 1543 1324 cium
1573 1288 1679 1335 quod
1705 1288 1749 1324 fit
1775 1300 1844 1337 per
1872 1301 2004 1326 causas
2024 1289 2222 1326 secundas.
2253 1291 2302 1326 Et
2330 1289 2429 1337 ideo,
2451 1291 2503 1327 sic

1414 1349 1416 1391 ξ
1442 1340 1663 1388 accipiendo
1690 1341 1868 1377 scientiae
1897 1354 2052 1389 nomen,
2081 1342 2235 1390 ponitur
2263 1343 2409 1379 donum
2430 1343 2503 1380 dis-

1414 1396 1416 1431 l
1441 1392 1599 1429 tinctum
1629 1405 1651 1429 a
1681 1393 1783 1430 dono
1813 1394 2030 1442 sapientiae.
2064 1395 2174 1432 Unde
2210 1395 2355 1432 donum
2386 1396 2503 1432 scien-

1414 1462 1416 1512 ᾖ
1441 1444 1515 1481 tiae
1544 1452 1599 1481 est
1618 1447 1743 1482 solum
1765 1446 1862 1482 circa
1891 1458 1949 1483 res
1969 1448 2169 1494 humanas,
2196 1448 2259 1484 vel
2278 1453 2294 1475 Υ
2318 1448 2415 1484 circa
2445 1461 2503 1485 res

1444 1505 1598 1534 creatas.

1496 1552 1554 1586 AD
1588 1561 1725 1587 ptumum
1759 1561 1857 1587 ERGO
1889 1562 2072 1588 DICENDUM
2105 1551 2230 1600 quod,
2265 1552 2351 1588 licet
2384 1563 2428 1589 ea
2457 1553 2504 1589 de

1415 1668 1417 1683 ³
1442 1655 1524 1704 ipsa
1552 1656 1649 1693 fides
1678 1663 1733 1692 est
1761 1656 1958 1704 quoddam
1987 1657 2196 1705 temporale
2218 1657 2257 1694 in
2276 1657 2405 1694 animo
2427 1670 2504 1694 cre-

1416 1757 1417 1760 *
1444 1709 1576 1746 dentis.
1608 1710 1656 1745 Et
1684 1709 1769 1745 ideo
1799 1709 1893 1746 scire
1922 1709 2013 1757 quid
2033 1708 2046 1731 ὅ
2075 1710 2309 1747 credendum
2329 1710 2375 1747 sit
2393 1711 2506 1759 perti-

1415 1767 1417 1788 ³
1443 1771 1507 1799 net
1535 1762 1583 1798 ad
1617 1762 1763 1799 donum
1795 1762 1983 1799 scientiae.
2024 1763 2128 1800 Scire
2157 1771 2284 1800 autern
2318 1763 2418 1812 ipsas
2446 1776 2506 1800 res

1444 1814 1603 1851 creditas
1623 1814 1836 1851 secundum
1857 1815 2000 1864 seipsas
2019 1828 2088 1864 per
2106 1816 2301 1864 quandam
2321 1816 2504 1853 unionem

1444 1868 1493 1905 ad
1521 1867 1621 1916 ipsas
1640 1873 1652 1888 ε
1679 1868 1840 1916 pertinet
1872 1869 1920 1905 ad
1959 1869 2103 1905 donum
2141 1869 2358 1917 sapientiae.
2394 1869 2506 1906 Unde

1416 1934 1417 1972 ᾗ
1444 1921 1591 1958 donum
1621 1921 1826 1969 sapientiae
1855 1921 1976 1969 magis
2000 1922 2206 1970 respondet
2225 1922 2378 1968 caritati,
2397 1934 2507 1970 -quae

1416 1982 1417 2016 l
1443 1973 1523 2010 unit
1550 1981 1718 2010 mentem
1753 1974 1919 2010 hominis
1948 1975 2047 2011 Deo.

1497 2028 1556 2063 AD
1576 2038 1766 2063 SECUNDUM
1785 2038 1969 2063 DICENDUM
1989 2027 2093 2075 quod
2114 2027 2208 2064 ratio
2228 2026 2316 2063 illa<
2336 2027 2508 2075 procedit

1416 2084 1418 2130 ξ
1445 2079 1656 2116 secundum
1677 2079 1782 2128 quod
1802 2092 1946 2116 nomen
1966 2080 2144 2117 scientiae
2174 2080 2428 2117 communiter
2447 2092 2507 2116 su-

1447 2133 1570 2169 mitur.
1611 2132 1673 2169 Sic
1701 2140 1829 2169 autem
1867 2132 2020 2169 scientia
2053 2145 2132 2170 non
2164 2133 2317 2182 ponitur
2345 2132 2507 2181 speciale

1416 2183 1418 2224 ἓ
1445 2186 1604 2232 donum,
1635 2186 1703 2222 sed
1731 2186 1944 2223 secundum
1971 2187 2075 2234 quod
2095 2186 2326 2234 restringitur
2345 2185 2393 2222 ad
2414 2185 2508 2222 iudi-

1445 2239 1547 2275 cium
1575 2238 1679 2287 quod
1708 2239 1750 2275 fit
1778 2251 1846 2286 per
1873 2251 1933 2275 res
1962 2247 2118 2275 creatas.

1416 2305 1418 2320 <
1498 2293 1557 2328 AD
1586 2303 1745 2328 TERTIUM
1779 2303 1962 2328 manDUM
1991 2292 2113 2340 quod,
2144 2292 2239 2328 sicut
2271 2303 2384 2339 supra
2405 2291 2423 2311 *
2454 2290 2508 2327 di-

1446 2352 1549 2381 ctum
1570 2352 1637 2391 est,
1658 2344 1814 2393 quilibet
1833 2345 2111 2392 cognoscitivus
2130 2344 2281 2381 habitus
2302 2343 2509 2380 formaliter

1445 2397 1602 2446 quidem
1623 2397 1773 2445 respicit
1796 2397 1967 2434 medium
1987 2410 2057 2446 per
2075 2398 2180 2446 quod
2200 2396 2341 2445 aliquid
2370 2408 2509 2443 cogno-

1443 1603 1582 1650 quibus
1599 1610 1653 1639 est
1666 1603 1763 1639 fides
1779 1603 1852 1639 sint
1872 1615 1930 1640 res
1947 1604 2098 1640 divinae
2119 1612 2155 1641 et
2173 1612 2360 1651 aeternae,
2376 1613 2505 1642 tamen
2548 1605 2557 1615 ⁸

2538 2300 2545 2307 ¹
2561 2297 2609 2325 Qu.
2624 2304 2640 2324 ι,
2655 2302 2698 2319 art.
2712 2304 2727 2320 1.

1445 2450 1580 2495 scitur,
1611 2449 1852 2486 materialiter
1879 2458 2007 2486 autem
2037 2451 2075 2487 id
2099 2447 2208 2498 'quod
2240 2462 2310 2497 per
2337 2449 2507 2486 medium
2558 2471 2562 2477 -

1446 2502 1697 2550 cognoscitur.
1728 2503 1776 2538 Et
1796 2502 1883 2550 quia
1912 2503 1949 2539 id
1977 2503 2083 2550 quod
2113 2511 2167 2539 est
2195 2503 2354 2538 formale
2382 2502 2508 2550 potius

1447 2563 1512 2601 est,
1533 2555 1620 2591 ideo
1641 2554 1725 2591 illae
1755 2554 1932 2591 scientiae
1961 2567 2060 2602 quae
2081 2568 2125 2591 ex
2144 2555 2335 2603 principiis
2363 2555 2509 2591 mathe-

1445 2607 1590 2644 maticis
1607 2607 1840 2644 concludunt
1856 2607 1954 2646 circa
1971 2608 2170 2645 materiam
2189 2608 2412 2654 naturalem,
2429 2619 2508 2643 ma-

1445 2661 1500 2708 gis
1521 2672 1608 2697 cum
1633 2660 1910 2697 mathematicis
1941 2668 2274 2707 connumerantur,
2304 2667 2435 2708 utpote
2455 2659 2508 2696 eis

1446 2713 1645 2750 similiores
1674 2713 1710 2749 *ε
1741 2713 1826 2750 licet
1864 2721 2048 2762 quantum
2077 2714 2125 2750 ad
2162 2712 2359 2750 materiam
2388 2712 2508 2760 magis

1447 2766 1677 2804 conveniant
1705 2778 1792 2803 cum
1820 2767 1994 2813 naturali,
2026 2775 2062 2804 et
2087 2774 2243 2815 propter
2271 2767 2346 2802 hoc
2375 2765 2509 2802 dicitur

1417 2823 1419 2868 ᾗ
1446 2820 1484 2856 in
1500 2821 1531 2856 II
1550 2819 1699 2867 Physic.
1711 2819 1731 2841 ’¹‘
1746 2820 1851 2867 quod
1872 2828 1958 2856 sunt
1977 2820 2101 2869 magis
2121 2818 2322 2856 naturales.
2344 2819 2392 2855 Et
2406 2818 2506 2865 ideo,

1417 2875 1419 2911 ἐ
1447 2885 1534 2910 cum
1554 2873 1674 2908 horno
1690 2884 1759 2921 per
1778 2885 1837 2909 res
1858 2880 2001 2909 creatas
2016 2874 2145 2910 Deum
2166 2871 2370 2919 cognoscit,
2388 2871 2508 2918 magis

1444 2926 1595 2963 videtur
1613 2925 1688 2961 hoc
1716 2925 1903 2974 pertinere
1923 2926 1972 2963 ad
1991 2925 2196 2972 scientiam,
2217 2925 2266 2962 ad
2287 2936 2404 2972 quarn
2423 2936 2508 2972 per-

1417 2975 1420 3036 .
1445 2980 1537 3016 tinet
1565 2978 1788 3026 formaliter,
1819 2991 1935 3027 quam
1965 2979 2014 3016 ad
2043 2978 2284 3027 sapientiam,
2314 2977 2363 3014 ad
2391 2989 2507 3025 quam

1417 3040 1419 3058 2
1446 3031 1606 3081 pertinet
1634 3031 1885 3069 materialiter.
1916 3033 1964 3068 Et
1993 3044 2012 3068 e
2038 3043 2238 3077 converSO,
2260 3043 2346 3067 cum
2374 3042 2508 3067 secun—

1446 3087 1539 3123 dum
1568 3097 1627 3121 res
1666 3084 1812 3121 divinas
1845 3084 2058 3122 iudicamus
2083 3090 2100 3112 η
2131 3085 2178 3122 de
2211 3084 2325 3120 rebus
2354 3083 2506 3129 creatis,

1445 3138 1566 3186 magis
1594 3138 1668 3175 hoc
1689 3138 1736 3175 ad
1762 3137 1984 3186 sapientiam
2005 3150 2122 3186 quam
2143 3138 2190 3175 ad
2211 3136 2403 3173 scientiam
2424 3147 2507 3184 per-

1445 3198 1551 3228 tlnet.

1417 3323 1420 3379 Ι
1498 3322 1523 3355 ὃ)
1543 3323 1615 3355 quid.
1634 3336 1653 3341 -
1671 3323 1743 3354 quod
1761 3322 1949 3354 ABDEFHpK.

1499 3359 1521 3389 ε)
1542 3358 1621 3390 ipsas.
1640 3371 1658 3376 -
1677 3358 1734 3389 ipsa
1753 3357 1959 3388 ABGEHKan,
1979 3357 2062 3389 ipsam
2083 3357 2148 3382 FGI.

1497 3393 1523 3425 ζ)
1543 3393 1598 3418 ina.
1616 3407 1634 3412 -
1648 3393 1741 3425 prima
1761 3393 1788 3417 Ρ.

1497 3429 1523 3460 η)
1544 3428 1702 3453 iudicamus.
1721 3443 1738 3446 -
1757 3428 1902 3453 iudicemus
1921 3428 2202 3453 ABCEFGHIKana.

2536 2726 2543 2733 ·
2561 2724 2588 2745 D.
2603 2730 2645 2751 251.
2659 2735 2670 2740 —
2687 2725 2746 2746 Vide

2536 2750 2744 2773 Comment.Caiet.

2537 2781 2596 2804 post.
2613 2781 2655 2799 nrt.
2671 2784 2686 2799 ι.

2536 2833 2617 2881 ..crit
2625 2840 2682 2882 1221?
2687 2841 2722 2862 ⁵
2736 2845 2746 2850 “
