2892 4056
199 2133 210 2143 ⁸
224 2132 291 2155 Vers.
307 2133 329 2155 6.

201 2401 209 2410 '
225 2400 307 2436 Qrdin.

445 203 496 238 40

1171 192 1436 237 QUAESTIO
1468 194 1533 239 ΙΙΙ,
1563 193 1857 229 ARTICULUS
1888 195 1900 229 l

1151 399 1562 474 QUAESTIO
1601 397 1916 453 TERTIA

1021 516 1113 555 DE
1159 515 1560 557 EXTERIORI
1608 516 1799 558 ACTU
1846 516 2043 557 FIDEI

1271 632 1304 656 IN
1334 632 1428 657 DUOS
1455 632 1657 657 ARTICULOS
1685 632 1802 657 DIVISA

529 728 636 752 ElNDE
676 716 998 753 considerandum
1032 724 1088 753 est
1122 717 1170 753 de
1205 717 1378 754 exteriori
1410 718 1500 755 fidei

447 726 629 816 Dactu‚
659 769 724 817 qui
753 777 808 805 est
837 769 1024 806 confessio
1045 769 1075 806 ²¹⁶.

444 822 493 858 Et
522 822 618 858 circa
646 823 721 858 hoc
749 830 984 870 quaeruntur
1013 822 1103 859 duo.

1612 718 1762 755 Primo:
1791 727 1917 756 utrum
1946 718 2134 756 confessio
2165 718 2210 755 sit
2239 727 2345 756 actus
2373 718 2476 756 fidei.

1614 771 1813 809 Secundo:
1852 780 1978 809 utrum
2014 771 2203 809 confessio
2225 777 2241 792 α
2261 772 2307 808 sit
2335 772 2548 809 necessaria
2576 773 2624 809 ad

1668 825 1842 862 salutem.

1259 932 1575 975 ARTICULUS
1606 933 1812 975 PRIMUS

1129 1017 1285 1047 UTRUM
1308 1017 1546 1049 CONFESSIO
1571 1018 1637 1069 SIT
1661 1018 1805 1050 ACTUS
1829 1019 1941 1049 F1DE1

1005 1094 1038 1118 IV
1059 1095 1142 1123 Sent„
1163 1095 1221 1120 dist.
1240 1103 1300 1125 xvn,
1320 1103 1364 1128 qn.
1385 1103 1422 1126 ιιι,
1442 1101 1488 1120 art.
1510 1103 1533 1126 2,
1553 1097 1602 1129 qu²²
1623 1096 1652 1128 33
1670 1098 1714 1122 Ad
1731 1097 1819 1129 Rom„
1840 1105 1895 1130 cap.
1915 1106 1938 1127 x,
1957 1098 2014 1123 lect.
2034 1106 2061 1123 ιι.

481 1184 541 1217 19⁵
564 1195 605 1217 a:
656 1176 677 1201 D
707 1176 843 1201 PRlMUM
872 1176 925 1201 stc
954 1176 1194 1202 PROCEDITUR.
1221 1166 1380 1202 Videtur
1402 1167 1506 1213 quod

656 1217 843 1255 confessio
869 1229 947 1254 non
968 1218 1012 1254 sit
1032 1226 1136 1255 actus
1156 1219 1258 1255 fidei.
1290 1220 1381 1255 Non
1403 1219 1505 1255 enim

598 1278 626 1321 ‘ff
640 1270 757 1307 idern
776 1278 881 1307 actus
899 1271 1061 1318 pertinet
1080 1272 1127 1308 ad
1149 1271 1317 1308 diversas
1335 1271 1503 1308 virtutes.

614 1317 733 1363 x&Sed
762 1323 949 1361 confessio
969 1324 1130 1372 pertinet
1150 1324 1198 1362 ad
1217 1324 1505 1373 poenitentiam,

441 1377 546 1414 cuius
576 1377 730 1425 ponitur
755 1389 856 1426 pars.
887 1378 989 1424 Ergo
1009 1389 1088 1415 non
1118 1386 1173 1415 est
1193 1386 1298 1425 actus
1317 1378 1420 1415 fidei.

495 1441 529 1467 2.
560 1431 792 1478 Pmerenm,
814 1432 863 1468 ab
879 1430 894 1460 β
912 1431 987 1467 hoc
1013 1431 1118 1481 quod
1136 1432 1258 1469 homo
1279 1432 1506 1468 confiteatur

439 1484 559 1521 fidem
581 1483 779 1522 retrahitur
798 1484 989 1522 interdum
1008 1497 1078 1534 per
1097 1486 1288 1532 timorem,
1308 1486 1370 1522 vel
1391 1484 1505 1523 etiam

439 1546 596 1587 propter
624 1537 790 1586 aliquam
821 1538 1107 1576 confusionem:
1143 1540 1244 1576 unde
1275 1546 1310 1575 et
1339 1541 1503 1587 Aposto-

438 1593 512 1639 lus,
542 1593 593 1629 ad
608 1593 744 1641 Ephes.
773 1593 839 1629 ult.
863 1591 899 1639 ⁹¹²,
924 1593 1015 1640 petit
1042 1592 1143 1630 orari
1169 1605 1239 1641 pro
1265 1605 1305 1628 se
1331 1601 1372 1630 ut
1395 1593 1505 1630 detur

439 1645 510 1682 sibi
538 1658 624 1682 cum
641 1645 790 1694 fiducia
819 1651 947 1682 notum
964 1648 1104 1695 facere
1131 1646 1353 1695 mysterium
1375 1647 1504 1683 Evan-

432 1699 539 1748 getii.
571 1699 648 1736 Sed
676 1711 755 1736 non
783 1699 961 1736 recedere
997 1712 1019 1736 a
1047 1701 1151 1737 bono
1184 1707 1340 1749 propter
1373 1701 1504 1737 confu-

438 1754 587 1790 sionem
623 1752 685 1788 vel
722 1752 900 1790 timorem
938 1754 1100 1801 pertinet
1136 1753 1184 1790 ad
1222 1753 1502 1800 fortitudinem,

438 1819 535 1855 quae
567 1805 789 1843 moderatur
825 1807 1002 1843 audacias
1040 1815 1076 1844 et
1111 1806 1279 1844 timores.
1320 1807 1421 1855 Ergo
1449 1808 1504 1844 vi-

439 1860 548 1897 detur
586 1859 691 1909 quod
729 1859 917 1897 confessio
956 1871 1034 1896 non
1069 1859 1115 1897 sit
1151 1868 1256 1898 actus
1285 1860 1396 1908 fidei,
1436 1861 1503 1898 sed

438 1914 557 1961 magis
586 1911 812 1950 fortitudinis
839 1913 903 1950 vel
932 1913 1177 1951 constantiae.

493 1968 527 2003 3.
557 1967 799 2013 PRAETEREA‚
835 1967 932 2004 sicut
960 1979 1027 2016 per
1055 1967 1147 2004 fidei
1175 1967 1366 2003 fervorem
1395 1966 1504 2003 indu-

438 2020 533 2057 citur
561 2020 694 2068 aliquis
723 2022 770 2057 ad
800 2021 1062 2058 confitendum
1092 2020 1210 2057 fidem
1241 2019 1423 2066 exterius,
1454 2020 1503 2057 ita

438 2074 551 2110 etiam
581 2073 769 2111 inducitur
790 2074 838 2111 ad
859 2074 930 2111 alia
961 2074 1146 2112 exteriora
1174 2074 1277 2110 bona
1306 2085 1423 2122 opera
1451 2074 1504 2110 fa-

439 2126 592 2164 cienda:
633 2127 768 2164 dicitur
805 2127 908 2164 enim
950 2128 1033 2165 Gal.
1064 2140 1086 2163 v
1111 2128 1131 2148 '¹‘
1166 2126 1272 2176 quod
1307 2128 1401 2171 fides
1431 2139 1505 2175 per

437 2181 669 2218 dilectionem
708 2187 897 2229 operatur.
938 2182 1015 2218 Sed
1054 2181 1126 2218 alia
1164 2180 1349 2218 exteriora
1387 2192 1504 2229 opera

438 2247 517 2272 non
554 2242 747 2284 ponuntur
789 2242 895 2272 actus
936 2235 1039 2272 fidei.
1084 2235 1186 2282 Ergo
1227 2234 1340 2271 etiam
1378 2246 1503 2282 neque

439 2288 640 2325 confessio.

493 2342 567 2378 SED
593 2351 737 2377 CONTRA
761 2352 827 2377 EST
855 2339 972 2389 quod,
1002 2341 1034 2376 II
1064 2340 1115 2376 ad
1145 2340 1269 2376 Thess.
1296 2351 1305 2375 1
1329 2339 1364 2385 ²¹⁶,
1389 2351 1504 2388 super

438 2394 542 2441 illud,
572 2400 608 2431 et
634 2405 726 2442 opus
743 2393 842 2440 fidei
863 2394 900 2430 in
920 2394 1067 2439 virtute,
1089 2392 1177 2429 dicit
1197 2393 1334 2429 Glossa
1352 2392 1388 2429 *z
1414 2393 1505 2430 idest

439 2448 722 2495 consessionem,
752 2458 849 2495 quae
870 2446 1028 2495 proprie
1055 2451 1110 2483 est
1135 2457 1228 2494 opus
1244 2445 1352 2494 fidei.

492 2502 718 2539 RESPONDEO
733 2512 918 2538 DlCENDUM
938 2498 1044 2549 quod
1063 2507 1169 2536 aetus
1190 2498 1393 2535 exteriores
1407 2498 1504 2535 illius

439 2554 588 2593 virtutis
607 2554 760 2604 proprie
779 2562 866 2592 sunt
885 2561 990 2590 actus
1010 2552 1058 2590 ad
1088 2551 1194 2589 cuius
1220 2552 1317 2589 fines
1336 2556 1351 2579 Υ
1371 2564 1504 2588 secun-

439 2609 531 2646 dum
561 2621 649 2646 suas
678 2607 823 2657 species
856 2608 1088 2645 referuntur:
1123 2605 1219 2642 sicut
1251 2605 1419 2642 ieiunare
1447 2617 1504 2641 se·

439 2663 609 2700 cundum
638 2673 747 2699 suam
777 2660 945 2710 speciem
981 2659 1139 2696 refertur
1168 2659 1217 2696 ad
1244 2659 1363 2696 finem
1393 2658 1504 2695 absti-

439 2716 610 2762 nentiae,
649 2727 746 2765 quae
777 2721 831 2751 est
861 2724 1106 2762 compescere
1136 2723 1312 2758 carnem,
1352 2719 1388 2748 et
1416 2710 1503 2747 ideo

440 2777 494 2807 est
523 2777 627 2806 actus
666 2767 923 2806 abstinentiae.
964 2765 1163 2804 Confessio
1203 2772 1330 2802 autem
1369 2776 1503 2801 eorum

494 2892 521 2924 α)
540 2891 677 2925 consessio.
695 2905 714 2910 -
726 2891 794 2924 fidei
812 2890 881 2915 addit
899 2890 928 2914 P.

495 2926 519 2960 β)
539 2927 581 2952 ab.
599 2941 615 2946 -
635 2927 671 2951 ad
689 2926 867 2955 PCGHana,
883 2932 934 2957 per
954 2925 985 2949 D.

493 2964 519 2996 γ)
539 2962 842 2994 cuiusfines.-quorum
850 2961 921 2993 fines
938 2959 1036 2988 DGKn‚
1046 2966 1112 2991 quas
1127 2959 1281 2991 H‚quarum
1294 2958 1365 2990 fines
1376 2962 1424 2982 cet.
1440 2962 1464 2981 et
1479 2964 1503 2980 a.

1561 1180 1660 1215 quae
1695 1177 1782 1205 sunt
1818 1168 1910 1206 fidei
1946 1168 2160 1206 secundum
2189 1180 2299 1206 suam
2328 1167 2496 1216 speciem
2526 1151 2625 1209 ordi-

1561 1227 1672 1256 natur
1700 1220 1795 1257 sicut
1826 1221 1876 1258 ad
1903 1222 2022 1258 finem
2057 1222 2106 1258 ad
2138 1221 2177 1258 id
2205 1221 2310 1270 quod
2344 1228 2400 1258 est
2427 1219 2538 1257 fidei:
2568 1231 2625 1256 se-

1561 1272 1730 1310 cundum
1759 1273 1850 1311 illud
1880 1275 1911 1309 ΙΙ
1941 1274 1992 1311 ad
2018 1274 2105 1311 Cor.
2126 1286 2162 1310 ιν
2180 1273 2216 1320 *,
2243 1274 2439 1310 Habentes
2465 1273 2624 1310 eundem

1559 1326 1730 1374 spiritum
1756 1327 1854 1374 fidei
1885 1327 2095 1364 credimus.-
2122 1332 2280 1375 propter
2312 1327 2414 1375 quod
2442 1332 2478 1363 et
2508 1325 2627 1373 loqui-

2652 1278 2662 1289 ‘
2677 1277 2744 1300 Vm.
2759 1284 2790 1307 ¹³·

1560 1391 1668 1416 mur:
1699 1379 1860 1416 exterior
1889 1380 1990 1417 enim
2018 1380 2160 1417 locutio
2189 1379 2386 1417 ordinatur
2413 1379 2463 1416 ad
2485 1377 2627 1426 signifi·
2679 1421 2681 1426 ,

1561 1432 1727 1470 candum
1748 1432 1785 1470 id
1806 1433 1911 1482 quod
1935 1433 1974 1470 in
1993 1433 2109 1470 corde
2138 1432 2361 1482 concipitur.
2391 1432 2502 1470 Unde
2532 1430 2628 1468 sicut

1561 1494 1769 1534 conceptus
1789 1485 1942 1523 interior
1962 1498 2096 1524 eorum
2122 1498 2220 1535 quae
2245 1494 2332 1523 sunt
2354 1485 2446 1524 fidei
2466 1491 2523 1522 est
2540 1495 2627 1532 pro·

1559 1538 1639 1587 prie
1659 1539 1751 1576 fidei
1770 1547 1887 1587 actus,
1907 1539 1958 1577 ita
1978 1539 2091 1576 etiam
2112 1547 2148 1576 et
2166 1537 2180 1561 δ
2200 1539 2361 1576 exterior
2380 1537 2580 1576 confessio.
2620 1547 2626 1552 ·
2666 1545 2680 1551 ⁸

1612 1594 1671 1629 An
1692 1605 1829 1630 PR1MUM
1848 1605 1946 1630 ERGO
1967 1605 2152 1631 DlCENDUM
2179 1592 2285 1641 quod
2304 1592 2436 1641 triplex
2457 1599 2514 1629 est
2537 1602 2626 1628 con-

1559 1645 1673 1683 fessio
1703 1658 1801 1695 quae
1829 1646 1867 1683 in
1894 1646 2094 1695 Scripturis
2122 1646 2308 1683 laudatur.
2337 1646 2423 1683 Una
2453 1653 2508 1690 est
2535 1655 2627 1680 eon-

1559 1699 1672 1736 fessio
1693 1711 1829 1736 eorum
1850 1711 1949 1747 quae
1974 1707 2061 1737 sunt
2078 1699 2181 1737 fidei.
2211 1700 2261 1736 Et
2279 1699 2349 1737 ista
2369 1705 2426 1736 est
2448 1696 2625 1748 proprius

1559 1759 1665 1790 actus
1693 1752 1804 1800 fidei,
1842 1760 1974 1801 utpote
2009 1753 2125 1790 relata
2157 1752 2204 1789 ad
2232 1751 2323 1790 fidei
2351 1751 2493 1799 finem,
2530 1749 2626 1787 sicut

1559 1805 1702 1842 dictum
1729 1813 1784 1842 est
1802 1805 1833 1842 ²⁸.
1850 1827 1874 1833 -
1891 1806 1974 1842 Alia
1993 1813 2049 1843 est
2069 1805 2256 1844 confessio
2281 1805 2486 1853 gratiarum
2510 1804 2625 1841 actio-

1559 1858 1616 1895 nis
1649 1858 1730 1895 sive
1767 1858 1900 1896 laudis.
1940 1859 1989 1895 Et
2022 1859 2091 1895 ista
2120 1865 2175 1896 est
2207 1866 2311 1896 actus
2343 1859 2490 1896 latriae:
2526 1856 2626 1894 ordi-

1559 1919 1670 1948 natur
1699 1911 1800 1948 enim
1834 1912 1883 1948 ad
1915 1912 2103 1948 honorem
2132 1913 2217 1948 Deo
2252 1911 2414 1948 exterius
2448 1909 2626 1948 exhiben-

1559 1965 1664 2012 dum,
1686 1965 1791 2013 quod
1821 1972 1876 2002 est
1904 1964 1990 2002 finis
2011 1965 2153 2002 latriae.
2170 1986 2194 1992 -
2210 1965 2340 2002 Tertia
2361 1963 2625 2002 est'confessio

1557 2026 1817 2067 peccatorum,
1858 2018 1907 2054 Et
1943 2018 2039 2054 haec
2077 2017 2272 2056 ordinatur
2308 2017 2356 2055 ad
2395 2017 2626 2056 deletionem

1558 2072 1723 2121 peccati,
1758 2083 1858 2119 quae
1892 2078 1948 2107 est
1975 2071 2061 2108 finis
2089 2071 2356 2120 poenitentiae.
2401 2071 2512 2110 Unde
2541 2083 2626 2120 per-

1558 2125 1650 2162 tinet
1678 2126 1726 2162 ad
1755 2123 2041 2173 poenitentiam.

1610 2180 1669 2215 An
1698 2189 1888 2215 SECUNDUM
1916 2188 2101 2214 mOENDUM
2130 2176 2235 2225 quod
2264 2188 2469 2214 removens
2497 2175 2625 2224 prohi-

1558 2232 1653 2268 bens
1681 2243 1759 2267 non
1788 2239 1843 2267 est
1871 2242 1986 2267 causa
2024 2242 2093 2279 per
2120 2242 2181 2276 se,
2220 2230 2288 2267 sed
2325 2242 2396 2279 per
2428 2228 2624 2266 accidens:

1557 2293 1599 2322 ut
1626 2292 1730 2333 patet
1753 2295 1823 2332 per
1848 2283 2138 2332 Philosophum,
2159 2283 2198 2320 in
2215 2283 2304 2320 VIII
2331 2283 2447 2332 Phys.
2466 2282 2487 2304 '¹‘
2514 2281 2626 2320 Unde
2654 2287 2664 2299 “

1558 2337 1759 2382 fortitudo,
1798 2348 1896 2386 quae
1926 2344 2102 2374 removet
2129 2336 2449 2385 impedimentum
2478 2335 2626 2373 confes·

1558 2391 1674 2428 sionis
1703 2389 1806 2437 fidei,
1836 2389 1976 2426 scilicet
2003 2389 2182 2426 timorem
2210 2390 2272 2426 vel
2301 2388 2624 2435 erubescentiam,

1558 2456 1637 2482 non
1667 2451 1722 2480 est
1754 2443 1907 2492 proprie
1946 2450 1982 2479 et
2019 2455 2088 2491 per
2121 2455 2161 2479 se
2201 2454 2315 2479 causa
2353 2442 2625 2490 confessionis,

1559 2497 1627 2534 sed
1657 2495 1765 2545 quasi
1793 2508 1861 2544 per
1889 2495 2077 2533 accidens.
2609 2491 2612 2493 Δ

1610 2552 1668 2587 AD
1688 2560 1848 2586 TERTIUM
1868 2560 2053 2586 mcENDUM
2082 2547 2188 2597 quod
2216 2548 2313 2586 fides
2341 2547 2514 2595 interior,
2543 2559 2625 2587 me-

1558 2603 1684 2640 diante
1714 2602 1933 2649 dilectione,
1965 2610 2094 2639 causat
2122 2613 2258 2640 omnes
2287 2601 2491 2639 exteriores
2519 2608 2626 2639 actus

1557 2655 1740 2693 virtutum
1760 2654 2016 2692 mediantibus
2045 2654 2125 2692 aliis
2147 2654 2361 2701 virtutibus,
2383 2650 2624 2703 imperando,

1557 2721 1636 2746 non
1667 2708 1864 2745 eliciendo.
1905 2708 1983 2744 Sed
2021 2707 2300 2744 confessionem
2337 2707 2512 2756 producit
2542 2715 2626 2744 tan—

1559 2773 1675 2811 quam
1690 2759 1889 2810 proprium
1905 2767 2043 2807 actum,
2057 2760 2160 2797 nulla
2176 2759 2247 2797 alia
2260 2759 2398 2798 virtute
2419 2759 2623 2800 mediante.

1611 2883 1635 2917 δ)
1655 2884 1694 2909 ita
1712 2883 1792 2908 etiam
1812 2886 1846 2908 et.
1863 2897 1883 2902 —
1900 2886 1927 2908 et
1940 2890 2022 2908 causa
2040 2883 2121 2908 etiam
2136 2882 2211 2913 ACE,
2226 2886 2252 2908 et
2265 2890 2346 2908 causa
2365 2883 2444 2908 etiam
2464 2887 2490 2908 et
2502 2883 2625 2917 BFlpr.

1558 2924 1583 2946 et·
1603 2921 1641 2945 ita
1659 2919 1739 2944 etiam
1760 2919 1790 2950 D,
1810 2922 1836 2944 et
1854 2925 1935 2944 causa
1955 2919 1993 2944 ita
2012 2918 2092 2943 etiam
2112 2921 2138 2943 et
2156 2918 2186 2943 L.

1210 3092 1527 3134 ARTICULUS
1557 3090 1856 3133 SECUNDUS

914 3178 1068 3208 UTRUM
1093 3177 1328 3209 CONFEssm
1352 3177 1463 3207 FlDEt
1488 3177 1555 3208 SlT
1577 3175 1842 3207 NECEssAmA
1865 3174 1923 3205 AD
1947 3174 2150 3205 SALUTEM

664 3258 694 3282 llI
714 3257 796 3286 Sent„
817 3256 876 3281 dist.
895 3264 960 3286 xxix,
979 3262 1026 3281 art.
1045 3256 1069 3285 8,
1090 3257 1139 3289 qu²
1161 3264 1184 3287 2,
1204 3256 1235 3280 ad
1257 3255 1284 3286 33
1306 3255 1402 3285 Quodl.
1421 3255 1462 3285 IX,
1482 3263 1526 3288 qu.
1545 3262 1589 3284 vn,
1609 3259 1654 3279 art.
1678 3261 1705 3284 1;
1724 3254 1768 3278 Ad
1786 3253 1872 3283 Rom„
1893 3260 1948 3285 cap.
1967 3260 1990 3283 x,
2010 3253 2067 3277 lect.
2087 3260 2120 3283 ιι;
2141 3260 2198 3285 cap.
2218 3259 2268 3283 xxv,
2288 3252 2346 3277 lect.
2365 3259 2404 3278 ιιι.

500 3349 538 3373 «ι
562 3352 630 3392 A«
655 3341 677 3366 ι)
693 3340 883 3366 SECUNDUM
898 3340 951 3364 stc
966 3339 1206 3364 PROCEDITUR.
1226 3327 1386 3364 Videtur
1400 3326 1505 3376 quod

657 3382 844 3419 confessio
864 3381 955 3418 fidei
984 3393 1062 3418 non
1082 3381 1128 3418 sit
1147 3381 1359 3417 necessaria
1381 3380 1429 3417 ad
1449 3392 1506 3416 sa-

576 3389 643 3443 Ἢ,

463 3465 485 3484 ι,
507 3452 581 3480 ,¹⁷5

1557 3325 1715 3363 virtutis.
1753 3325 1830 3362 Sed
1868 3324 1955 3362 finis
1991 3323 2169 3373 proprius
2197 3323 2289 3361 fidei
2322 3330 2377 3359 est
2405 3320 2622 3358 coniunctio

1558 3380 1750 3416 humanae
1771 3377 1908 3414 mentis
1928 3379 1976 3414 ad
1994 3377 2192 3414 veritatem
2214 3375 2394 3422 divinam,
2415 3374 2519 3422 quod
2539 3381 2622 3422 pot-

597 3436 787 3483 (Autem.
822 3434 917 3471 Illud
951 3434 1053 3471 enim
1081 3434 1232 3471 videtur
1269 3433 1318 3470 ad
1347 3434 1505 3470 salutem
1560 3440 1615 3469 est
1643 3431 1756 3468 etiam
1787 3443 1868 3467 esse
1907 3430 1986 3468 sine
2016 3429 2189 3467 exteriori
2224 3427 2476 3466 confessione.
2519 3427 2621 3474 Ergo

463 3483 477 3494 ”
500 3464 832 3526 fflsufficere
853 3499 920 3536 per
946 3487 1051 3536 quod
1071 3487 1190 3524 homo
1218 3485 1362 3534 attingit
1388 3486 1506 3523 finem
1559 3485 1747 3522 confessio
1776 3484 1867 3521 fidei
1897 3496 1975 3521 non
2006 3491 2061 3520 est
2089 3482 2302 3520 necessaria
2330 3481 2379 3518 ad
2408 3481 2581 3518 salutem.

2651 1808 2663 1820 '
2677 1808 2703 1830 In
2717 1813 2823 1836 corpore.
