<?xml version="1.0" encoding="UTF-8"?>
<!DOCTYPE html PUBLIC "-//W3C//DTD XHTML 1.0 Transitional//EN"
    "http://www.w3.org/TR/xhtml1/DTD/xhtml1-transitional.dtd">
<html xmlns="http://www.w3.org/1999/xhtml" xml:lang="en" lang="en">
 <head>
  <title>
</title>
<meta http-equiv="Content-Type" content="text/html;charset=utf-8" />
  <meta name='ocr-system' content='tesseract 3.04.00' />
  <meta name='ocr-capabilities' content='ocr_page ocr_carea ocr_par ocr_line ocrx_word'/>
</head>
<body>
  <div class='ocr_page' id='page_1' title='image "./operaomniaiussui08thom/operaomniaiussui08thom_0184.png"; bbox 0 0 2892 4056; ppageno 0'>
   <div class='ocr_carea' id='block_1_1' title="bbox 172 1002 384 1081">
    <p class='ocr_par' dir='ltr' id='par_1_1' title="bbox 172 1002 384 1081">
     <span class='ocr_line' id='line_1_1' title="bbox 173 1002 382 1024; baseline -0.005 -1"><span class='ocrx_word' id='word_1_1' title='bbox 173 1006 181 1012; x_wconf 83' lang='lat'>&#39;</span> <span class='ocrx_word' id='word_1_2' title='bbox 193 1003 217 1023; x_wconf 77' lang='lat' dir='ltr'>S,</span> <span class='ocrx_word' id='word_1_3' title='bbox 228 1002 272 1024; x_wconf 87' lang='lat' dir='ltr'>Th.</span> <span class='ocrx_word' id='word_1_4' title='bbox 288 1003 338 1023; x_wconf 79' lang='lat' dir='ltr'>Iect.</span> <span class='ocrx_word' id='word_1_5' title='bbox 352 1008 382 1023; x_wconf 85' lang='lat' dir='ltr'>iv.</span> 
     </span>
     <span class='ocr_line' id='line_1_2' title="bbox 173 1029 384 1053; baseline -0.005 -3"><span class='ocrx_word' id='word_1_6' title='bbox 173 1041 182 1045; x_wconf 94' lang='lat'>-</span> <span class='ocrx_word' id='word_1_7' title='bbox 190 1029 241 1050; x_wconf 88' lang='lat' dir='ltr'>Did.</span> <span class='ocrx_word' id='word_1_8' title='bbox 250 1029 289 1051; x_wconf 79' lang='lat' dir='ltr'>lib.</span> <span class='ocrx_word' id='word_1_9' title='bbox 298 1029 325 1053; x_wconf 80' lang='lat' dir='ltr'>V,</span> <span class='ocrx_word' id='word_1_10' title='bbox 333 1034 384 1053; x_wconf 78' lang='lat' dir='ltr'>cap.</span> 
     </span>
     <span class='ocr_line' id='line_1_3' title="bbox 172 1062 271 1081; baseline -0.01 -4"><span class='ocrx_word' id='word_1_11' title='bbox 172 1063 201 1081; x_wconf 79' lang='lat' dir='ltr'>iv,</span> <span class='ocrx_word' id='word_1_12' title='bbox 218 1062 240 1076; x_wconf 89' lang='lat' dir='ltr'>n.</span> <span class='ocrx_word' id='word_1_13' title='bbox 257 1062 271 1076; x_wconf 85' lang='lat'>1.</span> 
     </span>
    </p>
   </div>
   <div class='ocr_carea' id='block_1_2' title="bbox 176 1807 314 1833">
    <p class='ocr_par' dir='ltr' id='par_1_2' title="bbox 176 1807 314 1833">
     <span class='ocr_line' id='line_1_4' title="bbox 176 1807 314 1833; baseline 0 -5"><span class='ocrx_word' id='word_1_14' title='bbox 176 1809 184 1817; x_wconf 88' lang='grc'><em>·</em></span> <span class='ocrx_word' id='word_1_15' title='bbox 201 1807 266 1828; x_wconf 88' lang='lat' dir='ltr'>Vers.</span> <span class='ocrx_word' id='word_1_16' title='bbox 282 1813 314 1833; x_wconf 85' lang='lat'>4¹·</span> 
     </span>
    </p>
   </div>
   <div class='ocr_carea' id='block_1_3' title="bbox 174 1965 317 1986">
    <p class='ocr_par' dir='ltr' id='par_1_3' title="bbox 174 1965 317 1986">
     <span class='ocr_line' id='line_1_5' title="bbox 174 1965 317 1986; baseline 0.007 -1"><span class='ocrx_word' id='word_1_17' title='bbox 174 1966 184 1975; x_wconf 80' lang='lat'>⁸</span> <span class='ocrx_word' id='word_1_18' title='bbox 201 1965 266 1986; x_wconf 70' lang='lat' dir='ltr'>Vera.</span> <span class='ocrx_word' id='word_1_19' title='bbox 282 1965 317 1986; x_wconf 82' lang='lat'>28.</span> 
     </span>
    </p>
   </div>
   <div class='ocr_carea' id='block_1_4' title="bbox 181 2548 306 2576">
    <p class='ocr_par' dir='ltr' id='par_1_4' title="bbox 181 2548 306 2576">
     <span class='ocr_line' id='line_1_6' title="bbox 181 2548 306 2576; baseline 0.008 -9"><span class='ocrx_word' id='word_1_20' title='bbox 181 2551 187 2557; x_wconf 95' lang='lat'>·</span> <span class='ocrx_word' id='word_1_21' title='bbox 206 2548 270 2569; x_wconf 74' lang='lat' dir='ltr'>Vera.</span> <span class='ocrx_word' id='word_1_22' title='bbox 286 2554 306 2576; x_wconf 89' lang='lat'>3.</span> 
     </span>
    </p>
   </div>
   <div class='ocr_carea' id='block_1_5' title="bbox 181 2917 319 2938">
    <p class='ocr_par' dir='ltr' id='par_1_5' title="bbox 181 2917 319 2938">
     <span class='ocr_line' id='line_1_7' title="bbox 181 2917 319 2938; baseline 0.007 -1"><span class='ocrx_word' id='word_1_23' title='bbox 181 2918 191 2927; x_wconf 79' lang='lat'>⁸</span> <span class='ocrx_word' id='word_1_24' title='bbox 206 2917 275 2938; x_wconf 84' lang='lat' dir='ltr'>Vers.</span> <span class='ocrx_word' id='word_1_25' title='bbox 290 2923 319 2938; x_wconf 85' lang='lat'>12.</span> 
     </span>
    </p>
   </div>
   <div class='ocr_carea' id='block_1_6' title="bbox 180 3024 320 3051">
    <p class='ocr_par' dir='ltr' id='par_1_6' title="bbox 180 3024 320 3051">
     <span class='ocr_line' id='line_1_8' title="bbox 180 3024 320 3051; baseline 0.007 -6"><span class='ocrx_word' id='word_1_26' title='bbox 180 3026 191 3035; x_wconf 77' lang='lat'>⁸</span> <span class='ocrx_word' id='word_1_27' title='bbox 207 3024 273 3046; x_wconf 72' lang='lat' dir='ltr'>Vers.</span> <span class='ocrx_word' id='word_1_28' title='bbox 289 3031 320 3051; x_wconf 89' lang='lat'>¹4-</span> 
     </span>
    </p>
   </div>
   <div class='ocr_carea' id='block_1_7' title="bbox 420 176 490 212">
    <p class='ocr_par' dir='ltr' id='par_1_7' title="bbox 420 176 490 212">
     <span class='ocr_line' id='line_1_9' title="bbox 420 176 490 212; baseline 0 -1"><span class='ocrx_word' id='word_1_29' title='bbox 420 176 490 212; x_wconf 83' lang='lat'>136</span> 
     </span>
    </p>
   </div>
   <div class='ocr_carea' id='block_1_8' title="bbox 410 249 1471 645">
    <p class='ocr_par' dir='ltr' id='par_1_8' title="bbox 412 249 1471 468">
     <span class='ocr_line' id='line_1_10' title="bbox 413 249 1470 292; baseline 0 -10"><span class='ocrx_word' id='word_1_30' title='bbox 413 262 479 283; x_wconf 90' lang='lat' dir='ltr'>non</span> <span class='ocrx_word' id='word_1_31' title='bbox 507 259 554 284; x_wconf 87' lang='lat' dir='ltr'>est</span> <span class='ocrx_word' id='word_1_32' title='bbox 582 253 706 284; x_wconf 85' lang='lat' dir='ltr'>futurus</span> <span class='ocrx_word' id='word_1_33' title='bbox 735 249 806 284; x_wconf 40' lang='lat' dir='ltr'>nisi*</span> <span class='ocrx_word' id='word_1_34' title='bbox 823 253 1080 284; x_wconf 78' lang='lat' dir='ltr'>denominatione</span> <span class='ocrx_word' id='word_1_35' title='bbox 1104 251 1289 288; x_wconf 86' lang='lat' dir='ltr'>extrinseca,</span> <span class='ocrx_word' id='word_1_36' title='bbox 1313 252 1388 292; x_wconf 90' lang='lat' dir='ltr'>quia</span> <span class='ocrx_word' id='word_1_37' title='bbox 1411 262 1470 283; x_wconf 92' lang='lat' dir='ltr'>nos</span> 
     </span>
     <span class='ocr_line' id='line_1_11' title="bbox 412 295 1471 337; baseline -0.001 -10"><span class='ocrx_word' id='word_1_38' title='bbox 412 306 524 327; x_wconf 88' lang='lat' dir='ltr'>sumus</span> <span class='ocrx_word' id='word_1_39' title='bbox 547 297 684 329; x_wconf 80' lang='lat' dir='ltr'>adfuturi</span> <span class='ocrx_word' id='word_1_40' title='bbox 713 298 773 337; x_wconf 89' lang='lat' dir='ltr'>ipsi</span> <span class='ocrx_word' id='word_1_41' title='bbox 797 299 881 328; x_wconf 87' lang='lat' dir='ltr'>Deo:</span> <span class='ocrx_word' id='word_1_42' title='bbox 907 298 987 328; x_wconf 90' lang='lat' dir='ltr'>sicut</span> <span class='ocrx_word' id='word_1_43' title='bbox 1010 297 1160 327; x_wconf 86' lang='lat' dir='ltr'>columna</span> <span class='ocrx_word' id='word_1_44' title='bbox 1190 302 1236 326; x_wconf 90' lang='lat' dir='ltr'>est</span> <span class='ocrx_word' id='word_1_45' title='bbox 1259 295 1337 326; x_wconf 90' lang='lat' dir='ltr'>mihi</span> <span class='ocrx_word' id='word_1_46' title='bbox 1365 297 1471 327; x_wconf 84' lang='lat' dir='ltr'>dextra</span> 
     </span>
     <span class='ocr_line' id='line_1_12' title="bbox 412 339 1470 380; baseline 0 -10"><span class='ocrx_word' id='word_1_47' title='bbox 412 341 487 380; x_wconf 86' lang='lat' dir='ltr'>quia</span> <span class='ocrx_word' id='word_1_48' title='bbox 511 342 616 372; x_wconf 85' lang='lat' dir='ltr'>dextra</span> <span class='ocrx_word' id='word_1_49' title='bbox 639 351 709 371; x_wconf 91' lang='lat' dir='ltr'>mea</span> <span class='ocrx_word' id='word_1_50' title='bbox 733 349 779 372; x_wconf 87' lang='lat' dir='ltr'>est</span> <span class='ocrx_word' id='word_1_51' title='bbox 801 342 885 372; x_wconf 90' lang='lat' dir='ltr'>iuxta</span> <span class='ocrx_word' id='word_1_52' title='bbox 913 342 1008 371; x_wconf 88' lang='lat' dir='ltr'>illam.</span> <span class='ocrx_word' id='word_1_53' title='bbox 1035 339 1261 370; x_wconf 89' lang='lat' dir='ltr'>Denominatio</span> <span class='ocrx_word' id='word_1_54' title='bbox 1290 347 1397 371; x_wconf 89' lang='lat' dir='ltr'>autem</span> <span class='ocrx_word' id='word_1_55' title='bbox 1420 350 1470 370; x_wconf 86' lang='lat' dir='ltr'>ex-</span> 
     </span>
     <span class='ocr_line' id='line_1_13' title="bbox 412 383 1469 420; baseline 0.001 -6"><span class='ocrx_word' id='word_1_56' title='bbox 412 385 544 415; x_wconf 86' lang='lat' dir='ltr'>trinseca</span> <span class='ocrx_word' id='word_1_57' title='bbox 567 395 633 416; x_wconf 89' lang='lat' dir='ltr'>non</span> <span class='ocrx_word' id='word_1_58' title='bbox 648 385 741 416; x_wconf 82' lang='lat' dir='ltr'>intrat</span> <span class='ocrx_word' id='word_1_59' title='bbox 765 385 987 415; x_wconf 87' lang='lat' dir='ltr'>formalitatem</span> <span class='ocrx_word' id='word_1_60' title='bbox 1009 383 1123 414; x_wconf 90' lang='lat' dir='ltr'>obiecti</span> <span class='ocrx_word' id='word_1_61' title='bbox 1146 383 1268 414; x_wconf 89' lang='lat' dir='ltr'>virtutis</span> <span class='ocrx_word' id='word_1_62' title='bbox 1291 384 1391 420; x_wconf 85' lang='lat' dir='ltr'>realis,</span> <span class='ocrx_word' id='word_1_63' title='bbox 1412 391 1469 415; x_wconf 90' lang='lat' dir='ltr'>etc.</span> 
     </span>
     <span class='ocr_line' id='line_1_14' title="bbox 412 429 506 468; baseline 0.011 -10"><span class='ocrx_word' id='word_1_64' title='bbox 412 429 506 468; x_wconf 87' lang='lat' dir='ltr'>Ergo.</span> 
     </span>
    </p>

    <p class='ocr_par' dir='ltr' id='par_1_9' title="bbox 410 472 1471 645">
     <span class='ocr_line' id='line_1_15' title="bbox 467 472 1471 512; baseline -0.002 -9"><span class='ocrx_word' id='word_1_65' title='bbox 467 473 504 503; x_wconf 90' lang='lat'>11.</span> <span class='ocrx_word' id='word_1_66' title='bbox 529 473 580 503; x_wconf 86' lang='lat' dir='ltr'>Ad</span> <span class='ocrx_word' id='word_1_67' title='bbox 603 473 663 503; x_wconf 93' lang='lat' dir='ltr'>hoc</span> <span class='ocrx_word' id='word_1_68' title='bbox 687 472 819 503; x_wconf 92' lang='lat' dir='ltr'>breviter</span> <span class='ocrx_word' id='word_1_69' title='bbox 841 472 954 502; x_wconf 89' lang='lat' dir='ltr'>dicitur</span> <span class='ocrx_word' id='word_1_70' title='bbox 976 473 1075 512; x_wconf 85' lang='lat' dir='ltr'>quod,</span> <span class='ocrx_word' id='word_1_71' title='bbox 1093 474 1276 504; x_wconf 80' lang='lat' dir='ltr'>nominibus</span> <span class='ocrx_word' id='word_1_72' title='bbox 1299 472 1418 503; x_wconf 88' lang='lat' dir='ltr'>utendo</span> <span class='ocrx_word' id='word_1_73' title='bbox 1435 478 1471 502; x_wconf 91' lang='lat' dir='ltr'>ut</span> 
     </span>
     <span class='ocr_line' id='line_1_16' title="bbox 411 515 1470 557; baseline 0 -11"><span class='ocrx_word' id='word_1_74' title='bbox 411 526 522 547; x_wconf 91' lang='lat' dir='ltr'>omnes</span> <span class='ocrx_word' id='word_1_75' title='bbox 546 523 692 552; x_wconf 82' lang='lat' dir='ltr'>utuntur,</span> <span class='ocrx_word' id='word_1_76' title='bbox 715 516 878 547; x_wconf 89' lang='lat' dir='ltr'>manifeste</span> <span class='ocrx_word' id='word_1_77' title='bbox 902 522 1024 546; x_wconf 87' lang='lat' dir='ltr'>constat</span> <span class='ocrx_word' id='word_1_78' title='bbox 1047 518 1135 556; x_wconf 93' lang='lat' dir='ltr'>quod</span> <span class='ocrx_word' id='word_1_79' title='bbox 1158 518 1198 548; x_wconf 88' lang='lat' dir='ltr'>ad</span> <span class='ocrx_word' id='word_1_80' title='bbox 1221 518 1282 548; x_wconf 92' lang='lat' dir='ltr'>hoc</span> <span class='ocrx_word' id='word_1_81' title='bbox 1305 517 1394 557; x_wconf 90' lang='lat' dir='ltr'>quod</span> <span class='ocrx_word' id='word_1_82' title='bbox 1417 515 1470 546; x_wconf 88' lang='lat' dir='ltr'>ali-</span> 
     </span>
     <span class='ocr_line' id='line_1_17' title="bbox 411 560 1471 601; baseline -0.001 -11"><span class='ocrx_word' id='word_1_83' title='bbox 411 560 487 600; x_wconf 89' lang='lat' dir='ltr'>quid</span> <span class='ocrx_word' id='word_1_84' title='bbox 511 570 582 590; x_wconf 88' lang='lat' dir='ltr'>vere</span> <span class='ocrx_word' id='word_1_85' title='bbox 611 560 726 600; x_wconf 88' lang='lat' dir='ltr'>sperari</span> <span class='ocrx_word' id='word_1_86' title='bbox 756 560 890 595; x_wconf 90' lang='lat' dir='ltr'>dicatur,</span> <span class='ocrx_word' id='word_1_87' title='bbox 915 567 1042 600; x_wconf 89' lang='lat' dir='ltr'>oportet</span> <span class='ocrx_word' id='word_1_88' title='bbox 1064 561 1153 601; x_wconf 92' lang='lat' dir='ltr'>quod</span> <span class='ocrx_word' id='word_1_89' title='bbox 1181 561 1221 592; x_wconf 91' lang='lat' dir='ltr'>sit</span> <span class='ocrx_word' id='word_1_90' title='bbox 1243 561 1398 592; x_wconf 88' lang='lat' dir='ltr'>futurum.</span> <span class='ocrx_word' id='word_1_91' title='bbox 1430 560 1471 589; x_wconf 86' lang='lat' dir='ltr'>Et</span> 
     </span>
     <span class='ocr_line' id='line_1_18' title="bbox 410 604 1468 645; baseline 0.001 -11"><span class='ocrx_word' id='word_1_92' title='bbox 410 611 587 644; x_wconf 89' lang='lat' dir='ltr'>propterea,</span> <span class='ocrx_word' id='word_1_93' title='bbox 603 605 628 634; x_wconf 91' lang='lat' dir='ltr'>si</span> <span class='ocrx_word' id='word_1_94' title='bbox 646 605 675 633; x_wconf 92' lang='lat' dir='ltr'>in</span> <span class='ocrx_word' id='word_1_95' title='bbox 701 610 786 643; x_wconf 87' lang='lat' dir='ltr'>parte</span> <span class='ocrx_word' id='word_1_96' title='bbox 811 604 964 643; x_wconf 89' lang='lat' dir='ltr'>superiori</span> <span class='ocrx_word' id='word_1_97' title='bbox 986 604 1085 644; x_wconf 87' lang='lat' dir='ltr'>ipsius</span> <span class='ocrx_word' id='word_1_98' title='bbox 1116 606 1239 635; x_wconf 89' lang='lat' dir='ltr'>animae</span> <span class='ocrx_word' id='word_1_99' title='bbox 1262 605 1390 645; x_wconf 87' lang='lat' dir='ltr'>proprie</span> <span class='ocrx_word' id='word_1_100' title='bbox 1413 613 1468 644; x_wconf 89' lang='lat' dir='ltr'>po-</span> 
     </span>
    </p>
   </div>
   <div class='ocr_carea' id='block_1_9' title="bbox 411 648 1486 688">
    <p class='ocr_par' dir='ltr' id='par_1_10' title="bbox 411 648 1486 688">
     <span class='ocr_line' id='line_1_19' title="bbox 411 648 1486 688; baseline 0 -11"><span class='ocrx_word' id='word_1_101' title='bbox 411 648 495 678; x_wconf 88' lang='lat' dir='ltr'>nitur</span> <span class='ocrx_word' id='word_1_102' title='bbox 518 658 597 687; x_wconf 91' lang='lat' dir='ltr'>spes,</span> <span class='ocrx_word' id='word_1_103' title='bbox 620 654 746 687; x_wconf 87' lang='lat' dir='ltr'>oportet</span> <span class='ocrx_word' id='word_1_104' title='bbox 770 655 998 688; x_wconf 86' lang='lat' dir='ltr'>consequenter</span> <span class='ocrx_word' id='word_1_105' title='bbox 1027 648 1069 678; x_wconf 90' lang='lat' dir='ltr'>ibi</span> <span class='ocrx_word' id='word_1_106' title='bbox 1093 659 1164 679; x_wconf 87' lang='lat' dir='ltr'>vere</span> <span class='ocrx_word' id='word_1_107' title='bbox 1192 649 1302 680; x_wconf 89' lang='lat' dir='ltr'>salvari</span> <span class='ocrx_word' id='word_1_108' title='bbox 1326 648 1486 679; x_wconf 64' lang='lat' dir='ltr'>futurum&gt;</span> 
     </span>
    </p>
   </div>
   <div class='ocr_carea' id='block_1_10' title="bbox 410 691 1472 1219">
    <p class='ocr_par' dir='ltr' id='par_1_11' title="bbox 410 691 1472 1219">
     <span class='ocr_line' id='line_1_20' title="bbox 411 691 1471 732; baseline -0.001 -10"><span class='ocrx_word' id='word_1_109' title='bbox 411 699 440 722; x_wconf 91' lang='lat' dir='ltr'>et</span> <span class='ocrx_word' id='word_1_110' title='bbox 464 702 519 731; x_wconf 89' lang='lat' dir='ltr'>per</span> <span class='ocrx_word' id='word_1_111' title='bbox 543 702 584 727; x_wconf 86' lang='lat' dir='ltr'>se,</span> <span class='ocrx_word' id='word_1_112' title='bbox 602 692 682 722; x_wconf 90' lang='lat' dir='ltr'>sicut</span> <span class='ocrx_word' id='word_1_113' title='bbox 704 701 760 731; x_wconf 91' lang='lat' dir='ltr'>per</span> <span class='ocrx_word' id='word_1_114' title='bbox 776 701 807 721; x_wconf 91' lang='lat' dir='ltr'>se</span> <span class='ocrx_word' id='word_1_115' title='bbox 831 691 874 721; x_wconf 93' lang='lat' dir='ltr'>ibi</span> <span class='ocrx_word' id='word_1_116' title='bbox 898 692 1055 722; x_wconf 88' lang='lat' dir='ltr'>invenitur</span> <span class='ocrx_word' id='word_1_117' title='bbox 1071 702 1157 732; x_wconf 86' lang='lat' dir='ltr'>spes:</span> <span class='ocrx_word' id='word_1_118' title='bbox 1183 693 1293 724; x_wconf 85' lang='lat' dir='ltr'>eadem</span> <span class='ocrx_word' id='word_1_119' title='bbox 1317 692 1402 722; x_wconf 88' lang='lat' dir='ltr'>enim</span> <span class='ocrx_word' id='word_1_120' title='bbox 1426 698 1471 721; x_wconf 91' lang='lat' dir='ltr'>est</span> 
     </span>
     <span class='ocr_line' id='line_1_21' title="bbox 411 735 1470 775; baseline 0 -10"><span class='ocrx_word' id='word_1_121' title='bbox 411 736 489 765; x_wconf 89' lang='lat' dir='ltr'>ratio</span> <span class='ocrx_word' id='word_1_122' title='bbox 506 736 543 765; x_wconf 92' lang='lat' dir='ltr'>de</span> <span class='ocrx_word' id='word_1_123' title='bbox 568 735 702 773; x_wconf 88' lang='lat' dir='ltr'>obiecto,</span> <span class='ocrx_word' id='word_1_124' title='bbox 719 742 790 765; x_wconf 87' lang='lat' dir='ltr'>actu</span> <span class='ocrx_word' id='word_1_125' title='bbox 811 742 841 766; x_wconf 91' lang='lat' dir='ltr'>et</span> <span class='ocrx_word' id='word_1_126' title='bbox 864 735 983 766; x_wconf 89' lang='lat' dir='ltr'>habitu.</span> <span class='ocrx_word' id='word_1_127' title='bbox 1008 737 1057 766; x_wconf 91' lang='lat' dir='ltr'>Ad</span> <span class='ocrx_word' id='word_1_128' title='bbox 1075 736 1287 767; x_wconf 90' lang='lat' dir='ltr'>obiectionem</span> <span class='ocrx_word' id='word_1_129' title='bbox 1310 746 1385 766; x_wconf 88' lang='lat' dir='ltr'>vero</span> <span class='ocrx_word' id='word_1_130' title='bbox 1410 735 1470 775; x_wconf 92' lang='lat' dir='ltr'>pri-</span> 
     </span>
     <span class='ocr_line' id='line_1_22' title="bbox 411 779 1470 821; baseline 0.002 -13"><span class='ocrx_word' id='word_1_131' title='bbox 411 789 496 808; x_wconf 84' lang='lat' dir='ltr'>mam</span> <span class='ocrx_word' id='word_1_132' title='bbox 521 779 634 809; x_wconf 90' lang='lat' dir='ltr'>dicitur</span> <span class='ocrx_word' id='word_1_133' title='bbox 656 779 743 819; x_wconf 90' lang='lat' dir='ltr'>quod</span> <span class='ocrx_word' id='word_1_134' title='bbox 767 779 838 810; x_wconf 92' lang='lat' dir='ltr'>licet</span> <span class='ocrx_word' id='word_1_135' title='bbox 862 779 1051 810; x_wconf 87' lang='lat' dir='ltr'>differentiae</span> <span class='ocrx_word' id='word_1_136' title='bbox 1072 781 1224 821; x_wconf 86' lang='lat' dir='ltr'>temporis</span> <span class='ocrx_word' id='word_1_137' title='bbox 1248 791 1304 820; x_wconf 91' lang='lat' dir='ltr'>per</span> <span class='ocrx_word' id='word_1_138' title='bbox 1327 780 1470 811; x_wconf 90' lang='lat' dir='ltr'>accidens</span> 
     </span>
     <span class='ocr_line' id='line_1_23' title="bbox 410 823 1471 865; baseline 0.002 -13"><span class='ocrx_word' id='word_1_139' title='bbox 410 833 442 852; x_wconf 90' lang='lat' dir='ltr'>se</span> <span class='ocrx_word' id='word_1_140' title='bbox 466 823 600 853; x_wconf 80' lang='lat' dir='ltr'>habeant</span> <span class='ocrx_word' id='word_1_141' title='bbox 623 823 662 852; x_wconf 92' lang='lat' dir='ltr'>ad</span> <span class='ocrx_word' id='word_1_142' title='bbox 678 830 800 863; x_wconf 90' lang='lat' dir='ltr'>partem</span> <span class='ocrx_word' id='word_1_143' title='bbox 822 823 1045 854; x_wconf 85' lang='lat' dir='ltr'>intellectivam</span> <span class='ocrx_word' id='word_1_144' title='bbox 1065 832 1221 865; x_wconf 81' lang='lat' dir='ltr'>quatenus</span> <span class='ocrx_word' id='word_1_145' title='bbox 1244 824 1471 865; x_wconf 87' lang='lat' dir='ltr'>apprehensiva</span> 
     </span>
     <span class='ocr_line' id='line_1_24' title="bbox 411 868 1470 910; baseline 0.002 -14"><span class='ocrx_word' id='word_1_146' title='bbox 411 874 465 903; x_wconf 90' lang='lat' dir='ltr'>est,</span> <span class='ocrx_word' id='word_1_147' title='bbox 483 877 548 897; x_wconf 91' lang='lat' dir='ltr'>non</span> <span class='ocrx_word' id='word_1_148' title='bbox 572 874 678 897; x_wconf 91' lang='lat' dir='ltr'>tamen</span> <span class='ocrx_word' id='word_1_149' title='bbox 694 877 750 906; x_wconf 91' lang='lat' dir='ltr'>per</span> <span class='ocrx_word' id='word_1_150' title='bbox 765 868 908 898; x_wconf 89' lang='lat' dir='ltr'>accidens</span> <span class='ocrx_word' id='word_1_151' title='bbox 923 868 1040 899; x_wconf 88' lang='lat' dir='ltr'>habent</span> <span class='ocrx_word' id='word_1_152' title='bbox 1056 879 1088 900; x_wconf 90' lang='lat' dir='ltr'>se</span> <span class='ocrx_word' id='word_1_153' title='bbox 1112 870 1151 899; x_wconf 89' lang='lat' dir='ltr'>ad</span> <span class='ocrx_word' id='word_1_154' title='bbox 1168 870 1299 900; x_wconf 87' lang='lat' dir='ltr'>eandem</span> <span class='ocrx_word' id='word_1_155' title='bbox 1315 876 1470 910; x_wconf 86' lang='lat' dir='ltr'>quatenus</span> 
     </span>
     <span class='ocr_line' id='line_1_25' title="bbox 410 910 1471 954; baseline 0.004 -14"><span class='ocrx_word' id='word_1_156' title='bbox 410 910 579 950; x_wconf 82' lang='lat' dir='ltr'>appetitiva</span> <span class='ocrx_word' id='word_1_157' title='bbox 603 919 658 942; x_wconf 90' lang='lat' dir='ltr'>est.</span> <span class='ocrx_word' id='word_1_158' title='bbox 683 912 723 942; x_wconf 93' lang='lat' dir='ltr'>Et</span> <span class='ocrx_word' id='word_1_159' title='bbox 746 912 824 942; x_wconf 89' lang='lat' dir='ltr'>ratio</span> <span class='ocrx_word' id='word_1_160' title='bbox 849 912 1033 943; x_wconf 83' lang='lat' dir='ltr'>diversitatis</span> <span class='ocrx_word' id='word_1_161' title='bbox 1058 920 1104 944; x_wconf 90' lang='lat' dir='ltr'>est</span> <span class='ocrx_word' id='word_1_162' title='bbox 1127 914 1200 954; x_wconf 86' lang='lat' dir='ltr'>quia</span> <span class='ocrx_word' id='word_1_163' title='bbox 1230 924 1339 944; x_wconf 90' lang='lat' dir='ltr'>verum</span> <span class='ocrx_word' id='word_1_164' title='bbox 1363 920 1393 944; x_wconf 90' lang='lat' dir='ltr'>et</span> <span class='ocrx_word' id='word_1_165' title='bbox 1416 913 1471 943; x_wconf 84' lang='lat' dir='ltr'>fal-</span> 
     </span>
     <span class='ocr_line' id='line_1_26' title="bbox 411 955 1472 994; baseline 0.005 -10"><span class='ocrx_word' id='word_1_166' title='bbox 411 965 481 985; x_wconf 89' lang='lat' dir='ltr'>sum</span> <span class='ocrx_word' id='word_1_167' title='bbox 505 962 580 985; x_wconf 91' lang='lat' dir='ltr'>sunt</span> <span class='ocrx_word' id='word_1_168' title='bbox 602 955 634 985; x_wconf 91' lang='lat' dir='ltr'>in</span> <span class='ocrx_word' id='word_1_169' title='bbox 659 956 773 992; x_wconf 88' lang='lat' dir='ltr'>anima,</span> <span class='ocrx_word' id='word_1_170' title='bbox 790 956 914 986; x_wconf 88' lang='lat' dir='ltr'>bonum</span> <span class='ocrx_word' id='word_1_171' title='bbox 930 964 1037 988; x_wconf 89' lang='lat' dir='ltr'>autem</span> <span class='ocrx_word' id='word_1_172' title='bbox 1063 964 1093 988; x_wconf 90' lang='lat' dir='ltr'>et</span> <span class='ocrx_word' id='word_1_173' title='bbox 1116 958 1238 988; x_wconf 86' lang='lat' dir='ltr'>malum</span> <span class='ocrx_word' id='word_1_174' title='bbox 1260 958 1293 988; x_wconf 94' lang='lat' dir='ltr'>in</span> <span class='ocrx_word' id='word_1_175' title='bbox 1316 959 1419 994; x_wconf 91' lang='lat' dir='ltr'>rebus,</span> <span class='ocrx_word' id='word_1_176' title='bbox 1436 964 1472 988; x_wconf 93' lang='lat' dir='ltr'>ut</span> 
     </span>
     <span class='ocr_line' id='line_1_27' title="bbox 411 999 1471 1043; baseline 0.004 -15"><span class='ocrx_word' id='word_1_177' title='bbox 411 999 524 1029; x_wconf 90' lang='lat' dir='ltr'>dicitur</span> <span class='ocrx_word' id='word_1_178' title='bbox 546 999 588 1030; x_wconf 90' lang='lat' dir='ltr'>Vl</span> <span class='ocrx_word' id='word_1_179' title='bbox 613 1000 795 1041; x_wconf 76' lang='lat' dir='ltr'>Metaphys.</span> <span class='ocrx_word' id='word_1_180' title='bbox 810 999 828 1019; x_wconf 93' lang='lat'><em>*</em></span> <span class='ocrx_word' id='word_1_181' title='bbox 850 1001 897 1031; x_wconf 84' lang='lat' dir='ltr'>Ex</span> <span class='ocrx_word' id='word_1_182' title='bbox 920 1001 981 1031; x_wconf 88' lang='lat' dir='ltr'>hoc</span> <span class='ocrx_word' id='word_1_183' title='bbox 998 1001 1082 1032; x_wconf 89' lang='lat' dir='ltr'>enim</span> <span class='ocrx_word' id='word_1_184' title='bbox 1106 1002 1194 1043; x_wconf 93' lang='lat' dir='ltr'>quod</span> <span class='ocrx_word' id='word_1_185' title='bbox 1215 1002 1392 1033; x_wconf 87' lang='lat' dir='ltr'>intellectus</span> <span class='ocrx_word' id='word_1_186' title='bbox 1413 1009 1471 1032; x_wconf 92' lang='lat' dir='ltr'>ter-</span> 
     </span>
     <span class='ocr_line' id='line_1_28' title="bbox 411 1043 1469 1086; baseline 0.004 -14"><span class='ocrx_word' id='word_1_187' title='bbox 411 1043 549 1073; x_wconf 89' lang='lat' dir='ltr'>minatur</span> <span class='ocrx_word' id='word_1_188' title='bbox 572 1043 613 1073; x_wconf 89' lang='lat' dir='ltr'>ad</span> <span class='ocrx_word' id='word_1_189' title='bbox 634 1044 724 1080; x_wconf 83' lang='lat' dir='ltr'>intra,</span> <span class='ocrx_word' id='word_1_190' title='bbox 741 1045 887 1084; x_wconf 90' lang='lat' dir='ltr'>provenit</span> <span class='ocrx_word' id='word_1_191' title='bbox 903 1046 991 1086; x_wconf 93' lang='lat' dir='ltr'>quod</span> <span class='ocrx_word' id='word_1_192' title='bbox 1015 1046 1126 1078; x_wconf 89' lang='lat' dir='ltr'>accidit</span> <span class='ocrx_word' id='word_1_193' title='bbox 1144 1056 1211 1077; x_wconf 89' lang='lat' dir='ltr'>rem</span> <span class='ocrx_word' id='word_1_194' title='bbox 1235 1057 1302 1077; x_wconf 90' lang='lat' dir='ltr'>esse</span> <span class='ocrx_word' id='word_1_195' title='bbox 1320 1046 1371 1077; x_wconf 89' lang='lat' dir='ltr'>vel</span> <span class='ocrx_word' id='word_1_196' title='bbox 1387 1046 1469 1076; x_wconf 91' lang='lat' dir='ltr'>fore:</span> 
     </span>
     <span class='ocr_line' id='line_1_29' title="bbox 410 1087 1470 1128; baseline 0.005 -12"><span class='ocrx_word' id='word_1_197' title='bbox 410 1097 447 1117; x_wconf 85' lang='lat' dir='ltr'>ex</span> <span class='ocrx_word' id='word_1_198' title='bbox 471 1087 532 1117; x_wconf 92' lang='lat' dir='ltr'>hoc</span> <span class='ocrx_word' id='word_1_199' title='bbox 554 1097 629 1118; x_wconf 90' lang='lat' dir='ltr'>vero</span> <span class='ocrx_word' id='word_1_200' title='bbox 653 1089 742 1128; x_wconf 92' lang='lat' dir='ltr'>quod</span> <span class='ocrx_word' id='word_1_201' title='bbox 765 1089 912 1120; x_wconf 84' lang='lat' dir='ltr'>voluntas</span> <span class='ocrx_word' id='word_1_202' title='bbox 936 1090 1035 1120; x_wconf 89' lang='lat' dir='ltr'>tendit</span> <span class='ocrx_word' id='word_1_203' title='bbox 1062 1091 1101 1121; x_wconf 87' lang='lat' dir='ltr'>ad</span> <span class='ocrx_word' id='word_1_204' title='bbox 1125 1098 1218 1127; x_wconf 84' lang='lat' dir='ltr'>extra,</span> <span class='ocrx_word' id='word_1_205' title='bbox 1235 1091 1274 1121; x_wconf 91' lang='lat' dir='ltr'>ad</span> <span class='ocrx_word' id='word_1_206' title='bbox 1297 1100 1363 1121; x_wconf 91' lang='lat' dir='ltr'>rem</span> <span class='ocrx_word' id='word_1_207' title='bbox 1387 1091 1470 1121; x_wconf 91' lang='lat' dir='ltr'>scili-</span> 
     </span>
     <span class='ocr_line' id='line_1_30' title="bbox 411 1132 1471 1175; baseline 0.005 -14"><span class='ocrx_word' id='word_1_208' title='bbox 411 1138 458 1162; x_wconf 91' lang='lat' dir='ltr'>cet</span> <span class='ocrx_word' id='word_1_209' title='bbox 482 1132 659 1162; x_wconf 88' lang='lat' dir='ltr'>secundum</span> <span class='ocrx_word' id='word_1_210' title='bbox 681 1133 771 1174; x_wconf 93' lang='lat' dir='ltr'>quod</span> <span class='ocrx_word' id='word_1_211' title='bbox 793 1133 826 1163; x_wconf 91' lang='lat' dir='ltr'>in</span> <span class='ocrx_word' id='word_1_212' title='bbox 850 1144 882 1164; x_wconf 87' lang='lat' dir='ltr'>se</span> <span class='ocrx_word' id='word_1_213' title='bbox 906 1141 961 1170; x_wconf 92' lang='lat' dir='ltr'>est,</span> <span class='ocrx_word' id='word_1_214' title='bbox 978 1135 1123 1174; x_wconf 91' lang='lat' dir='ltr'>provenit</span> <span class='ocrx_word' id='word_1_215' title='bbox 1139 1135 1227 1175; x_wconf 89' lang='lat' dir='ltr'>quod</span> <span class='ocrx_word' id='word_1_216' title='bbox 1250 1135 1339 1165; x_wconf 89' lang='lat' dir='ltr'>aliter</span> <span class='ocrx_word' id='word_1_217' title='bbox 1362 1145 1394 1165; x_wconf 90' lang='lat' dir='ltr'>se</span> <span class='ocrx_word' id='word_1_218' title='bbox 1418 1135 1471 1165; x_wconf 88' lang='lat' dir='ltr'>ha-</span> 
     </span>
     <span class='ocr_line' id='line_1_31' title="bbox 410 1176 1471 1219; baseline 0.004 -14"><span class='ocrx_word' id='word_1_219' title='bbox 410 1177 462 1206; x_wconf 92' lang='lat' dir='ltr'>bet</span> <span class='ocrx_word' id='word_1_220' title='bbox 485 1176 525 1205; x_wconf 87' lang='lat' dir='ltr'>ad</span> <span class='ocrx_word' id='word_1_221' title='bbox 547 1186 615 1206; x_wconf 91' lang='lat' dir='ltr'>rem</span> <span class='ocrx_word' id='word_1_222' title='bbox 637 1176 777 1207; x_wconf 88' lang='lat' dir='ltr'>habitam</span> <span class='ocrx_word' id='word_1_223' title='bbox 800 1185 830 1208; x_wconf 90' lang='lat' dir='ltr'>et</span> <span class='ocrx_word' id='word_1_224' title='bbox 853 1178 941 1208; x_wconf 86' lang='lat' dir='ltr'>aliter</span> <span class='ocrx_word' id='word_1_225' title='bbox 964 1179 1002 1208; x_wconf 87' lang='lat' dir='ltr'>ad</span> <span class='ocrx_word' id='word_1_226' title='bbox 1025 1189 1093 1208; x_wconf 92' lang='lat' dir='ltr'>rem</span> <span class='ocrx_word' id='word_1_227' title='bbox 1115 1179 1303 1209; x_wconf 84' lang='lat' dir='ltr'>habendam.</span> <span class='ocrx_word' id='word_1_228' title='bbox 1332 1179 1373 1209; x_wconf 88' lang='lat' dir='ltr'>Et</span> <span class='ocrx_word' id='word_1_229' title='bbox 1396 1179 1471 1219; x_wconf 89' lang='lat' dir='ltr'>quia</span> 
     </span>
    </p>
   </div>
   <div class='ocr_carea' id='block_1_11' title="bbox 408 1220 1470 1305">
    <p class='ocr_par' dir='ltr' id='par_1_12' title="bbox 408 1220 1470 1305">
     <span class='ocr_line' id='line_1_32' title="bbox 410 1220 1470 1263; baseline 0.002 -13"><span class='ocrx_word' id='word_1_230' title='bbox 410 1229 480 1260; x_wconf 92' lang='lat' dir='ltr'>spes</span> <span class='ocrx_word' id='word_1_231' title='bbox 497 1226 542 1250; x_wconf 86' lang='lat' dir='ltr'>est</span> <span class='ocrx_word' id='word_1_232' title='bbox 561 1220 594 1250; x_wconf 89' lang='lat' dir='ltr'>in</span> <span class='ocrx_word' id='word_1_233' title='bbox 609 1221 751 1262; x_wconf 85' lang='lat' dir='ltr'>appetitu</span> <span class='ocrx_word' id='word_1_234' title='bbox 768 1221 968 1258; x_wconf 80' lang='lat' dir='ltr'>intellectivo,</span> <span class='ocrx_word' id='word_1_235' title='bbox 986 1223 1041 1262; x_wconf 92' lang='lat' dir='ltr'>qui</span> <span class='ocrx_word' id='word_1_236' title='bbox 1066 1229 1112 1253; x_wconf 89' lang='lat' dir='ltr'>est</span> <span class='ocrx_word' id='word_1_237' title='bbox 1130 1223 1287 1258; x_wconf 87' lang='lat' dir='ltr'>voluntas,</span> <span class='ocrx_word' id='word_1_238' title='bbox 1303 1222 1375 1252; x_wconf 89' lang='lat' dir='ltr'>ideo</span> <span class='ocrx_word' id='word_1_239' title='bbox 1400 1233 1470 1263; x_wconf 90' lang='lat' dir='ltr'>spes</span> 
     </span>
     <span class='ocr_line' id='line_1_33' title="bbox 408 1263 844 1305; baseline 0.005 -11"><span class='ocrx_word' id='word_1_240' title='bbox 408 1263 534 1303; x_wconf 87' lang='lat' dir='ltr'>respicit</span> <span class='ocrx_word' id='word_1_241' title='bbox 556 1264 701 1295; x_wconf 85' lang='lat' dir='ltr'>futurum</span> <span class='ocrx_word' id='word_1_242' title='bbox 724 1275 779 1305; x_wconf 92' lang='lat' dir='ltr'>per</span> <span class='ocrx_word' id='word_1_243' title='bbox 803 1275 844 1296; x_wconf 89' lang='lat' dir='ltr'>se.</span> 
     </span>
    </p>
   </div>
   <div class='ocr_carea' id='block_1_12' title="bbox 1078 175 1917 221">
    <p class='ocr_par' dir='ltr' id='par_1_13' title="bbox 1078 175 1917 221">
     <span class='ocr_line' id='line_1_34' title="bbox 1078 175 1917 221; baseline 0.001 -11"><span class='ocrx_word' id='word_1_244' title='bbox 1078 175 1344 220; x_wconf 86' lang='lat' dir='ltr'>QUAESTlo</span> <span class='ocrx_word' id='word_1_245' title='bbox 1372 175 1511 221; x_wconf 83' lang='lat' dir='ltr'>xvm,</span> <span class='ocrx_word' id='word_1_246' title='bbox 1542 175 1838 214; x_wconf 79' lang='lat' dir='ltr'>ARTlcULus</span> <span class='ocrx_word' id='word_1_247' title='bbox 1869 176 1917 211; x_wconf 91' lang='lat'>111</span> 
     </span>
    </p>
   </div>
   <div class='ocr_carea' id='block_1_13' title="bbox 1522 252 2588 1296">
    <p class='ocr_par' dir='ltr' id='par_1_14' title="bbox 1522 252 2585 863">
     <span class='ocr_line' id='line_1_35' title="bbox 1581 252 2580 290; baseline 0.004 -9"><span class='ocrx_word' id='word_1_248' title='bbox 1581 252 1631 281; x_wconf 92' lang='lat' dir='ltr'>Ad</span> <span class='ocrx_word' id='word_1_249' title='bbox 1654 252 1824 281; x_wconf 85' lang='lat' dir='ltr'>secundam</span> <span class='ocrx_word' id='word_1_250' title='bbox 1850 259 1957 282; x_wconf 88' lang='lat' dir='ltr'>autem</span> <span class='ocrx_word' id='word_1_251' title='bbox 1980 252 2191 283; x_wconf 88' lang='lat' dir='ltr'>obiectionem</span> <span class='ocrx_word' id='word_1_252' title='bbox 2216 253 2344 290; x_wconf 90' lang='lat' dir='ltr'>dicitur,</span> <span class='ocrx_word' id='word_1_253' title='bbox 2366 260 2402 284; x_wconf 90' lang='lat' dir='ltr'>ut</span> <span class='ocrx_word' id='word_1_254' title='bbox 2425 254 2519 284; x_wconf 87' lang='lat' dir='ltr'>etiarn</span> <span class='ocrx_word' id='word_1_255' title='bbox 2543 253 2580 284; x_wconf 91' lang='lat' dir='ltr'>de</span> 
     </span>
     <span class='ocr_line' id='line_1_36' title="bbox 1522 295 2580 338; baseline 0.004 -14"><span class='ocrx_word' id='word_1_256' title='bbox 1522 295 1595 325; x_wconf 90' lang='lat' dir='ltr'>fidei</span> <span class='ocrx_word' id='word_1_257' title='bbox 1618 295 1742 325; x_wconf 90' lang='lat' dir='ltr'>obiecto</span> <span class='ocrx_word' id='word_1_258' title='bbox 1770 295 1891 325; x_wconf 88' lang='lat' dir='ltr'>dictum</span> <span class='ocrx_word' id='word_1_259' title='bbox 1915 301 1961 325; x_wconf 92' lang='lat' dir='ltr'>est</span> <span class='ocrx_word' id='word_1_260' title='bbox 1981 295 2013 331; x_wconf 88' lang='lat'>*,</span> <span class='ocrx_word' id='word_1_261' title='bbox 2042 296 2131 335; x_wconf 90' lang='lat' dir='ltr'>quod</span> <span class='ocrx_word' id='word_1_262' title='bbox 2156 296 2276 337; x_wconf 87' lang='lat' dir='ltr'>aliquid</span> <span class='ocrx_word' id='word_1_263' title='bbox 2305 304 2443 338; x_wconf 87' lang='lat' dir='ltr'>spectare</span> <span class='ocrx_word' id='word_1_264' title='bbox 2473 298 2513 328; x_wconf 90' lang='lat' dir='ltr'>ad</span> <span class='ocrx_word' id='word_1_265' title='bbox 2535 307 2580 328; x_wconf 89' lang='lat' dir='ltr'>ra-</span> 
     </span>
     <span class='ocr_line' id='line_1_37' title="bbox 1522 338 2580 380; baseline 0.004 -12"><span class='ocrx_word' id='word_1_266' title='bbox 1522 339 1643 369; x_wconf 88' lang='lat' dir='ltr'>tionem</span> <span class='ocrx_word' id='word_1_267' title='bbox 1666 338 1833 368; x_wconf 87' lang='lat' dir='ltr'>formalem</span> <span class='ocrx_word' id='word_1_268' title='bbox 1856 338 1972 370; x_wconf 87' lang='lat' dir='ltr'>obiecti</span> <span class='ocrx_word' id='word_1_269' title='bbox 1994 339 2149 379; x_wconf 84' lang='lat' dir='ltr'>contingit</span> <span class='ocrx_word' id='word_1_270' title='bbox 2172 341 2354 380; x_wconf 82' lang='lat' dir='ltr'>dupliciter:</span> <span class='ocrx_word' id='word_1_271' title='bbox 2380 351 2446 372; x_wconf 90' lang='lat' dir='ltr'>uno</span> <span class='ocrx_word' id='word_1_272' title='bbox 2470 342 2580 378; x_wconf 89' lang='lat' dir='ltr'>modo,</span> 
     </span>
     <span class='ocr_line' id='line_1_38' title="bbox 1523 381 2582 425; baseline 0.004 -13"><span class='ocrx_word' id='word_1_273' title='bbox 1523 393 1560 412; x_wconf 85' lang='lat' dir='ltr'>ex</span> <span class='ocrx_word' id='word_1_274' title='bbox 1582 389 1669 422; x_wconf 87' lang='lat' dir='ltr'>parte</span> <span class='ocrx_word' id='word_1_275' title='bbox 1702 381 1745 412; x_wconf 92' lang='lat' dir='ltr'>rei</span> <span class='ocrx_word' id='word_1_276' title='bbox 1769 382 1908 412; x_wconf 89' lang='lat' dir='ltr'>obiectae</span> <span class='ocrx_word' id='word_1_277' title='bbox 1938 383 2114 413; x_wconf 89' lang='lat' dir='ltr'>secundum</span> <span class='ocrx_word' id='word_1_278' title='bbox 2137 392 2185 420; x_wconf 89' lang='lat' dir='ltr'>se;</span> <span class='ocrx_word' id='word_1_279' title='bbox 2210 385 2272 414; x_wconf 86' lang='lat' dir='ltr'>alio</span> <span class='ocrx_word' id='word_1_280' title='bbox 2297 386 2411 421; x_wconf 87' lang='lat' dir='ltr'>modo,</span> <span class='ocrx_word' id='word_1_281' title='bbox 2435 395 2472 416; x_wconf 85' lang='lat' dir='ltr'>ex</span> <span class='ocrx_word' id='word_1_282' title='bbox 2495 392 2582 425; x_wconf 85' lang='lat' dir='ltr'>parte</span> 
     </span>
     <span class='ocr_line' id='line_1_39' title="bbox 1523 425 2583 470; baseline 0.004 -14"><span class='ocrx_word' id='word_1_283' title='bbox 1523 426 1662 456; x_wconf 90' lang='lat' dir='ltr'>subiecti.</span> <span class='ocrx_word' id='word_1_284' title='bbox 1679 425 1849 456; x_wconf 90' lang='lat' dir='ltr'>Obiectum</span> <span class='ocrx_word' id='word_1_285' title='bbox 1866 426 1932 466; x_wconf 89' lang='lat' dir='ltr'>spei</span> <span class='ocrx_word' id='word_1_286' title='bbox 1948 436 1985 457; x_wconf 83' lang='lat' dir='ltr'>ex</span> <span class='ocrx_word' id='word_1_287' title='bbox 2000 433 2088 466; x_wconf 87' lang='lat' dir='ltr'>parte</span> <span class='ocrx_word' id='word_1_288' title='bbox 2104 427 2148 456; x_wconf 90' lang='lat' dir='ltr'>rei</span> <span class='ocrx_word' id='word_1_289' title='bbox 2164 434 2209 458; x_wconf 83' lang='lat' dir='ltr'>est</span> <span class='ocrx_word' id='word_1_290' title='bbox 2231 428 2298 468; x_wconf 84' lang='lat' dir='ltr'>ipse</span> <span class='ocrx_word' id='word_1_291' title='bbox 2316 429 2419 460; x_wconf 87' lang='lat' dir='ltr'>Deus:</span> <span class='ocrx_word' id='word_1_292' title='bbox 2445 439 2481 460; x_wconf 85' lang='lat' dir='ltr'>ex</span> <span class='ocrx_word' id='word_1_293' title='bbox 2496 435 2583 470; x_wconf 86' lang='lat' dir='ltr'>parte</span> 
     </span>
     <span class='ocr_line' id='line_1_40' title="bbox 1522 469 2584 507; baseline 0.004 -8"><span class='ocrx_word' id='word_1_294' title='bbox 1522 478 1597 500; x_wconf 92' lang='lat' dir='ltr'>vero</span> <span class='ocrx_word' id='word_1_295' title='bbox 1614 469 1712 500; x_wconf 86' lang='lat' dir='ltr'>nostri</span> <span class='ocrx_word' id='word_1_296' title='bbox 1734 470 1889 501; x_wconf 86' lang='lat' dir='ltr'>redundat</span> <span class='ocrx_word' id='word_1_297' title='bbox 1907 470 1940 500; x_wconf 92' lang='lat' dir='ltr'>in</span> <span class='ocrx_word' id='word_1_298' title='bbox 1956 470 2118 501; x_wconf 89' lang='lat' dir='ltr'>obiectum</span> <span class='ocrx_word' id='word_1_299' title='bbox 2134 480 2200 501; x_wconf 87' lang='lat' dir='ltr'>esse</span> <span class='ocrx_word' id='word_1_300' title='bbox 2224 471 2368 503; x_wconf 86' lang='lat' dir='ltr'>futurum</span> <span class='ocrx_word' id='word_1_301' title='bbox 2383 473 2486 507; x_wconf 85' lang='lat' dir='ltr'>nobis,</span> <span class='ocrx_word' id='word_1_302' title='bbox 2503 473 2584 503; x_wconf 85' lang='lat' dir='ltr'>sicut</span> 
     </span>
     <span class='ocr_line' id='line_1_41' title="bbox 1522 513 2583 556; baseline 0.004 -13"><span class='ocrx_word' id='word_1_303' title='bbox 1522 514 1555 543; x_wconf 90' lang='lat' dir='ltr'>in</span> <span class='ocrx_word' id='word_1_304' title='bbox 1572 513 1732 544; x_wconf 88' lang='lat' dir='ltr'>obiectum</span> <span class='ocrx_word' id='word_1_305' title='bbox 1747 513 1820 546; x_wconf 81' lang='lat' dir='ltr'>fidei</span> <span class='ocrx_word' id='word_1_306' title='bbox 1836 524 1902 545; x_wconf 89' lang='lat' dir='ltr'>esse</span> <span class='ocrx_word' id='word_1_307' title='bbox 1918 524 1984 545; x_wconf 89' lang='lat' dir='ltr'>non</span> <span class='ocrx_word' id='word_1_308' title='bbox 1999 524 2163 554; x_wconf 82' lang='lat' dir='ltr'>apparens,</span> <span class='ocrx_word' id='word_1_309' title='bbox 2179 522 2215 546; x_wconf 94' lang='lat' dir='ltr'>ut</span> <span class='ocrx_word' id='word_1_310' title='bbox 2229 525 2266 547; x_wconf 85' lang='lat' dir='ltr'>ex</span> <span class='ocrx_word' id='word_1_311' title='bbox 2281 517 2443 548; x_wconf 78' lang='lat' dir='ltr'>antedictis</span> <span class='ocrx_word' id='word_1_312' title='bbox 2454 517 2471 536; x_wconf 84' lang='grc'>*</span> <span class='ocrx_word' id='word_1_313' title='bbox 2487 522 2583 556; x_wconf 87' lang='lat' dir='ltr'>patet.</span> 
     </span>
     <span class='ocr_line' id='line_1_42' title="bbox 1523 557 2584 598; baseline 0.004 -11"><span class='ocrx_word' id='word_1_314' title='bbox 1523 557 1609 587; x_wconf 88' lang='lat' dir='ltr'>Nihil</span> <span class='ocrx_word' id='word_1_315' title='bbox 1632 564 1739 588; x_wconf 88' lang='lat' dir='ltr'>autern</span> <span class='ocrx_word' id='word_1_316' title='bbox 1761 558 1908 598; x_wconf 90' lang='lat' dir='ltr'>prohibet</span> <span class='ocrx_word' id='word_1_317' title='bbox 1937 558 2123 589; x_wconf 89' lang='lat' dir='ltr'>huiusmodi</span> <span class='ocrx_word' id='word_1_318' title='bbox 2147 559 2345 591; x_wconf 85' lang='lat' dir='ltr'>conditiones</span> <span class='ocrx_word' id='word_1_319' title='bbox 2375 560 2584 591; x_wconf 89' lang='lat' dir='ltr'>denominati-</span> 
     </span>
     <span class='ocr_line' id='line_1_43' title="bbox 1522 602 2583 643; baseline 0.004 -12"><span class='ocrx_word' id='word_1_320' title='bbox 1522 612 1577 631; x_wconf 90' lang='lat' dir='ltr'>vas</span> <span class='ocrx_word' id='word_1_321' title='bbox 1601 611 1666 633; x_wconf 88' lang='lat' dir='ltr'>esse</span> <span class='ocrx_word' id='word_1_322' title='bbox 1690 602 1729 632; x_wconf 91' lang='lat' dir='ltr'>de</span> <span class='ocrx_word' id='word_1_323' title='bbox 1745 602 1866 632; x_wconf 90' lang='lat' dir='ltr'>ratione</span> <span class='ocrx_word' id='word_1_324' title='bbox 1890 602 2014 633; x_wconf 88' lang='lat' dir='ltr'>formali</span> <span class='ocrx_word' id='word_1_325' title='bbox 2039 602 2153 632; x_wconf 90' lang='lat' dir='ltr'>obiecti</span> <span class='ocrx_word' id='word_1_326' title='bbox 2170 603 2213 633; x_wconf 88' lang='lat' dir='ltr'>sic</span> <span class='ocrx_word' id='word_1_327' title='bbox 2236 604 2326 643; x_wconf 91' lang='lat' dir='ltr'>quod</span> <span class='ocrx_word' id='word_1_328' title='bbox 2348 604 2518 635; x_wconf 84' lang='lat' dir='ltr'>subtractio</span> <span class='ocrx_word' id='word_1_329' title='bbox 2534 614 2583 634; x_wconf 86' lang='lat' dir='ltr'>ea-</span> 
     </span>
     <span class='ocr_line' id='line_1_44' title="bbox 1523 645 2584 688; baseline 0.004 -13"><span class='ocrx_word' id='word_1_330' title='bbox 1523 655 1596 675; x_wconf 87' lang='lat' dir='ltr'>rum</span> <span class='ocrx_word' id='word_1_331' title='bbox 1626 645 1727 676; x_wconf 86' lang='lat' dir='ltr'>solvat</span> <span class='ocrx_word' id='word_1_332' title='bbox 1757 646 1894 687; x_wconf 90' lang='lat' dir='ltr'>speciem</span> <span class='ocrx_word' id='word_1_333' title='bbox 1924 654 2010 677; x_wconf 90' lang='lat' dir='ltr'>actus</span> <span class='ocrx_word' id='word_1_334' title='bbox 2034 653 2064 677; x_wconf 87' lang='lat' dir='ltr'>et</span> <span class='ocrx_word' id='word_1_335' title='bbox 2088 646 2221 677; x_wconf 82' lang='lat' dir='ltr'>habitus.</span> <span class='ocrx_word' id='word_1_336' title='bbox 2248 646 2417 679; x_wconf 89' lang='lat' dir='ltr'>Obiectum</span> <span class='ocrx_word' id='word_1_337' title='bbox 2444 657 2584 688; x_wconf 86' lang='lat' dir='ltr'>namque</span> 
     </span>
     <span class='ocr_line' id='line_1_45' title="bbox 1524 689 2584 731; baseline 0.003 -12"><span class='ocrx_word' id='word_1_338' title='bbox 1524 689 1610 728; x_wconf 86' lang='lat' dir='ltr'>prius</span> <span class='ocrx_word' id='word_1_339' title='bbox 1634 697 1835 730; x_wconf 85' lang='lat' dir='ltr'>comparatur</span> <span class='ocrx_word' id='word_1_340' title='bbox 1853 691 1893 720; x_wconf 87' lang='lat' dir='ltr'>ad</span> <span class='ocrx_word' id='word_1_341' title='bbox 1916 691 2094 721; x_wconf 89' lang='lat' dir='ltr'>subiectum</span> <span class='ocrx_word' id='word_1_342' title='bbox 2117 701 2216 731; x_wconf 87' lang='lat' dir='ltr'>quam</span> <span class='ocrx_word' id='word_1_343' title='bbox 2235 691 2274 721; x_wconf 90' lang='lat' dir='ltr'>ad</span> <span class='ocrx_word' id='word_1_344' title='bbox 2297 698 2403 722; x_wconf 89' lang='lat' dir='ltr'>actum</span> <span class='ocrx_word' id='word_1_345' title='bbox 2425 692 2475 722; x_wconf 88' lang='lat' dir='ltr'>vel</span> <span class='ocrx_word' id='word_1_346' title='bbox 2497 691 2584 722; x_wconf 90' lang='lat' dir='ltr'>habi-</span> 
     </span>
     <span class='ocr_line' id='line_1_46' title="bbox 1523 733 2585 774; baseline 0.003 -11"><span class='ocrx_word' id='word_1_347' title='bbox 1523 739 1604 764; x_wconf 89' lang='lat' dir='ltr'>tum.</span> <span class='ocrx_word' id='word_1_348' title='bbox 1627 733 1668 764; x_wconf 90' lang='lat' dir='ltr'>Et</span> <span class='ocrx_word' id='word_1_349' title='bbox 1697 741 1863 774; x_wconf 89' lang='lat' dir='ltr'>propterea</span> <span class='ocrx_word' id='word_1_350' title='bbox 1893 734 2090 765; x_wconf 90' lang='lat' dir='ltr'>conditiones</span> <span class='ocrx_word' id='word_1_351' title='bbox 2120 735 2331 773; x_wconf 76' lang='lat' dir='ltr'>redundantes</span> <span class='ocrx_word' id='word_1_352' title='bbox 2361 735 2394 765; x_wconf 91' lang='lat' dir='ltr'>in</span> <span class='ocrx_word' id='word_1_353' title='bbox 2424 735 2585 766; x_wconf 89' lang='lat' dir='ltr'>obiectum</span> 
     </span>
     <span class='ocr_line' id='line_1_47' title="bbox 1523 777 2585 819; baseline 0.003 -12"><span class='ocrx_word' id='word_1_354' title='bbox 1523 787 1560 807; x_wconf 85' lang='lat' dir='ltr'>ex</span> <span class='ocrx_word' id='word_1_355' title='bbox 1583 777 1734 814; x_wconf 86' lang='lat' dir='ltr'>subiecto,</span> <span class='ocrx_word' id='word_1_356' title='bbox 1755 778 1991 818; x_wconf 83' lang='lat' dir='ltr'>praevenientes</span> <span class='ocrx_word' id='word_1_357' title='bbox 2015 786 2122 809; x_wconf 85' lang='lat' dir='ltr'>actum</span> <span class='ocrx_word' id='word_1_358' title='bbox 2141 785 2172 809; x_wconf 90' lang='lat' dir='ltr'>et</span> <span class='ocrx_word' id='word_1_359' title='bbox 2194 779 2349 815; x_wconf 90' lang='lat' dir='ltr'>habitum,</span> <span class='ocrx_word' id='word_1_360' title='bbox 2366 779 2406 809; x_wconf 90' lang='lat' dir='ltr'>ad</span> <span class='ocrx_word' id='word_1_361' title='bbox 2428 779 2585 819; x_wconf 80' lang='lat' dir='ltr'>integrita-</span> 
     </span>
     <span class='ocr_line' id='line_1_48' title="bbox 1523 821 2539 863; baseline 0.003 -12"><span class='ocrx_word' id='word_1_362' title='bbox 1523 827 1587 851; x_wconf 87' lang='lat' dir='ltr'>tem</span> <span class='ocrx_word' id='word_1_363' title='bbox 1611 821 1752 852; x_wconf 84' lang='lat' dir='ltr'>formalis</span> <span class='ocrx_word' id='word_1_364' title='bbox 1771 822 1885 853; x_wconf 91' lang='lat' dir='ltr'>obiecti</span> <span class='ocrx_word' id='word_1_365' title='bbox 1909 829 1995 854; x_wconf 87' lang='lat' dir='ltr'>actus</span> <span class='ocrx_word' id='word_1_366' title='bbox 2015 823 2064 853; x_wconf 88' lang='lat' dir='ltr'>vel</span> <span class='ocrx_word' id='word_1_367' title='bbox 2088 823 2213 854; x_wconf 90' lang='lat' dir='ltr'>habitus</span> <span class='ocrx_word' id='word_1_368' title='bbox 2237 829 2376 863; x_wconf 90' lang='lat' dir='ltr'>spectare</span> <span class='ocrx_word' id='word_1_369' title='bbox 2395 830 2539 863; x_wconf 88' lang='lat' dir='ltr'>possunt.</span> 
     </span>
    </p>

    <p class='ocr_par' dir='ltr' id='par_1_15' title="bbox 1523 866 2588 1296">
     <span class='ocr_line' id='line_1_49' title="bbox 1578 866 2586 908; baseline 0.002 -12"><span class='ocrx_word' id='word_1_370' title='bbox 1578 866 1644 896; x_wconf 91' lang='lat' dir='ltr'>Nec</span> <span class='ocrx_word' id='word_1_371' title='bbox 1671 867 1775 897; x_wconf 91' lang='lat' dir='ltr'>obstat</span> <span class='ocrx_word' id='word_1_372' title='bbox 1797 868 1886 908; x_wconf 92' lang='lat' dir='ltr'>quod</span> <span class='ocrx_word' id='word_1_373' title='bbox 1910 867 1992 898; x_wconf 85' lang='lat' dir='ltr'>entia</span> <span class='ocrx_word' id='word_1_374' title='bbox 2024 867 2153 898; x_wconf 89' lang='lat' dir='ltr'>rationis</span> <span class='ocrx_word' id='word_1_375' title='bbox 2177 874 2251 898; x_wconf 90' lang='lat' dir='ltr'>sunt</span> <span class='ocrx_word' id='word_1_376' title='bbox 2279 867 2465 898; x_wconf 88' lang='lat' dir='ltr'>huiusmodi</span> <span class='ocrx_word' id='word_1_377' title='bbox 2488 867 2586 898; x_wconf 89' lang='lat' dir='ltr'>deno-</span> 
     </span>
     <span class='ocr_line' id='line_1_50' title="bbox 1523 909 2587 952; baseline 0.003 -13"><span class='ocrx_word' id='word_1_378' title='bbox 1523 909 1691 940; x_wconf 84' lang='lat' dir='ltr'>minativae</span> <span class='ocrx_word' id='word_1_379' title='bbox 1715 910 1924 942; x_wconf 84' lang='lat' dir='ltr'>conditiones.</span> <span class='ocrx_word' id='word_1_380' title='bbox 1948 912 2074 942; x_wconf 86' lang='lat' dir='ltr'>Habent</span> <span class='ocrx_word' id='word_1_381' title='bbox 2098 911 2182 942; x_wconf 90' lang='lat' dir='ltr'>enim</span> <span class='ocrx_word' id='word_1_382' title='bbox 2206 912 2302 942; x_wconf 88' lang='lat' dir='ltr'>reales</span> <span class='ocrx_word' id='word_1_383' title='bbox 2327 921 2446 948; x_wconf 80' lang='lat' dir='ltr'>causas,</span> <span class='ocrx_word' id='word_1_384' title='bbox 2470 911 2587 952; x_wconf 87' lang='lat' dir='ltr'>quibus</span> 
     </span>
     <span class='ocr_line' id='line_1_51' title="bbox 1523 954 2587 996; baseline 0.003 -13"><span class='ocrx_word' id='word_1_385' title='bbox 1523 962 1700 994; x_wconf 86' lang='lat' dir='ltr'>repugnant</span> <span class='ocrx_word' id='word_1_386' title='bbox 1721 954 1798 985; x_wconf 85' lang='lat' dir='ltr'>aliae</span> <span class='ocrx_word' id='word_1_387' title='bbox 1821 955 1918 985; x_wconf 87' lang='lat' dir='ltr'>reales</span> <span class='ocrx_word' id='word_1_388' title='bbox 1941 965 2052 986; x_wconf 87' lang='lat' dir='ltr'>causae</span> <span class='ocrx_word' id='word_1_389' title='bbox 2075 955 2108 985; x_wconf 88' lang='lat' dir='ltr'>in</span> <span class='ocrx_word' id='word_1_390' title='bbox 2132 956 2255 991; x_wconf 88' lang='lat' dir='ltr'>eodem,</span> <span class='ocrx_word' id='word_1_391' title='bbox 2277 965 2312 986; x_wconf 89' lang='lat' dir='ltr'>ex</span> <span class='ocrx_word' id='word_1_392' title='bbox 2336 955 2452 996; x_wconf 88' lang='lat' dir='ltr'>quibus</span> <span class='ocrx_word' id='word_1_393' title='bbox 2473 955 2587 986; x_wconf 88' lang='lat' dir='ltr'>redun-</span> 
     </span>
     <span class='ocr_line' id='line_1_52' title="bbox 1524 998 2587 1040; baseline 0.002 -12"><span class='ocrx_word' id='word_1_394' title='bbox 1524 998 1599 1028; x_wconf 84' lang='lat' dir='ltr'>dant</span> <span class='ocrx_word' id='word_1_395' title='bbox 1618 998 1783 1039; x_wconf 86' lang='lat' dir='ltr'>oppositae</span> <span class='ocrx_word' id='word_1_396' title='bbox 1809 999 2083 1030; x_wconf 86' lang='lat' dir='ltr'>denominationes</span> <span class='ocrx_word' id='word_1_397' title='bbox 2103 999 2136 1029; x_wconf 89' lang='lat' dir='ltr'>in</span> <span class='ocrx_word' id='word_1_398' title='bbox 2156 1000 2296 1030; x_wconf 88' lang='lat' dir='ltr'>obiectis.</span> <span class='ocrx_word' id='word_1_399' title='bbox 2313 999 2408 1030; x_wconf 89' lang='lat' dir='ltr'>Verbi</span> <span class='ocrx_word' id='word_1_400' title='bbox 2430 999 2538 1040; x_wconf 83' lang='lat' dir='ltr'>gratia,</span> <span class='ocrx_word' id='word_1_401' title='bbox 2554 999 2587 1030; x_wconf 90' lang='lat' dir='ltr'>in</span> 
     </span>
     <span class='ocr_line' id='line_1_53' title="bbox 1524 1042 2588 1083; baseline 0.002 -11"><span class='ocrx_word' id='word_1_402' title='bbox 1524 1042 1648 1073; x_wconf 89' lang='lat' dir='ltr'>obiecto</span> <span class='ocrx_word' id='word_1_403' title='bbox 1672 1042 1744 1073; x_wconf 88' lang='lat' dir='ltr'>fidei</span> <span class='ocrx_word' id='word_1_404' title='bbox 1768 1049 1799 1073; x_wconf 90' lang='lat' dir='ltr'>et</span> <span class='ocrx_word' id='word_1_405' title='bbox 1821 1043 1886 1083; x_wconf 91' lang='lat' dir='ltr'>spei</span> <span class='ocrx_word' id='word_1_406' title='bbox 1910 1043 2089 1073; x_wconf 88' lang='lat' dir='ltr'>non-videri</span> <span class='ocrx_word' id='word_1_407' title='bbox 2113 1050 2159 1074; x_wconf 89' lang='lat' dir='ltr'>est</span> <span class='ocrx_word' id='word_1_408' title='bbox 2185 1044 2327 1074; x_wconf 89' lang='lat' dir='ltr'>conditio</span> <span class='ocrx_word' id='word_1_409' title='bbox 2351 1043 2588 1074; x_wconf 85' lang='lat' dir='ltr'>denominativa</span> 
     </span>
     <span class='ocr_line' id='line_1_54' title="bbox 1523 1087 2587 1128; baseline 0.002 -12"><span class='ocrx_word' id='word_1_410' title='bbox 1523 1093 1662 1117; x_wconf 89' lang='lat' dir='ltr'>tantum:</span> <span class='ocrx_word' id='word_1_411' title='bbox 1688 1087 1743 1116; x_wconf 91' lang='lat' dir='ltr'>sed</span> <span class='ocrx_word' id='word_1_412' title='bbox 1765 1097 1859 1118; x_wconf 88' lang='lat' dir='ltr'>causa</span> <span class='ocrx_word' id='word_1_413' title='bbox 1883 1087 1959 1123; x_wconf 91' lang='lat' dir='ltr'>eius,</span> <span class='ocrx_word' id='word_1_414' title='bbox 1986 1094 2063 1127; x_wconf 89' lang='lat' dir='ltr'>puta</span> <span class='ocrx_word' id='word_1_415' title='bbox 2085 1088 2155 1118; x_wconf 90' lang='lat' dir='ltr'>talis</span> <span class='ocrx_word' id='word_1_416' title='bbox 2179 1088 2345 1128; x_wconf 89' lang='lat' dir='ltr'>dispositio</span> <span class='ocrx_word' id='word_1_417' title='bbox 2368 1087 2516 1124; x_wconf 86' lang='lat' dir='ltr'>subiecti,</span> <span class='ocrx_word' id='word_1_418' title='bbox 2540 1094 2587 1118; x_wconf 90' lang='lat' dir='ltr'>est</span> 
     </span>
     <span class='ocr_line' id='line_1_55' title="bbox 1523 1130 2586 1173; baseline 0.002 -13"><span class='ocrx_word' id='word_1_419' title='bbox 1523 1130 1627 1166; x_wconf 87' lang='lat' dir='ltr'>realis;</span> <span class='ocrx_word' id='word_1_420' title='bbox 1653 1137 1683 1160; x_wconf 90' lang='lat' dir='ltr'>et</span> <span class='ocrx_word' id='word_1_421' title='bbox 1706 1130 1779 1161; x_wconf 88' lang='lat' dir='ltr'>huic</span> <span class='ocrx_word' id='word_1_422' title='bbox 1796 1131 1995 1171; x_wconf 89' lang='lat' dir='ltr'>dispositioni</span> <span class='ocrx_word' id='word_1_423' title='bbox 2018 1131 2092 1162; x_wconf 87' lang='lat' dir='ltr'>reali</span> <span class='ocrx_word' id='word_1_424' title='bbox 2115 1132 2322 1163; x_wconf 85' lang='lat' dir='ltr'>contrariatur</span> <span class='ocrx_word' id='word_1_425' title='bbox 2344 1132 2404 1163; x_wconf 86' lang='lat' dir='ltr'>alia</span> <span class='ocrx_word' id='word_1_426' title='bbox 2420 1131 2586 1173; x_wconf 84' lang='lat' dir='ltr'>dispositio</span> 
     </span>
     <span class='ocr_line' id='line_1_56' title="bbox 1523 1174 2587 1216; baseline 0.004 -13"><span class='ocrx_word' id='word_1_427' title='bbox 1523 1174 1613 1211; x_wconf 79' lang='lat' dir='ltr'>realis</span> <span class='ocrx_word' id='word_1_428' title='bbox 1636 1174 1669 1203; x_wconf 88' lang='lat' dir='ltr'>in</span> <span class='ocrx_word' id='word_1_429' title='bbox 1700 1175 1830 1210; x_wconf 86' lang='lat' dir='ltr'>eodem,</span> <span class='ocrx_word' id='word_1_430' title='bbox 1854 1182 1930 1214; x_wconf 86' lang='lat' dir='ltr'>puta</span> <span class='ocrx_word' id='word_1_431' title='bbox 1954 1185 2019 1205; x_wconf 89' lang='lat' dir='ltr'>esse</span> <span class='ocrx_word' id='word_1_432' title='bbox 2043 1174 2190 1206; x_wconf 84' lang='lat' dir='ltr'>affectum</span> <span class='ocrx_word' id='word_1_433' title='bbox 2219 1176 2340 1207; x_wconf 90' lang='lat' dir='ltr'>lumine</span> <span class='ocrx_word' id='word_1_434' title='bbox 2370 1176 2488 1216; x_wconf 86' lang='lat' dir='ltr'>gloriae</span> <span class='ocrx_word' id='word_1_435' title='bbox 2512 1186 2587 1207; x_wconf 92' lang='lat' dir='ltr'>con-</span> 
     </span>
     <span class='ocr_line' id='line_1_57' title="bbox 1523 1218 2588 1261; baseline 0.004 -14"><span class='ocrx_word' id='word_1_436' title='bbox 1523 1225 1715 1253; x_wconf 88' lang='lat' dir='ltr'>summatae,</span> <span class='ocrx_word' id='word_1_437' title='bbox 1741 1228 1776 1248; x_wconf 84' lang='lat' dir='ltr'>ex</span> <span class='ocrx_word' id='word_1_438' title='bbox 1800 1228 1863 1258; x_wconf 88' lang='lat' dir='ltr'>qua</span> <span class='ocrx_word' id='word_1_439' title='bbox 1886 1218 1919 1248; x_wconf 92' lang='lat' dir='ltr'>in</span> <span class='ocrx_word' id='word_1_440' title='bbox 1943 1218 2067 1249; x_wconf 88' lang='lat' dir='ltr'>obiecto</span> <span class='ocrx_word' id='word_1_441' title='bbox 2092 1220 2247 1250; x_wconf 87' lang='lat' dir='ltr'>redundat</span> <span class='ocrx_word' id='word_1_442' title='bbox 2271 1220 2420 1261; x_wconf 87' lang='lat' dir='ltr'>opposita</span> <span class='ocrx_word' id='word_1_443' title='bbox 2443 1220 2588 1251; x_wconf 90' lang='lat' dir='ltr'>denomi—</span> 
     </span>
     <span class='ocr_line' id='line_1_58' title="bbox 1523 1261 1980 1296; baseline 0.002 -5"><span class='ocrx_word' id='word_1_444' title='bbox 1523 1261 1619 1296; x_wconf 88' lang='lat' dir='ltr'>natio,</span> <span class='ocrx_word' id='word_1_445' title='bbox 1639 1261 1755 1292; x_wconf 88' lang='lat' dir='ltr'>scilicet</span> <span class='ocrx_word' id='word_1_446' title='bbox 1778 1271 1844 1292; x_wconf 90' lang='lat' dir='ltr'>esse</span> <span class='ocrx_word' id='word_1_447' title='bbox 1866 1262 1980 1292; x_wconf 86' lang='lat' dir='ltr'>visum.</span> 
     </span>
    </p>
   </div>
   <div class='ocr_carea' id='block_1_14' title="bbox 1087 1407 1904 1543">
    <p class='ocr_par' dir='ltr' id='par_1_16' title="bbox 1087 1407 1904 1543">
     <span class='ocr_line' id='line_1_59' title="bbox 1218 1407 1792 1450; baseline 0.003 -2"><span class='ocrx_word' id='word_1_448' title='bbox 1218 1407 1535 1450; x_wconf 89' lang='lat' dir='ltr'>ARTICULUS</span> <span class='ocrx_word' id='word_1_449' title='bbox 1563 1408 1792 1450; x_wconf 88' lang='lat' dir='ltr'>TERTIUS</span> 
     </span>
     <span class='ocr_line' id='line_1_60' title="bbox 1087 1500 1904 1543; baseline 0.004 -13"><span class='ocrx_word' id='word_1_450' title='bbox 1087 1500 1270 1531; x_wconf 86' lang='lat' dir='ltr'><strong>UTRUM</strong></span> <span class='ocrx_word' id='word_1_451' title='bbox 1300 1500 1413 1531; x_wconf 69' lang='lat' dir='ltr'>spes</span> <span class='ocrx_word' id='word_1_452' title='bbox 1444 1500 1523 1530; x_wconf 74' lang='lat' dir='ltr'>Sl&#39;r</span> <span class='ocrx_word' id='word_1_453' title='bbox 1556 1501 1605 1531; x_wconf 86' lang='lat' dir='ltr'>IN</span> <span class='ocrx_word' id='word_1_454' title='bbox 1636 1501 1904 1543; x_wconf 72' lang='lat' dir='ltr'>DAMNATIS</span> 
     </span>
    </p>
   </div>
   <div class='ocr_carea' id='block_1_15' title="bbox 1186 1578 1816 1613">
    <p class='ocr_par' dir='ltr' id='par_1_17' title="bbox 1186 1578 1816 1613">
     <span class='ocr_line' id='line_1_61' title="bbox 1186 1578 1816 1613; baseline 0.006 -11"><span class='ocrx_word' id='word_1_455' title='bbox 1186 1578 1216 1602; x_wconf 92' lang='lat'>111</span> <span class='ocrx_word' id='word_1_456' title='bbox 1236 1578 1318 1607; x_wconf 71' lang='lat' dir='ltr'>Sent„</span> <span class='ocrx_word' id='word_1_457' title='bbox 1339 1579 1396 1603; x_wconf 86' lang='lat' dir='ltr'>dist.</span> <span class='ocrx_word' id='word_1_458' title='bbox 1414 1586 1480 1610; x_wconf 77' lang='lat' dir='ltr'>xxvr,</span> <span class='ocrx_word' id='word_1_459' title='bbox 1500 1586 1545 1611; x_wconf 92' lang='lat' dir='ltr'>qu.</span> <span class='ocrx_word' id='word_1_460' title='bbox 1565 1587 1592 1610; x_wconf 87' lang='lat'>11,</span> <span class='ocrx_word' id='word_1_461' title='bbox 1611 1585 1657 1604; x_wconf 87' lang='lat' dir='ltr'>art.</span> <span class='ocrx_word' id='word_1_462' title='bbox 1680 1579 1703 1611; x_wconf 74' lang='grc'>5,</span> <span class='ocrx_word' id='word_1_463' title='bbox 1723 1580 1772 1613; x_wconf 69' lang='lat' dir='ltr'>qu*</span> <span class='ocrx_word' id='word_1_464' title='bbox 1790 1589 1816 1613; x_wconf 84' lang='lat'>4.</span> 
     </span>
    </p>
   </div>
   <div class='ocr_carea' id='block_1_16' title="bbox 413 1649 1475 2229">
    <p class='ocr_par' dir='ltr' id='par_1_18' title="bbox 433 1649 1474 1834">
     <span class='ocr_line' id='line_1_62' title="bbox 448 1649 1473 1699; baseline 0.002 -15"><span class='ocrx_word' id='word_1_465' title='bbox 448 1664 508 1699; x_wconf 50' lang='lat' dir='ltr'>Ie.</span> <span class='ocrx_word' id='word_1_466' title='bbox 530 1667 576 1699; x_wconf 50' lang='lat' dir='ltr'>&#39;aa</span> <span class='ocrx_word' id='word_1_467' title='bbox 597 1668 614 1679; x_wconf 74' lang='lat'>.-</span> <span class='ocrx_word' id='word_1_468' title='bbox 627 1660 649 1685; x_wconf 89' lang='lat' dir='ltr'>D</span> <span class='ocrx_word' id='word_1_469' title='bbox 669 1660 828 1685; x_wconf 81' lang='lat' dir='ltr'>TERTIUM</span> <span class='ocrx_word' id='word_1_470' title='bbox 849 1661 902 1685; x_wconf 81' lang='lat' dir='ltr'>Sic</span> <span class='ocrx_word' id='word_1_471' title='bbox 923 1660 1162 1686; x_wconf 73' lang='lat' dir='ltr'>Paocamwa.</span> <span class='ocrx_word' id='word_1_472' title='bbox 1183 1649 1342 1686; x_wconf 87' lang='lat' dir='ltr'>Videtur</span> <span class='ocrx_word' id='word_1_473' title='bbox 1369 1650 1473 1698; x_wconf 92' lang='lat' dir='ltr'>quod</span> 
     </span>
     <span class='ocr_line' id='line_1_63' title="bbox 442 1684 1474 1762; baseline 0.002 -25"><span class='ocrx_word' id='word_1_474' title='bbox 442 1684 605 1762; x_wconf 40' lang='lat' dir='ltr'>&#39;5377ssst</span> <span class='ocrx_word' id='word_1_475' title='bbox 627 1701 665 1738; x_wconf 83' lang='lat' dir='ltr'>In</span> <span class='ocrx_word' id='word_1_476' title='bbox 686 1702 873 1738; x_wconf 87' lang='lat' dir='ltr'>damnatis</span> <span class='ocrx_word' id='word_1_477' title='bbox 895 1702 941 1738; x_wconf 91' lang='lat' dir='ltr'>sit</span> <span class='ocrx_word' id='word_1_478' title='bbox 960 1714 1058 1751; x_wconf 88' lang='lat' dir='ltr'>spes.</span> <span class='ocrx_word' id='word_1_479' title='bbox 1089 1702 1273 1739; x_wconf 89' lang='lat' dir='ltr'>Diabolus</span> <span class='ocrx_word' id='word_1_480' title='bbox 1294 1702 1398 1739; x_wconf 88' lang='lat' dir='ltr'>enim</span> <span class='ocrx_word' id='word_1_481' title='bbox 1420 1711 1474 1739; x_wconf 92' lang='lat' dir='ltr'>est</span> 
     </span>
     <span class='ocr_line' id='line_1_64' title="bbox 433 1745 1471 1834; baseline 0.002 -44"><span class='ocrx_word' id='word_1_482' title='bbox 433 1754 554 1834; x_wconf 41' lang='lat' dir='ltr'>&#39;5543ss</span> <span class='ocrx_word' id='word_1_483' title='bbox 569 1745 596 1798; x_wconf 44' lang='grc' dir='ltr'>ἢ,</span> <span class='ocrx_word' id='word_1_484' title='bbox 610 1752 615 1757; x_wconf 74' lang='grc'><strong>’</strong></span> <span class='ocrx_word' id='word_1_485' title='bbox 629 1762 664 1790; x_wconf 91' lang='lat' dir='ltr'>et</span> <span class='ocrx_word' id='word_1_486' title='bbox 680 1759 697 1775; x_wconf 81' lang='lat'>‘²</span> <span class='ocrx_word' id='word_1_487' title='bbox 716 1754 917 1813; x_wconf 78' lang='lat' dir='ltr'>damnatus</span> <span class='ocrx_word' id='word_1_488' title='bbox 938 1762 974 1791; x_wconf 90' lang='lat' dir='ltr'>et</span> <span class='ocrx_word' id='word_1_489' title='bbox 992 1755 1167 1804; x_wconf 90' lang='lat' dir='ltr'>princeps</span> <span class='ocrx_word' id='word_1_490' title='bbox 1187 1755 1471 1792; x_wconf 88' lang='lat' dir='ltr'>damnatorum:</span> 
     </span>
    </p>

    <p class='ocr_par' dir='ltr' id='par_1_19' title="bbox 413 1798 1475 2121">
     <span class='ocr_line' id='line_1_65' title="bbox 474 1798 1473 1854; baseline 0.002 -11"><span class='ocrx_word' id='word_1_491' title='bbox 474 1821 484 1833; x_wconf 36' lang='grc' dir='ltr'>κ</span> <span class='ocrx_word' id='word_1_492' title='bbox 504 1798 841 1845; x_wconf 31' lang='lat' dir='ltr'>&amp;secundum</span> <span class='ocrx_word' id='word_1_493' title='bbox 869 1808 959 1845; x_wconf 86' lang='lat' dir='ltr'>1llud</span> <span class='ocrx_word' id='word_1_494' title='bbox 990 1809 1123 1845; x_wconf 92' lang='lat' dir='ltr'>Matth.</span> <span class='ocrx_word' id='word_1_495' title='bbox 1143 1820 1215 1844; x_wconf 83' lang='lat' dir='ltr'>xxv</span> <span class='ocrx_word' id='word_1_496' title='bbox 1233 1807 1267 1844; x_wconf 76' lang='lat' dir='ltr'>*z</span> <span class='ocrx_word' id='word_1_497' title='bbox 1297 1809 1364 1854; x_wconf 86' lang='lat' dir='ltr'>Ite,</span> <span class='ocrx_word' id='word_1_498' title='bbox 1393 1821 1473 1846; x_wconf 88' lang='lat' dir='ltr'>ma—</span> 
     </span>
     <span class='ocr_line' id='line_1_66' title="bbox 413 1859 1473 1910; baseline 0.003 -15"><span class='ocrx_word' id='word_1_499' title='bbox 413 1860 550 1904; x_wconf 86' lang='lat' dir='ltr'>ledicti,</span> <span class='ocrx_word' id='word_1_500' title='bbox 580 1859 617 1895; x_wconf 88' lang='lat' dir='ltr'>in</span> <span class='ocrx_word' id='word_1_501' title='bbox 646 1861 773 1910; x_wconf 84' lang='lat' dir='ltr'>ignem</span> <span class='ocrx_word' id='word_1_502' title='bbox 802 1867 1012 1907; x_wconf 88' lang='lat' dir='ltr'>aeternum,</span> <span class='ocrx_word' id='word_1_503' title='bbox 1043 1862 1108 1909; x_wconf 86' lang='lat' dir='ltr'>qui</span> <span class='ocrx_word' id='word_1_504' title='bbox 1128 1867 1289 1910; x_wconf 84' lang='lat' dir='ltr'>paratus</span> <span class='ocrx_word' id='word_1_505' title='bbox 1316 1867 1368 1898; x_wconf 84' lang='lat' dir='ltr'>est</span> <span class='ocrx_word' id='word_1_506' title='bbox 1395 1862 1473 1899; x_wconf 80' lang='lat' dir='ltr'>dia-</span> 
     </span>
     <span class='ocr_line' id='line_1_67' title="bbox 414 1912 1472 1964; baseline 0 -14"><span class='ocrx_word' id='word_1_507' title='bbox 414 1912 498 1950; x_wconf 88' lang='lat' dir='ltr'>bolo</span> <span class='ocrx_word' id='word_1_508' title='bbox 526 1918 562 1948; x_wconf 85' lang='lat' dir='ltr'>et</span> <span class='ocrx_word' id='word_1_509' title='bbox 587 1914 732 1964; x_wconf 84' lang='lat' dir='ltr'>angelis</span> <span class='ocrx_word' id='word_1_510' title='bbox 761 1914 849 1950; x_wconf 88' lang='lat' dir='ltr'>eius.</span> <span class='ocrx_word' id='word_1_511' title='bbox 890 1915 967 1951; x_wconf 89' lang='lat' dir='ltr'>Sed</span> <span class='ocrx_word' id='word_1_512' title='bbox 996 1914 1170 1952; x_wconf 89' lang='lat' dir='ltr'>diabolus</span> <span class='ocrx_word' id='word_1_513' title='bbox 1202 1915 1317 1952; x_wconf 89' lang='lat' dir='ltr'>habet</span> <span class='ocrx_word' id='word_1_514' title='bbox 1344 1927 1472 1963; x_wconf 89' lang='lat' dir='ltr'>spem:</span> 
     </span>
     <span class='ocr_line' id='line_1_68' title="bbox 415 1966 1473 2016; baseline 0.001 -13"><span class='ocrx_word' id='word_1_515' title='bbox 415 1966 626 2003; x_wconf 91' lang='lat' dir='ltr'>secundum</span> <span class='ocrx_word' id='word_1_516' title='bbox 654 1966 744 2003; x_wconf 88' lang='lat' dir='ltr'>illud</span> <span class='ocrx_word' id='word_1_517' title='bbox 763 1968 832 2004; x_wconf 89' lang='lat' dir='ltr'>Iob</span> <span class='ocrx_word' id='word_1_518' title='bbox 851 1979 896 2004; x_wconf 83' lang='lat' dir='ltr'>XL</span> <span class='ocrx_word' id='word_1_519' title='bbox 916 1967 951 2003; x_wconf 75' lang='grc' dir='ltr'>*ε</span> <span class='ocrx_word' id='word_1_520' title='bbox 980 1969 1079 2004; x_wconf 89' lang='lat' dir='ltr'>Ecce</span> <span class='ocrx_word' id='word_1_521' title='bbox 1105 1979 1187 2015; x_wconf 84' lang='lat' dir='ltr'>spes</span> <span class='ocrx_word' id='word_1_522' title='bbox 1211 1968 1289 2004; x_wconf 88' lang='lat' dir='ltr'>eius</span> <span class='ocrx_word' id='word_1_523' title='bbox 1304 1969 1473 2016; x_wconf 88' lang='lat' dir='ltr'>frustra-</span> 
     </span>
     <span class='ocr_line' id='line_1_69' title="bbox 415 2019 1475 2069; baseline 0.004 -15"><span class='ocrx_word' id='word_1_524' title='bbox 415 2019 514 2055; x_wconf 85' lang='lat' dir='ltr'>bitur</span> <span class='ocrx_word' id='word_1_525' title='bbox 540 2031 637 2055; x_wconf 84' lang='lat' dir='ltr'>eum.</span> <span class='ocrx_word' id='word_1_526' title='bbox 671 2021 771 2067; x_wconf 88' lang='lat' dir='ltr'>Ergo</span> <span class='ocrx_word' id='word_1_527' title='bbox 801 2020 952 2057; x_wconf 90' lang='lat' dir='ltr'>videtur</span> <span class='ocrx_word' id='word_1_528' title='bbox 979 2020 1084 2069; x_wconf 92' lang='lat' dir='ltr'>quod</span> <span class='ocrx_word' id='word_1_529' title='bbox 1114 2021 1282 2058; x_wconf 88' lang='lat' dir='ltr'>damnati</span> <span class='ocrx_word' id='word_1_530' title='bbox 1310 2021 1475 2058; x_wconf 84' lang='lat' dir='ltr'>habeant</span> 
     </span>
     <span class='ocr_line' id='line_1_70' title="bbox 415 2083 537 2121; baseline 0 -13"><span class='ocrx_word' id='word_1_531' title='bbox 415 2083 537 2121; x_wconf 88' lang='lat' dir='ltr'>spem.</span> 
     </span>
    </p>

    <p class='ocr_par' dir='ltr' id='par_1_20' title="bbox 416 2125 1475 2229">
     <span class='ocr_line' id='line_1_71' title="bbox 469 2125 1474 2175; baseline 0.002 -14"><span class='ocrx_word' id='word_1_532' title='bbox 469 2136 503 2161; x_wconf 90' lang='lat'>2.</span> <span class='ocrx_word' id='word_1_533' title='bbox 535 2125 768 2172; x_wconf 78' lang='lat' dir='ltr'>PRAETEREA,</span> <span class='ocrx_word' id='word_1_534' title='bbox 796 2126 890 2162; x_wconf 88' lang='lat' dir='ltr'>sicut</span> <span class='ocrx_word' id='word_1_535' title='bbox 917 2126 1012 2163; x_wconf 89' lang='lat' dir='ltr'>fides</span> <span class='ocrx_word' id='word_1_536' title='bbox 1031 2134 1157 2175; x_wconf 88' lang='lat' dir='ltr'>potest</span> <span class='ocrx_word' id='word_1_537' title='bbox 1178 2139 1258 2163; x_wconf 89' lang='lat' dir='ltr'>esse</span> <span class='ocrx_word' id='word_1_538' title='bbox 1279 2125 1294 2155; x_wconf 72' lang='grc' dir='ltr'><strong>β</strong></span> <span class='ocrx_word' id='word_1_539' title='bbox 1314 2127 1474 2164; x_wconf 86' lang='lat' dir='ltr'>formata</span> 
     </span>
     <span class='ocr_line' id='line_1_72' title="bbox 416 2177 1475 2229; baseline 0.003 -15"><span class='ocrx_word' id='word_1_540' title='bbox 416 2184 451 2214; x_wconf 89' lang='lat' dir='ltr'>et</span> <span class='ocrx_word' id='word_1_541' title='bbox 469 2177 657 2225; x_wconf 84' lang='lat' dir='ltr'>informis,</span> <span class='ocrx_word' id='word_1_542' title='bbox 684 2178 733 2216; x_wconf 90' lang='lat' dir='ltr'>ita</span> <span class='ocrx_word' id='word_1_543' title='bbox 753 2186 788 2215; x_wconf 88' lang='lat' dir='ltr'>et</span> <span class='ocrx_word' id='word_1_544' title='bbox 809 2191 905 2228; x_wconf 89' lang='lat' dir='ltr'>spes.</span> <span class='ocrx_word' id='word_1_545' title='bbox 942 2180 1018 2216; x_wconf 89' lang='lat' dir='ltr'>Sed</span> <span class='ocrx_word' id='word_1_546' title='bbox 1043 2179 1139 2216; x_wconf 90' lang='lat' dir='ltr'>fides</span> <span class='ocrx_word' id='word_1_547' title='bbox 1159 2179 1332 2217; x_wconf 87' lang='lat' dir='ltr'>informis</span> <span class='ocrx_word' id='word_1_548' title='bbox 1351 2188 1475 2229; x_wconf 89' lang='lat' dir='ltr'>potest</span> 
     </span>
    </p>
   </div>
   <div class='ocr_carea' id='block_1_17' title="bbox 429 1667 616 1849">
    <p class='ocr_par' dir='ltr' id='par_1_21' title="bbox 429 1667 616 1849">
     <span class='ocr_line' id='line_1_73' title="bbox 429 1667 616 1692; baseline 0 0"><span class='ocrx_word' id='word_1_549' title='bbox 429 1667 448 1692; x_wconf 95' lang='lat' dir='ltr'> </span> <span class='ocrx_word' id='word_1_550' title='bbox 458 1667 616 1692; x_wconf 95' lang='lat' dir='ltr'> </span> 
     </span>
     <span class='ocr_line' id='line_1_74' title="bbox 429 1692 616 1829; baseline 0 0"><span class='ocrx_word' id='word_1_551' title='bbox 429 1692 616 1829; x_wconf 95' lang='lat' dir='ltr'>   </span> 
     </span>
     <span class='ocr_line' id='line_1_75' title="bbox 429 1829 516 1849; baseline 0 2207"><span class='ocrx_word' id='word_1_552' title='bbox 429 1829 516 1849; x_wconf 95' lang='lat' dir='ltr'> </span> 
     </span>
    </p>
   </div>
   <div class='ocr_carea' id='block_1_18' title="bbox 402 2230 1475 2284">
    <p class='ocr_par' dir='ltr' id='par_1_22' title="bbox 402 2230 1475 2284">
     <span class='ocr_line' id='line_1_76' title="bbox 402 2230 1475 2284; baseline 0.003 -17"><span class='ocrx_word' id='word_1_553' title='bbox 402 2242 498 2284; x_wconf 26' lang='lat' dir='ltr'>‚esse</span> <span class='ocrx_word' id='word_1_554' title='bbox 517 2230 555 2268; x_wconf 92' lang='lat' dir='ltr'>in</span> <span class='ocrx_word' id='word_1_555' title='bbox 576 2231 829 2268; x_wconf 89' lang='lat' dir='ltr'>daemonibus</span> <span class='ocrx_word' id='word_1_556' title='bbox 859 2240 894 2268; x_wconf 90' lang='lat' dir='ltr'>et</span> <span class='ocrx_word' id='word_1_557' title='bbox 914 2231 1122 2269; x_wconf 88' lang='lat' dir='ltr'>damnatis:</span> <span class='ocrx_word' id='word_1_558' title='bbox 1153 2234 1364 2271; x_wconf 90' lang='lat' dir='ltr'>secundum</span> <span class='ocrx_word' id='word_1_559' title='bbox 1386 2233 1475 2270; x_wconf 91' lang='lat' dir='ltr'>illud</span> 
     </span>
    </p>
   </div>
   <div class='ocr_carea' id='block_1_19' title="bbox 414 2284 1479 3338">
    <p class='ocr_par' dir='ltr' id='par_1_23' title="bbox 414 2284 1475 2434">
     <span class='ocr_line' id='line_1_77' title="bbox 416 2284 1474 2334; baseline 0.004 -15"><span class='ocrx_word' id='word_1_560' title='bbox 416 2284 489 2320; x_wconf 91' lang='lat' dir='ltr'>Iac.</span> <span class='ocrx_word' id='word_1_561' title='bbox 507 2296 528 2320; x_wconf 93' lang='lat'>11</span> <span class='ocrx_word' id='word_1_562' title='bbox 544 2285 564 2305; x_wconf 87' lang='grc'><strong><em>*</em></strong></span> <span class='ocrx_word' id='word_1_563' title='bbox 572 2297 579 2320; x_wconf 91' lang='lat'>:</span> <span class='ocrx_word' id='word_1_564' title='bbox 600 2285 814 2322; x_wconf 85' lang='lat' dir='ltr'>Daemones</span> <span class='ocrx_word' id='word_1_565' title='bbox 829 2286 985 2322; x_wconf 87' lang='lat' dir='ltr'>credunt</span> <span class='ocrx_word' id='word_1_566' title='bbox 998 2291 1034 2322; x_wconf 89' lang='lat' dir='ltr'>et</span> <span class='ocrx_word' id='word_1_567' title='bbox 1046 2286 1346 2323; x_wconf 87' lang='lat' dir='ltr'>contremiscunt.</span> <span class='ocrx_word' id='word_1_568' title='bbox 1372 2287 1474 2334; x_wconf 90' lang='lat' dir='ltr'>Ergo</span> 
     </span>
     <span class='ocr_line' id='line_1_78' title="bbox 414 2337 1475 2387; baseline 0.003 -14"><span class='ocrx_word' id='word_1_569' title='bbox 414 2337 563 2373; x_wconf 88' lang='lat' dir='ltr'>videtur</span> <span class='ocrx_word' id='word_1_570' title='bbox 592 2338 697 2385; x_wconf 91' lang='lat' dir='ltr'>quod</span> <span class='ocrx_word' id='word_1_571' title='bbox 726 2339 839 2375; x_wconf 89' lang='lat' dir='ltr'>etiam</span> <span class='ocrx_word' id='word_1_572' title='bbox 869 2350 956 2386; x_wconf 86' lang='lat' dir='ltr'>spes</span> <span class='ocrx_word' id='word_1_573' title='bbox 979 2338 1148 2375; x_wconf 87' lang='lat' dir='ltr'>informis</span> <span class='ocrx_word' id='word_1_574' title='bbox 1177 2346 1301 2387; x_wconf 89' lang='lat' dir='ltr'>potest</span> <span class='ocrx_word' id='word_1_575' title='bbox 1329 2351 1410 2376; x_wconf 90' lang='lat' dir='ltr'>esse</span> <span class='ocrx_word' id='word_1_576' title='bbox 1438 2339 1475 2376; x_wconf 92' lang='lat' dir='ltr'>in</span> 
     </span>
     <span class='ocr_line' id='line_1_79' title="bbox 417 2389 1017 2434; baseline 0 -8"><span class='ocrx_word' id='word_1_577' title='bbox 417 2389 615 2427; x_wconf 88' lang='lat' dir='ltr'>damnatis.</span> <span class='ocrx_word' id='word_1_578' title='bbox 995 2425 1017 2434; x_wconf 31' lang='lat' dir='ltr'>N</span> 
     </span>
    </p>

    <p class='ocr_par' dir='ltr' id='par_1_24' title="bbox 417 2443 1479 2851">
     <span class='ocr_line' id='line_1_80' title="bbox 473 2443 1475 2493; baseline 0.003 -14"><span class='ocrx_word' id='word_1_579' title='bbox 473 2444 506 2480; x_wconf 88' lang='lat'>3.</span> <span class='ocrx_word' id='word_1_580' title='bbox 537 2444 774 2490; x_wconf 75' lang='lat' dir='ltr'>PRAETEREA,</span> <span class='ocrx_word' id='word_1_581' title='bbox 796 2443 886 2480; x_wconf 92' lang='lat' dir='ltr'>nulli</span> <span class='ocrx_word' id='word_1_582' title='bbox 904 2444 1105 2481; x_wconf 88' lang='lat' dir='ltr'>hominurn</span> <span class='ocrx_word' id='word_1_583' title='bbox 1126 2452 1213 2493; x_wconf 88' lang='lat' dir='ltr'>post</span> <span class='ocrx_word' id='word_1_584' title='bbox 1231 2453 1395 2482; x_wconf 90' lang='lat' dir='ltr'>mortem</span> <span class='ocrx_word' id='word_1_585' title='bbox 1415 2457 1475 2482; x_wconf 86' lang='lat' dir='ltr'>ac-</span> 
     </span>
     <span class='ocr_line' id='line_1_81' title="bbox 419 2493 1475 2545; baseline 0.002 -13"><span class='ocrx_word' id='word_1_586' title='bbox 419 2496 551 2532; x_wconf 89' lang='lat' dir='ltr'>crescit</span> <span class='ocrx_word' id='word_1_587' title='bbox 579 2496 755 2533; x_wconf 87' lang='lat' dir='ltr'>meritum</span> <span class='ocrx_word' id='word_1_588' title='bbox 785 2498 844 2533; x_wconf 87' lang='lat' dir='ltr'>vel</span> <span class='ocrx_word' id='word_1_589' title='bbox 864 2493 1091 2534; x_wconf 82' lang='lat' dir='ltr'>demeritum</span> <span class='ocrx_word' id='word_1_590' title='bbox 1121 2497 1225 2545; x_wconf 93' lang='lat' dir='ltr'>quod</span> <span class='ocrx_word' id='word_1_591' title='bbox 1244 2497 1282 2534; x_wconf 89' lang='lat' dir='ltr'>in</span> <span class='ocrx_word' id='word_1_592' title='bbox 1301 2497 1379 2534; x_wconf 90' lang='lat' dir='ltr'>vita</span> <span class='ocrx_word' id='word_1_593' title='bbox 1398 2510 1475 2534; x_wconf 92' lang='lat' dir='ltr'>non</span> 
     </span>
     <span class='ocr_line' id='line_1_82' title="bbox 418 2549 1479 2587; baseline 0.002 -2"><span class='ocrx_word' id='word_1_594' title='bbox 418 2549 568 2585; x_wconf 87' lang='lat' dir='ltr'>habuit:</span> <span class='ocrx_word' id='word_1_595' title='bbox 604 2549 816 2587; x_wconf 91' lang='lat' dir='ltr'>secundum</span> <span class='ocrx_word' id='word_1_596' title='bbox 845 2549 934 2586; x_wconf 90' lang='lat' dir='ltr'>illud</span> <span class='ocrx_word' id='word_1_597' title='bbox 961 2550 1084 2586; x_wconf 88' lang='lat' dir='ltr'>Eccle.</span> <span class='ocrx_word' id='word_1_598' title='bbox 1112 2562 1147 2586; x_wconf 80' lang='lat' dir='ltr'>xi</span> <span class='ocrx_word' id='word_1_599' title='bbox 1167 2549 1206 2586; x_wconf 70' lang='grc' dir='ltr'>*ε</span> <span class='ocrx_word' id='word_1_600' title='bbox 1240 2551 1282 2586; x_wconf 83' lang='lat' dir='ltr'>Si</span> <span class='ocrx_word' id='word_1_601' title='bbox 1307 2551 1479 2587; x_wconf 86' lang='lat' dir='ltr'>ceciderit</span> 
     </span>
     <span class='ocr_line' id='line_1_83' title="bbox 417 2601 1477 2652; baseline 0.002 -14"><span class='ocrx_word' id='word_1_602' title='bbox 417 2601 564 2651; x_wconf 84' lang='lat' dir='ltr'>lignum</span> <span class='ocrx_word' id='word_1_603' title='bbox 597 2603 648 2638; x_wconf 88' lang='lat' dir='ltr'>ad</span> <span class='ocrx_word' id='word_1_604' title='bbox 674 2608 843 2639; x_wconf 77' lang='lat' dir='ltr'>austrum</span> <span class='ocrx_word' id='word_1_605' title='bbox 875 2608 943 2639; x_wconf 86' lang='lat' dir='ltr'>aut</span> <span class='ocrx_word' id='word_1_606' title='bbox 972 2603 1024 2639; x_wconf 85' lang='lat' dir='ltr'>ad</span> <span class='ocrx_word' id='word_1_607' title='bbox 1049 2603 1284 2651; x_wconf 84' lang='lat' dir='ltr'>aquilonem,</span> <span class='ocrx_word' id='word_1_608' title='bbox 1322 2604 1359 2640; x_wconf 89' lang='lat' dir='ltr'>in</span> <span class='ocrx_word' id='word_1_609' title='bbox 1388 2615 1477 2652; x_wconf 86' lang='lat' dir='ltr'>quo-</span> 
     </span>
     <span class='ocr_line' id='line_1_84' title="bbox 418 2655 1478 2704; baseline 0.002 -13"><span class='ocrx_word' id='word_1_610' title='bbox 418 2666 577 2703; x_wconf 84' lang='lat' dir='ltr'>cumque</span> <span class='ocrx_word' id='word_1_611' title='bbox 596 2655 676 2692; x_wconf 88' lang='lat' dir='ltr'>loco</span> <span class='ocrx_word' id='word_1_612' title='bbox 706 2656 878 2692; x_wconf 87' lang='lat' dir='ltr'>ceciderit</span> <span class='ocrx_word' id='word_1_613' title='bbox 904 2656 956 2692; x_wconf 87' lang='lat' dir='ltr'>ibi</span> <span class='ocrx_word' id='word_1_614' title='bbox 978 2656 1056 2692; x_wconf 88' lang='lat' dir='ltr'>erit.</span> <span class='ocrx_word' id='word_1_615' title='bbox 1089 2655 1167 2693; x_wconf 90' lang='lat' dir='ltr'>Sed</span> <span class='ocrx_word' id='word_1_616' title='bbox 1194 2656 1303 2693; x_wconf 89' lang='lat' dir='ltr'>multi</span> <span class='ocrx_word' id='word_1_617' title='bbox 1331 2657 1396 2704; x_wconf 91' lang='lat' dir='ltr'>qui</span> <span class='ocrx_word' id='word_1_618' title='bbox 1417 2656 1478 2694; x_wconf 91' lang='lat' dir='ltr'>da-</span> 
     </span>
     <span class='ocr_line' id='line_1_85' title="bbox 418 2709 1476 2758; baseline 0.002 -14"><span class='ocrx_word' id='word_1_619' title='bbox 418 2709 651 2745; x_wconf 90' lang='lat' dir='ltr'>mnabuntur</span> <span class='ocrx_word' id='word_1_620' title='bbox 668 2709 884 2745; x_wconf 83' lang='lat' dir='ltr'>habuerunt</span> <span class='ocrx_word' id='word_1_621' title='bbox 899 2709 938 2745; x_wconf 91' lang='lat' dir='ltr'>in</span> <span class='ocrx_word' id='word_1_622' title='bbox 957 2709 1029 2745; x_wconf 90' lang='lat' dir='ltr'>hac</span> <span class='ocrx_word' id='word_1_623' title='bbox 1044 2709 1121 2745; x_wconf 86' lang='lat' dir='ltr'>vita</span> <span class='ocrx_word' id='word_1_624' title='bbox 1141 2721 1261 2758; x_wconf 89' lang='lat' dir='ltr'>spem,</span> <span class='ocrx_word' id='word_1_625' title='bbox 1279 2722 1476 2758; x_wconf 91' lang='lat' dir='ltr'>nunquam</span> 
     </span>
     <span class='ocr_line' id='line_1_86' title="bbox 419 2760 1476 2811; baseline 0.002 -14"><span class='ocrx_word' id='word_1_626' title='bbox 419 2760 674 2809; x_wconf 88' lang='lat' dir='ltr'>desperantes.</span> <span class='ocrx_word' id='word_1_627' title='bbox 705 2762 806 2809; x_wconf 84' lang='lat' dir='ltr'>Ergo</span> <span class='ocrx_word' id='word_1_628' title='bbox 836 2762 950 2798; x_wconf 87' lang='lat' dir='ltr'>etiam</span> <span class='ocrx_word' id='word_1_629' title='bbox 970 2761 1007 2798; x_wconf 91' lang='lat' dir='ltr'>in</span> <span class='ocrx_word' id='word_1_630' title='bbox 1027 2761 1151 2798; x_wconf 84' lang='lat' dir='ltr'>futura</span> <span class='ocrx_word' id='word_1_631' title='bbox 1177 2762 1255 2799; x_wconf 90' lang='lat' dir='ltr'>vita</span> <span class='ocrx_word' id='word_1_632' title='bbox 1283 2774 1392 2811; x_wconf 87' lang='lat' dir='ltr'>spem</span> <span class='ocrx_word' id='word_1_633' title='bbox 1412 2762 1476 2799; x_wconf 88' lang='lat' dir='ltr'>ha-</span> 
     </span>
     <span class='ocr_line' id='line_1_87' title="bbox 419 2814 574 2851; baseline 0.006 -1"><span class='ocrx_word' id='word_1_634' title='bbox 419 2814 574 2851; x_wconf 88' lang='lat' dir='ltr'>bebunt.</span> 
     </span>
    </p>

    <p class='ocr_par' dir='ltr' id='par_1_25' title="bbox 418 2867 1478 3233">
     <span class='ocr_line' id='line_1_88' title="bbox 473 2867 1477 2916; baseline 0 -12"><span class='ocrx_word' id='word_1_635' title='bbox 473 2868 547 2904; x_wconf 80' lang='lat' dir='ltr'>SED</span> <span class='ocrx_word' id='word_1_636' title='bbox 567 2879 713 2904; x_wconf 78' lang='lat' dir='ltr'>CONTRA</span> <span class='ocrx_word' id='word_1_637' title='bbox 733 2879 798 2904; x_wconf 85' lang='lat' dir='ltr'>EST</span> <span class='ocrx_word' id='word_1_638' title='bbox 817 2867 920 2916; x_wconf 91' lang='lat' dir='ltr'>quod</span> <span class='ocrx_word' id='word_1_639' title='bbox 941 2879 1027 2916; x_wconf 89' lang='lat' dir='ltr'>spes</span> <span class='ocrx_word' id='word_1_640' title='bbox 1048 2874 1178 2904; x_wconf 87' lang='lat' dir='ltr'>causat</span> <span class='ocrx_word' id='word_1_641' title='bbox 1196 2867 1399 2915; x_wconf 87' lang='lat' dir='ltr'>gaudium:</span> <span class='ocrx_word' id='word_1_642' title='bbox 1421 2879 1477 2904; x_wconf 91' lang='lat' dir='ltr'>se-</span> 
     </span>
     <span class='ocr_line' id='line_1_89' title="bbox 420 2919 1478 2970; baseline 0.002 -14"><span class='ocrx_word' id='word_1_643' title='bbox 420 2920 588 2956; x_wconf 87' lang='lat' dir='ltr'>cundum</span> <span class='ocrx_word' id='word_1_644' title='bbox 613 2920 704 2957; x_wconf 88' lang='lat' dir='ltr'>illud</span> <span class='ocrx_word' id='word_1_645' title='bbox 724 2922 835 2958; x_wconf 85' lang='lat' dir='ltr'>Rom.</span> <span class='ocrx_word' id='word_1_646' title='bbox 852 2933 899 2957; x_wconf 82' lang='lat' dir='ltr'>xu</span> <span class='ocrx_word' id='word_1_647' title='bbox 919 2919 953 2957; x_wconf 71' lang='grc' dir='ltr'>*ε</span> <span class='ocrx_word' id='word_1_648' title='bbox 978 2921 1051 2970; x_wconf 88' lang='lat' dir='ltr'>Spe</span> <span class='ocrx_word' id='word_1_649' title='bbox 1068 2921 1285 2970; x_wconf 83' lang='lat' dir='ltr'>gaudentes.</span> <span class='ocrx_word' id='word_1_650' title='bbox 1316 2920 1394 2958; x_wconf 89' lang='lat' dir='ltr'>Sed</span> <span class='ocrx_word' id='word_1_651' title='bbox 1414 2920 1478 2958; x_wconf 90' lang='lat' dir='ltr'>da-</span> 
     </span>
     <span class='ocr_line' id='line_1_90' title="bbox 420 2973 1474 3020; baseline 0.002 -12"><span class='ocrx_word' id='word_1_652' title='bbox 420 2973 537 3009; x_wconf 89' lang='lat' dir='ltr'>mnati</span> <span class='ocrx_word' id='word_1_653' title='bbox 558 2985 635 3009; x_wconf 91' lang='lat' dir='ltr'>non</span> <span class='ocrx_word' id='word_1_654' title='bbox 656 2981 742 3009; x_wconf 88' lang='lat' dir='ltr'>sunt</span> <span class='ocrx_word' id='word_1_655' title='bbox 770 2973 806 3010; x_wconf 93' lang='lat' dir='ltr'>in</span> <span class='ocrx_word' id='word_1_656' title='bbox 826 2973 977 3020; x_wconf 88' lang='lat' dir='ltr'>gaudio,</span> <span class='ocrx_word' id='word_1_657' title='bbox 999 2974 1067 3010; x_wconf 88' lang='lat' dir='ltr'>sed</span> <span class='ocrx_word' id='word_1_658' title='bbox 1090 2973 1128 3010; x_wconf 91' lang='lat' dir='ltr'>in</span> <span class='ocrx_word' id='word_1_659' title='bbox 1149 2973 1280 3010; x_wconf 91' lang='lat' dir='ltr'>dolore</span> <span class='ocrx_word' id='word_1_660' title='bbox 1302 2981 1337 3010; x_wconf 93' lang='lat' dir='ltr'>et</span> <span class='ocrx_word' id='word_1_661' title='bbox 1357 2974 1474 3010; x_wconf 90' lang='lat' dir='ltr'>luctu:</span> 
     </span>
     <span class='ocr_line' id='line_1_91' title="bbox 419 3026 1476 3064; baseline 0.001 -2"><span class='ocrx_word' id='word_1_662' title='bbox 419 3026 631 3062; x_wconf 86' lang='lat' dir='ltr'>seeundum</span> <span class='ocrx_word' id='word_1_663' title='bbox 667 3026 910 3063; x_wconf 63' lang='lat' dir='ltr'>illud-Isaiae</span> <span class='ocrx_word' id='word_1_664' title='bbox 939 3038 1009 3062; x_wconf 80' lang='lat' dir='ltr'>va</span> <span class='ocrx_word' id='word_1_665' title='bbox 1028 3026 1063 3063; x_wconf 73' lang='grc' dir='ltr'>*ε</span> <span class='ocrx_word' id='word_1_666' title='bbox 1101 3027 1211 3064; x_wconf 76' lang='lat' dir='ltr'>Servi</span> <span class='ocrx_word' id='word_1_667' title='bbox 1236 3027 1312 3063; x_wconf 89' lang='lat' dir='ltr'>mei</span> <span class='ocrx_word' id='word_1_668' title='bbox 1346 3026 1476 3064; x_wconf 83' lang='lat' dir='ltr'>lauda-</span> 
     </span>
     <span class='ocr_line' id='line_1_92' title="bbox 419 3078 1477 3128; baseline 0 -13"><span class='ocrx_word' id='word_1_669' title='bbox 419 3079 511 3115; x_wconf 81' lang='lat' dir='ltr'>bunt</span> <span class='ocrx_word' id='word_1_670' title='bbox 521 3090 619 3126; x_wconf 84' lang='lat' dir='ltr'>prae</span> <span class='ocrx_word' id='word_1_671' title='bbox 637 3079 864 3115; x_wconf 87' lang='lat' dir='ltr'>exultatione</span> <span class='ocrx_word' id='word_1_672' title='bbox 882 3079 1016 3125; x_wconf 82' lang='lat' dir='ltr'>cordis,</span> <span class='ocrx_word' id='word_1_673' title='bbox 1032 3086 1067 3116; x_wconf 89' lang='lat' dir='ltr'>et</span> <span class='ocrx_word' id='word_1_674' title='bbox 1083 3091 1150 3116; x_wconf 76' lang='lat' dir='ltr'>vos</span> <span class='ocrx_word' id='word_1_675' title='bbox 1165 3078 1372 3117; x_wconf 80' lang='lat' dir='ltr'>clamabitis</span> <span class='ocrx_word' id='word_1_676' title='bbox 1380 3091 1477 3128; x_wconf 84' lang='lat' dir='ltr'>prae</span> 
     </span>
     <span class='ocr_line' id='line_1_93' title="bbox 418 3132 1473 3181; baseline 0.001 -13"><span class='ocrx_word' id='word_1_677' title='bbox 418 3132 548 3168; x_wconf 86' lang='lat' dir='ltr'>dolore</span> <span class='ocrx_word' id='word_1_678' title='bbox 566 3132 688 3168; x_wconf 87' lang='lat' dir='ltr'>cordis</span> <span class='ocrx_word' id='word_1_679' title='bbox 707 3138 743 3168; x_wconf 91' lang='lat' dir='ltr'>et</span> <span class='ocrx_word' id='word_1_680' title='bbox 754 3144 851 3179; x_wconf 86' lang='lat' dir='ltr'>prae</span> <span class='ocrx_word' id='word_1_681' title='bbox 872 3132 1091 3169; x_wconf 87' lang='lat' dir='ltr'>contritione</span> <span class='ocrx_word' id='word_1_682' title='bbox 1109 3132 1258 3181; x_wconf 83' lang='lat' dir='ltr'>spiritus</span> <span class='ocrx_word' id='word_1_683' title='bbox 1278 3132 1473 3170; x_wconf 85' lang='lat' dir='ltr'>ululabitis.</span> 
     </span>
     <span class='ocr_line' id='line_1_94' title="bbox 420 3185 1352 3233; baseline 0.002 -12"><span class='ocrx_word' id='word_1_684' title='bbox 420 3185 521 3232; x_wconf 89' lang='lat' dir='ltr'>Ergo</span> <span class='ocrx_word' id='word_1_685' title='bbox 551 3197 638 3233; x_wconf 91' lang='lat' dir='ltr'>spes</span> <span class='ocrx_word' id='word_1_686' title='bbox 666 3197 743 3221; x_wconf 92' lang='lat' dir='ltr'>non</span> <span class='ocrx_word' id='word_1_687' title='bbox 773 3193 828 3221; x_wconf 88' lang='lat' dir='ltr'>est</span> <span class='ocrx_word' id='word_1_688' title='bbox 856 3185 893 3221; x_wconf 92' lang='lat' dir='ltr'>in</span> <span class='ocrx_word' id='word_1_689' title='bbox 922 3185 1118 3222; x_wconf 89' lang='lat' dir='ltr'>damnatis.</span> <span class='ocrx_word' id='word_1_690' title='bbox 1339 3189 1352 3195; x_wconf 65' lang='grc'><strong>“</strong></span> 
     </span>
    </p>

    <p class='ocr_par' dir='ltr' id='par_1_26' title="bbox 419 3238 1479 3338">
     <span class='ocr_line' id='line_1_95' title="bbox 473 3238 1479 3286; baseline 0.001 -12"><span class='ocrx_word' id='word_1_691' title='bbox 473 3238 698 3274; x_wconf 66' lang='grc' dir='ltr'><strong>ΗΕΞΡΟΝΒΕΟ</strong></span> <span class='ocrx_word' id='word_1_692' title='bbox 719 3249 901 3274; x_wconf 80' lang='lat' dir='ltr'>D1CENDUM</span> <span class='ocrx_word' id='word_1_693' title='bbox 921 3238 1025 3286; x_wconf 92' lang='lat' dir='ltr'>quod</span> <span class='ocrx_word' id='word_1_694' title='bbox 1046 3238 1140 3275; x_wconf 90' lang='lat' dir='ltr'>sicut</span> <span class='ocrx_word' id='word_1_695' title='bbox 1159 3239 1206 3276; x_wconf 91' lang='lat' dir='ltr'>de</span> <span class='ocrx_word' id='word_1_696' title='bbox 1226 3238 1371 3276; x_wconf 89' lang='lat' dir='ltr'>ratione</span> <span class='ocrx_word' id='word_1_697' title='bbox 1391 3238 1479 3275; x_wconf 90' lang='lat' dir='ltr'>bea-</span> 
     </span>
     <span class='ocr_line' id='line_1_96' title="bbox 419 3290 1479 3338; baseline 0.001 -11"><span class='ocrx_word' id='word_1_698' title='bbox 419 3290 584 3328; x_wconf 84' lang='lat' dir='ltr'>titudinis</span> <span class='ocrx_word' id='word_1_699' title='bbox 605 3298 661 3328; x_wconf 87' lang='lat' dir='ltr'>est</span> <span class='ocrx_word' id='word_1_700' title='bbox 688 3298 728 3327; x_wconf 90' lang='lat' dir='ltr'>ut</span> <span class='ocrx_word' id='word_1_701' title='bbox 747 3291 785 3327; x_wconf 92' lang='lat' dir='ltr'>in</span> <span class='ocrx_word' id='word_1_702' title='bbox 805 3303 850 3327; x_wconf 91' lang='lat' dir='ltr'>ea</span> <span class='ocrx_word' id='word_1_703' title='bbox 869 3291 1055 3338; x_wconf 90' lang='lat' dir='ltr'>quietetur</span> <span class='ocrx_word' id='word_1_704' title='bbox 1073 3293 1262 3335; x_wconf 82' lang='lat' dir='ltr'>voluntas.</span> <span class='ocrx_word' id='word_1_705' title='bbox 1286 3291 1336 3328; x_wconf 91' lang='lat' dir='ltr'>ita</span> <span class='ocrx_word' id='word_1_706' title='bbox 1357 3292 1403 3329; x_wconf 91' lang='lat' dir='ltr'>de</span> <span class='ocrx_word' id='word_1_707' title='bbox 1423 3304 1479 3328; x_wconf 90' lang='lat' dir='ltr'>ra-</span> 
     </span>
    </p>
   </div>
   <div class='ocr_carea' id='block_1_20' title="bbox 473 3405 842 3473">
    <p class='ocr_par' dir='ltr' id='par_1_27' title="bbox 473 3405 842 3473">
     <span class='ocr_line' id='line_1_97' title="bbox 473 3405 804 3437; baseline -0.003 -7"><span class='ocrx_word' id='word_1_708' title='bbox 473 3407 500 3437; x_wconf 71' lang='grc' dir='ltr'>α)</span> <span class='ocrx_word' id='word_1_709' title='bbox 519 3409 554 3431; x_wconf 80' lang='lat' dir='ltr'>et.</span> <span class='ocrx_word' id='word_1_710' title='bbox 572 3419 590 3424; x_wconf 90' lang='lat'><em>-</em></span> <span class='ocrx_word' id='word_1_711' title='bbox 609 3405 669 3430; x_wconf 92' lang='lat' dir='ltr'>Om.</span> <span class='ocrx_word' id='word_1_712' title='bbox 689 3405 804 3430; x_wconf 63' lang='lat' dir='ltr'>Potina.</span> 
     </span>
     <span class='ocr_line' id='line_1_98' title="bbox 474 3440 842 3473; baseline -0.003 -7"><span class='ocrx_word' id='word_1_713' title='bbox 474 3440 498 3473; x_wconf 86' lang='grc' dir='ltr'>β)</span> <span class='ocrx_word' id='word_1_714' title='bbox 514 3445 603 3473; x_wconf 78' lang='lat' dir='ltr'>potest</span> <span class='ocrx_word' id='word_1_715' title='bbox 621 3448 684 3466; x_wconf 74' lang='lat' dir='ltr'>esse.</span> <span class='ocrx_word' id='word_1_716' title='bbox 701 3454 720 3459; x_wconf 99' lang='lat'>-</span> <span class='ocrx_word' id='word_1_717' title='bbox 738 3443 777 3470; x_wconf 75' lang='lat' dir='ltr'>est</span> <span class='ocrx_word' id='word_1_718' title='bbox 795 3441 842 3465; x_wconf 78' lang='lat' dir='ltr'>Pa.</span> 
     </span>
    </p>
   </div>
   <div class='ocr_carea' id='block_1_21' title="bbox 1503 3227 1510 3332">
    <p class='ocr_par' dir='ltr' id='par_1_28' title="bbox 1503 3227 1510 3332">
     <span class='ocr_line' id='line_1_99' title="bbox 1503 3227 1510 3332; baseline 0 724"><span class='ocrx_word' id='word_1_719' title='bbox 1503 3227 1510 3332; x_wconf 95' lang='lat' dir='ltr'> </span> 
     </span>
    </p>
   </div>
   <div class='ocr_carea' id='block_1_22' title="bbox 1503 3404 1508 3510">
    <p class='ocr_par' dir='ltr' id='par_1_29' title="bbox 1503 3404 1508 3510">
     <span class='ocr_line' id='line_1_100' title="bbox 1503 3404 1508 3510; baseline 0 546"><span class='ocrx_word' id='word_1_720' title='bbox 1503 3404 1508 3510; x_wconf 95' lang='lat' dir='ltr'> </span> 
     </span>
    </p>
   </div>
   <div class='ocr_carea' id='block_1_23' title="bbox 1525 1650 2593 2546">
    <p class='ocr_par' dir='ltr' id='par_1_30' title="bbox 1525 1650 2593 2546">
     <span class='ocr_line' id='line_1_101' title="bbox 1526 1650 2590 1704; baseline 0.008 -18"><span class='ocrx_word' id='word_1_721' title='bbox 1526 1650 1628 1687; x_wconf 88' lang='lat' dir='ltr'>tione</span> <span class='ocrx_word' id='word_1_722' title='bbox 1648 1663 1798 1699; x_wconf 87' lang='lat' dir='ltr'>poenae</span> <span class='ocrx_word' id='word_1_723' title='bbox 1826 1659 1882 1688; x_wconf 92' lang='lat' dir='ltr'>est</span> <span class='ocrx_word' id='word_1_724' title='bbox 1909 1660 1950 1689; x_wconf 91' lang='lat' dir='ltr'>ut</span> <span class='ocrx_word' id='word_1_725' title='bbox 1978 1653 2015 1690; x_wconf 91' lang='lat' dir='ltr'>id</span> <span class='ocrx_word' id='word_1_726' title='bbox 2033 1654 2139 1701; x_wconf 89' lang='lat' dir='ltr'>quod</span> <span class='ocrx_word' id='word_1_727' title='bbox 2166 1667 2237 1702; x_wconf 91' lang='lat' dir='ltr'>pro</span> <span class='ocrx_word' id='word_1_728' title='bbox 2255 1667 2383 1703; x_wconf 90' lang='lat' dir='ltr'>poena</span> <span class='ocrx_word' id='word_1_729' title='bbox 2410 1656 2590 1704; x_wconf 85' lang='lat' dir='ltr'>infligitur</span> 
     </span>
     <span class='ocr_line' id='line_1_102' title="bbox 1525 1703 2589 1755; baseline 0.008 -16"><span class='ocrx_word' id='word_1_730' title='bbox 1525 1703 1710 1740; x_wconf 88' lang='lat' dir='ltr'>voluntati</span> <span class='ocrx_word' id='word_1_731' title='bbox 1731 1712 1923 1753; x_wconf 87' lang='lat' dir='ltr'>repugnet.</span> <span class='ocrx_word' id='word_1_732' title='bbox 1950 1706 2042 1742; x_wconf 93' lang='lat' dir='ltr'>Non</span> <span class='ocrx_word' id='word_1_733' title='bbox 2060 1714 2184 1755; x_wconf 89' lang='lat' dir='ltr'>potest</span> <span class='ocrx_word' id='word_1_734' title='bbox 2204 1715 2333 1745; x_wconf 89' lang='lat' dir='ltr'>autem</span> <span class='ocrx_word' id='word_1_735' title='bbox 2351 1710 2589 1747; x_wconf 80' lang='lat' dir='ltr'>voluntatem</span> 
     </span>
     <span class='ocr_line' id='line_1_103' title="bbox 1526 1755 2589 1808; baseline 0.008 -17"><span class='ocrx_word' id='word_1_736' title='bbox 1526 1755 1715 1803; x_wconf 87' lang='lat' dir='ltr'>quietare,</span> <span class='ocrx_word' id='word_1_737' title='bbox 1743 1758 1806 1794; x_wconf 87' lang='lat' dir='ltr'>vel</span> <span class='ocrx_word' id='word_1_738' title='bbox 1842 1757 1875 1794; x_wconf 91' lang='lat' dir='ltr'>ei</span> <span class='ocrx_word' id='word_1_739' title='bbox 1901 1770 2132 1806; x_wconf 84' lang='lat' dir='ltr'>repugnare,</span> <span class='ocrx_word' id='word_1_740' title='bbox 2164 1761 2267 1808; x_wconf 89' lang='lat' dir='ltr'>quod</span> <span class='ocrx_word' id='word_1_741' title='bbox 2297 1761 2502 1808; x_wconf 84' lang='lat' dir='ltr'>ignoratur.</span> <span class='ocrx_word' id='word_1_742' title='bbox 2539 1763 2589 1800; x_wconf 91' lang='lat' dir='ltr'>Et</span> 
     </span>
     <span class='ocr_line' id='line_1_104' title="bbox 1527 1808 2588 1864; baseline 0.007 -19"><span class='ocrx_word' id='word_1_743' title='bbox 1527 1808 1613 1846; x_wconf 92' lang='lat' dir='ltr'>ideo</span> <span class='ocrx_word' id='word_1_744' title='bbox 1642 1810 1875 1857; x_wconf 86' lang='lat' dir='ltr'>Augustinus</span> <span class='ocrx_word' id='word_1_745' title='bbox 1905 1811 2004 1858; x_wconf 88' lang='lat' dir='ltr'>dicit,</span> <span class='ocrx_word' id='word_1_746' title='bbox 2023 1824 2137 1860; x_wconf 85' lang='lat' dir='ltr'>super</span> <span class='ocrx_word' id='word_1_747' title='bbox 2168 1813 2260 1850; x_wconf 88' lang='lat' dir='ltr'>Gen.</span> <span class='ocrx_word' id='word_1_748' title='bbox 2286 1814 2338 1851; x_wconf 85' lang='lat' dir='ltr'>ad</span> <span class='ocrx_word' id='word_1_749' title='bbox 2355 1813 2418 1851; x_wconf 83' lang='lat' dir='ltr'>litt.</span> <span class='ocrx_word' id='word_1_750' title='bbox 2434 1814 2466 1861; x_wconf 84' lang='lat'>*,</span> <span class='ocrx_word' id='word_1_751' title='bbox 2483 1815 2588 1864; x_wconf 92' lang='lat' dir='ltr'>quod</span> 
     </span>
     <span class='ocr_line' id='line_1_105' title="bbox 1527 1862 2588 1916; baseline 0.008 -19"><span class='ocrx_word' id='word_1_752' title='bbox 1527 1862 1651 1909; x_wconf 87' lang='lat' dir='ltr'>angeli</span> <span class='ocrx_word' id='word_1_753' title='bbox 1671 1863 1837 1911; x_wconf 89' lang='lat' dir='ltr'>perfecte</span> <span class='ocrx_word' id='word_1_754' title='bbox 1857 1863 1957 1900; x_wconf 90' lang='lat' dir='ltr'>beati</span> <span class='ocrx_word' id='word_1_755' title='bbox 1977 1875 2059 1902; x_wconf 87' lang='lat' dir='ltr'>esse</span> <span class='ocrx_word' id='word_1_756' title='bbox 2078 1877 2158 1908; x_wconf 88' lang='lat' dir='ltr'>non</span> <span class='ocrx_word' id='word_1_757' title='bbox 2177 1874 2384 1914; x_wconf 89' lang='lat' dir='ltr'>potuerunt</span> <span class='ocrx_word' id='word_1_758' title='bbox 2402 1867 2443 1904; x_wconf 85' lang='lat' dir='ltr'>in</span> <span class='ocrx_word' id='word_1_759' title='bbox 2460 1868 2588 1916; x_wconf 86' lang='lat' dir='ltr'>primo</span> 
     </span>
     <span class='ocr_line' id='line_1_106' title="bbox 1528 1916 2590 1965; baseline 0.007 -14"><span class='ocrx_word' id='word_1_760' title='bbox 1528 1922 1626 1952; x_wconf 88' lang='lat' dir='ltr'>statu</span> <span class='ocrx_word' id='word_1_761' title='bbox 1654 1923 1740 1952; x_wconf 87' lang='lat' dir='ltr'>ante</span> <span class='ocrx_word' id='word_1_762' title='bbox 1769 1916 2120 1965; x_wconf 88' lang='lat' dir='ltr'>confirmationem,</span> <span class='ocrx_word' id='word_1_763' title='bbox 2147 1919 2211 1956; x_wconf 91' lang='lat' dir='ltr'>vel</span> <span class='ocrx_word' id='word_1_764' title='bbox 2240 1919 2367 1956; x_wconf 89' lang='lat' dir='ltr'>miseri</span> <span class='ocrx_word' id='word_1_765' title='bbox 2393 1927 2482 1958; x_wconf 86' lang='lat' dir='ltr'>ante</span> <span class='ocrx_word' id='word_1_766' title='bbox 2502 1925 2518 1948; x_wconf 73' lang='grc' dir='ltr'><strong>Υ</strong></span> <span class='ocrx_word' id='word_1_767' title='bbox 2537 1921 2590 1958; x_wconf 84' lang='lat' dir='ltr'>la·</span> 
     </span>
     <span class='ocr_line' id='line_1_107' title="bbox 1527 1971 2590 2019; baseline 0.007 -15"><span class='ocrx_word' id='word_1_768' title='bbox 1527 1980 1653 2016; x_wconf 91' lang='lat' dir='ltr'>psum,</span> <span class='ocrx_word' id='word_1_769' title='bbox 1675 1980 1763 2005; x_wconf 90' lang='lat' dir='ltr'>cum</span> <span class='ocrx_word' id='word_1_770' title='bbox 1793 1981 1871 2006; x_wconf 91' lang='lat' dir='ltr'>non</span> <span class='ocrx_word' id='word_1_771' title='bbox 1905 1978 2029 2007; x_wconf 88' lang='lat' dir='ltr'>essent</span> <span class='ocrx_word' id='word_1_772' title='bbox 2054 1971 2215 2019; x_wconf 90' lang='lat' dir='ltr'>praescii</span> <span class='ocrx_word' id='word_1_773' title='bbox 2245 1972 2304 2009; x_wconf 91' lang='lat' dir='ltr'>sui</span> <span class='ocrx_word' id='word_1_774' title='bbox 2326 1980 2506 2010; x_wconf 88' lang='lat' dir='ltr'>eventus:</span> <span class='ocrx_word' id='word_1_775' title='bbox 2536 1985 2590 2013; x_wconf 88' lang='lat' dir='ltr'>re-</span> 
     </span>
     <span class='ocr_line' id='line_1_108' title="bbox 1528 2021 2590 2073; baseline 0.007 -16"><span class='ocrx_word' id='word_1_776' title='bbox 1528 2021 1686 2069; x_wconf 90' lang='lat' dir='ltr'>quiritur</span> <span class='ocrx_word' id='word_1_777' title='bbox 1715 2022 1816 2059; x_wconf 81' lang='lat' dir='ltr'>enIm</span> <span class='ocrx_word' id='word_1_778' title='bbox 1845 2023 1892 2060; x_wconf 90' lang='lat' dir='ltr'>ad</span> <span class='ocrx_word' id='word_1_779' title='bbox 1920 2035 2056 2061; x_wconf 89' lang='lat' dir='ltr'>veram</span> <span class='ocrx_word' id='word_1_780' title='bbox 2092 2031 2127 2061; x_wconf 92' lang='lat' dir='ltr'>et</span> <span class='ocrx_word' id='word_1_781' title='bbox 2154 2025 2362 2073; x_wconf 82' lang='lat' dir='ltr'>perfectam</span> <span class='ocrx_word' id='word_1_782' title='bbox 2391 2026 2590 2065; x_wconf 80' lang='lat' dir='ltr'>beatitudi-</span> 
     </span>
     <span class='ocr_line' id='line_1_109' title="bbox 1528 2075 2591 2124; baseline 0.007 -14"><span class='ocrx_word' id='word_1_783' title='bbox 1528 2086 1618 2110; x_wconf 89' lang='lat' dir='ltr'>nem</span> <span class='ocrx_word' id='word_1_784' title='bbox 1647 2082 1688 2111; x_wconf 91' lang='lat' dir='ltr'>ut</span> <span class='ocrx_word' id='word_1_785' title='bbox 1722 2075 1855 2124; x_wconf 89' lang='lat' dir='ltr'>aliquis</span> <span class='ocrx_word' id='word_1_786' title='bbox 1894 2084 2016 2113; x_wconf 90' lang='lat' dir='ltr'>certus</span> <span class='ocrx_word' id='word_1_787' title='bbox 2053 2076 2099 2114; x_wconf 90' lang='lat' dir='ltr'>sit</span> <span class='ocrx_word' id='word_1_788' title='bbox 2137 2077 2184 2114; x_wconf 93' lang='lat' dir='ltr'>de</span> <span class='ocrx_word' id='word_1_789' title='bbox 2221 2090 2312 2115; x_wconf 91' lang='lat' dir='ltr'>suae</span> <span class='ocrx_word' id='word_1_790' title='bbox 2349 2078 2591 2118; x_wconf 86' lang='lat' dir='ltr'>beatitudinis</span> 
     </span>
     <span class='ocr_line' id='line_1_110' title="bbox 1527 2127 2588 2179; baseline 0.006 -16"><span class='ocrx_word' id='word_1_791' title='bbox 1527 2127 1797 2177; x_wconf 89' lang='lat' dir='ltr'>perpetuitate;</span> <span class='ocrx_word' id='word_1_792' title='bbox 1833 2128 1999 2177; x_wconf 88' lang='lat' dir='ltr'>alioquin</span> <span class='ocrx_word' id='word_1_793' title='bbox 2027 2130 2205 2167; x_wconf 87' lang='lat' dir='ltr'>voluntas</span> <span class='ocrx_word' id='word_1_794' title='bbox 2237 2143 2317 2168; x_wconf 91' lang='lat' dir='ltr'>non</span> <span class='ocrx_word' id='word_1_795' title='bbox 2345 2131 2588 2179; x_wconf 87' lang='lat' dir='ltr'>quietaretur.</span> 
     </span>
     <span class='ocr_line' id='line_1_111' title="bbox 1529 2180 2591 2234; baseline 0.006 -18"><span class='ocrx_word' id='word_1_796' title='bbox 1529 2180 1706 2217; x_wconf 88' lang='lat' dir='ltr'>Similiter</span> <span class='ocrx_word' id='word_1_797' title='bbox 1725 2181 1850 2228; x_wconf 87' lang='lat' dir='ltr'>etiam,</span> <span class='ocrx_word' id='word_1_798' title='bbox 1871 2194 1960 2218; x_wconf 91' lang='lat' dir='ltr'>cum</span> <span class='ocrx_word' id='word_1_799' title='bbox 1979 2183 2210 2231; x_wconf 88' lang='lat' dir='ltr'>perpetuitas</span> <span class='ocrx_word' id='word_1_800' title='bbox 2230 2184 2485 2222; x_wconf 88' lang='lat' dir='ltr'>damnationis</span> <span class='ocrx_word' id='word_1_801' title='bbox 2505 2197 2591 2234; x_wconf 89' lang='lat' dir='ltr'>per-</span> 
     </span>
     <span class='ocr_line' id='line_1_112' title="bbox 1528 2233 2592 2282; baseline 0.006 -12"><span class='ocrx_word' id='word_1_802' title='bbox 1528 2233 1644 2270; x_wconf 87' lang='lat' dir='ltr'>tineat</span> <span class='ocrx_word' id='word_1_803' title='bbox 1662 2235 1710 2271; x_wconf 90' lang='lat' dir='ltr'>ad</span> <span class='ocrx_word' id='word_1_804' title='bbox 1730 2246 1897 2282; x_wconf 87' lang='lat' dir='ltr'>poenam</span> <span class='ocrx_word' id='word_1_805' title='bbox 1922 2234 2205 2282; x_wconf 86' lang='lat' dir='ltr'>damnatorum,</span> <span class='ocrx_word' id='word_1_806' title='bbox 2225 2249 2304 2274; x_wconf 90' lang='lat' dir='ltr'>non</span> <span class='ocrx_word' id='word_1_807' title='bbox 2322 2248 2413 2274; x_wconf 90' lang='lat' dir='ltr'>vere</span> <span class='ocrx_word' id='word_1_808' title='bbox 2433 2238 2592 2276; x_wconf 85' lang='lat' dir='ltr'>haberet</span> 
     </span>
     <span class='ocr_line' id='line_1_113' title="bbox 1530 2286 2593 2338; baseline 0.006 -16"><span class='ocrx_word' id='word_1_809' title='bbox 1530 2286 1714 2323; x_wconf 87' lang='lat' dir='ltr'>rationem</span> <span class='ocrx_word' id='word_1_810' title='bbox 1744 2299 1892 2335; x_wconf 89' lang='lat' dir='ltr'>poenae</span> <span class='ocrx_word' id='word_1_811' title='bbox 1917 2288 1985 2324; x_wconf 91' lang='lat' dir='ltr'>nisi</span> <span class='ocrx_word' id='word_1_812' title='bbox 2009 2289 2194 2325; x_wconf 84' lang='lat' dir='ltr'>voluntati</span> <span class='ocrx_word' id='word_1_813' title='bbox 2223 2297 2464 2338; x_wconf 87' lang='lat' dir='ltr'>repugnaret:</span> <span class='ocrx_word' id='word_1_814' title='bbox 2485 2291 2593 2338; x_wconf 77' lang='lat' dir='ltr'>quod</span> 
     </span>
     <span class='ocr_line' id='line_1_114' title="bbox 1530 2340 2593 2389; baseline 0.006 -14"><span class='ocrx_word' id='word_1_815' title='bbox 1530 2351 1612 2376; x_wconf 92' lang='lat' dir='ltr'>esse</span> <span class='ocrx_word' id='word_1_816' title='bbox 1633 2351 1711 2376; x_wconf 92' lang='lat' dir='ltr'>non</span> <span class='ocrx_word' id='word_1_817' title='bbox 1730 2348 1860 2388; x_wconf 88' lang='lat' dir='ltr'>posset</span> <span class='ocrx_word' id='word_1_818' title='bbox 1874 2340 1904 2377; x_wconf 90' lang='lat' dir='ltr'>si</span> <span class='ocrx_word' id='word_1_819' title='bbox 1918 2341 2207 2389; x_wconf 89' lang='lat' dir='ltr'>perpetuitatem</span> <span class='ocrx_word' id='word_1_820' title='bbox 2227 2355 2318 2379; x_wconf 89' lang='lat' dir='ltr'>suae</span> <span class='ocrx_word' id='word_1_821' title='bbox 2338 2342 2593 2389; x_wconf 77' lang='lat' dir='ltr'>damnationis</span> 
     </span>
     <span class='ocr_line' id='line_1_115' title="bbox 1529 2392 2592 2440; baseline 0.006 -12"><span class='ocrx_word' id='word_1_822' title='bbox 1529 2392 1755 2440; x_wconf 85' lang='lat' dir='ltr'>ignorarent.</span> <span class='ocrx_word' id='word_1_823' title='bbox 1781 2393 1829 2429; x_wconf 92' lang='lat' dir='ltr'>Et</span> <span class='ocrx_word' id='word_1_824' title='bbox 1856 2393 1943 2430; x_wconf 90' lang='lat' dir='ltr'>ideo</span> <span class='ocrx_word' id='word_1_825' title='bbox 1973 2394 2021 2430; x_wconf 86' lang='lat' dir='ltr'>ad</span> <span class='ocrx_word' id='word_1_826' title='bbox 2042 2394 2300 2432; x_wconf 89' lang='lat' dir='ltr'>conditionem</span> <span class='ocrx_word' id='word_1_827' title='bbox 2328 2395 2502 2433; x_wconf 87' lang='lat' dir='ltr'>miseriae</span> <span class='ocrx_word' id='word_1_828' title='bbox 2526 2396 2592 2435; x_wconf 81' lang='lat' dir='ltr'>da·</span> 
     </span>
     <span class='ocr_line' id='line_1_116' title="bbox 1529 2446 2590 2497; baseline 0.007 -16"><span class='ocrx_word' id='word_1_829' title='bbox 1529 2453 1748 2482; x_wconf 88' lang='lat' dir='ltr'>mnatorum</span> <span class='ocrx_word' id='word_1_830' title='bbox 1764 2446 1924 2494; x_wconf 85' lang='lat' dir='ltr'>pertinet</span> <span class='ocrx_word' id='word_1_831' title='bbox 1942 2454 1983 2483; x_wconf 92' lang='lat' dir='ltr'>ut</span> <span class='ocrx_word' id='word_1_832' title='bbox 1997 2447 2067 2496; x_wconf 89' lang='lat' dir='ltr'>ipsi</span> <span class='ocrx_word' id='word_1_833' title='bbox 2084 2447 2204 2484; x_wconf 88' lang='lat' dir='ltr'>sciant</span> <span class='ocrx_word' id='word_1_834' title='bbox 2217 2448 2323 2497; x_wconf 88' lang='lat' dir='ltr'>quod</span> <span class='ocrx_word' id='word_1_835' title='bbox 2347 2449 2450 2485; x_wconf 89' lang='lat' dir='ltr'>nullo</span> <span class='ocrx_word' id='word_1_836' title='bbox 2470 2449 2590 2489; x_wconf 90' lang='lat' dir='ltr'>modo</span> 
     </span>
     <span class='ocr_line' id='line_1_117' title="bbox 1529 2498 2589 2546; baseline 0.007 -12"><span class='ocrx_word' id='word_1_837' title='bbox 1529 2506 1690 2546; x_wconf 90' lang='lat' dir='ltr'>possunt</span> <span class='ocrx_word' id='word_1_838' title='bbox 1708 2498 1996 2536; x_wconf 90' lang='lat' dir='ltr'>damnationem</span> <span class='ocrx_word' id='word_1_839' title='bbox 2017 2500 2178 2538; x_wconf 86' lang='lat' dir='ltr'>evadere</span> <span class='ocrx_word' id='word_1_840' title='bbox 2195 2508 2231 2537; x_wconf 91' lang='lat' dir='ltr'>et</span> <span class='ocrx_word' id='word_1_841' title='bbox 2245 2501 2294 2538; x_wconf 93' lang='lat' dir='ltr'>ad</span> <span class='ocrx_word' id='word_1_842' title='bbox 2313 2501 2589 2541; x_wconf 84' lang='lat' dir='ltr'>beatitudinem</span> 
     </span>
    </p>
   </div>
   <div class='ocr_carea' id='block_1_24' title="bbox 1530 2551 2628 2604">
    <p class='ocr_par' dir='ltr' id='par_1_31' title="bbox 1530 2551 2628 2604">
     <span class='ocr_line' id='line_1_118' title="bbox 1530 2551 2628 2604; baseline 0.005 -17"><span class='ocrx_word' id='word_1_843' title='bbox 1530 2551 1747 2600; x_wconf 89' lang='lat' dir='ltr'>pervenire:</span> <span class='ocrx_word' id='word_1_844' title='bbox 1769 2552 1870 2589; x_wconf 88' lang='lat' dir='ltr'>unde</span> <span class='ocrx_word' id='word_1_845' title='bbox 1892 2551 2026 2590; x_wconf 86' lang='lat' dir='ltr'>dicitur</span> <span class='ocrx_word' id='word_1_846' title='bbox 2043 2554 2112 2590; x_wconf 88' lang='lat' dir='ltr'>Iob</span> <span class='ocrx_word' id='word_1_847' title='bbox 2130 2565 2178 2590; x_wconf 84' lang='lat' dir='ltr'>xv</span> <span class='ocrx_word' id='word_1_848' title='bbox 2192 2553 2228 2591; x_wconf 74' lang='grc' dir='ltr'>*ε</span> <span class='ocrx_word' id='word_1_849' title='bbox 2248 2554 2340 2591; x_wconf 89' lang='lat' dir='ltr'>Non</span> <span class='ocrx_word' id='word_1_850' title='bbox 2359 2555 2478 2592; x_wconf 85' lang='lat' dir='ltr'>credit</span> <span class='ocrx_word' id='word_1_851' title='bbox 2493 2556 2595 2604; x_wconf 81' lang='lat' dir='ltr'>quod</span> <span class='ocrx_word' id='word_1_852' title='bbox 2618 2567 2628 2576; x_wconf 91' lang='lat'>·</span> 
     </span>
    </p>
   </div>
   <div class='ocr_carea' id='block_1_25' title="bbox 1528 2605 2594 3024">
    <p class='ocr_par' dir='ltr' id='par_1_32' title="bbox 1528 2605 2594 3024">
     <span class='ocr_line' id='line_1_119' title="bbox 1530 2605 2592 2657; baseline 0.006 -17"><span class='ocrx_word' id='word_1_853' title='bbox 1530 2605 1669 2641; x_wconf 86' lang='lat' dir='ltr'>reverti</span> <span class='ocrx_word' id='word_1_854' title='bbox 1693 2605 1812 2653; x_wconf 87' lang='lat' dir='ltr'>possit</span> <span class='ocrx_word' id='word_1_855' title='bbox 1836 2605 1882 2642; x_wconf 84' lang='lat' dir='ltr'>de</span> <span class='ocrx_word' id='word_1_856' title='bbox 1909 2606 2068 2643; x_wconf 83' lang='lat' dir='ltr'>tenebris</span> <span class='ocrx_word' id='word_1_857' title='bbox 2099 2607 2151 2643; x_wconf 82' lang='lat' dir='ltr'>ad</span> <span class='ocrx_word' id='word_1_858' title='bbox 2177 2607 2308 2644; x_wconf 88' lang='lat' dir='ltr'>lucem.</span> <span class='ocrx_word' id='word_1_859' title='bbox 2349 2607 2459 2644; x_wconf 89' lang='lat' dir='ltr'>Unde</span> <span class='ocrx_word' id='word_1_860' title='bbox 2487 2615 2592 2657; x_wconf 80' lang='lat' dir='ltr'>patet</span> 
     </span>
     <span class='ocr_line' id='line_1_120' title="bbox 1528 2658 2594 2707; baseline 0.008 -14"><span class='ocrx_word' id='word_1_861' title='bbox 1528 2658 1635 2705; x_wconf 91' lang='lat' dir='ltr'>quod</span> <span class='ocrx_word' id='word_1_862' title='bbox 1655 2670 1734 2694; x_wconf 90' lang='lat' dir='ltr'>non</span> <span class='ocrx_word' id='word_1_863' title='bbox 1752 2666 1912 2706; x_wconf 88' lang='lat' dir='ltr'>possunt</span> <span class='ocrx_word' id='word_1_864' title='bbox 1941 2659 2230 2707; x_wconf 89' lang='lat' dir='ltr'>apprehendere</span> <span class='ocrx_word' id='word_1_865' title='bbox 2259 2660 2533 2699; x_wconf 89' lang='lat' dir='ltr'>beatitudinem</span> <span class='ocrx_word' id='word_1_866' title='bbox 2550 2667 2594 2701; x_wconf 92' lang='lat' dir='ltr'>ut</span> 
     </span>
     <span class='ocr_line' id='line_1_121' title="bbox 1531 2710 2591 2759; baseline 0.004 -12"><span class='ocrx_word' id='word_1_867' title='bbox 1531 2711 1676 2747; x_wconf 89' lang='lat' dir='ltr'>bonurn</span> <span class='ocrx_word' id='word_1_868' title='bbox 1706 2710 1905 2758; x_wconf 87' lang='lat' dir='ltr'>possibile:</span> <span class='ocrx_word' id='word_1_869' title='bbox 1942 2711 2036 2748; x_wconf 89' lang='lat' dir='ltr'>sicut</span> <span class='ocrx_word' id='word_1_870' title='bbox 2063 2724 2135 2748; x_wconf 88' lang='lat' dir='ltr'>nec</span> <span class='ocrx_word' id='word_1_871' title='bbox 2163 2712 2263 2749; x_wconf 90' lang='lat' dir='ltr'>beati</span> <span class='ocrx_word' id='word_1_872' title='bbox 2290 2720 2332 2759; x_wconf 82' lang='lat' dir='ltr'>ut</span> <span class='ocrx_word' id='word_1_873' title='bbox 2359 2714 2507 2750; x_wconf 92' lang='lat' dir='ltr'>bonum</span> <span class='ocrx_word' id='word_1_874' title='bbox 2534 2714 2591 2752; x_wconf 87' lang='lat' dir='ltr'>fu-</span> 
     </span>
     <span class='ocr_line' id='line_1_122' title="bbox 1530 2763 2589 2813; baseline 0.006 -15"><span class='ocrx_word' id='word_1_875' title='bbox 1530 2770 1667 2799; x_wconf 87' lang='lat' dir='ltr'>turum.</span> <span class='ocrx_word' id='word_1_876' title='bbox 1686 2763 1734 2799; x_wconf 89' lang='lat' dir='ltr'>Et</span> <span class='ocrx_word' id='word_1_877' title='bbox 1752 2763 1839 2800; x_wconf 91' lang='lat' dir='ltr'>ideo</span> <span class='ocrx_word' id='word_1_878' title='bbox 1860 2775 1984 2812; x_wconf 89' lang='lat' dir='ltr'>neque</span> <span class='ocrx_word' id='word_1_879' title='bbox 2004 2763 2042 2800; x_wconf 92' lang='lat' dir='ltr'>in</span> <span class='ocrx_word' id='word_1_880' title='bbox 2064 2764 2182 2801; x_wconf 88' lang='lat' dir='ltr'>beatis</span> <span class='ocrx_word' id='word_1_881' title='bbox 2202 2777 2328 2813; x_wconf 91' lang='lat' dir='ltr'>neque</span> <span class='ocrx_word' id='word_1_882' title='bbox 2342 2765 2382 2802; x_wconf 90' lang='lat' dir='ltr'>in</span> <span class='ocrx_word' id='word_1_883' title='bbox 2401 2765 2589 2805; x_wconf 80' lang='lat' dir='ltr'>damnatis</span> 
     </span>
     <span class='ocr_line' id='line_1_123' title="bbox 1530 2816 2591 2863; baseline 0.004 -11"><span class='ocrx_word' id='word_1_884' title='bbox 1530 2824 1587 2853; x_wconf 89' lang='lat' dir='ltr'>est</span> <span class='ocrx_word' id='word_1_885' title='bbox 1606 2828 1703 2863; x_wconf 88' lang='lat' dir='ltr'>spes.</span> <span class='ocrx_word' id='word_1_886' title='bbox 1735 2816 1811 2853; x_wconf 90' lang='lat' dir='ltr'>Sed</span> <span class='ocrx_word' id='word_1_887' title='bbox 1841 2816 1879 2853; x_wconf 91' lang='lat' dir='ltr'>in</span> <span class='ocrx_word' id='word_1_888' title='bbox 1905 2816 2115 2854; x_wconf 86' lang='lat' dir='ltr'>viatoribus</span> <span class='ocrx_word' id='word_1_889' title='bbox 2143 2817 2224 2854; x_wconf 89' lang='lat' dir='ltr'>sive</span> <span class='ocrx_word' id='word_1_890' title='bbox 2252 2817 2326 2856; x_wconf 89' lang='lat' dir='ltr'>sint</span> <span class='ocrx_word' id='word_1_891' title='bbox 2353 2818 2391 2855; x_wconf 90' lang='lat' dir='ltr'>in</span> <span class='ocrx_word' id='word_1_892' title='bbox 2418 2818 2497 2856; x_wconf 86' lang='lat' dir='ltr'>vita</span> <span class='ocrx_word' id='word_1_893' title='bbox 2521 2819 2591 2857; x_wconf 89' lang='lat' dir='ltr'>ista</span> 
     </span>
     <span class='ocr_line' id='line_1_124' title="bbox 1531 2868 2589 2920; baseline 0.004 -15"><span class='ocrx_word' id='word_1_894' title='bbox 1531 2869 1610 2906; x_wconf 87' lang='lat' dir='ltr'>sive</span> <span class='ocrx_word' id='word_1_895' title='bbox 1639 2868 1677 2905; x_wconf 92' lang='lat' dir='ltr'>in</span> <span class='ocrx_word' id='word_1_896' title='bbox 1705 2869 1938 2917; x_wconf 85' lang='lat' dir='ltr'>purgatorio,</span> <span class='ocrx_word' id='word_1_897' title='bbox 1967 2876 2092 2918; x_wconf 88' lang='lat' dir='ltr'>potest</span> <span class='ocrx_word' id='word_1_898' title='bbox 2121 2882 2203 2907; x_wconf 89' lang='lat' dir='ltr'>esse</span> <span class='ocrx_word' id='word_1_899' title='bbox 2231 2883 2338 2919; x_wconf 88' lang='lat' dir='ltr'>spes:</span> <span class='ocrx_word' id='word_1_900' title='bbox 2368 2871 2458 2920; x_wconf 85' lang='lat' dir='ltr'>quia</span> <span class='ocrx_word' id='word_1_901' title='bbox 2486 2879 2589 2911; x_wconf 83' lang='lat' dir='ltr'>utro-</span> 
     </span>
     <span class='ocr_line' id='line_1_125' title="bbox 1531 2921 2590 2970; baseline 0.005 -12"><span class='ocrx_word' id='word_1_902' title='bbox 1531 2921 1644 2970; x_wconf 89' lang='lat' dir='ltr'>bique</span> <span class='ocrx_word' id='word_1_903' title='bbox 1681 2922 1972 2970; x_wconf 90' lang='lat' dir='ltr'>apprehendunt</span> <span class='ocrx_word' id='word_1_904' title='bbox 2006 2922 2279 2960; x_wconf 87' lang='lat' dir='ltr'>beatitudinem</span> <span class='ocrx_word' id='word_1_905' title='bbox 2308 2921 2321 2945; x_wconf 67' lang='grc' dir='ltr'>δ</span> <span class='ocrx_word' id='word_1_906' title='bbox 2350 2932 2390 2961; x_wconf 87' lang='lat' dir='ltr'>ut</span> <span class='ocrx_word' id='word_1_907' title='bbox 2422 2924 2590 2963; x_wconf 88' lang='lat' dir='ltr'>futurum</span> 
     </span>
     <span class='ocr_line' id='line_1_126' title="bbox 1531 2974 1722 3024; baseline 0 -13"><span class='ocrx_word' id='word_1_908' title='bbox 1531 2974 1722 3024; x_wconf 88' lang='lat' dir='ltr'>possibile.</span> 
     </span>
    </p>
   </div>
   <div class='ocr_carea' id='block_1_26' title="bbox 1584 3029 2591 3078">
    <p class='ocr_par' dir='ltr' id='par_1_33' title="bbox 1584 3029 2591 3078">
     <span class='ocr_line' id='line_1_127' title="bbox 1584 3029 2591 3078; baseline 0.005 -15"><span class='ocrx_word' id='word_1_909' title='bbox 1584 3029 1642 3064; x_wconf 84' lang='lat' dir='ltr'>An</span> <span class='ocrx_word' id='word_1_910' title='bbox 1672 3039 1807 3064; x_wconf 73' lang='lat' dir='ltr'>patmum</span> <span class='ocrx_word' id='word_1_911' title='bbox 1835 3039 1932 3064; x_wconf 80' lang='lat' dir='ltr'>ERGO</span> <span class='ocrx_word' id='word_1_912' title='bbox 1962 3040 2145 3066; x_wconf 63' lang='lat' dir='ltr'>mensuum</span> <span class='ocrx_word' id='word_1_913' title='bbox 2174 3029 2291 3076; x_wconf 91' lang='lat' dir='ltr'>quod,</span> <span class='ocrx_word' id='word_1_914' title='bbox 2322 3029 2417 3067; x_wconf 88' lang='lat' dir='ltr'>sicut</span> <span class='ocrx_word' id='word_1_915' title='bbox 2446 3031 2591 3078; x_wconf 83' lang='lat' dir='ltr'>Grego-</span> 
     </span>
    </p>
   </div>
   <div class='ocr_carea' id='block_1_27' title="bbox 1532 3080 2629 3128">
    <p class='ocr_par' dir='ltr' id='par_1_34' title="bbox 1532 3080 2629 3128">
     <span class='ocr_line' id='line_1_128' title="bbox 1532 3080 2629 3128; baseline 0.005 -12"><span class='ocrx_word' id='word_1_916' title='bbox 1532 3081 1608 3117; x_wconf 90' lang='lat' dir='ltr'>rius</span> <span class='ocrx_word' id='word_1_917' title='bbox 1638 3080 1736 3126; x_wconf 87' lang='lat' dir='ltr'>dicit,</span> <span class='ocrx_word' id='word_1_918' title='bbox 1758 3081 1918 3117; x_wconf 92' lang='lat' dir='ltr'>XXXIII</span> <span class='ocrx_word' id='word_1_919' title='bbox 1947 3082 2091 3118; x_wconf 89' lang='lat' dir='ltr'>Moral.</span> <span class='ocrx_word' id='word_1_920' title='bbox 2113 3081 2143 3128; x_wconf 63' lang='lat'>³⁸,</span> <span class='ocrx_word' id='word_1_921' title='bbox 2173 3083 2248 3119; x_wconf 93' lang='lat' dir='ltr'>hoc</span> <span class='ocrx_word' id='word_1_922' title='bbox 2275 3082 2408 3120; x_wconf 89' lang='lat' dir='ltr'>dicitur</span> <span class='ocrx_word' id='word_1_923' title='bbox 2437 3084 2484 3120; x_wconf 91' lang='lat' dir='ltr'>de</span> <span class='ocrx_word' id='word_1_924' title='bbox 2513 3083 2591 3121; x_wconf 82' lang='lat' dir='ltr'>dia·</span> <span class='ocrx_word' id='word_1_925' title='bbox 2617 3096 2629 3108; x_wconf 84' lang='lat'><strong>·</strong></span> 
     </span>
    </p>
   </div>
   <div class='ocr_carea' id='block_1_28' title="bbox 1531 3134 2592 3343">
    <p class='ocr_par' dir='ltr' id='par_1_35' title="bbox 1531 3134 2592 3343">
     <span class='ocr_line' id='line_1_129' title="bbox 1532 3134 2590 3184; baseline 0.003 -14"><span class='ocrx_word' id='word_1_926' title='bbox 1532 3134 1622 3170; x_wconf 91' lang='lat' dir='ltr'>bolo</span> <span class='ocrx_word' id='word_1_927' title='bbox 1649 3134 1860 3170; x_wconf 88' lang='lat' dir='ltr'>secundum</span> <span class='ocrx_word' id='word_1_928' title='bbox 1889 3135 2062 3171; x_wconf 87' lang='lat' dir='ltr'>membra</span> <span class='ocrx_word' id='word_1_929' title='bbox 2091 3135 2188 3182; x_wconf 91' lang='lat' dir='ltr'>eius,</span> <span class='ocrx_word' id='word_1_930' title='bbox 2217 3147 2382 3183; x_wconf 91' lang='lat' dir='ltr'>quorum</span> <span class='ocrx_word' id='word_1_931' title='bbox 2411 3148 2498 3184; x_wconf 88' lang='lat' dir='ltr'>spes</span> <span class='ocrx_word' id='word_1_932' title='bbox 2525 3148 2590 3174; x_wconf 87' lang='lat' dir='ltr'>an—</span> 
     </span>
     <span class='ocr_line' id='line_1_130' title="bbox 1532 3187 2590 3236; baseline 0.003 -13"><span class='ocrx_word' id='word_1_933' title='bbox 1532 3187 1743 3223; x_wconf 90' lang='lat' dir='ltr'>nullabitur.</span> <span class='ocrx_word' id='word_1_934' title='bbox 1761 3208 1784 3214; x_wconf 95' lang='lat'>—</span> <span class='ocrx_word' id='word_1_935' title='bbox 1803 3187 1873 3223; x_wconf 92' lang='lat' dir='ltr'>Vel</span> <span class='ocrx_word' id='word_1_936' title='bbox 1903 3187 1932 3223; x_wconf 91' lang='lat' dir='ltr'>si</span> <span class='ocrx_word' id='word_1_937' title='bbox 1961 3187 2185 3235; x_wconf 89' lang='lat' dir='ltr'>intelligatur</span> <span class='ocrx_word' id='word_1_938' title='bbox 2216 3188 2263 3225; x_wconf 90' lang='lat' dir='ltr'>de</span> <span class='ocrx_word' id='word_1_939' title='bbox 2295 3188 2379 3236; x_wconf 92' lang='lat' dir='ltr'>ipso</span> <span class='ocrx_word' id='word_1_940' title='bbox 2413 3188 2590 3236; x_wconf 83' lang='lat' dir='ltr'>diabolo,</span> 
     </span>
     <span class='ocr_line' id='line_1_131' title="bbox 1531 3239 2591 3290; baseline 0.002 -14"><span class='ocrx_word' id='word_1_941' title='bbox 1531 3247 1656 3288; x_wconf 89' lang='lat' dir='ltr'>potest</span> <span class='ocrx_word' id='word_1_942' title='bbox 1685 3239 1812 3277; x_wconf 83' lang='lat' dir='ltr'>referri</span> <span class='ocrx_word' id='word_1_943' title='bbox 1839 3240 1888 3277; x_wconf 90' lang='lat' dir='ltr'>ad</span> <span class='ocrx_word' id='word_1_944' title='bbox 1914 3252 2021 3288; x_wconf 89' lang='lat' dir='ltr'>spem</span> <span class='ocrx_word' id='word_1_945' title='bbox 2051 3253 2127 3289; x_wconf 87' lang='lat' dir='ltr'>qua</span> <span class='ocrx_word' id='word_1_946' title='bbox 2155 3249 2280 3290; x_wconf 89' lang='lat' dir='ltr'>sperat</span> <span class='ocrx_word' id='word_1_947' title='bbox 2308 3253 2348 3278; x_wconf 87' lang='lat' dir='ltr'>se</span> <span class='ocrx_word' id='word_1_948' title='bbox 2377 3241 2425 3278; x_wconf 91' lang='lat' dir='ltr'>de</span> <span class='ocrx_word' id='word_1_949' title='bbox 2454 3241 2591 3278; x_wconf 89' lang='lat' dir='ltr'>sanctis</span> 
     </span>
     <span class='ocr_line' id='line_1_132' title="bbox 1531 3292 2592 3343; baseline 0.003 -14"><span class='ocrx_word' id='word_1_950' title='bbox 1531 3292 1728 3330; x_wconf 86' lang='lat' dir='ltr'>victoriam</span> <span class='ocrx_word' id='word_1_951' title='bbox 1750 3293 1937 3331; x_wconf 89' lang='lat' dir='ltr'>obtinere:</span> <span class='ocrx_word' id='word_1_952' title='bbox 1963 3294 2175 3331; x_wconf 90' lang='lat' dir='ltr'>secundum</span> <span class='ocrx_word' id='word_1_953' title='bbox 2204 3293 2296 3331; x_wconf 91' lang='lat' dir='ltr'>illud</span> <span class='ocrx_word' id='word_1_954' title='bbox 2315 3294 2419 3343; x_wconf 92' lang='lat' dir='ltr'>quod</span> <span class='ocrx_word' id='word_1_955' title='bbox 2440 3306 2555 3343; x_wconf 86' lang='lat' dir='ltr'>supra</span> <span class='ocrx_word' id='word_1_956' title='bbox 2572 3295 2592 3316; x_wconf 77' lang='lat'>&#39;¹‘</span> 
     </span>
    </p>
   </div>
   <div class='ocr_carea' id='block_1_29' title="bbox 1532 3406 2591 3474">
    <p class='ocr_par' dir='ltr' id='par_1_36' title="bbox 1532 3406 2591 3474">
     <span class='ocr_line' id='line_1_133' title="bbox 1585 3406 2591 3466; baseline 0.001 -35"><span class='ocrx_word' id='word_1_957' title='bbox 1585 3406 1716 3466; x_wconf 54' lang='lat' dir='ltr'>fipgiseri</span> <span class='ocrx_word' id='word_1_958' title='bbox 1728 3410 1799 3432; x_wconf 79' lang='lat' dir='ltr'>ante.</span> <span class='ocrx_word' id='word_1_959' title='bbox 1807 3421 1827 3426; x_wconf 97' lang='lat'>-</span> <span class='ocrx_word' id='word_1_960' title='bbox 1839 3407 1983 3442; x_wconf 72' lang='lat' dir='ltr'>secundum</span> <span class='ocrx_word' id='word_1_961' title='bbox 1998 3407 2207 3440; x_wconf 79' lang='lat' dir='ltr'>ABEFHKLpC,</span> <span class='ocrx_word' id='word_1_962' title='bbox 2217 3407 2337 3441; x_wconf 64' lang='lat' dir='ltr'>perfecte</span> <span class='ocrx_word' id='word_1_963' title='bbox 2349 3406 2440 3432; x_wconf 79' lang='lat' dir='ltr'>miseri</span> <span class='ocrx_word' id='word_1_964' title='bbox 2453 3410 2516 3432; x_wconf 69' lang='lat' dir='ltr'>aare</span> <span class='ocrx_word' id='word_1_965' title='bbox 2526 3406 2591 3432; x_wconf 74' lang='lat' dir='ltr'>Gan·</span> 
     </span>
     <span class='ocr_line' id='line_1_134' title="bbox 1532 3446 1774 3474; baseline 0.004 -8"><span class='ocrx_word' id='word_1_966' title='bbox 1532 3449 1585 3466; x_wconf 91' lang='lat' dir='ltr'>om.</span> <span class='ocrx_word' id='word_1_967' title='bbox 1650 3449 1685 3474; x_wconf 71' lang='lat' dir='ltr'>pn</span> <span class='ocrx_word' id='word_1_968' title='bbox 1704 3446 1729 3466; x_wconf 88' lang='lat' dir='ltr'>et</span> <span class='ocrx_word' id='word_1_969' title='bbox 1747 3449 1774 3467; x_wconf 83' lang='lat' dir='ltr'>a.</span> 
     </span>
    </p>
   </div>
   <div class='ocr_carea' id='block_1_30' title="bbox 1587 3475 2219 3510">
    <p class='ocr_par' dir='ltr' id='par_1_37' title="bbox 1587 3475 2219 3510">
     <span class='ocr_line' id='line_1_135' title="bbox 1587 3475 2219 3510; baseline 0.002 -9"><span class='ocrx_word' id='word_1_970' title='bbox 1587 3475 1610 3510; x_wconf 85' lang='grc' dir='ltr'>δ)</span> <span class='ocrx_word' id='word_1_971' title='bbox 1631 3477 1830 3503; x_wconf 81' lang='lat' dir='ltr'>beatitudinem.</span> <span class='ocrx_word' id='word_1_972' title='bbox 1847 3491 1865 3496; x_wconf 98' lang='lat'>-</span> <span class='ocrx_word' id='word_1_973' title='bbox 1885 3478 1946 3502; x_wconf 87' lang='lat' dir='ltr'>Om.</span> <span class='ocrx_word' id='word_1_974' title='bbox 1966 3476 2219 3503; x_wconf 71' lang='lat' dir='ltr'>ABCDEFHKLRR.</span> 
     </span>
    </p>
   </div>
   <div class='ocr_carea' id='block_1_31' title="bbox 2607 299 2818 347">
    <p class='ocr_par' dir='ltr' id='par_1_38' title="bbox 2607 299 2818 347">
     <span class='ocr_line' id='line_1_136' title="bbox 2607 299 2818 347; baseline 0.009 -27"><span class='ocrx_word' id='word_1_975' title='bbox 2607 299 2681 347; x_wconf 47' lang='grc' dir='ltr'>ἑάρὲι.</span> <span class='ocrx_word' id='word_1_976' title='bbox 2700 305 2721 326; x_wconf 84' lang='grc' dir='ltr'>ι,</span> <span class='ocrx_word' id='word_1_977' title='bbox 2735 303 2777 321; x_wconf 79' lang='lat' dir='ltr'>art.</span> <span class='ocrx_word' id='word_1_978' title='bbox 2795 300 2818 326; x_wconf 88' lang='lat'>6,</span> 
     </span>
    </p>
   </div>
   <div class='ocr_carea' id='block_1_32' title="bbox 2607 521 2691 542">
    <p class='ocr_par' dir='ltr' id='par_1_39' title="bbox 2607 521 2691 542">
     <span class='ocr_line' id='line_1_137' title="bbox 2607 521 2691 542; baseline 0 0"><span class='ocrx_word' id='word_1_979' title='bbox 2607 521 2618 532; x_wconf 71' lang='lat'>⁸</span> <span class='ocrx_word' id='word_1_980' title='bbox 2633 521 2691 542; x_wconf 85' lang='lat' dir='ltr'>lbid.</span> 
     </span>
    </p>
   </div>
   <div class='ocr_carea' id='block_1_33' title="bbox 2616 1818 2828 1846">
    <p class='ocr_par' dir='ltr' id='par_1_40' title="bbox 2616 1818 2828 1846">
     <span class='ocr_line' id='line_1_138' title="bbox 2616 1818 2828 1846; baseline 0.005 -5"><span class='ocrx_word' id='word_1_981' title='bbox 2616 1821 2624 1829; x_wconf 93' lang='grc'>·</span> <span class='ocrx_word' id='word_1_982' title='bbox 2635 1819 2685 1843; x_wconf 72' lang='lat' dir='ltr'>Lib.</span> <span class='ocrx_word' id='word_1_983' title='bbox 2693 1818 2733 1846; x_wconf 75' lang='grc' dir='ltr'>Π,</span> <span class='ocrx_word' id='word_1_984' title='bbox 2742 1825 2762 1841; x_wconf 81' lang='lat' dir='ltr'>e.</span> <span class='ocrx_word' id='word_1_985' title='bbox 2771 1825 2828 1842; x_wconf 73' lang='lat' dir='ltr'>nu.</span> 
     </span>
    </p>
   </div>
   <div class='ocr_carea' id='block_1_34' title="bbox 2710 1934 2727 1960">
    <p class='ocr_par' dir='ltr' id='par_1_41' title="bbox 2710 1934 2727 1960">
     <span class='ocr_line' id='line_1_139' title="bbox 2710 1934 2727 1960; baseline 0 0"><span class='ocrx_word' id='word_1_986' title='bbox 2710 1934 2727 1960; x_wconf 68' lang='lat' dir='ltr'>t</span> 
     </span>
    </p>
   </div>
   <div class='ocr_carea' id='block_1_35' title="bbox 2643 2565 2760 2588">
    <p class='ocr_par' dir='ltr' id='par_1_42' title="bbox 2643 2565 2760 2588">
     <span class='ocr_line' id='line_1_140' title="bbox 2643 2565 2760 2588; baseline 0.009 -1"><span class='ocrx_word' id='word_1_987' title='bbox 2643 2565 2760 2588; x_wconf 56' lang='lat' dir='ltr'>Vua-32.</span> 
     </span>
    </p>
   </div>
   <div class='ocr_carea' id='block_1_36' title="bbox 2617 3295 2758 3318">
    <p class='ocr_par' dir='ltr' id='par_1_43' title="bbox 2617 3295 2758 3318">
     <span class='ocr_line' id='line_1_141' title="bbox 2617 3295 2758 3318; baseline 0 0"><span class='ocrx_word' id='word_1_988' title='bbox 2617 3299 2625 3307; x_wconf 93' lang='grc'>·</span> <span class='ocrx_word' id='word_1_989' title='bbox 2642 3295 2709 3318; x_wconf 75' lang='lat' dir='ltr'>Vera.</span> <span class='ocrx_word' id='word_1_990' title='bbox 2725 3296 2758 3318; x_wconf 83' lang='lat'>18.</span> 
     </span>
    </p>
   </div>
  </div>
 </body>
</html>
