2892 4056
58 787 70 798 ⁸
82 785 153 808 Num.
167 792 216 814 seq.

59 829 70 839 ⁸
83 828 152 850 Num.
165 834 220 850 xxix.

58 873 69 882 ⁸
80 871 151 894 Num.
161 878 227 894 xxm.

54 1354 67 1367 ⁸
78 1354 150 1377 Νιιιιι.
166 1361 198 1378 ιι.

54 1442 65 1453 ⁸
79 1441 150 1464 Num.
165 1447 198 1463 xi.

18 1751 23 1783 J
51 1751 63 1762 ⁸
75 1750 216 1798 manea
229 1756 261 1777 νι,

24 1790 25 1793 ’
49 1776 260 1832 &nain-:3¹31

84 1937 102 1951 ρ

47 2107 59 2119 ⁸
64 2106 112 2135 Qu.
117 2111 178 2135 mv,
185 2110 228 2129 art.
234 2106 257 2128 6.

0 3370 9 3390 ἰ-
44 3369 54 3380 “
71 3369 140 3398 Renp.
158 3370 187 3392 ad
203 3377 223 3400 3.

973 139 1238 186 QUAESTIO
1268 141 1409 188 XXIV,
1438 141 1732 179 ARTICULUS
1760 141 1828 178 VII

302 222 365 246 tate
395 215 634 246 determinatam
664 215 696 246 in
728 216 874 247 Concilio
900 217 1070 248 Viennensi
1100 228 1118 248 a
1141 218 1305 249 Clemente
1320 218 1359 254 V,

302 266 339 290 ut
360 265 448 298 patet
469 259 502 289 in
521 259 688 295 clement„
714 270 781 300 cap.
797 262 849 291 Ad
871 267 1027 296 nostrum,
1043 262 1083 292 de
1097 261 1288 300 Haereticis,
1306 261 1360 292 ubi

302 303 340 333 de
370 312 454 333 nova
484 310 567 333 secta
595 304 723 334 dicitur:
754 310 865 336 tenens
893 310 924 335 et
951 315 1099 336 asserens
1121 306 1278 337 doctrina.
1298 315 1358 336 sua

300 346 463 388 sacrilega
486 352 517 377 et
537 357 693 387 perversa
717 348 855 389 inferius
876 350 1060 389 designatos
1083 359 1220 380 errores.
1250 350 1358 380 Primo

300 390 456 427 videlicet,
472 391 557 431 quod
571 392 664 421 homo
683 393 715 421 in
735 394 800 423 vita
817 394 984 433 praesenti
1002 398 1125 423 tantum
1146 399 1176 423 et
1193 393 1267 423 talis
1283 403 1359 433 per—

291 433 446 474 fectionis
472 435 613 475 gradum
635 441 741 475 potest
763 438 931 476 acquirere
951 437 1036 476 quod
1058 437 1211 467 reddetur
1227 438 1358 476 penitus

300 478 529 517 impeccabilis,
554 484 584 508 et
606 480 743 519 amplius
767 481 799 510 in
821 483 931 520 gratia
955 479 1116 519 proficere
1138 490 1200 510 non
1225 481 1358 511 valebit:

300 530 393 558 nam,
418 527 454 552 ut
475 522 602 559 dicunt,
626 524 655 553 si
676 524 748 563 quis
768 533 894 563 semper
919 528 1026 562 posset
1046 524 1223 563 proficere,
1248 530 1357 564 posset

298 565 415 604 aliquis
433 565 558 596 Christo
572 566 750 606 perfectior
765 568 910 598 inveniri.
929 566 1015 596 Haec
1030 566 1083 597 ibi.
1103 567 1144 597 Et
1163 567 1256 597 infra:
1276 568 1354 605 Nos,

297 618 392 639 sacro
413 610 608 648 approbante
633 610 785 647 Concilio,
808 616 926 641 sectam
942 611 1054 649 ipsam,
1079 620 1150 640 cum
1168 613 1356 650 praemissis

297 652 471 690 erroribus,
495 653 686 684 damnamus
703 659 735 684 et
753 655 968 694 reprobamus.
994 653 1165 693 Supposita
1180 664 1264 694 ergo,
1281 665 1355 685 cum

297 696 452 732 Ecclesia,
476 697 604 727 veritate
626 697 685 727 hac
713 697 801 737 quod
825 698 933 728 caritas
955 697 1023 726 viae
1047 703 1093 727 est
1114 699 1355 737 augmentabilis

295 740 329 770 in
352 739 523 776 infinitum,
548 741 741 771 ostendenda
763 740 822 771 tria
844 748 936 771 sunt:
967 741 1089 780 primo,
1113 751 1195 782 quae
1219 748 1264 772 est
1287 752 1355 782 per-

296 783 390 814 fectio
420 784 553 815 caritatis
575 784 662 820 viae,
687 791 717 815 et
739 794 820 824 quae
851 785 984 815 caritatis
1007 784 1124 824 patriae
1139 785 1170 820 *;
1198 786 1354 823 secundo,

296 828 385 869 quod
404 835 478 859 sunt
493 827 700 868 perfectiones
715 828 909 858 diversarum
924 828 1084 858 rationum
1099 826 1131 864 *;
1159 829 1261 864 tertio,
1278 839 1355 870 qua-

294 872 333 902 lis
357 879 404 902 est
425 871 612 902 huiusmodi
634 871 754 901 diversa
777 872 856 902 ratio
871 872 898 903 *-

349 916 433 946 XXI.
457 914 610 946 Perfectio
633 915 768 945 caritatis
782 915 852 946 viae
866 922 912 946 est
931 916 1065 955 duplex:
1090 915 1185 946 altera
1209 926 1245 946 ex
1268 922 1354 955 parte

294 959 444 995 subiecti;
468 965 500 989 et
521 958 618 988 altera
643 968 680 988 ex
702 965 790 998 parte
813 959 937 990 obiecti.
969 961 1051 990 Nam
1075 959 1184 989 caritas
1207 960 1275 990 viae
1299 969 1354 989 au-

293 1010 385 1043 getur
414 1012 452 1032 ex
479 1008 568 1042 parte
598 1001 729 1038 obiecti,
757 1013 832 1033 cum
858 1004 945 1034 Deus
967 1010 1076 1034 movet
1098 1003 1296 1034 voluntatem
1319 1010 1355 1034 ut

292 1046 394 1086 magis
408 1055 443 1076 ac
457 1045 557 1085 magis
579 1045 694 1082 bonus,
718 1053 754 1077 ut
768 1047 868 1087 magis
884 1057 919 1078 ac
935 1048 1036 1087 magis
1051 1047 1181 1083 amicus,
1201 1054 1237 1078 ut
1255 1047 1354 1087 magis

288 1100 329 1121 ac
351 1089 452 1130 magis
475 1088 661 1126 munificus,
684 1090 759 1121 huic
782 1090 934 1122 beneficio
958 1092 1199 1132 superaddendo
1222 1091 1302 1122 illud
1325 1098 1356 1122 et

290 1134 338 1165 illi
361 1134 512 1169 alterum,
543 1139 575 1163 et
597 1134 798 1165 huiusmodi:
830 1135 873 1166 sic
898 1135 983 1166 enim
1006 1136 1186 1166 accenditur
1207 1136 1354 1166 voluntas

291 1187 330 1208 ex
351 1184 439 1218 parte
454 1177 569 1208 obiecti
592 1178 632 1208 ad
647 1178 746 1218 magis
761 1180 934 1211 amandum
948 1179 1054 1219 ipsum
1070 1180 1186 1210 Deum.
1211 1181 1355 1219 Augetur

291 1231 424 1263 quoque
447 1231 484 1252 ex
506 1228 594 1262 parte
617 1222 758 1259 subiecti,
782 1223 861 1254 dum
883 1223 975 1254 etiam
1000 1224 1040 1254 ad
1058 1224 1231 1264 aequaliter
1246 1234 1354 1254 occur-

290 1275 363 1296 rens
385 1265 553 1298 obiectum.
565 1265 670 1306 mgis
693 1266 751 1297 iste
774 1274 916 1305 conatur,
941 1268 1041 1307 magis
1060 1268 1174 1304 studet,
1199 1268 1298 1308 magis
1321 1278 1354 1298 se

290 1309 413 1349 colligit
435 1313 466 1340 et
489 1309 634 1350 applicat.
662 1310 731 1340 Hae
754 1317 828 1342 sunt
850 1311 1057 1351 perfectiones
1081 1312 1214 1342 caritatis
1237 1312 1270 1342 in
1292 1312 1352 1343 via.

292 1354 383 1391 Quae
405 1353 478 1384 licet
500 1354 562 1384 sint
585 1353 777 1384 diversarum
792 1355 951 1386 rationum
968 1356 1048 1386 inter
1064 1365 1106 1391 se,
1130 1362 1166 1386 ut
1181 1355 1354 1395 superius*

291 1403 504 1428 monstratum
528 1403 583 1432 est,
607 1397 838 1428 identificantur
860 1405 966 1429 tamen
982 1399 1167 1435 *secundum
1189 1409 1255 1429 rem
1280 1400 1352 1429 sim—

290 1441 366 1482 plici
388 1440 522 1471 caritatis
545 1441 656 1477 amori,
681 1447 717 1471 ut
739 1441 834 1472 etiam
856 1443 1001 1482 superius
1016 1440 1032 1457 ’¹‘
1054 1449 1149 1482 patet.

345 1485 381 1515 In
404 1484 504 1524 patria
526 1494 656 1525 quoque
680 1485 814 1516 caritatis
831 1486 981 1526 perfectio
1005 1485 1164 1526 utrimque
1188 1493 1244 1516 est.
1268 1487 1352 1516 Nam

290 1538 328 1559 ex
350 1535 437 1568 parte
461 1527 575 1558 obiecti
597 1527 819 1568 quantificatur
841 1539 878 1559 ex
900 1529 971 1570 ipso
994 1530 1064 1560 Deo
1087 1529 1120 1560 in
1140 1530 1245 1570 seipso
1271 1530 1350 1566 viso,

289 1572 376 1603 iuxta
399 1581 581 1602 mensuram
604 1582 670 1602 non
693 1572 752 1602 Dei
768 1573 922 1610 absolute,
947 1573 1002 1604 sed
1025 1573 1084 1604 Dei
1098 1573 1169 1604 visi:
1194 1574 1283 1615 quod
1307 1581 1353 1605 est

289 1615 375 1646 dictu
412 1615 498 1646 iuxta
529 1625 712 1646 mensuram
742 1616 882 1647 visionis.
918 1618 966 1647 Ex
995 1624 1083 1657 parte
1112 1627 1188 1648 vero
1221 1618 1353 1650 subiecti

288 1658 511 1701 quantificatur
526 1669 563 1690 ex
578 1659 640 1690 hoc
658 1660 747 1700 quod
771 1661 907 1691 totaliter
922 1661 1084 1692 actualiter
1102 1661 1199 1692 fertur
1214 1661 1246 1692 in
1263 1672 1351 1692 amo-

287 1713 356 1735 rem
369 1703 440 1740 Dei,
456 1703 620 1744 implendo
643 1704 780 1735 totaliter
794 1705 872 1736 illud
895 1712 1115 1745 praeceptum:
1139 1706 1266 1747 Diliges
1285 1707 1350 1737 Do-

289 1749 412 1781 minum
434 1748 540 1779 Deum
564 1752 655 1778 tuum
679 1758 721 1779 ex
743 1753 807 1779 toto
830 1749 926 1780 corde
949 1754 1014 1786 tuo,
1039 1755 1070 1780 et
1093 1755 1170 1786 tota,
1189 1756 1247 1780 etc.
1260 1749 1278 1769 *

342 1791 442 1822 XXII.
465 1791 668 1822 Diversarum
699 1798 806 1822 autem
836 1792 996 1824 rationum
1026 1803 1093 1823 esse
1123 1793 1372 1833 perstefionem,

287 1834 422 1866 caritatis
443 1835 512 1865 viae
535 1842 566 1866 et
589 1835 816 1876 perfectionem
839 1837 974 1867 caritatis
996 1836 1125 1877 patriae,
1151 1847 1186 1867 ex
1206 1837 1296 1877 signo
1321 1845 1351 1869 et

286 1879 407 1910 ratione
418 1885 620 1911 monstratur.
640 1879 687 1910 Ex
698 1880 790 1920 signo
806 1880 946 1921 quidem,
964 1880 1038 1922 quia
1053 1887 1349 1922 quantumcumque

282 1930 403 1955 crescat
417 1923 526 1954 caritas
541 1923 573 1953 in
589 1923 640 1953 via
664 1933 700 1954 ex
723 1930 811 1964 parte
826 1924 967 1961 subiecti,
985 1934 1151 1965 nunquam
1174 1926 1348 1965 pertingere

283 1973 391 2008 potest
413 1967 454 1997 ad
475 1967 702 2007 perfectionem
719 1968 852 1999 caritatis
867 1968 900 1999 in
919 1969 1018 2008 patria
1037 1979 1074 2000 ex
1097 1975 1184 2009 parte
1200 1970 1347 2001 subiecti:

284 2010 440 2053 quoniam
452 2021 619 2051 nunquam
631 2018 736 2052 potest
747 2012 787 2043 ad
799 2012 860 2042 hoc
872 2012 1034 2053 pervenire
1050 2019 1086 2043 ut
1101 2013 1209 2053 diligat
1220 2014 1348 2046 actuali-

283 2060 332 2086 ter
341 2055 448 2085 Deum
464 2054 611 2091 totaliter,
623 2054 685 2086 hoc
697 2062 744 2086 est
759 2066 801 2086 ex
811 2061 875 2087 toto
893 2056 998 2094 corde,
1011 2066 1052 2087 ex
1066 2062 1132 2087 tota
1149 2063 1263 2094 mente,
1273 2064 1346 2095 etc.;

282 2105 320 2130 ut
342 2105 429 2139 patet
451 2109 488 2129 ex
509 2098 591 2129 infra
605 2098 624 2118 *
647 2099 736 2130 dictis
758 2100 796 2129 ab
816 2100 997 2139 Augustino
1021 2107 1052 2131 et
1067 2102 1206 2131 Auctore
1232 2101 1265 2131 in
1285 2102 1347 2132 dis-

282 2142 430 2174 caesione
446 2142 542 2173 huius
557 2143 724 2183 praecepti.
749 2143 790 2174 Et
811 2143 953 2174 similiter
967 2150 1265 2185 quantumcumque
1281 2156 1346 2176 cre-

282 2193 350 2221 seat
376 2186 487 2219 caritas
512 2187 582 2218 viae
600 2197 637 2218 ex
665 2193 751 2227 parte
776 2187 906 2224 obiecti,
931 2198 1098 2228 nunquam
1121 2189 1276 2228 pertinget
1306 2190 1346 2219 ad

281 2230 511 2274 perfectionem
537 2231 671 2263 caritatis
696 2231 815 2271 patriae
844 2241 881 2262 ex
911 2238 999 2271 parte
1029 2232 1157 2263 obiecti:
1191 2233 1346 2273 quoniam

283 2283 451 2315 nunquam
474 2279 579 2314 potest
601 2275 641 2305 ad
663 2273 725 2305 hoc
748 2275 909 2315 pervenire
932 2282 968 2306 ut
990 2282 1156 2307 moveatur
1178 2277 1218 2307 ad
1240 2287 1346 2308 aman-

283 2319 364 2350 dum
386 2328 403 2348 a
426 2318 496 2348 Deo
518 2317 598 2354 viso,
622 2318 677 2348 sed
701 2328 825 2358 semper
847 2326 995 2350 movetur
1017 2320 1050 2350 in
1072 2320 1130 2351 hac
1148 2320 1212 2351 vita
1234 2331 1252 2351 a
1274 2321 1344 2351 Deo

281 2362 316 2393 in
339 2361 470 2402 speculo
494 2368 660 2393 creaturae.
685 2362 757 2393 Hoc
773 2362 859 2392 enim
877 2363 967 2403 quod
986 2370 1033 2394 est
1050 2364 1258 2404 quantitatem
1276 2375 1345 2404 per-

281 2405 484 2437 fectionalem
506 2405 640 2436 caritatis
664 2405 696 2436 in
719 2405 780 2442 via,
803 2413 1101 2447 quantumcumque
1124 2414 1253 2443 crescat,
1278 2418 1343 2439 non

281 2459 377 2490 posse
402 2450 578 2489 pertingere
600 2450 646 2485 ad¹
662 2449 833 2480 minimum
859 2450 938 2490 quid
967 2451 1149 2491 quantitatis
1177 2451 1343 2491 perfectio-

282 2493 362 2527 nalis
386 2493 533 2534 propriae
547 2493 668 2524 caritati
686 2493 814 2533 patriae,
835 2493 973 2525 ostendit
994 2494 1183 2535 quantitates
1206 2495 1262 2525 has
1277 2505 1344 2526 esse

282 2538 478 2572 diversarum
498 2537 670 2570 rationum.

336 2581 472 2613 Ratione
495 2591 580 2617 vero,
605 2581 679 2624 quia
703 2590 739 2610 ea
762 2591 843 2622 quae
867 2587 1105 2622 consequuntur
1127 2582 1166 2611 ad
1190 2587 1277 2612 actus
1301 2582 1344 2612 di-

280 2634 442 2655 versarum
461 2625 631 2661 rationum,
657 2631 693 2655 ut
711 2624 764 2660 sic,
785 2631 859 2655 sunt
877 2625 1071 2655 diversarum
1090 2625 1264 2655 rationum:
1289 2626 1343 2656 sed

280 2668 432 2710 perfectio
454 2669 589 2700 caritatis
608 2669 642 2698 in
654 2668 705 2698 via
723 2675 754 2698 et
772 2668 922 2708 perfectio
942 2669 1074 2699 caritatis
1093 2668 1126 2698 in
1145 2669 1244 2708 patria
1268 2679 1342 2699 con-

280 2719 458 2754 sequuntur
472 2713 513 2744 ad
529 2719 618 2744 actus
638 2712 831 2743 diversarum
846 2713 1023 2743 rationum:
1048 2722 1122 2754 ergo
1146 2720 1221 2743 sunt
1243 2713 1343 2743 diver-

279 2766 389 2790 sarum
403 2756 604 2790 rafionunm-
614 2756 721 2790 Minor
736 2762 831 2796 patet.
848 2757 932 2794 Quia
948 2757 1126 2788 subiectum
1141 2757 1174 2786 in
1190 2757 1241 2788 via
1259 2763 1290 2788 et
1307 2757 1341 2788 in

279 2800 381 2845 pau-ia
407 2800 601 2833 diversarum
624 2807 671 2831 est
695 2799 871 2831 rationum:
903 2801 1078 2831 secundum
1102 2807 1189 2831 actus
1211 2800 1342 2836 visionis

303 2854 336 2875 er
354 2843 450 2875 fidem
465 2851 496 2875 et
509 2844 640 2875 visionis
658 2843 736 2874 facie
752 2844 791 2874 ad
811 2844 932 2875 faciem.
957 2845 998 2875 Et
1020 2843 1162 2875 similiter
1181 2844 1341 2876 obiectum

279 2855 314 2918 fn
335 2887 387 2918 via
417 2893 448 2918 et
472 2888 506 2918 in
533 2887 649 2928 patria,
673 2888 865 2928 inquantum
895 2894 941 2919 est
966 2898 1115 2923 movens,
1148 2887 1341 2919 diversarum

279 2937 328 2962 est
353 2931 533 2968 rationum,
565 2932 741 2963 secundum
769 2938 856 2962 actus
877 2932 935 2962 visi
962 2932 995 2962 in
1019 2931 1148 2972 speculo
1175 2938 1207 2962 et
1227 2932 1286 2962 visi
1308 2932 1341 2963 in

280 2975 396 3016 seipm,
419 2982 457 3007 ut
474 2981 575 3015 patet:
599 2976 687 3007 Deus
708 2975 796 3006 enim
818 2976 904 3006 visus
927 2975 960 3006 in
979 2976 1110 3016 speculo
1133 2985 1219 3006 nunc
1234 2983 1342 3007 movet

280 3019 321 3052 ad
341 3019 528 3056 amandum,
552 3025 628 3050 tunc
651 3025 759 3053 autem
781 3019 868 3053 Deus
889 3019 976 3050 visus
998 3020 1032 3052 in
1055 3020 1170 3060 seipso.
1198 3020 1238 3050 Et
1260 3030 1341 3060 quo-

279 3062 367 3097 niam
386 3062 507 3096 diversa
521 3062 602 3096 ratio
625 3069 692 3096 tam
706 3063 838 3095 subiecti
860 3074 958 3104 quam
974 3063 1088 3094 obiecti
1111 3073 1148 3095 ex
1171 3062 1342 3096 differentia

278 3105 360 3140 inter
386 3106 600 3147 cognitionem
626 3105 699 3136 fidei
726 3113 756 3140 et
777 3106 933 3137 visionem
956 3113 1096 3147 apertam
1123 3106 1223 3138 oritur
1250 3105 1340 3150 (nam

279 3149 452 3181 differentia
474 3160 511 3181 ex
533 3156 620 3190 parte
639 3150 771 3180 subiecti
792 3160 849 3190 per
870 3149 966 3181 fidem
985 3157 1016 3181 et
1030 3151 1186 3181 visionem
1201 3158 1340 3191 apertam

278 3194 434 3224 redundat
467 3194 500 3224 in
535 3194 690 3224 diversam
720 3193 874 3224 rationem
905 3194 1019 3225 obiecti
1049 3201 1086 3225 ut
1114 3195 1271 3226 moventis
1301 3196 1341 3226 ad

278 3238 467 3268 amandum:
492 3248 568 3268 nam
590 3238 663 3268 inde
686 3238 832 3278 provenit
855 3238 943 3278 quod
966 3238 1053 3269 Deus
1075 3248 1161 3269 nunc
1176 3245 1285 3270 movet
1307 3240 1340 3270 in

278 3282 420 3322 speculo,
444 3288 521 3312 tunc
540 3282 575 3312 in
599 3280 728 3325 seipso),
752 3281 824 3312 ideo
847 3283 984 3318 Auctor,
1008 3281 1166 3322 profunde
1189 3282 1339 3320 intuitus,

278 3324 416 3356 diversae
435 3325 566 3356 rationis
590 3326 796 3366 quantitatem
820 3325 853 3356 in
872 3325 997 3357 caritate
1011 3325 1080 3359 viae
1103 3333 1134 3359 et
1156 3327 1273 3367 patriae
1292 3338 1339 3358 as-

278 3369 412 3409 signavit
441 3369 474 3400 in
500 3369 681 3401 hac.littera
694 3369 711 3388 *
727 3379 763 3400 ex
789 3369 850 3400 hoc
873 3370 961 3410 quod
988 3369 1114 3401 alterius
1140 3370 1269 3401 rationis
1293 3377 1340 3402 est

278 3413 436 3454 quantitas
459 3413 592 3445 caritatis
616 3413 838 3454 consequentis
860 3413 1075 3454 cognitionem
1097 3413 1183 3450 fidei,
1209 3420 1240 3445 et
1261 3424 1338 3445 con-

278 3457 438 3498 sequentis
449 3456 606 3488 visionem
622 3464 774 3498 apertam.
786 3458 968 3488 -Notanter
987 3464 1093 3488 autem
1106 3458 1168 3488 dixi
1183 3458 1337 3489 obiectum

2399 146 2470 192 189

1415 224 1450 249 ut
1472 228 1599 249 movens
1622 229 1688 249 esse
1704 219 1829 249 alterius
1845 218 1974 249 rationis
1996 218 2047 248 hic
2071 226 2101 249 et
2122 219 2155 248 in
2174 219 2282 259 patria.
2308 220 2471 256 Quoniam

1414 262 1573 292 obiectum
1597 262 1731 293 caritatis
1754 269 1859 302 potest
1881 262 2048 302 dupliciter
2070 262 2275 293 considerari:
2300 263 2416 294 scilicet
2437 272 2472 295 ut

1413 306 1584 336 terminans
1607 315 1766 342 amorem;
1790 313 1821 337 et
1844 314 1879 337 ut
1901 315 2033 336 movens
2056 306 2096 336 ad
2119 316 2271 338 amorem.
2295 307 2336 338 Et
2359 317 2471 347 quam-

1411 349 1457 379 vis
1485 357 1519 380 ut
1542 350 1712 380 terminans
1735 350 1774 380 sit
1794 350 1888 380 unius
1907 350 2036 380 rationis
2055 350 2106 380 hic
2127 356 2158 380 et
2175 350 2209 380 in
2226 350 2335 390 patria,
2357 351 2472 382 scilicet

1412 393 1498 423 Deus
1521 393 1588 434 ipse
1611 401 1707 433 prout
1729 394 1761 423 in
1785 403 1817 423 se
1840 401 1886 424 est
1908 392 1953 436 (et
1975 400 2141 434 propterea
2163 395 2283 425 caritas
2306 404 2468 435 nunquam

1412 437 1529 468 excidit
1550 435 1604 478 *)‚
1630 444 1664 468 ut
1694 447 1826 468 movens
1852 444 1958 468 tamen
1990 445 2036 468 est
2068 437 2261 468 diversarum
2293 438 2469 469 rationum:

1411 481 1565 521 quoniam
1581 491 1708 511 movere
1728 488 1763 512 ut
1780 481 1885 511 visum
1903 481 1935 511 in
1951 481 2092 520 speculo,
2112 488 2142 512 et
2164 491 2293 512 movere
2308 489 2344 512 ut
2366 482 2471 513 visum

1410 524 1442 554 in
1466 524 1580 564 seipso,
1607 531 1729 555 constat
1752 525 1944 555 diversarum
1967 535 2033 555 esse
2057 525 2226 556 rationum.

1465 569 1576 599 XXIII.
1601 569 1712 605 Qualis
1739 575 1846 599 autern
1872 576 1918 599 est
1946 569 2023 599 haec
2050 569 2210 600 diversitas
2233 569 2409 606 rationum,
2434 580 2470 600 ex

1411 612 1533 643 duabus
1557 612 1792 643 conditionibus
1816 613 1899 642 sumi
1922 619 2034 652 potest.
2062 613 2168 643 Prima
2191 620 2237 643 est
2259 614 2348 654 quod
2371 624 2469 654 quan-

1409 656 1479 686 titas
1506 656 1706 695 perfectionis
1733 656 1865 687 caritatis
1891 656 1924 686 in
1947 656 1996 686 via
2021 664 2162 687 remanet
2193 667 2266 687 cum
2296 658 2470 697 quantitate

1409 700 1609 739 perfectionis
1633 700 1765 731 caritatis
1784 700 1816 730 in
1835 700 1948 739 patria:
1973 700 2126 740 quoniam
2150 701 2258 732 caritas
2275 701 2353 731 nihil
2369 701 2469 741 perfe-

1410 743 1521 774 ctionis
1537 743 1639 783 perdit
1651 753 1687 774 ex
1703 744 1764 774 hoc
1780 743 1868 784 quod
1880 750 2043 783 permanet
2058 744 2090 774 in
2102 745 2212 784 patria.
2229 762 2247 768 -
2264 744 2408 776 Secunda
2424 753 2471 776 est

1409 788 1498 827 quod
1511 787 1570 817 ista
1588 797 1712 827 semper
1728 794 1774 817 est
1789 788 1946 827 quaedam
1962 787 2045 817 illius
2061 788 2231 824 inchoatio,
2257 795 2288 819 et
2310 798 2366 829 per
2380 789 2469 820 illam

1408 830 1566 870 perficitur
1588 840 1624 860 ac
1647 837 1896 866 consummatur,
1920 838 1956 861 ut
1978 837 2071 870 patet.

1463 874 1510 904 Ex
1529 873 1577 904 his
1593 874 1677 904 enim
1693 881 1822 914 apparet
1843 875 1958 913 primo,
1978 875 2066 914 quod
2089 884 2155 904 non
2179 882 2256 905 sunt
2275 875 2468 906 diversarum

1409 917 1569 948 rationum
1585 917 1665 948 sicut
1681 918 1819 957 cognitio
1835 917 1908 948 fidei
1931 924 1962 948 et
1983 918 2062 948 visio
2078 925 2193 957 aperta,
2209 919 2248 948 ad
2264 928 2342 958 quas
2358 929 2468 950 conse-

1408 967 1560 1001 quuntur.
1586 961 1748 998 Quoniam
1774 961 1969 1001 cognitiones
2000 962 2077 992 istae
2100 962 2372 1002 incompossibiles
2396 971 2470 994 sunt

1409 1011 1439 1034 et
1462 1005 1665 1035 essentialiter
1688 1004 1946 1035 diversificantur:
1970 1005 2178 1044 perfectiones
2204 1012 2310 1036 autern
2336 1007 2468 1038 caritatis

1408 1049 1452 1079 sic
1475 1055 1549 1079 sunt
1573 1049 1765 1079 diversarum
1781 1049 1940 1079 rationum
1956 1049 2044 1088 quod
2067 1055 2097 1079 et
2120 1049 2216 1079 simul
2230 1058 2416 1089 permanent
2438 1058 2469 1082 et

1408 1093 1463 1123 uni
1486 1103 1621 1123 numero
1645 1093 1780 1132 simplici
1803 1092 1920 1123 caritati
1941 1091 2172 1123 identificantur
2194 1093 2323 1124 realiter.

1473 1139 1614 1177 Apparet
1632 1137 1781 1173 secundo,
1802 1137 1890 1177 quod
1905 1143 1980 1167 sunt
2002 1137 2195 1167 diversarum
2211 1136 2371 1167 rationum
2386 1138 2468 1169 sicut

1408 1180 1571 1211 includens
1594 1181 1656 1211 hoc
1679 1187 1709 1211 et
1732 1181 1828 1216 aliud,
1853 1187 1884 1211 et
1906 1186 2091 1211 contentum
2114 1191 2180 1211 uno
2203 1187 2336 1212 tantum.
2363 1181 2405 1212 Et
2427 1183 2467 1212 ad

1407 1224 1469 1255 hoc
1492 1225 1625 1255 deservit
1648 1225 1828 1264 exemplum
1851 1225 1970 1255 litterae
1994 1225 2032 1254 de
2052 1224 2215 1264 superficie
2239 1231 2269 1255 et
2290 1225 2382 1255 linea.
2407 1225 2466 1256 Su-

1407 1267 1547 1308 perficies
1570 1268 1655 1298 enim
1678 1268 1811 1299 includit
1832 1268 2065 1308 longitudinem
2088 1275 2119 1298 et
2140 1268 2226 1298 addit
2247 1268 2465 1299 latitudinem:

1407 1312 1490 1342 linea
1507 1322 1583 1342 vero
1602 1313 1669 1342 sola
1693 1313 1892 1352 longitudine
1917 1319 1963 1342 est
1987 1318 2143 1343 contenta.
2167 1312 2208 1342 Et
2234 1312 2376 1343 similiter
2391 1314 2467 1343 cari·

1405 1362 1451 1386 tas
1465 1356 1583 1395 patriae
1607 1356 1724 1386 claudit
1746 1357 1778 1386 in
1801 1367 1833 1387 se
1857 1356 2081 1396 perfectionem
2104 1356 2173 1386 viae
2195 1362 2226 1386 et
2248 1356 2335 1387 addit
2350 1356 2466 1396 perfec-

1406 1400 1527 1430 tionem
1546 1399 1678 1438 patriae:
1707 1400 1816 1430 caritas
1839 1410 1913 1430 vero
1933 1400 2002 1430 viae
2029 1400 2096 1429 sola
2119 1399 2311 1439 perfectione
2328 1400 2396 1430 viae
2420 1408 2467 1431 est

1407 1449 1564 1475 contenta.

1460 1489 1601 1526 Apparet
1628 1486 1735 1522 tertio,
1766 1487 1854 1527 quod
1885 1486 2077 1516 diversarum
2105 1493 2178 1516 sunt
2204 1486 2363 1516 rationum
2387 1487 2468 1518 sicut

1404 1530 1464 1566 via,
1481 1529 1808 1570 praeternaturalitatis
1835 1539 1958 1569 semper
1981 1529 2098 1560 habens
2125 1530 2243 1569 aliquid
2271 1530 2465 1567 admixtum,

1405 1579 1435 1603 et
1457 1574 1610 1604 terminus
1634 1574 1666 1603 in
1690 1580 1771 1604 statu
1796 1573 2037 1604 naturalissimo.
2063 1572 2183 1603 Caritas
2203 1573 2298 1609 enim,
2323 1574 2398 1614 quia
2421 1581 2467 1605 est

1405 1617 1541 1648 amicitia
1564 1618 1603 1648 ad
1626 1618 1731 1648 Deum
1755 1627 1952 1658 consequens
1969 1617 2166 1647 consortium
2186 1616 2308 1647 divinae
2325 1625 2464 1654 naturae,

1404 1668 1451 1692 est
1477 1661 1613 1692 amicitia
1643 1661 1761 1692 habens
1788 1671 1883 1692 suum
1910 1661 2085 1692 naturalem
2112 1668 2230 1691 statum
2257 1661 2464 1692 solummodo

1403 1705 1434 1735 in
1460 1706 1568 1745 patria,
1593 1705 1647 1735 ubi
1669 1706 1789 1736 similes
1803 1706 1873 1736 Deo
1889 1706 2008 1735 erimus
2023 1710 2053 1734 et
2072 1705 2245 1736 videbimus
2263 1706 2366 1745 ipsum
2381 1707 2465 1736 sicut

1403 1755 1449 1780 est
1460 1749 1490 1779 *ε
1507 1759 1592 1780 nunc
1605 1756 1712 1779 autem
1723 1750 1756 1779 in
1772 1749 1831 1785 via,
1845 1749 1929 1790 apud
1941 1749 2135 1789 Apostolum
2147 1748 2191 1784 **‚
2208 1758 2331 1788 semper
2345 1749 2464 1790 aliquid

1401 1793 1729 1833 praeternaturalitatis
1752 1793 1846 1823 habet
1868 1793 2042 1823 admixtum
2064 1802 2100 1822 ex
2116 1793 2146 1822 vi
2161 1792 2262 1832 ipsius
2285 1793 2465 1832 peregrina-

1401 1836 1506 1868 tionis.
1538 1837 1578 1868 Et
1601 1837 1676 1877 quia
1700 1836 1856 1877 quidquid
1878 1835 2124 1876 imperfectionis
2148 1835 2180 1865 in
2204 1836 2265 1866 hoc
2288 1843 2463 1876 praetema-

1401 1881 1494 1911 turali
1509 1887 1591 1911 statu
1607 1881 1709 1916 habet,
1726 1881 1912 1920 deponetur,
1927 1887 1957 1911 et
1972 1881 2011 1910 ad
2028 1880 2204 1910 naturalem
2220 1886 2250 1910 et
2264 1879 2464 1919 perfectionis

1402 1925 1542 1965 undique
1565 1931 1683 1956 statum
1707 1925 1856 1964 perducta
1879 1924 1936 1954 erit
1957 1924 1991 1954 in
2013 1923 2130 1963 patria;
2154 1923 2227 1954 ideo
2247 1923 2368 1954 diversa
2382 1924 2463 1955 ratio

1401 1968 1601 2008 perfectionis
1629 1968 1762 2003 caritatis
1784 1969 1817 1999 in
1840 1968 1891 1998 via
1907 1974 1937 1998 et
1963 1967 1995 1997 in
2012 1967 2110 2007 patria
2134 1968 2172 1997 ab
2195 1968 2355 2007 Apostolo
2370 1967 2388 1987 *
2411 1968 2463 1999 de-

1400 2012 1534 2043 claratur
1549 2013 1695 2052 exemplo
1715 2011 1915 2052 perfectionis
1935 2011 2064 2051 puerilis
2080 2018 2110 2041 et
2132 2011 2333 2050 perfectionis
2349 2011 2462 2042 virilis:

1403 2056 1483 2087 Cum
1513 2066 1612 2087 essem
1637 2056 1809 2097 parvulus,
1831 2062 1889 2086 etc.
1925 2055 2012 2085 Sicut
2036 2055 2121 2085 enim
2143 2055 2278 2095 pueritia
2300 2055 2400 2085 tendit
2422 2056 2462 2085 ad

1398 2099 1575 2131 virilitatem
1600 2107 1630 2130 et
1652 2100 1812 2140 perficitur
1834 2099 1866 2129 in
1890 2099 1954 2135 illa,
1979 2098 2098 2129 abiecta
2117 2108 2183 2128 non
2202 2099 2395 2139 perfectione
2412 2109 2462 2130 ac-

1399 2144 1513 2184 quisita
1529 2144 1562 2174 in
1577 2144 1721 2184 pueritia,
1747 2145 1801 2174 sed
1823 2142 2062 2184 imperfectione
2085 2142 2261 2182 pertinente
2285 2143 2323 2173 ad
2344 2149 2462 2174 statum

1400 2188 1569 2228 pueritiae;
1601 2188 1644 2219 sic
1668 2189 1776 2218 caritas
1799 2188 1868 2217 viae
1893 2187 1993 2217 tendit
2015 2196 2140 2226 semper
2163 2187 2203 2216 ad
2226 2187 2385 2217 caritatem
2407 2197 2462 2227 pa-

1399 2232 1474 2262 triae
1503 2238 1534 2262 et
1558 2242 1594 2262 ea
1616 2231 1808 2272 perficietur,
1834 2230 1953 2262 abiecta
1983 2240 2049 2261 non
2071 2230 2266 2270 perfectione
2289 2241 2387 2271 quam
2410 2231 2462 2261 hic

1399 2275 1524 2312 habuit,
1549 2276 1604 2306 sed
1626 2275 1764 2307 admixta
1786 2274 2025 2316 imperfectione
2048 2274 2222 2314 pertinente
2246 2274 2286 2304 ad
2308 2275 2376 2305 viae
2400 2281 2462 2305 sta-

1398 2327 1478 2356 tum,
1495 2326 1553 2350 etc.

1451 2363 1564 2394 XXIV.
1589 2362 1648 2393 His
1660 2369 1767 2393 autem
1783 2361 1955 2397 declaratis,
1969 2368 2111 2400 superest
2123 2361 2314 2401 respondere
2330 2361 2462 2392 obiectis

1396 2413 1427 2437 et
1449 2402 1609 2447 quaesitis.
1634 2406 1685 2436 Ad
1707 2398 1900 2436 obiectiones
1924 2405 2083 2445 siquidem
2106 2405 2214 2435 allatas
2237 2405 2270 2435 in
2294 2405 2461 2446 principali

1397 2450 1512 2486 dubio,
1536 2450 1655 2480 scilicet
1676 2456 1768 2480 moto
1791 2449 1824 2478 in
1850 2449 2056 2488 responsione
2084 2445 2128 2478 ad
2150 2449 2279 2479 tertium
2294 2449 2326 2485 *,
2351 2450 2390 2479 de
2413 2450 2460 2480 di-

1396 2503 1484 2524 versa
1506 2493 1628 2525 tatione
1650 2492 1833 2532 quantitatis
1850 2492 1984 2524 caritatis
2007 2492 2040 2524 in
2055 2492 2106 2525 via
2129 2499 2161 2522 et
2178 2493 2211 2522 in
2230 2493 2340 2532 patria,
2363 2493 2428 2524 iarn
2442 2494 2460 2512 *

1396 2543 1482 2577 patet
1500 2535 1675 2577 responsio.
1699 2536 1751 2566 Ad
1773 2535 1909 2575 primam
1932 2535 2072 2576 quidem,
2088 2536 2176 2577 quod
2200 2546 2267 2567 non
2291 2543 2337 2567 est
2359 2536 2459 2570 fictio-

1397 2581 1461 2616 nis,
1486 2581 1541 2610 sed
1570 2586 1699 2610 naturae
1730 2579 1916 2609 huiusmodi
1948 2585 2079 2611 actuum
2109 2579 2313 2615 animalium,
2344 2580 2458 2611 habere

1397 2624 1603 2665 perfectiones
1633 2623 1826 2653 diversarum
1853 2623 2032 2654 rationum:
2066 2630 2096 2654 et
2125 2623 2293 2664 praecipue
2326 2631 2456 2655 actuum

1396 2668 1579 2699 habentium
1603 2667 1743 2697 diversos
1766 2673 1875 2697 status.

1449 2712 1500 2742 Ad
1524 2711 1808 2746 confirmationem,
1828 2710 1892 2740 iam
1906 2710 1924 2729 *
1942 2717 2028 2750 patet
2043 2711 2132 2751 quod
2147 2720 2184 2741 ex
2199 2711 2320 2742 diversa
2336 2712 2457 2743 ratione

1394 2755 1466 2786 fidei
1490 2762 1521 2786 et
1542 2755 1673 2787 visionis
1700 2754 1906 2795 consequitur
1932 2754 2075 2787 diversae
2095 2755 2224 2786 rationis
2247 2755 2399 2796 perfectio
2423 2757 2456 2791 in

1394 2799 1518 2831 caritate
1541 2806 1607 2831 tam
1631 2809 1668 2830 ex
1689 2806 1776 2839 parte
1800 2798 1930 2831 subiecti
1953 2809 2051 2840 quam
2074 2799 2201 2833 obiecti.

1448 2843 1499 2874 Ad
1512 2843 1641 2874 alteram
1654 2842 1927 2874 confirmationem
1942 2849 2048 2886 potest
2062 2842 2124 2873 dici
2140 2842 2315 2883 dupliciter.
2335 2844 2455 2881 Primo,

1393 2887 1482 2927 quod
1501 2897 1566 2917 non
1582 2886 1763 2918 inconvenit
1781 2896 1941 2917 remanere
1964 2893 2116 2927 quantam
2139 2886 2386 2927 perfectionibus
2409 2889 2455 2923 di-

1391 2940 1553 2962 versarum
1575 2931 1754 2961 rationum:
1779 2930 1860 2961 sicut
1883 2930 1978 2961 etiam
1993 2930 2172 2971 superficies
2195 2938 2243 2962 est
2264 2939 2383 2973 quanta
2406 2932 2454 2963 di-

1394 2975 1613 3007 mensionibus
1637 2975 1830 3006 diversarum
1853 2974 2024 3012 rationum.
2048 2992 2070 2998 ·-
2092 2975 2252 3012 Secundo,
2274 2983 2306 3007 et
2329 2975 2455 3013 melius,

1392 3019 1481 3060 quod
1504 3025 1645 3050 remanet
1663 3025 1782 3060 quanta
1803 3018 1836 3048 in
1859 3024 1930 3053 actu
1953 3018 2147 3059 perfectione
2170 3020 2287 3060 patriae
2311 3026 2451 3053 tantum:

1393 3062 1584 3104 perfectione
1606 3073 1682 3095 vero
1705 3063 1773 3097 viae
1801 3068 1942 3097 remanet
1973 3070 2092 3105 quanta
2119 3063 2152 3098 in
2183 3064 2345 3104 potentia,
2373 3064 2454 3096 sicut

1392 3107 1555 3147 trigonum
1579 3107 1691 3137 dicitur
1706 3116 1772 3137 esse
1795 3106 1935 3146 potentia
1955 3106 1988 3136 in
2004 3113 2178 3147 tetragono,
2196 3108 2223 3138 II
2238 3108 2278 3139 de
2291 3108 2409 3138 Anima
2420 3108 2452 3144 *3

1392 3157 1423 3181 et
1441 3151 1521 3181 sicut
1539 3151 1571 3180 in
1592 3150 1735 3181 virilitate
1754 3157 1894 3181 remanet
1918 3151 2067 3190 perfectio
2087 3151 2254 3191 pueritiae,
2279 3162 2343 3181 non
2363 3152 2452 3192 quod

1391 3194 1453 3225 sint
1475 3194 1508 3224 in
1530 3195 1598 3224 viro
1622 3195 1702 3225 duae
1725 3192 1933 3234 perfectiones
1950 3195 1983 3224 in
1999 3201 2083 3233 actu,
2108 3195 2223 3227 scilicet
2247 3195 2399 3235 acquisita
2417 3195 2450 3225 in

1391 3238 1525 3278 pueritia
1547 3245 1578 3269 et
1600 3248 1681 3279 quae
1704 3238 1829 3268 advenit
1851 3238 1884 3268 in
1906 3237 2064 3274 virilitate,
2087 3239 2143 3269 sed
2166 3249 2229 3270 una
2247 3239 2279 3268 in
2294 3246 2376 3275 actu,
2393 3239 2450 3269 sci-

1391 3282 1463 3312 licet
1480 3282 1644 3320 virilitatis,
1664 3282 1812 3312 claudens
1826 3281 1859 3312 in
1874 3292 1907 3312 se
1922 3282 2010 3312 illam
2028 3283 2179 3322 pueritiae
2202 3289 2238 3313 ut
2260 3293 2356 3324 quarn
2380 3293 2450 3323 per-

1391 3325 1473 3358 fecit.
1505 3325 1555 3357 Sic
1578 3336 1716 3368 namque
1738 3326 1917 3366 putandum
1940 3333 1987 3359 est
2008 3326 2040 3359 in
2065 3326 2163 3367 patria
2191 3326 2279 3368 quod
2297 3326 2448 3367 perfectio

1392 3370 1509 3409 patriae
1538 3369 1655 3402 claudit
1679 3369 1712 3403 in
1738 3380 1771 3401 se
1801 3370 2028 3410 perfectionem
2054 3370 2122 3404 viae
2151 3376 2187 3401 ut
2209 3369 2381 3410 perfectam
2406 3370 2447 3405 ab

1391 3413 1459 3453 ipsa
1485 3413 1677 3453 perfectione
1708 3414 1841 3454 patriae:
1873 3420 1903 3444 et
1936 3423 2001 3444 non
2034 3423 2178 3444 seorsum
2206 3414 2384 3445 distinctam
2414 3414 2447 3444 in

1392 3463 1474 3487 actu.

2497 440 2507 450 ⁸
2517 440 2526 461 l
2536 441 2569 461 ad
2582 441 2636 462 Cor.
2656 448 2706 469 cap.

2497 472 2546 493 xm,
2561 473 2619 489 vers.
2636 458 2657 490 ᾗ.

2491 1750 2501 1760 ⁸
2509 1750 2519 1770 I
2527 1750 2599 1775 Ioau..
2607 1756 2657 1776 cap.
2667 1756 2702 1775 ιιι,

2491 1782 2550 1797 vers.

2492 1804 2513 1813 '¹’
2527 1802 2562 1823 Cf.

2490 1970 2500 1980 ⁸
2515 1969 2551 1991 cf.

2565 1782 2585 1797 2.

2566 1976 2629 1991 num.
2650 1976 2702 1992 ¹111.

2487 2453 2497 2462 ⁸
2511 2451 2581 2473 Num.
2598 2458 2647 2474 νιιι.

2487 2496 2497 2505 ⁸
2511 2495 2547 2517 Cf.

2483 2713 2545 2736 ⁸Cf.

2483 2746 2540 2762 xxn.

2563 2502 2626 2517 num.
2642 2502 2674 2518 ΧΙ-

2559 2720 2624 2737 ιιιιιιι.
2638 2721 2670 2740 xi,

2567 3114 2603 3133 ιιι,
2613 3114 2636 3130 ιι.
2647 3108 2669 3130 6.
2678 3120 2689 3124 -

2478 3107 2558 3155 gc'l'h'.
2573 3135 2624 3156 lect.
2639 3141 2659 3155 v.

2579 1808 2644 1823 num.
2659 1809 2702 1824 ΧΗ.
