2892 4056
206 1373 288 1404 xxxxxxxx

202 1652 211 1661 ⁸
226 1650 285 1673 lbid.

465 186 534 231 146

1143 184 1408 230 QUAESTIO
1437 186 1541 233 XIX,
1571 186 1866 222 ARTICULUS
1897 187 1948 223 IX

1266 306 1582 348 ARTICULUS
1612 307 1812 348 NONUS

1042 389 1197 419 UTRUM
1220 388 1360 419 TIMOR
1384 389 1450 418 SIT
1474 388 1630 418 DONUM
1655 388 1843 420 spmrrus
1868 390 2022 421 SANCTI

982 465 1012 489 ΙΙΙ
1032 465 1114 494 Ξεηΐ.,
1135 466 1193 489 dist.
1212 473 1292 496 xxxiv,
1313 473 1357 497 qu.
1377 472 1402 495 11,
1422 469 1468 488 art.
1491 471 1518 495 1,
1539 463 1588 495 qun
1609 464 1637 494 33
1657 465 1700 489 Aa
1719 466 1805 495 Rom„
1825 474 1880 499 cap.
1899 474 1953 498 vm,
1977 467 2035 492 lect.
2052 474 2091 492 111.

661 548 682 572 D
712 547 839 572 NONUM
869 547 921 572 SIC
950 547 1190 573 PRocED1TUR.
1215 536 1375 572 Videtur
1404 534 1509 582 quod

660 589 774 624 timor
808 600 885 624 non
919 588 964 624 sit
998 589 1143 626 donum
1181 589 1338 637 Spiritus
1369 587 1507 624 Sancti.

485 657 581 689 ww
607 647 629 689 ἦ
661 641 819 676 Nullum
859 641 961 678 enim
1001 642 1146 678 donum
1187 641 1345 689 Spiritus
1383 639 1510 677 Sancti

506 669 594 722 ἐῷ
618 685 864 742 &opponitur
882 694 1021 741 virtuti,
1043 707 1141 743 quae
1166 694 1277 730 etiam
1305 701 1360 730 est
1383 706 1405 729 a
1426 692 1508 741 Spi-

449 745 518 781 ritu
549 745 709 782 Sancto:
744 747 912 795 alioquin
942 747 1101 796 Spiritus
1123 748 1283 783 Sanctus
1313 754 1410 783 esset
1438 745 1508 782 sibi

449 797 667 834 contrarius.
708 800 784 836 Sed
813 800 927 836 timor
955 801 1161 849 opponitur
1187 799 1288 848 spei,
1327 811 1423 848 quae
1454 806 1510 835 est

446 850 575 887 virtus.
598 851 699 899 Ergo
719 852 835 889 timor
854 866 930 890 non
948 861 1003 890 est
1023 855 1168 891 donum
1190 852 1349 901 Spiritus
1367 851 1504 888 Sancti.

501 914 535 939 2.
557 903 788 952 Pam-ream,
804 906 950 943 virtutis
975 906 1209 954 theologicae
1233 905 1431 954 proprium
1453 913 1508 941 est

446 955 551 1003 quod
572 957 699 994 Deum
720 959 857 996 habeat
874 972 945 1008 pro
967 959 1129 997 obiecto.
1160 959 1237 996 Sed
1261 958 1375 995 timor
1389 958 1507 994 habet

445 1009 572 1045 Deum
593 1023 662 1058 pro
684 1012 846 1059 obiecto,
859 1013 1085 1062 inquantum
1102 1014 1206 1049 Deus
1223 1011 1386 1048 timetur.
1403 1011 1505 1058 Ergo

445 1061 559 1099 timor
588 1076 666 1100 non
695 1073 751 1101 est
779 1066 937 1113 donum,
968 1068 1034 1103 sed
1063 1066 1181 1102 virtus
1210 1064 1433 1111 theologica.

500 1116 534 1151 3.
553 1116 786 1165 PRAETEREA,
803 1119 917 1155 timor
937 1132 981 1156 ex
1001 1131 1131 1156 amore
1153 1117 1406 1165 consequitur.
1429 1117 1504 1153 Sed

444 1179 554 1204 amor
580 1170 734 1218 ponitur
767 1171 958 1220 quaedam
985 1172 1104 1209 virtus
1138 1170 1362 1217 theologica.
1401 1169 1504 1216 Ergo

444 1220 558 1258 etiam
586 1223 700 1260 timor
724 1232 780 1260 est
797 1225 916 1262 virtus
944 1224 1169 1271 theologica,
1190 1222 1298 1270 quasi
1327 1221 1375 1258 ad
1404 1221 1505 1258 idem

442 1282 646 1322 pertinens.
1496 1302 1507 1311 .

494 1339 531 1373 4.
552 1329 785 1375 ΡΚΑΕΊῈΒΕΑ,
804 1329 1009 1376 Gregorius
1030 1328 1126 1371 dicit.
1145 1329 1175 1363 II
1191 1326 1336 1363 Moral.
1352 1325 1383 1372 ³⁸,
1400 1325 1504 1374 quod

442 1379 556 1416 timor
575 1382 684 1418 datur
704 1389 832 1419 contra
853 1381 1083 1430 superbiam.
1115 1381 1191 1417 Sed
1218 1378 1418 1428 superbiae
1438 1391 1505 1428 op-

441 1433 594 1480 ponitur
612 1434 732 1471 virtus
759 1434 991 1472 humilitatis.
1023 1435 1124 1481 Ergo
1155 1433 1267 1470 etiam
1297 1432 1412 1469 timor
1433 1433 1503 1468 sub

441 1486 577 1523 virtute
607 1488 952 1536 comprehenditur.

588 619 650 657 ‘3⁴'-

499 1540 530 1576 5.
553 1541 790 1588 PRAETEREA,
817 1541 918 1580 dona
938 1548 1025 1578 sunt
1044 1539 1268 1588 perfectiora
1287 1537 1502 1575 virtutibus:
1529 1552 1531 1559 ⁴

442 1591 577 1629 dantur
598 1594 697 1630 enim
718 1594 755 1630 in
776 1593 1004 1631 adiutorium
1025 1593 1219 1638 virtutum,
1236 1599 1276 1628 ut
1298 1591 1503 1638 Gregorius

442 1644 539 1690 dicit,
563 1647 594 1682 II
614 1648 758 1684 Moral.
779 1647 799 1669 '¹‘
824 1647 900 1683 Sed
929 1659 1015 1695 spes
1045 1654 1099 1682 est
1127 1644 1327 1694 perfectior
1349 1644 1501 1680 timore:

441 1698 529 1745 quia
558 1711 644 1746 spes
674 1700 824 1748 respicit
852 1700 1019 1746 bonum,
1057 1699 1172 1735 timor
1204 1698 1361 1734 malurn.
1402 1697 1501 1733 Cum

441 1763 530 1798 ergo
560 1764 646 1800 spes
675 1753 721 1790 sit
747 1753 879 1799 virtus⁷
909 1764 988 1788 non
1017 1752 1131 1789 debet
1159 1750 1233 1788 dici
1261 1751 1364 1799 quod
1389 1749 1503 1786 timor

440 1803 486 1840 sit
514 1804 671 1841 donum.

495 1857 569 1894 SED
589 1869 734 1895 CONTRA
754 1870 820 1894 EST
843 1858 948 1905 quod
974 1857 1092 1893 Isaiae
1116 1869 1151 1893 XI
1173 1858 1191 1878 ²³³
1215 1856 1330 1892 timor
1344 1855 1502 1892 Domini

442 1918 686 1947 enumeratur
705 1911 800 1947 inter
820 1919 966 1959 septem
988 1910 1089 1946 dona
1109 1910 1269 1958 Spiritus
1286 1907 1424 1944 Sancti.

494 1964 719 2000 RESPONDEO
739 1975 923 2002 DlCENDUM
943 1963 1047 2012 quod
1067 1963 1260 2012 multiplex
1290 1968 1346 1997 est
1373 1961 1500 2009 timor,

440 2023 480 2051 ut
499 2029 613 2065 supra
631 2015 652 2038 ²¹³
671 2011 812 2054 dictum
833 2025 898 2054 est.
930 2017 1065 2054 Timor
1085 2024 1212 2053 autern
1237 2016 1440 2061 humanus,
1461 2022 1502 2051 ut

441 2068 528 2105 dicit
542 2071 787 2117 Augustinus,
808 2070 846 2106 in
866 2071 962 2107 libro
986 2071 1031 2106 de
1053 2069 1184 2106 Gratia
1209 2073 1244 2106 et
1259 2068 1342 2105 Lib.
1359 2067 1452 2104 Arh.
1469 2066 1499 2114 ³¹²,

440 2134 518 2158 non
539 2130 593 2159 est
622 2123 767 2160 donum
788 2123 871 2170 Dei,
892 2124 966 2160 hoc
996 2123 1097 2159 enim
1126 2123 1258 2159 timore
1282 2122 1416 2157 Petrus
1436 2133 1500 2156 ne-

439 2174 540 2222 gavit
569 2176 783 2213 Christum:
822 2177 888 2213 sed
926 2177 984 2214 ille
1013 2176 1126 2212 timor
1162 2176 1209 2212 de
1248 2186 1324 2224 quo
1359 2173 1499 2210 dictum

366 2242 411 2283 ³¹23
440 2236 496 2264 est
514 2227 555 2274 *⁷
584 2228 697 2266 Illum
726 2229 851 2279 timete?
875 2231 940 2277 qui
959 2235 1083 2277 potest
1107 2229 1274 2265 animam
1304 2233 1340 2263 et
1365 2238 1501 2275 corpus

323 2294 382 2309 vers·
406 2305 411 2310 -
439 2282 583 2318 mittere
609 2282 647 2318 in
675 2283 901 2332 gehennam.

495 2333 672 2371 Similiter
700 2335 814 2372 etiam
843 2334 958 2371 timor
986 2333 1131 2371 servilis
1168 2346 1247 2371 non
1275 2341 1332 2370 est
1366 2345 1499 2370 nume-

441 2387 581 2424 randus
608 2387 705 2424 inter
733 2395 879 2435 septem
908 2383 1010 2424 dona
1044 2382 1202 2435 Spiritus
1233 2386 1379 2432 Sancti,
1415 2387 1501 2423 licet

442 2440 487 2476 sit
507 2453 528 2477 a
549 2441 689 2488 Spiritu
710 2442 862 2477 Sancto.
893 2441 1005 2487 Quia,
1027 2447 1068 2476 ut
1086 2440 1316 2487 Augustinus
1342 2439 1440 2486 dicit,
1461 2440 1499 2476 in

441 2493 535 2530 libro
557 2494 602 2529 de
614 2494 706 2531 Nat.
727 2499 763 2530 et
784 2494 916 2530 Gratia
935 2493 971 2540 ³¹⁶,
1000 2500 1124 2541 potest
1147 2493 1289 2529 habere
1310 2504 1498 2529 annexam

441 2548 677 2583 voluntatem
698 2546 901 2594 peccandi:
928 2546 1029 2582 dona
1049 2554 1176 2582 autem
1197 2545 1356 2593 Spiritus
1373 2545 1500 2582 Sancti

442 2612 520 2636 non
538 2608 697 2647 possunt
717 2612 797 2636 esse
819 2611 907 2636 cum
927 2600 1122 2635 voluntate
1146 2598 1330 2646 peccandi
1351 2603 1384 2645 α,
1410 2598 1499 2647 quia

343 2670 413 2685 uaes.
441 2665 519 2689 non
549 2661 635 2689 sunt
663 2653 742 2689 sine
772 2652 935 2699 caritate,
967 2660 1007 2688 ut
1036 2651 1176 2688 dictum
1208 2659 1262 2687 est
1281 2650 1311 2687 *.

494 2706 604 2743 Unde
635 2706 855 2756 relinquitur
892 2705 994 2754 quod
1023 2704 1138 2740 timor
1165 2703 1236 2739 Dei
1274 2703 1339 2751 qui
1367 2715 1498 2739 nume-

443 2767 545 2796 ratur
563 2760 658 2796 inter
683 2767 827 2808 septem
849 2758 951 2795 dona
979 2757 1138 2806 Spiritus
1155 2756 1282 2792 Sancti
1309 2763 1364 2792 est
1386 2756 1501 2792 timor

442 2812 562 2848 filialis
582 2813 661 2848 sive
683 2821 821 2849 castus.
844 2811 998 2848 Dictum
1018 2818 1073 2847 est
1096 2809 1196 2846 enirn
1212 2810 1340 2857 *supra
1355 2808 1375 2829 '¹‘
1394 2809 1499 2856 quod

442 2866 544 2902 dona
582 2865 739 2914 Spiritus
775 2865 901 2901 Sancti
941 2871 1026 2900 sunt
1063 2862 1253 2911 quaedam
1290 2861 1499 2899 habituales

441 2918 692 2966 perfectiones
719 2917 974 2966 potentiarum
1003 2915 1154 2953 animae
1179 2915 1316 2965 quibus
1336 2914 1499 2951 reddun-

441 2979 502 3007 tur
521 2971 618 3007 bene
639 2971 798 3007 mobiles
819 2982 840 3006 a
861 2969 999 3018 Spiritu
1018 2969 1169 3014 Sancto,
1187 2968 1281 3004 sicut
1299 2967 1500 3004 virtutibus

442 3023 652 3060 moralibus
680 3023 869 3072 potentiae
903 3021 1130 3071 appetitivae
1166 3020 1374 3058 redduntur
1402 3020 1499 3056 bene

443 3076 605 3114 mobiles
634 3088 655 3112 a
683 3076 839 3112 ratione.
874 3074 935 3115 Ad
962 3076 1036 3112 hoc
1065 3082 1194 3110 autem
1227 3072 1332 3122 quod
1359 3072 1500 3121 aliquid

443 3130 489 3167 sit
508 3130 605 3166 bene
626 3129 766 3166 mobile
796 3128 844 3164 ab
873 3127 999 3175 aliquo
1019 3134 1213 3173 movente,
1232 3125 1357 3174 primo
1378 3126 1500 3184 requi·
1526 3140 1528 3149 ¹

444 3182 535 3220 ritur
553 3189 594 3218 ut
613 3181 658 3218 sit
678 3181 710 3217 ei
736 3181 965 3226 subiectum,
993 3192 1070 3216 non
1091 3191 1319 3228 repugnans:
1347 3190 1436 3227 qula
1456 3190 1499 3215 ex

1564 536 1809 582 repugnantia
1830 537 1980 574 mobilis
2001 538 2049 574 ad
2068 549 2230 575 movens
2254 538 2458 589 impeditur
2480 549 2618 578 motus.

1563 588 1649 623 Hoc
1669 597 1796 626 autem
1817 589 1903 626 facit
1930 590 2043 626 timor
2070 590 2191 627 filialis
2215 591 2277 627 vel
2306 599 2441 641 castus,
2462 593 2620 642 inquan-

1562 647 1641 676 tum
1670 653 1739 689 per
1766 641 1891 690 ipsum
1920 644 2048 679 Deum·
2077 655 2319 690 reveremur,
2350 652 2386 681 et
2413 646 2620 694 refugimus

1563 704 1634 728 nos
1662 693 1732 742 ipsi
1760 695 1984 732 subducere.
2019 697 2068 732 Et
2095 695 2181 733 ideo
2214 695 2329 732 timor
2355 696 2477 735 filialis
2511 699 2619 748 quasi

1561 745 1727 793 primum
1749 747 1876 784 locum
1896 755 1999 785 tenet
2022 749 2265 786 ascendendo
2294 748 2391 785 inter
2409 751 2510 788 dona
2538 752 2620 800 Spi-

1562 798 1653 835 ritus
1683 799 1823 848 Sancti,
1852 801 2025 838 ultimum
2057 810 2183 838 autem
2214 802 2500 850 descendend03
2525 804 2620 840 sicut

1561 852 1794 899 Augustinus
1834 853 1946 902 dicit,
1993 854 2031 891 in
2068 854 2164 891 libro
2193 855 2239 891 de
2275 855 2395 891 Serm.
2433 857 2546 893 Dom.
2581 856 2618 894 in

1561 904 1694 942 Monte
1711 905 1742 942 ²¹⁶.

1613 960 1672 994 AD
1701 970 1839 996 PRIMUM
1872 970 1969 996 ERGO
1999 971 2182 997 DICENDUM
2215 959 2320 1008 quod
2352 959 2466 996 timor
2497 959 2619 997 filialis

1561 1022 1638 1047 non
1667 1011 1915 1048 contrariatur
1941 1012 2069 1048 virtuti
2097 1013 2189 1062 spei.
2226 1013 2317 1049 Non
2347 1013 2449 1049 enim
2481 1025 2551 1061 per
2577 1013 2620 1049 ti-

1560 1075 1710 1100 morem
1738 1064 1894 1100 filialem
1923 1065 2100 1102 timemus
2128 1077 2176 1102 ne
2205 1065 2316 1102 nobis
2344 1066 2496 1103 deficiat
2513 1066 2619 1115 quod

1560 1127 1758 1163 speramus
1791 1116 1961 1153 obtinere
1997 1130 2066 1165 per
2102 1118 2280 1155 auxilium
2319 1117 2511 1155 divinum:
2550 1118 2618 1155 sed

1559 1167 1740 1211 timemus
1766 1169 1813 1204 ab
1833 1169 1908 1205 hoc
1936 1170 2073 1206 auxilio
2102 1183 2173 1207 nos
2202 1171 2433 1208 subtrahere.
2463 1171 2512 1208 Et
2530 1171 2632 1223 ideo·

1559 1220 1672 1256 timor
1699 1220 1822 1258 filialis
1855 1228 1891 1257 et
1924 1234 2011 1269 spes
2044 1222 2114 1258 sibi
2142 1223 2307 1259 invicem
2342 1224 2547 1261 cohaerent
2583 1231 2620 1261 et

1560 1285 1599 1309 se
1628 1272 1793 1310 invicem
1822 1274 2034 1321 perficiunt.

1612 1327 1671 1362 An
1696 1337 1885 1363 SECUNDUM
1909 1338 2093 1364 mcENDUM
2121 1328 2226 1376 quod
2245 1327 2442 1376 proprium
2463 1335 2500 1364 et
2517 1329 2619 1377 prin-

1560 1377 1679 1427 cipale
1709 1379 1900 1416 obiectum
1929 1380 2074 1416 timoris
2095 1387 2150 1416 est
2168 1380 2312 1416 malurn
2333 1380 2438 1428 quod
2457 1380 2542 1429 quis
2561 1393 2619 1423 re—‚

1558 1431 1660 1479 fugit.
1691 1431 1740 1468 Et
1757 1444 1827 1481 per
1845 1433 1947 1469 hunc
1965 1433 2126 1470 modum
2156 1433 2262 1469 Deus
2290 1445 2369 1470 non
2390 1441 2517 1482 potest
2536 1433 2619 1471 esse

1529 1520 1531 1526 ,
1559 1484 1750 1521 obiectum
1779 1485 1945 1532 timoris,
1984 1486 2079 1522 sicut
2110 1498 2224 1534 supra
2243 1486 2263 1506 '¹‘
2282 1486 2424 1523 dictum
2454 1494 2520 1523 est.
2551 1487 2619 1524 Est
2646 1496 2655 1504 ”

1558 1545 1686 1575 autem
1706 1550 1776 1586 per
1793 1539 1896 1577 hunc
1915 1538 2077 1576 modum
2097 1538 2290 1575 obiectum
2310 1539 2390 1587 spei
2409 1547 2446 1576 et
2459 1539 2617 1577 aliarum

1557 1590 1739 1628 virtutum
1770 1592 2078 1639 theologicarum.
2110 1591 2212 1638 Quia
2238 1604 2307 1641 per
2333 1592 2512 1629 virtutem
2537 1593 2617 1642 spei

1558 1656 1635 1680 non
1665 1645 1790 1680 solum
1825 1645 2020 1682 innitimur
2046 1643 2062 1674 β
2089 1644 2220 1681 divino
2249 1644 2386 1682 auxilio
2419 1647 2467 1683 ad
2500 1646 2617 1695 adipi-

1557 1698 1742 1734 scendum
1761 1709 2026 1746 quaecumque
2047 1697 2118 1734 alia
2138 1698 2256 1743 bona3
2277 1698 2344 1734 sed
2362 1698 2618 1747 principaliter

1557 1750 1604 1786 ad
1634 1750 1924 1800 adipiscendum
1959 1751 2085 1799 ipsum
2114 1751 2261 1797 Deum,
2299 1758 2480 1799 tanquam
2516 1751 2616 1800 prin-

1558 1802 1676 1851 cipale
1705 1803 1863 1841 bonum.
1901 1803 1949 1840 Et
1978 1803 2080 1840 idem
2108 1810 2211 1851 patet
2243 1803 2282 1840 in
2310 1803 2391 1840 aliis
2418 1792 2618 1849 virtutibufi

1556 1856 1789 1903 theologicis.
2558 1884 2560 1888 »

1609 1910 1667 1945 An
1686 1920 1846 1946 TERTIUM
1865 1920 2051 1945 DICENDUM
2079 1908 2185 1957 quod
2213 1920 2259 1944 ex
2286 1909 2361 1945 hoc
2381 1909 2486 1958 quod
2505 1921 2617 1947 amor

1557 1968 1613 1998 est
1637 1961 1864 2011 principium
1893 1961 2039 1998 timoris
2068 1973 2147 1998 non
2175 1961 2345 2010 sequitur
2367 1962 2477 2010 *quod
2504 1962 2619 2000 timor

1556 2014 1629 2051 Dei
1656 2027 1735 2052 non
1763 2015 1809 2052 sit
1835 2014 1984 2051 habitus
2023 2013 2216 2051 distinctus
2254 2026 2276 2050 a
2309 2014 2479 2062 caritate,
2517 2025 2615 2064 quae

1556 2075 1611 2104 est
1629 2080 1740 2104 amor
1759 2067 1850 2105 Dei:
1880 2067 1970 2115 quia
1989 2079 2098 2104 amor
2118 2074 2173 2104 est
2189 2066 2419 2116 principium
2439 2067 2615 2107 omnium

1555 2120 1815 2168 affectionum,
1838 2127 1874 2157 et
1901 2128 2030 2156 tamen
2059 2119 2097 2156 in
2126 2119 2285 2157 diversis
2312 2120 2502 2158 habitibus
2530 2133 2615 2170 per-

1554 2173 1707 2210 ficimur
1735 2173 1832 2210 circa
1862 2172 2030 2209 diversas
2059 2172 2291 2209 affectiones.
2332 2173 2423 2210 Ideo
2452 2181 2580 2211 tamen
2598 2179 2614 2203 Υ

1554 2238 1665 2263 amor
1683 2226 1804 2274 magis
1832 2226 1947 2262 habet
1974 2225 2161 2262 rationem
2187 2225 2335 2263 virtutis
2354 2238 2469 2275 quam
2488 2227 2613 2276 timor,

1526 2298 1528 2307 ‹
1554 2279 1643 2328 quia
1662 2291 1772 2316 arnor
1801 2279 1951 2327 respicit
1979 2279 2139 2325 bonurn,
2161 2279 2209 2315 ad
2229 2279 2334 2326 quod
2362 2278 2616 2329 principaliter

1526 2351 1528 2363 ι
1553 2332 1672 2369 virtus
1701 2331 1895 2369 ordinatur
1922 2332 2136 2368 secundum
2171 2330 2366 2380 propriam
2405 2332 2614 2380 rationem,

1553 2392 1595 2422 ut
1623 2397 1667 2421 ex
1696 2384 1920 2433 supradictis
1943 2384 1964 2406 ³¹⁶
1986 2391 2100 2432 patet.
2137 2384 2185 2420 Et
2212 2391 2368 2432 propter
2395 2385 2471 2422 hoc
2498 2385 2613 2423 etiam

1554 2450 1640 2486 spes
1658 2438 1812 2486 ponitur
1831 2438 1960 2474 virtus.
1981 2437 2118 2473 Timor
2138 2444 2266 2473 autem
2284 2437 2540 2487 principaliter
2558 2449 2615 2475 re-

1554 2490 1661 2540 spicit
1689 2491 1855 2536 malum,
1896 2490 2002 2526 cuius
2030 2490 2158 2538 fugam
2188 2490 2378 2538 importat.
2418 2490 2530 2529 Unde
2560 2499 2615 2528 est

1554 2543 1695 2592 aliquid
1723 2543 1850 2580 minus
1877 2543 2016 2580 virtute
2045 2542 2269 2590 theologica.

1606 2598 1665 2633 AD
1690 2608 1862 2638 QUARTUM
1886 2607 2071 2633 mOENDUM
2098 2595 2222 2645 quod,
2261 2594 2356 2632 sicut
2384 2595 2517 2633 dicitur
2541 2596 2615 2635 Ec.-

1553 2649 1611 2685 cli.
1627 2649 1689 2695 x*‚
1706 2650 1849 2685 initium
1863 2649 2059 2696 superbiae
2077 2649 2237 2685 hominis
2254 2654 2467 2696 apostatare
2480 2660 2504 2686 a
2517 2650 2613 2695 Deo,

1553 2702 1627 2737 hoc
1651 2710 1706 2738 est
1735 2702 1833 2738 nolle
1862 2701 1973 2737 subdi
1993 2701 2094 2737 Deo:
2124 2702 2227 2749 quod
2257 2701 2462 2749 opponitur
2489 2701 2615 2739 timori

1553 2754 1668 2795 filiali.
1689 2754 1752 2802 qui
1772 2755 1898 2790 Deum
1922 2761 2126 2790 reveretur.
2156 2754 2208 2789 Et
2232 2752 2285 2789 sic
2312 2753 2427 2790 timor
2454 2753 2615 2792 excludit

1553 2807 1780 2856 principium
1800 2806 2016 2855 superbiae:
2036 2813 2192 2854 propter
2207 2805 2311 2854 quod
2332 2806 2442 2843 datur
2461 2805 2613 2844 contra⁶

1554 2861 1782 2908 superbiam.
1823 2860 1907 2895 Nec
1939 2866 2066 2895 tamen
2101 2858 2270 2907 sequitur
2303 2858 2408 2907 quod
2437 2859 2482 2896 sit
2509 2859 2613 2898 idem

1555 2926 1642 2950 cum
1666 2912 1804 2949 virtute
1832 2911 2062 2957 humilitatis,
2084 2913 2151 2949 sed
2179 2911 2285 2959 quod
2313 2911 2358 2948 sit
2385 2911 2613 2961 principium

1555 2966 1654 3002 eius:
1689 2966 1791 3002 dona
1823 2965 1925 3001 enim
1960 2964 2118 3013 Spiritus
2149 2964 2277 3001 Sancti
2313 2973 2399 3002 sunt
2430 2965 2614 3016 principia

1552 3019 1736 3056 virtutum
1766 3017 2072 3054 intellectualium
2103 3025 2138 3054 et
2163 3017 2378 3064 moralium,
2398 3025 2440 3055 ut
2459 3022 2575 3068 supra
2591 3017 2614 3041 ⁸

1555 3071 1697 3109 dictum
1728 3078 1793 3108 est.
1833 3070 1909 3107 Sed
1942 3069 2098 3107 virtutes
2132 3069 2367 3118 theologicae
2399 3078 2487 3109 sunt
2513 3070 2613 3121 prin-

1555 3125 1650 3174 cipia
1679 3124 1888 3169 donorum,
1918 3131 1960 3160 ut
1987 3122 2321 3172 supra*habitum
2350 3131 2416 3160 est.

1607 3177 1718 3215 Unde
1747 3184 1849 3225 patet
1877 3176 2074 3225 responsio
2104 3176 2152 3213 ad
2181 3176 2367 3225 quintum.

497 3306 523 3336 α)
539 3304 677 3336 peccandi.
695 3317 713 3322 -
727 3303 832 3335 peccati
850 3302 878 3327 P.

497 3340 520 3372 β)
542 3339 688 3364 innitimur.
706 3352 725 3358 -
743 3338 868 3363 innititur
887 3335 1035 3371 Pa(pci:?).

1606 3300 1632 3333 γ)
1654 3300 1716 3324 Ideo
1735 3303 1832 3324 tamen.
1850 3313 1869 3317 -
1888 3298 1950 3323 Ideo
1969 3305 2027 3324 cum
2047 3297 2268 3331 ADEFHLKpr
2287 3303 2312 3322 et
2329 3305 2355 3327 R,
2375 3298 2438 3323 Ideo
2457 3301 2511 3323 tam
2531 3298 2560 3328 B,
2577 3297 2613 3323 Ee

1554 3335 1613 3359 ideo
1632 3342 1671 3363 εκ,
1691 3335 1716 3359 in
1740 3335 1795 3359 Deo
1813 3341 1873 3359 cum
1893 3335 1933 3358 ed.
1952 3341 1977 3365 a,
1997 3334 2023 3358 in
2044 3333 2102 3358 Deo
2119 3337 2146 3358 et
2164 3333 2223 3358 ideo
2241 3333 2270 3358 P.

1607 3369 1631 3402 δ)
1650 3373 1753 3395 contra.
1771 3383 1790 3388 -
1807 3369 1906 3394 sciHcet
1923 3372 2018 3394 contra
2037 3369 2084 3394 Pa.

2647 912 2656 922 ⁶
2671 911 2722 933 Lib.
2733 912 2750 938 1,
2763 918 2815 939 cap.
2825 918 2856 934 xv.

2642 3029 2650 3038 ³
2657 3026 2693 3049 cf.
2699 3027 2744 3049 1⁸²¹
2751 3027 2805 3054 11¹⁰,
2810 3034 2850 3055 qu.

2639 3059 2718 3081 uvm,
2729 3057 2770 3075 nrt.
2780 3061 2804 3081 4.

2639 3133 2680 3154 ‘1³
2694 3132 2748 3158 11⁴⁸,
2763 3137 2851 3161 quae-t.

2638 3165 2717 3214 ἔκηα,
2731 3163 2773 3181 nrt.
2788 3167 2811 3187 4,
2822 3158 2851 3181 nd
