2892 4056
952 147 1219 196 QUAESTIO
1248 145 1408 191 XXXII,
1437 141 1733 179 ARTICULUS
1761 140 1811 177 VI

296 243 440 266 seorsum
463 238 585 272 ponant
608 231 844 270 eleemosynam
867 229 900 259 in
923 234 1101 268 praecepto,
1122 226 1239 256 scilicet
1253 233 1359 265 super-

296 277 400 309 fluitas
424 283 455 307 et
477 275 645 306 necessitas
669 281 820 310 extrema,
845 274 924 304 dum
952 272 1053 302 littera
1076 270 1241 309 investigat
1264 268 1359 299 ratio-

296 331 371 352 nem
395 330 492 361 quare
514 329 581 350 non
604 318 719 349 sufficit
741 317 900 358 quaelibet
923 315 1089 346 necessitas
1113 314 1168 345 sed
1191 312 1359 354 requiritur

297 371 443 401 extrema,
460 363 547 394 affert
562 362 784 403 impotentiam
809 362 903 392 unius
926 360 965 390 ad
986 358 1239 390 subveniendum
1256 356 1359 387 omni-

295 409 356 440 bus
379 408 598 439 necessitatem
613 406 805 447 patientibus
823 415 883 445 pro
898 404 1030 435 ratione.
1055 403 1096 433 Et
1110 402 1244 433 intendit
1259 401 1358 442 quod,

297 453 323 483 si
346 453 452 483 omnis
483 451 651 482 necessitas
682 449 916 481 occurrentium
947 447 1026 478 mihi
1057 447 1210 485 obligaret
1237 455 1289 475 me
1320 445 1360 475 ad

297 496 551 527 subveniendum
574 495 612 531 ei,
637 502 712 525 tunc
735 493 902 525 necessitas
929 491 1114 522 huiusmodi
1138 497 1218 520 esset
1241 489 1359 528 obliga-

297 541 359 571 tiva
383 540 422 570 ad
445 539 657 580 impossibile:
683 544 806 569 constat
828 536 914 567 enim
937 545 974 565 ex
997 534 1069 564 facti
1093 534 1249 564 evidentia
1271 533 1360 573 quod

297 584 511 615 communiter
533 582 657 613 homini
681 582 809 612 cuilibet
823 585 994 611 occurrunt
1009 585 1057 608 tot
1072 578 1289 608 necessitatem
1306 587 1360 617 pa-

297 628 408 659 tientes
433 628 522 668 quod
545 627 652 657 nullus
676 633 723 657 sat
746 632 792 656 est
814 624 854 654 ad
877 622 1130 653 subveniendum
1154 621 1208 651 eis.
1233 622 1274 651 Et
1287 631 1360 661 pro-

297 678 403 712 pterea
426 682 493 702 non
524 671 699 712 quaelibet,
722 669 778 699 sed
807 674 944 698 extrema
971 665 1139 696 necessitas
1170 665 1361 695 occurrentis

297 716 377 747 mihi
400 726 452 746 me
479 715 599 755 obligat
628 715 668 745 ad
691 712 909 744 executionem
939 710 1098 750 praecepti
1122 709 1298 740 affirmativi
1322 709 1361 739 de

297 760 516 801 eleemosyna:
547 766 623 790 tunc
646 757 732 789 enim
754 763 801 787 est
823 762 950 794 tempus
974 764 1032 794 pro
1056 763 1122 794 quo
1142 753 1271 792 obligat.
1295 754 1361 783 Nec

296 811 363 835 tam
386 804 565 834 multorum
580 809 635 833 aut
649 801 797 842 frequens
813 806 859 830 est
874 797 1061 829 huiusmodi
1077 807 1228 828 occursus
1244 804 1280 827 ut
1295 807 1361 827 non

297 848 398 889 possit
420 849 458 879 ab
482 857 549 878 uno
572 845 638 876 fieri
666 845 740 875 satis
763 842 953 874 occurrenti:
978 841 1053 882 quia
1077 841 1134 872 etsi
1158 841 1196 871 de
1212 851 1271 871 suo
1295 851 1361 871 non

296 899 416 932 potest,
441 893 480 922 de
503 891 607 922 alieno
631 894 737 929 potest
759 886 936 918 subvenire.

353 936 407 967 111.
430 936 465 966 In
489 935 603 966 eodem
625 932 768 968 articulo,
792 931 825 961 in
848 929 1055 970 responsione
1079 929 1119 959 ad
1141 928 1279 964 tertium,
1304 929 1362 958 du-

297 980 388 1011 bium
411 978 547 1010 occurrit
569 978 608 1008 de
626 983 770 1016 tempore
793 984 852 1015 pro
876 984 942 1014 quo
967 973 1166 1013 superfluitas
1182 972 1301 1011 obligat
1323 972 1362 1002 ad

297 1024 440 1054 dandum
471 1023 724 1062 eleemosynam,
749 1029 786 1050 ex
809 1018 928 1059 duplici
952 1018 1064 1058 capite.
1095 1017 1203 1048 Primo
1228 1016 1312 1057 quia,
1337 1016 1363 1046 si

297 1067 417 1098 habens
441 1065 602 1107 superflua
629 1070 772 1100 tenetur,
796 1073 855 1103 pro
880 1069 1024 1103 tempore
1048 1072 1114 1103 quo
1139 1061 1232 1092 habet
1255 1070 1364 1101 super-

297 1111 376 1146 flua,
407 1111 480 1141 dare
510 1110 767 1150 eleemosynam,
792 1107 935 1148 sequitur
957 1107 1046 1147 quod
1074 1106 1226 1136 continue
1255 1112 1365 1144 peccet

297 1154 471 1186 mortaliter
502 1154 655 1184 cessando
685 1152 725 1183 ad
757 1151 871 1182 horam
900 1161 917 1181 a
947 1151 1051 1182 danda
1081 1150 1295 1190 eleemosyna.
1324 1150 1365 1180 Et

297 1205 382 1232 tenet
404 1198 547 1240 sequela:
572 1198 648 1239 quia
675 1203 782 1227 totum
804 1196 884 1226 illud
914 1202 1043 1236 tempus
1073 1202 1120 1226 est
1149 1201 1278 1234 tempus
1312 1204 1365 1225 su—

296 1242 496 1286 perfluitatis.
1194 1276 1197 1277 ⁷

352 1285 608 1330 Secundo,⁴quia
631 1291 815 1326 sequeretur
837 1284 927 1324 quod
950 1293 1016 1314 non
1040 1290 1149 1324 posset
1163 1283 1246 1324 quis,
1261 1293 1299 1314 ex
1315 1292 1366 1313 su-

275 1329 628 1374 ‘perfluis‘secundum
651 1335 848 1370 praesentem
879 1335 997 1359 statum
1020 1327 1174 1364 emendO,
1199 1327 1366 1358 ascendere

298 1376 340 1409 ad
361 1381 480 1407 statum
503 1374 658 1410 altiorem,
681 1379 760 1414 puta
781 1379 818 1403 ut
841 1382 878 1402 ex
901 1372 969 1403 cive
991 1371 1032 1402 sit
1055 1372 1205 1402 dominus
1233 1371 1374 1403 alicuius*

299 1419 401 1456 castri,
426 1426 484 1450 etc.
514 1418 555 1449 Et
577 1424 663 1449 tenet
686 1417 832 1457 sequela:
856 1416 932 1456 quia
955 1415 981 1446 si
1004 1422 1129 1446 tenetur
1159 1416 1232 1446 dare
1255 1426 1366 1456 super-

298 1464 402 1499 fluum
426 1462 604 1494 secundum
625 1466 825 1501 praesentem
844 1466 963 1490 statum
984 1459 1017 1490 in
1034 1460 1282 1500 eleemosynam,
1300 1470 1367 1490 non

298 1504 404 1549 potest
425 1507 459 1537 in
482 1505 713 1546 praeiudicium
736 1504 895 1544 praecepti
918 1510 1043 1534 mutare
1067 1510 1196 1534 statum.

322 1588 327 1592 ι
354 1551 407 1582 lv,
431 1550 482 1580 Ad
505 1550 647 1590 primum
675 1549 794 1579 horum
817 1548 932 1579 dicitur
955 1548 1061 1588 quod,
1086 1557 1161 1578 curn
1193 1548 1267 1578 dare
1291 1547 1370 1578 elee-

297 1604 469 1636 mosynam
492 1594 531 1624 de
554 1593 718 1634 superfluo
741 1593 902 1624 intantum
926 1592 1017 1622 cadat
1043 1592 1102 1622 sub
1127 1599 1298 1632 praecepto
1322 1592 1369 1622 in-

297 1645 455 1682 quantum
478 1644 525 1669 est
544 1645 632 1669 actus
648 1637 786 1674 virtutis;
811 1643 842 1667 et
863 1643 950 1672 tunc,
974 1643 1063 1667 actus
1083 1636 1208 1667 virtutis
1231 1635 1370 1678 requirat

297 1693 364 1714 non
387 1683 495 1713 solum
518 1682 789 1713 circumstantiam
811 1680 975 1721 temporiS,
996 1681 1051 1711 sed
1074 1680 1150 1711 alias
1167 1681 1369 1711 circumstan-

296 1727 370 1759 tias:
395 1736 594 1767 consequens
610 1733 658 1757 est
678 1733 724 1763 ut,
742 1725 906 1756 deficiente
921 1725 1029 1766 aliqua
1043 1724 1105 1756 alia
1124 1725 1370 1762 circumstantia,

297 1771 445 1813 quamvis
475 1771 630 1811 temporis
660 1770 896 1802 circumstantia
927 1769 1074 1809 exigeret,
1098 1777 1187 1801 actus
1210 1770 1263 1800 ille
1286 1770 1371 1801 licite

2395 136 2466 171 255

1411 221 1585 251 omittatur.
1617 220 1724 249 Potest
1748 218 1832 248 enim
1856 217 2037 256 contingere
2067 214 2156 255 quod
2181 223 2239 253 ego
2262 213 2396 243 habeam
2420 224 2470 243 su-

1411 264 1587 305 perfluum,
1612 271 1642 293 et
1665 262 1772 293 nullus
1796 261 1874 292 mihi
1905 270 1990 291 nunc
2014 265 2157 290 occurrat
2181 258 2338 297 indigens:
2364 264 2394 287 et
2417 257 2470 293 sic,

1410 309 1483 339 licet
1506 315 1633 347 tempus
1659 306 1750 345 adsit,
1778 315 1913 346 persona
1943 304 2087 344 indigens
2111 303 2208 333 deest.
2231 301 2272 331 Et
2298 300 2399 331 simile
2427 307 2473 330 est

1412 353 1450 382 de
1473 352 1556 382 loco.

1466 394 1743 426 Considerandum
1760 392 1971 424 nihilominus
1994 398 2041 422 est
2063 390 2153 432 quod
2177 389 2262 428 aliud
2286 395 2332 419 est
2347 393 2474 427 tempus

1411 438 1635 480 superfluitatis
1658 438 1794 474 habitae;
1820 444 1850 468 et
1873 436 1959 467 aliud
1983 443 2029 466 est
2051 442 2177 475 tempus
2202 433 2296 464 dandi
2318 432 2399 462 illud
2422 441 2474 461 su-

1411 483 1580 524 perfluum.
1605 483 1750 522 Tempus
1773 482 1858 512 enim
1882 490 2069 511 mensurans
2099 479 2208 519 ipsum
2229 478 2344 508 habere
2368 486 2475 516 super-

1412 527 1515 558 fluum
1545 527 1641 557 currit
1673 526 1768 556 etiam
1790 525 1922 555 homine
1952 523 2128 554 dormiente
2152 530 2183 553 et
2205 528 2335 552 vacante
2364 519 2476 550 divinis

1412 579 1442 602 et
1457 571 1524 601 aliis
1541 570 1714 600 maioribus
1730 570 1837 599 bonis:
1862 576 1988 609 tempus
2006 574 2112 598 autem
2128 565 2224 597 dandi
2240 566 2477 605 eleemosynam

1413 615 1452 646 de
1482 614 1644 655 superfluo
1675 620 1801 654 oportet
1831 614 1919 654 quod
1943 622 2009 642 non
2038 611 2078 642 sit
2099 609 2322 651 impeditivum
2350 607 2478 638 maioris

1412 659 1488 690 boni
1505 666 1536 689 et
1550 659 1687 689 aliorum
1702 664 1977 697 opportunorum;
1994 656 2075 687 sicut
2091 663 2121 686 et
2136 655 2169 685 in
2186 653 2380 684 naturalibus
2399 660 2478 682 tem-

1413 713 1474 744 pus
1496 703 1666 743 generandi
1689 712 1755 732 non
1779 702 1872 732 debet
1894 707 2079 741 opportuna
2108 698 2263 729 individui
2287 705 2318 728 et
2340 697 2400 727 alia
2424 706 2480 736 po-

1413 747 1494 778 tiora
1528 747 1693 786 impedire.
1723 746 1857 785 Propter
1889 745 1979 785 quod
2013 754 2080 774 non
2118 750 2164 774 est
2187 742 2319 783 aequale
2351 748 2479 781 tempus

1413 791 1638 831 superfluitatis
1667 789 1805 829 tempori
1836 789 2028 828 largitionis:
2064 788 2119 818 sed
2146 794 2273 827 tempus
2305 784 2479 825 largitionis

1414 835 1517 875 exigit,
1542 835 1625 864 ultra
1648 841 1775 873 tempus
1799 832 2035 872 superfluitatis,
2051 831 2126 862 alias
2150 829 2399 861 circumstantias
2415 835 2479 859 tam

1414 889 1451 909 ex
1480 885 1568 918 parte
1592 877 1696 907 dantis
1726 887 1824 917 quam
1847 876 2042 916 accipientis,
2067 885 2165 916 quam
2195 881 2282 904 actus
2306 873 2411 903 dandi.
2441 873 2481 902 Et

1414 928 1583 962 propterea
1606 931 1673 951 non
1702 921 1856 951 continuo
1880 928 1989 960 peccat
2018 920 2136 949 habens
2160 919 2199 948 de
2222 917 2384 957 superfluo
2415 926 2481 946 non

1415 965 1566 996 continue
1588 965 1734 1004 largiens.
1759 964 1839 995 Satis
1863 964 1948 994 enim
1972 970 2018 994 est
2041 963 2067 993 si
2090 962 2266 992 secundum
2295 969 2412 992 rectam
2435 971 2481 990 ra-

1415 1009 1536 1040 tionem
1560 1010 1613 1039 det
1627 1009 1678 1039 vel
1693 1008 1830 1038 dandam
1847 1008 1972 1039 ordinet
1995 1008 2231 1047 eleemosynam
2251 1006 2391 1046 quando,
2417 1004 2481 1040 ubi,

1416 1053 1544 1095 quibus,
1569 1060 1627 1084 etc.
2027 1055 2029 1058 '

1470 1098 1509 1128 V.
1534 1098 1585 1127 Ad
1609 1097 1787 1127 secundum
1810 1106 1886 1126 vero
1912 1094 2025 1125 dicitur
2048 1094 2137 1135 quod
2153 1094 2205 1124 ille
2230 1094 2285 1134 qui
2301 1093 2377 1123 alias
2400 1092 2484 1123 licite

1418 1148 1523 1182 potest
1551 1148 1674 1172 mutare
1698 1147 1835 1177 statum,
1861 1147 1892 1170 et
1921 1139 1983 1169 hoc
2007 1138 2211 1179 probabiliter
2235 1144 2385 1177 expectat,
2418 1147 2484 1167 non

1417 1186 1511 1217 habet
1533 1195 1592 1226 pro
1617 1185 1779 1226 superfluo
1809 1184 1986 1215 secundum
2017 1189 2215 1223 praesentem
2246 1189 2362 1212 statum
2394 1181 2484 1221 quid-

1416 1230 1494 1271 quid
1524 1230 1583 1260 sibi
1613 1230 1646 1260 in
1675 1236 1759 1260 statu
1790 1228 1977 1260 huiusmodi
2008 1226 2232 1267 expectationis
2263 1232 2485 1266 opportunum

1418 1281 1574 1305 censetur.
1599 1274 1692 1305 Unde
1715 1273 1799 1304 licite
1815 1279 1921 1314 potest
1937 1279 1967 1303 et
1983 1271 2092 1302 futuro
2117 1271 2211 1302 statui
2227 1276 2410 1311 opportuna
2425 1280 2486 1300 ser-

1417 1328 1502 1357 vare,
1526 1325 1558 1349 et
1579 1328 1638 1358 pro
1655 1318 1711 1348 illo
1735 1318 1883 1348 habendo
1908 1326 2079 1357 exponere:
2106 1316 2314 1355 Praeceptum
2339 1314 2425 1344 enim
2448 1314 2486 1343 de

1419 1362 1624 1403 eleemosyna
1646 1362 1799 1402 superflui
1823 1360 2055 1402 praesupponit
2078 1359 2289 1400 superfluum
2315 1369 2381 1388 non
2403 1365 2488 1388 vetat

1418 1406 1631 1437 mutationem
1651 1413 1760 1436 statua
1784 1405 1846 1436 Sed
1862 1405 1895 1435 in
1918 1405 1980 1435 hoc
2003 1404 2070 1434 falli
2086 1403 2241 1443 contingit
2262 1402 2418 1433 iudicium
2433 1402 2488 1432 ali-

1418 1459 1560 1491 quorum
1582 1450 1671 1490 quod
1687 1449 1887 1490 superfluum
1910 1449 2051 1479 iudicant
2073 1458 2139 1478 non
2164 1446 2368 1478 consideratis
2385 1446 2488 1476 omni-

1419 1494 1490 1524 bus.
1510 1512 1530 1516 -
1554 1496 1752 1524 Attestantur
1774 1500 1882 1523 autem
1903 1493 1992 1523 dictis
2022 1492 2141 1522 multae
2164 1491 2311 1522 ecclesiae
2338 1490 2489 1521 habentes

1419 1537 1618 1578 superfluum
1648 1537 1682 1567 in
1705 1537 1975 1577 possessionibus:
2013 1546 2095 1576 quae
2118 1535 2191 1565 licet
2215 1535 2277 1565 sint
2311 1534 2490 1574 superfluae

1421 1581 1571 1612 ministris
1588 1582 1743 1618 absolute,
1764 1592 1829 1612 non
1846 1588 1921 1611 sunt
1942 1588 2048 1611 tamen
2063 1579 2241 1620 superfluae
2257 1579 2407 1609 ministris
2430 1579 2490 1608 dis-

1420 1627 1643 1666 pensatoribus
1666 1626 1700 1656 in
1723 1635 1878 1666 pauperes
1902 1632 1932 1656 et
1955 1624 2096 1665 hospites
2119 1631 2292 1664 perpetuo,
2317 1634 2335 1653 a
2358 1623 2490 1663 quibus,

1422 1670 1527 1701 habita
1550 1671 1673 1701 ratione
1696 1680 1916 1710 personarum,
1941 1670 2099 1704 locorum,
2120 1674 2189 1704 etc„
2215 1668 2436 1708 eleemosynae
2452 1668 2490 1697 de

1422 1720 1585 1761 superfluo
1609 1720 1692 1751 fiunt
1714 1720 1868 1750 ordinate.
1901 1719 1974 1750 Hoc
1998 1718 2082 1749 enim
2114 1728 2180 1748 non
2205 1718 2311 1748 minus
2335 1717 2407 1747 licet
2429 1717 2491 1756 pri-

1422 1778 1513 1802 vatae
1535 1781 1693 1811 personae
1716 1771 1845 1801 habenti
1867 1770 2024 1800 maximos
2046 1769 2198 1800 redditus.

1117 1889 1439 1932 ARTICULUS
1469 1890 1678 1932 SEXTUS

690 1968 847 1998 UTRUM
870 1967 1042 2005 AL1Quls
1064 1967 1238 1998 DEBEAT
1258 1968 1374 2000 DARE
1398 1970 1726 2000 ELEEMOSYNAM
1749 1969 1806 1999 DE
1829 1967 2096 1998 NECEssAmo

847 2036 923 2066 Infra,
941 2044 986 2069 qu.
1006 2044 1083 2068 cxvn,
1103 2042 1150 2062 art.
1174 2045 1195 2068 1,
1215 2038 1246 2062 ad
1267 2045 1297 2069 23
1316 2038 1351 2063 lV
1370 2038 1452 2068 Sent„
1473 2039 1533 2064 dist.
1552 2046 1591 2070 xv,
1611 2046 1656 2071 qu.
1674 2045 1703 2068 11,
1723 2042 1771 2062 art.
1789 2044 1815 2069 4,
1835 2037 1885 2070 qu*
1909 2045 1931 2062 1.

337 2129 392 2159 *st
418 2152 421 2155 ,
450 2142 453 2144 .
480 2134 486 2146 ,ν
510 2121 534 2146 D
562 2119 705 2146 SEXTUM
734 2120 788 2144 sm
815 2119 1059 2146 PROCEDITUR.
1084 2108 1246 2146 Videtur
1266 2110 1372 2157 quod

303 2157 307 2162 ’
332 2164 480 2223 ςζιῦἣ
512 2161 645 2210 aliquis
674 2173 752 2197 non
786 2160 925 2198 debeat
953 2162 1242 2210 eleemosynam
1280 2164 1371 2200 dare

318 2207 437 2271 ’,ΐςῃ
455 2214 561 2253 de
589 2214 816 2252 necessario.
847 2214 955 2251 Ordo
977 2214 1079 2251 enim
1101 2214 1264 2252 caritatis
1292 2228 1371 2252 non

412 2307 415 2308 ⁷
443 2295 446 2298 .
513 2266 640 2305 minus
668 2267 871 2305 attenditur
897 2280 1017 2316 penes
1045 2267 1227 2305 effectum
1256 2269 1372 2306 bene-

301 2320 379 2359 ficii
399 2332 517 2370 quam
535 2333 654 2370 penes
673 2319 892 2358 interiorem
912 2320 1108 2358 affectum.
1137 2322 1279 2359 Peccat
1306 2335 1372 2360 au—

300 2381 378 2412 tem
406 2373 472 2423 qui
493 2381 740 2423 praepostere
759 2373 835 2421 agit
857 2373 896 2411 in
916 2373 1050 2411 ordine
1071 2374 1252 2411 caritatis:
1281 2376 1371 2423 quia

302 2427 400 2464 ordo
420 2425 581 2464 caritatis
610 2434 667 2463 est
691 2426 732 2463 in
759 2434 979 2476 praecepto.
1010 2427 1110 2464 Cum
1133 2439 1224 2475 ergo
1245 2439 1290 2464 ex
1311 2440 1371 2464 or-

302 2479 391 2521 dine
420 2479 582 2517 caritatis
617 2480 704 2528 plus
732 2478 871 2516 debeat
897 2479 1032 2529 aliquis
1061 2492 1102 2516 se
1137 2491 1254 2528 quam
1282 2492 1371 2528 pro-

301 2532 449 2570 ximum
469 2532 635 2582 diligere,
654 2532 805 2570 videtur
832 2532 939 2581 quod
965 2540 1100 2581 peccet
1123 2533 1155 2570 si
1173 2534 1373 2570 subtrahat

303 2585 377 2625 sibi
401 2585 616 2624 necessaria
643 2593 686 2623 ut
712 2585 816 2623 alteri
844 2586 1034 2634 largiatur.

357 2651 392 2677 2.
422 2639 656 2686 PRAETEREA,
676 2639 912 2688 quicumque
930 2638 1084 2687 largitur
1112 2639 1161 2676 de
1184 2638 1243 2675 his
1272 2651 1372 2688 quae

303 2700 391 2740 sunt
419 2692 630 2730 necessaria
652 2690 725 2729 sibi
749 2700 805 2730 est
832 2692 1008 2741 propriae
1037 2692 1268 2729 substantiae
1298 2692 1372 2729 dis-

303 2743 338 2784 si
360 2752 460 2789 ator:
491 2745 597 2795 quod
615 2745 778 2794 pertinet
796 2745 845 2783 ad
865 2745 1082 2794 prodigum,
1107 2753 1149 2781 ut
1171 2752 1276 2794 patet
1303 2757 1373 2794 per

247 2845 255 2854 .
303 2757 604 2848 Philosophum,
634 2797 673 2835 in
702 2793 754 2835 I’v
784 2798 905 2836 Ethic.
929 2798 950 2820 '¹‘
986 2798 1064 2836 Sed
1096 2799 1243 2836 nullum
1273 2810 1372 2847 opus

303 2850 484 2890 vitiosum
503 2859 560 2888 est
576 2850 807 2889 faciendum.
827 2852 930 2900 Ergo
950 2864 1031 2889 non
1049 2858 1106 2888 est
1129 2851 1256 2889 danda
1276 2851 1372 2888 elee-

303 2917 468 2953 mosyna
495 2904 543 2942 de
571 2904 800 2943 necessario.

359 2957 395 2994 3.
424 2957 659 3004 PRAETEREA,
687 2957 897 3006 Apostolus
926 2956 1026 3004 dicit,
1057 2958 1069 2994 I
1099 2958 1151 2994 ad
1176 2957 1272 2994 Tim.
1292 2956 1370 2994 v*:

306 3009 349 3047 Si
365 3009 448 3059 quis
465 3021 634 3056 suorum,
663 3016 700 3047 et
720 3010 889 3047 maxime
915 3010 1204 3047 domesticorum
1237 3021 1372 3047 curam

306 3074 382 3100 non
409 3062 531 3109 habet,
554 3062 675 3110 fidem
707 3063 862 3112 negavit
887 3069 924 3100 et
949 3069 1003 3100 est
1028 3063 1171 3112 infideli
1195 3063 1371 3100 deterior.

307 3115 386 3153 Sed
413 3115 519 3164 quod
547 3115 681 3164 aliquis
709 3115 773 3153 det
801 3115 849 3152 de
877 3115 936 3153 his
963 3128 1063 3164 quae
1091 3123 1179 3152 sunt
1207 3116 1279 3153 sibi
1306 3128 1373 3152 ne-

307 3168 470 3206 cessaria
501 3168 564 3205 vel
601 3168 678 3205 suis
712 3167 864 3205 videtur
895 3169 1078 3217 derogare
1107 3181 1219 3206 curae
1254 3181 1370 3218 quam

306 3221 392 3271 quis
415 3221 529 3258 debet
549 3221 692 3258 habere
716 3221 763 3258 de
783 3233 824 3258 se
849 3229 885 3258 et
908 3221 956 3258 de
979 3221 1069 3258 suis.
1099 3222 1202 3269 Ergo
1220 3221 1372 3260 videtur

306 3274 412 3325 quod
431 3274 663 3323 quicumque
685 3273 731 3311 de
746 3274 967 3311 necessariis
987 3275 1274 3324 eleemosynam
1295 3275 1371 3323 dat,

307 3327 413 3376 quod
433 3332 451 3349 ²
469 3327 634 3375 graviter
660 3334 806 3375 peccet.

360 3446 388 3479 α)
407 3446 487 3479 quod.
505 3460 524 3465 -
541 3446 603 3471 Om.
622 3445 731 3476 PEGH;
750 3453 798 3478 pro
813 3449 912 3478 peccet,
928 3449 1023 3477 peccat
1040 3446 1096 3471 ΕΗ.

1478 2111 1553 2147 SED
1569 2121 1716 2147 CONTRA
1726 2121 1792 2146 EST
1807 2108 1913 2158 quod
1928 2107 2119 2145 Dominus
2135 2107 2234 2155 dicit,
2248 2108 2489 2145 Matth.X1x*:

1424 2163 1465 2199 Si
1490 2164 1546 2200 vis
1568 2164 1759 2212 perfectus
1787 2174 1877 2207 esse,
1907 2162 2003 2198 vade
2030 2167 2067 2197 et
2091 2161 2211 2197 vende
2237 2161 2366 2198 omnia
2395 2173 2492 2210 quae

1422 2217 1548 2262 habes,
1571 2222 1607 2252 et
1632 2216 1680 2252 da
1703 2215 1948 2264 pauperibus.
1981 2214 2059 2251 Sed
2085 2214 2146 2250 ille
2175 2213 2240 2262 qui
2269 2214 2333 2250 dat
2360 2215 2492 2252 omnia

1425 2281 1522 2317 quae
1550 2269 1667 2306 habet
1693 2268 1928 2317 pauperibus
1954 2279 2032 2304 non
2052 2267 2178 2303 solum
2208 2267 2272 2303 dat
2297 2268 2492 2316 superflua

1424 2322 1492 2359 sed
1520 2323 1636 2359 etiam
1664 2322 1889 2359 necessaria.
1920 2321 2022 2368 Ergo
2051 2320 2099 2357 de
2119 2320 2341 2356 necessariis
2367 2328 2494 2369 potest

1423 2376 1542 2412 homo
1571 2376 1860 2425 eleemosynam
1890 2374 1994 2411 dare.

1477 2429 1706 2464 Respoumzo
1733 2439 1933 2464 mcENDqu
1949 2427 2054 2475 quod
2079 2426 2342 2469 'necessarium
2372 2427 2492 2476 dupli-

1425 2480 1514 2516 citer
1542 2480 1688 2516 dicitur.
1726 2480 1814 2517 Uno
1842 2480 1982 2526 modo,
2012 2479 2093 2516 sine
2126 2491 2203 2528 quo
2233 2479 2375 2527 aliquid
2408 2492 2491 2516 esse

1425 2545 1502 2570 non
1521 2540 1657 2581 potest.
1687 2533 1737 2569 Et
1755 2532 1802 2570 de
1821 2533 1884 2569 tali
1903 2531 2118 2569 necessario
2139 2532 2299 2569 omnino
2324 2533 2491 2569 eleemo-

1425 2598 1519 2634 syna
1547 2585 1628 2622 dari
1657 2597 1735 2622 non
1763 2585 1896 2622 debet:
1926 2592 2018 2634 puta
2046 2584 2078 2621 si
2105 2584 2239 2633 aliquis
2266 2585 2305 2621 in
2333 2585 2490 2622 articulo

1424 2638 1655 2676 necessitatis
1679 2638 1904 2675 constitutus
1932 2638 2091 2675 haberet
2117 2639 2242 2675 solum
2271 2638 2373 2675 unde
2401 2651 2490 2686 pos—

1425 2699 1482 2729 set
1509 2691 1726 2738 sustentari,
1758 2699 1794 2728 et
1820 2691 1887 2728 filii
1914 2691 1972 2727 sui
1997 2691 2062 2728 vel
2090 2690 2151 2727 alii
2179 2691 2228 2727 ad
2257 2703 2344 2728 eum
2377 2692 2489 2739 perti-

1425 2753 1579 2791 nentes;
1618 2744 1666 2781 de
1700 2745 1775 2781 hoc
1808 2744 1910 2781 enim
1949 2743 2162 2781 necessario
2200 2744 2488 2792 eleemosynam

1426 2798 1516 2835 dare
1537 2806 1592 2834 est
1620 2797 1690 2834 sibi
1711 2805 1747 2834 et
1765 2797 1842 2835 suis
1869 2797 1988 2834 vitam
2017 2797 2252 2834 subtrahere.
2267 2817 2292 2824 -
2309 2797 2387 2834 Sed
2414 2798 2490 2834 hoc

1425 2851 1511 2888 dico
1540 2851 1611 2888 nisi
1637 2851 1734 2887 forte
1762 2850 1844 2887 talis
1873 2862 1983 2887 casus
2009 2849 2224 2886 immineret
2252 2850 2317 2887 ubi
2335 2848 2371 2896 β,
2400 2851 2489 2888 sub-

1423 2904 1610 2942 trahendo
1630 2903 1713 2950 sibi,
1744 2903 1849 2940 daret
1867 2902 1976 2940 alicui
2000 2915 2163 2951 magnae
2190 2915 2391 2952 personae,
2420 2916 2490 2952 per

1424 2970 1540 3006 quam
1568 2957 1738 2994 Ecclesia
1764 2957 1827 2994 vel
1855 2956 2066 3005 respublica
2086 2963 2371 2994 sustentaretur:
2400 2957 2490 3006 quia

1423 3023 1494 3059 pro
1531 3010 1613 3047 talis
1646 3021 1832 3059 personae
1867 3009 2089 3047 liberatione
2127 3009 2296 3058 seipsum
2330 3017 2367 3046 et
2398 3022 2488 3047 suos

1423 3063 1659 3101 laudabiliter
1684 3063 1855 3112 periculo
1885 3062 2019 3100 mortis
2046 3070 2272 3111 exponeret,
2303 3063 2391 3099 curn
2419 3064 2487 3099 bo-

1424 3129 1518 3154 num
1547 3129 1756 3153 commune
1785 3116 1830 3152 sit
1858 3115 2015 3164 proprio
2042 3116 2347 3164 praeferendum.

1476 3170 1564 3206 Alio
1603 3169 1722 3207 modo
1761 3168 1895 3206 dicitur
1931 3168 2072 3218 aliquid
2110 3181 2191 3206 esse
2229 3168 2486 3205 necessarium

1425 3222 1504 3260 sine
1538 3235 1615 3271 quo
1649 3235 1728 3259 non
1760 3229 1885 3270 potest
1921 3221 2193 3259 convenienter
2219 3221 2298 3259 vita
2333 3220 2486 3268 transigi

1424 3275 1636 3312 secundum
1665 3275 1923 3312 conditionem
1951 3276 2014 3312 vel
2034 3283 2172 3312 statum
2192 3286 2380 3322 personae
2397 3286 2486 3322 pro-

1423 3329 1528 3377 priae
1558 3336 1595 3365 et
1623 3328 1780 3364 aliarum
1807 3340 2058 3376 personarum
2087 3331 2249 3376 quarum
2270 3339 2359 3363 cura
2379 3326 2413 3363 ei
2431 3326 2486 3363 in-

1476 3446 1502 3480 β)
1522 3448 1575 3473 ubi.
1591 3461 1611 3467 -
1629 3451 1659 3472 ut
1676 3447 1811 3480 BCKpr.

2518 2115 2530 2126 ⁸
2543 2114 2611 2136 Vers.
2627 2121 2657 2136 21.
