2892 4056
196 2252 245 2274 Lib.
257 2253 274 2279 1,
286 2258 336 2279 cap.
358 2258 379 2273 iv

1099 215 1364 260 QUAESTIO
1394 216 1514 265 XLV,
1542 216 1838 254 ARTICULUS
1867 219 1916 254 V1

1238 307 1557 350 ARTICULUS
1589 308 1797 350 SEXTUS

826 380 980 410 UTRUM
1004 380 1188 410 SEPTIMA
1211 381 1465 412 BEAriruno
1489 381 1775 412 RESPONDEAT
1799 383 1922 414 DONO
1946 384 2199 417 SAPIENTIAE

1049 440 1071 464 Γι
1092 441 1147 471 11⁸²,
1167 448 1212 473 qu.
1230 448 1296 472 inx,
1316 446 1362 466 art.
1381 449 1412 473 4;
1432 440 1463 465 111
1483 441 1567 470 Sent„
1588 441 1647 465 dist.
1666 449 1747 471 xxxiv,
1767 450 1812 474 qu.
1836 451 1855 474 1,
1876 449 1922 469 art.
1940 452 1966 475 4.

635 513 656 536 D
685 512 825 537 SEXTUM
845 513 898 537 stc
926 513 1167 539 PROCEDiTUR.
1196 502 1356 539 Videtur
1376 503 1479 551 quod

634 553 794 601 septima
815 553 1008 590 beatitudo
1028 567 1105 591 non
1127 555 1357 604 respondeat
1376 556 1480 592 dono

1533 502 1646 549 geniti
1675 510 1710 539 et
1739 505 1936 552 naturalis,
1967 507 2177 544 secundum
2207 508 2296 547 illud
2328 513 2440 549 Rom.
2470 525 2530 550 V111
2559 514 2595 551 *ε

1538 556 1639 596 Quos
1661 557 1867 603 praescivit
1883 560 2096 606 conformes
2110 561 2200 607 fieri
2217 563 2395 613 imaginis
2415 566 2506 603 Filii
2521 567 2597 603 sui:

440 606 462 651 '⁴
485 643 487 647 ,
524 621 559 648 ⁷4
580 602 852 654 (sapientiae.
875 606 1047 655 Septima
1067 607 1169 644 enim
1189 608 1384 646 beatitudo
1406 615 1480 645 est:
1533 607 1597 656 qui
1625 608 1781 656 quidem
1820 618 1875 647 est
1902 612 2085 660 sapientia
2113 614 2250 661 genita.
2281 616 2330 653 Et
2361 617 2449 655 ideo
2476 619 2597 668 perci—

521 651 574 692 23¹3)
590 649 742 694 &Beati
760 659 935 706 pacifici:
963 661 1142 708 quoniam
1163 661 1244 708 filii
1269 661 1345 698 Dei
1369 673 1482 698 voca-

303 718 328 732 ω
370 719 393 737 ν’
422 710 560 745 buntur
582 708 613 745 ²¹⁸.
647 711 858 760 Utrumque
896 720 1025 749 autem
1056 714 1195 750 horum
1229 713 1391 762 pertinet
1412 714 1482 751 im-

423 762 583 798 mediate
616 763 665 799 ad
697 765 900 802 caritatem.
927 766 1031 803 Nam
1064 767 1112 804 de
1144 779 1238 815 pace
1277 766 1411 804 dicitur
1442 767 1480 804 in

334 822 393 837 iffi·
420 815 558 851 Psalm.
588 816 627 851 ⁹¹³:
657 817 742 853 Pax
777 818 894 855 multa
931 819 1169 868 diligentibus
1205 819 1326 869 legem
1364 825 1479 856 tuam.

421 868 468 904 Et
503 875 544 903 ut
563 873 580 888 α
607 871 815 918 Apostolus
843 871 948 919 dicit,
985 873 1098 909 Rom.
1129 885 1152 909 v
1174 872 1209 918 ’¹‘,
1239 873 1377 909 caritas
1408 874 1484 910 Dei

419 920 555 970 diffusa
584 927 636 958 est
662 923 698 959 in
728 924 902 961 cordibus
929 925 1064 962 nostris
1086 937 1159 974 per
1186 926 1365 974 Spiritum
1387 927 1480 978 San-

418 979 533 1019 ctum,
564 975 630 1022 qui
655 976 762 1013 datus
790 983 845 1014 est
869 978 997 1023 nobis‚·
1025 978 1088 1027 qui
1116 978 1273 1028 quidem
1312 987 1367 1016 est
1400 979 1480 1027 Spi-

418 1026 510 1063 ritus
527 1027 736 1076 adoptionis
752 1030 940 1077 filiorum,
961 1032 998 1068 in
1018 1043 1091 1079 quo
1117 1031 1337 1078 clamamus,
1357 1033 1479 1079 Abba,

417 1080 540 1125 Pater,
570 1088 611 1117 ut
638 1081 773 1120 dicitur
798 1085 911 1121 Rom.
940 1096 1001 1121 vin
1022 1086 1053 1122 ³².
1084 1086 1186 1133 Ergo
1210 1085 1371 1133 septima
1391 1086 1480 1123 bea·

417 1132 537 1169 titudo
567 1135 687 1183 magis
707 1136 820 1173 debet
849 1137 999 1174 attribui
1019 1138 1160 1175 caritati
1189 1150 1305 1186 quam
1332 1138 1479 1186 sapien-

416 1193 501 1223 tiae.

472 1251 505 1276 2.
537 1240 769 1289 PRAETEREA,
790 1243 1094 1292 unumquodque
1123 1242 1243 1290 magis
1264 1243 1478 1281 manifesta-

416 1299 475 1328 tur
502 1305 570 1341 per
596 1295 815 1341 proximum
837 1296 1015 1332 effectum
1035 1308 1151 1343 quam
1176 1308 1246 1344 per
1273 1304 1476 1333 remotum.

418 1345 493 1382 Sed
521 1347 718 1394 proximus
738 1348 894 1385 effectus
914 1349 1119 1397 sapientiae
1137 1349 1290 1386 videtur
1316 1361 1397 1386 esse
1418 1363 1477 1387 ca-

416 1398 523 1446 ritas,
553 1402 765 1438 secundum
793 1401 885 1438 illud
913 1403 1001 1450 Sap.
1020 1402 1126 1439 VI1*:
1155 1403 1229 1439 Per
1248 1403 1416 1440 nationes
1438 1404 1475 1440 in

414 1453 562 1489 animas
579 1460 728 1491 sanctas
746 1466 785 1491 se
803 1456 997 1503 transfert:
1017 1456 1159 1492 amicos
1177 1456 1253 1492 Dei
1269 1462 1305 1492 et
1315 1458 1477 1504 prophe-

414 1512 470 1542 tas
497 1507 698 1544 constituit:
725 1519 800 1555 pax
829 1515 957 1545 autem
986 1515 1023 1544 et
1051 1508 1207 1557 adoptio
1235 1509 1402 1546 filiorum
1421 1509 1477 1547 vi-

415 1560 549 1596 dentur
577 1572 658 1597 esse
696 1561 830 1597 remoti
859 1561 1031 1608 effectus,
1071 1574 1159 1599 curn
1187 1563 1397 1611 procedant
1431 1576 1477 1600 ex

278 1617 386 1663 {13¹3ng
415 1611 578 1659 caritate,
608 1621 649 1649 ut
677 1613 819 1651 dictum
849 1623 905 1651 est
923 1614 954 1652 ²³⁶.
984 1615 1086 1662 Ergo
1115 1615 1309 1653 beatitudo
1329 1616 1476 1665 sapien-

414 1666 486 1702 tiae
506 1667 743 1714 respondens
762 1668 917 1705 deberet
937 1667 1057 1715 magis
1077 1667 1319 1706 determinari
1344 1682 1477 1706 secun-

416 1719 509 1756 dum
526 1718 766 1756 dilectionem
782 1721 944 1758 caritatis
959 1733 1075 1769 quam
1094 1722 1307 1760 secundum
1326 1735 1474 1771 pacem.

470 1774 504 1810 3.
526 1773 758 1819 Pmmam,
781 1774 854 1810 Iac.
871 1786 906 1810 111
925 1774 945 1795 *
973 1773 1126 1810 dicitur:
1161 1775 1266 1816 Quae
1279 1776 1475 1812 desursum

415 1831 468 1862 est
498 1826 680 1873 sapientia
707 1824 871 1874 primo?
899 1826 1047 1874 quidem
1070 1827 1211 1874 pudica
1239 1834 1307 1874 est,
1345 1829 1477 1865 deinde

414 1884 540 1915 autem
556 1879 729 1927 pacifica,
763 1880 942 1925 modesta,
961 1880 1164 1925 suadibilis,
1191 1882 1297 1918 bonis
1323 1893 1477 1918 consen-

414 1932 518 1978 tiens,
542 1932 656 1980 plena
685 1932 942 1969 misericordia
970 1938 1006 1969 et
1019 1934 1213 1980 fructibus
1239 1935 1357 1980 bonis,
1383 1934 1475 1971 iudi-

414 1997 504 2022 cans
530 1986 611 2022 sine
637 1985 885 2023 simulatione.
915 1985 1117 2023 Beatitudo
1138 1999 1228 2035 ergo
1252 1999 1476 2037 correspon-

414 2039 507 2075 dens
536 2038 742 2087 sapientiae
779 2051 858 2075 non
885 2039 1005 2087 magis
1034 2039 1164 2077 debuit
1191 2040 1310 2090 accipi
1342 2053 1476 2079 secun-

414 2092 506 2129 dum
526 2105 662 2140 pacem
696 2104 812 2140 quam
845 2092 1058 2130 secundum
1086 2093 1182 2130 alios
1212 2094 1368 2131 effectus
1394 2107 1476 2133 cae-

412 2145 513 2182 lestis
540 2145 757 2194 sapientiae.

469 2200 542 2235 SED
562 2211 709 2236 CONTRA
729 2211 794 2236 EST
813 2199 918 2247 quod
935 2199 1169 2246 Augustinus
1199 2200 1297 2247 dicit,
1318 2200 1357 2237 in
1379 2201 1475 2238 libro

383 2267 389 2273 ·
415 2252 607 2290 deSerm.
636 2253 751 2289 Dom.
781 2252 817 2289 in
845 2253 980 2290 Monte
998 2251 1029 2298 ²¹⁵,
1060 2253 1164 2300 quod
1189 2254 1370 2301 sapientia
1389 2265 1476 2291 con-

415 2306 516 2342 venit
536 2305 718 2352 pacificis,
739 2305 776 2342 in
797 2306 928 2352 quibus
957 2305 1080 2342 nullus
1099 2311 1220 2342 motus
1247 2312 1301 2343 est
1317 2306 1476 2353 rebellis,

414 2358 480 2394 sed
506 2359 767 2405 obtemperans
795 2359 943 2395 rationi.

470 2412 695 2448 stpounsso
733 2422 916 2449 DICENDUM
949 2411 1055 2458 quod
1092 2411 1253 2459 septima
1281 2412 1475 2449 beatitudo

417 2475 583 2512 congrue
617 2465 817 2512 adaptatur
854 2464 957 2501 dono
992 2463 1197 2513 sapientiae
1227 2472 1263 2501 et
1291 2473 1475 2513 quantum

416 2517 464 2553 ad
493 2518 670 2554 meritum
699 2525 735 2553 et
763 2526 947 2565 quantum
978 2519 1026 2554 ad
1055 2518 1281 2566 praemium.
1310 2518 1372 2555 Ad
1396 2531 1475 2555 me-

416 2570 527 2607 ritum
557 2571 711 2620 quidem
740 2571 901 2618 pertinet
929 2570 1035 2619 quod
1064 2569 1211 2607 dicitur:
1240 2572 1352 2608 Beati
1370 2572 1476 2619 paci-

403 2624 485 2671 fici.
516 2624 667 2661 Pacifici
697 2630 823 2660 autem
846 2624 1020 2661 dicuntur
1047 2624 1154 2672 quasi
1181 2636 1317 2673 pacem
1337 2625 1475 2662 facien-

413 2685 468 2713 tes
505 2678 568 2714 vel
596 2677 633 2714 in
662 2677 792 2725 seipsis
824 2678 887 2715 vel
917 2677 1031 2714 etiam
1055 2682 1070 2704 Υ
1099 2676 1136 2714 in
1169 2677 1260 2714 aliis.
1297 2678 1474 2724 Quorum

412 2738 617 2779 utrumque
646 2729 826 2778 contingit
859 2742 928 2779 per
954 2731 1028 2767 hoc
1057 2733 1162 2779 quod
1199 2743 1244 2768 ea
1271 2731 1308 2767 in
1337 2732 1476 2780 quibus

413 2796 486 2832 pax
515 2783 750 2821 constituitur
769 2784 816 2820 ad
846 2783 1016 2820 debitum
1037 2783 1211 2821 ordinem
1237 2784 1474 2832 rediguntur:

413 2849 503 2874 nam
522 2849 594 2886 pax
624 2844 679 2874 est
707 2837 954 2885 tranquillitas
983 2836 1144 2884 ordinis,
1173 2845 1214 2874 ut
1240 2838 1474 2886 Augustinus

414 2890 512 2936 dicit,
542 2891 632 2926 XIX
660 2890 705 2926 de
737 2890 816 2926 Civ.
845 2891 920 2928 Dei
944 2889 976 2927 ²¹².
1004 2889 1195 2928 Ordinare
1233 2899 1362 2928 autem
1390 2903 1474 2940 per-

412 2943 505 2980 tinet
532 2943 581 2979 ad
601 2943 841 2990 sapientiam;
870 2951 912 2980 ut
939 2950 1041 2991 patet
1063 2956 1132 2992 per
1151 2943 1416 2993 Philosphum,
1435 2945 1474 2982 in

294 3007 320 3022 ⁰³
365 3008 387 3028 ¹»
413 2995 597 3045 principio
616 2997 831 3044 Metaphys.
847 2996 867 3017 ³⁵
887 2997 935 3033 Et
954 2996 1041 3033 ideo
1063 3009 1145 3034 esse
1164 2998 1368 3046 pacificum
1384 3010 1474 3035 con-

411 3049 612 3087 venienter
639 3048 851 3086 attribuitur
877 3049 1095 3098 sapientiae.

465 3102 527 3140 Ad
555 3101 768 3151 praemium
794 3100 808 3124 ⁶
837 3110 965 3140 autem
992 3102 1156 3152 pertinet
1181 3103 1288 3152 quod
1321 3103 1473 3141 dicitur:

412 3156 502 3192 Filii
526 3156 601 3192 Dei
625 3156 871 3192 vocabuntur.
901 3155 1087 3193 Dicuntur
1114 3164 1242 3194 autem
1268 3157 1382 3205 aliqui
1409 3156 1475 3194 filii

413 3209 485 3245 Dei
501 3209 727 3257 inquantum
746 3208 970 3257 participant
989 3209 1274 3247 similitudinem
1290 3210 1373 3248 Filii
1391 3210 1473 3247 uni-

467 3313 494 3344 α)
514 3315 552 3337 ut.
569 3326 588 3331 -
605 3312 668 3338 Om.
686 3312 781 3337 PGtsK
799 3317 825 3337 et
843 3319 888 3337 xa.

467 3347 491 3380 β)
506 3348 606 3380 primo.
624 3361 643 3367 -·
656 3348 776 3380 primum
796 3348 874 3373 PDG.

465 3384 491 3416 γ)
511 3383 601 3408 etiam.
617 3397 637 3402 ·-
654 3384 716 3408 Om.
734 3383 825 3408 PGxa.

465 3418 489 3450 ὃ)
504 3419 665 3450 praemium.
683 3433 701 3437 —
715 3418 833 3451 primum
853 3418 1007 3451 ABKpCKR.

466 3454 487 3485 ε)
502 3454 683 3486 percipiendo.
700 3468 719 3473 -
732 3453 923 3486 participando
942 3454 1091 3486 PGHstK
1111 3460 1136 3479 et
1154 3463 1179 3481 a.

465 3489 490 3519 ζ)
510 3490 599 3514 etiam.
616 3503 635 3508 -
653 3491 747 3514 autem
760 3490 806 3513 Pa.

467 3525 492 3557 η)
509 3525 608 3556 prima.
626 3539 645 3544 —
660 3525 750 3556 primo
770 3525 902 3549 PDt-nma.

1534 661 1675 708 piendo
1704 666 1716 682 ⁹
1746 662 1892 701 donum
1929 666 2156 714 sapientiae,
2187 668 2236 705 ad
2273 669 2347 706 Dei
2372 669 2597 710 filiationem

1533 713 1652 750 homo
1680 715 1868 764 pertingit.

1587 768 1646 803 AD
1665 778 1803 806 PmMUM
1822 781 1920 807 ERGO
1940 783 2123 809 mei-:NDUM
2142 773 2248 821 quod
2267 773 2429 817 caritatis
2458 783 2513 813 est
2530 777 2598 815 ha-

1536 819 1624 856 bere
1652 832 1809 868 pacem:
1838 823 1906 860 sed
1925 823 2048 862 facere
2067 837 2205 874 pacem
2235 834 2291 863 est
2309 827 2516 876 sapientiae
2536 842 2596 866 or-

1535 871 1743 910 dinantis.-
1764 874 1942 914 Similiter
1957 877 2068 914 etiam
2085 877 2097 903 t
2117 879 2278 927 Spiritus
2298 880 2458 918 Sanctus
2476 881 2597 920 intan-

1533 931 1614 962 tum
1631 926 1765 963 dicitur
1784 929 1941 976 Spiritus
1955 930 2163 979 adoptionis
2178 932 2403 981 inquantum
2423 946 2492 983 per
2505 947 2595 973 eum

1534 978 1644 1015 datur
1670 980 1782 1017 nobis
1810 981 2015 1020 similitudo
2043 984 2125 1021 Filii
2153 987 2341 1034 naturalis,
2361 987 2427 1036 qui
2456 995 2512 1025 est
2533 1001 2596 1036 ge-

1533 1031 1609 1068 nita
1638 1032 1834 1081 sapientia.

1585 1086 1646 1121 Ar>
1664 1097 1854 1124 SECUNDUM
1873 1099 2057 1141 mentimini
2073 1090 2176 1138 quod
2203 1090 2295 1128 illud
2315 1099 2372 1129 est
2388 1092 2596 1141 intelligen-

1533 1137 1627 1174 dum
1657 1138 1704 1174 de
1733 1139 1926 1187 Sapientia
1954 1141 2131 1189 increata,
2162 1156 2259 1192 quae
2286 1145 2411 1193 prima
2429 1151 2446 1173 η
2467 1158 2508 1183 se
2527 1158 2596 1183 no-

1532 1189 1589 1226 bis
1617 1190 1698 1227 unit
1725 1203 1794 1239 per
1822 1192 1968 1230 donum
1999 1194 2182 1242 caritatis,
2213 1204 2248 1233 et
2277 1209 2323 1234 ex
2349 1198 2425 1235 hoc
2453 1201 2596 1237 revelat

1531 1243 1642 1279 nobis
1670 1245 1862 1292 mysteria,
1883 1258 2049 1295 quorum
2070 1249 2234 1296 cognitio
2264 1258 2319 1287 est
2338 1251 2522 1299 sapientia
2539 1252 2599 1290 in-

1530 1295 1625 1333 fusa.
1655 1297 1705 1333 Et
1732 1297 1820 1335 ideo
1841 1298 2024 1347 sapientia
2051 1300 2187 1349 infusa,
2213 1314 2312 1351 quae
2340 1311 2397 1341 est
2425 1304 2594 1353 donum,

1531 1362 1610 1386 non
1641 1357 1695 1386 est
1723 1362 1837 1388 causa
1872 1352 2044 1400 caritatis,
2074 1353 2142 1391 sed
2170 1355 2290 1403 magis
2319 1356 2487 1401 effectus.

1583 1405 1643 1440 AD
1661 1415 1821 1441 TERTlUM
1846 1416 2031 1443 DICENDUM
2050 1407 2166 1455 quod,
2187 1408 2284 1445 sicut
2301 1408 2378 1446 iam
2397 1411 2418 1431 *
2450 1411 2594 1448 dictum

1531 1463 1600 1503 est,
1631 1456 1680 1493 ad
1709 1456 1944 1505 sapientiam,
1974 1459 2186 1498 secundum
2215 1462 2321 1510 quod
2350 1470 2406 1500 est
2433 1464 2593 1512 doan

1529 1509 1691 1557 pertinet
1710 1522 1788 1547 non
1816 1511 1942 1548 solum
1962 1514 2211 1562 contemplari
2232 1514 2372 1564 divina,
2391 1515 2460 1554 sed
2480 1517 2599 1563 etiams

1530 1563 1700 1611 regulare
1715 1563 1907 1601 humanos
1923 1573 2040 1602 actus.
2057 1567 2099 1603 In
2115 1579 2192 1615 qua
2209 1568 2367 1616 quidem
2388 1569 2596 1609 directione

1529 1615 1655 1664 primo
1685 1617 1849 1654 occurrit
1876 1618 2039 1655 remotio
2066 1632 2091 1656 a
2115 1621 2225 1659 malis
2244 1633 2342 1670 quae
2363 1624 2594 1663 contrarian-

1529 1677 1590 1705 tur
1617 1669 1842 1716 sapientiae:
1871 1671 1974 1708 unde
1994 1679 2030 1708 et
2048 1671 2163 1710 timor
2192 1673 2327 1712 dicitur
2346 1687 2428 1712 esse
2445 1671 2598 1723 initiunt

1528 1722 1733 1770 sapientiae
1759 1722 1790 1769 *,
1818 1722 2044 1772 inquantum
2082 1726 2168 1763 facit
2203 1727 2382 1765 recedere
2418 1741 2442 1766 a
2469 1730 2592 1777 malis.

1530 1774 1716 1812 Ultimum
1745 1783 1874 1812 autem
1904 1785 1970 1825 est,
1991 1778 2087 1815 sicut
2105 1779 2206 1827 finis,
2227 1781 2333 1829 quod
2351 1778 2364 1802 ⁰
2393 1783 2525 1820 omnia
2543 1783 2596 1831 ad

1531 1827 1703 1865 debitum
1732 1828 1907 1866 ordinem
1946 1831 2179 1878 redigantur:
2217 1834 2333 1882 quod·
2355 1836 2518 1883 pertinet
2543 1837 2598 1875 adi

1530 1880 1717 1918 rationem
1754 1881 1870 1930 pacis.
1908 1883 1958 1920 Et
1993 1883 2082 1922 ideo
2121 1886 2394 1924 convenienter
2430 1889 2597 1938 1³5²on

1530 1934 1619 1981 dicit
1645 1934 1750 1983 quod
1769 1935 1951 1983 sapientia
1987 1948 2086 1985 quae
2111 1937 2307 1977 desursum
2332 1946 2396 1987 est,
2417 1953 2521 1989 quae
2531 1950 2600 1993 :ess

1530 1989 1676 2026 donum
1707 1987 1867 2036 Spiritus
1895 1989 2036 2037 Sancti,
2049 1991 2220 2039 primum
2238 1998 2294 2030 est
2310 1994 2466 2042 pudica,
2485 1995 2601 2045 quasi,

1529 2041 1654 2079 vitans
1674 2042 1907 2090 corruptelas
1924 2044 2090 2091 peceati;
2117 2045 2252 2082 deinde
2267 2051 2393 2095 autem
2412 2048 2599 2097 pacifica,

1531 2094 1636 2143 quod
1665 2102 1720 2131 est
1747 2095 1872 2131 finalis
1893 2095 2049 2133 effectus
2077 2097 2295 2146 sapientiae,
2315 2107 2471 2150 propter
2488 2077 2598 2150 ,quoii

1529 2148 1683 2196 ponitur
1711 2147 1919 2187 beatitudo.
2120 2178 2122 2181 .
2384 2181 2412 2189 „
2505 2183 2510 2186 .
2543 2171 2545 2174 v

1583 2203 1664 2244 Iam
1693 2212 1787 2238 vero
1813 2201 1944 2239 omnia
1959 2214 2062 2250 quae
2091 2211 2302 2250 sequuntur
2321 2210 2328 2225 ²
2352 2205 2596 2246 manifestant

1532 2265 1576 2290 ea
1603 2266 1672 2302 per
1699 2266 1799 2302 quae
1827 2254 2010 2303 sapientia
2037 2255 2086 2293 ad
2114 2268 2251 2305 pacem
2274 2257 2459 2306 perducit,
2476 2267 2517 2297 et
2534 2272 2594 2298 or,-

1531 2306 1619 2344 dine
1638 2319 1820 2354 congruo.
1851 2307 1955 2345 Nam
1974 2308 2122 2345 homini
2141 2321 2210 2358 per
2228 2310 2451 2359 pudicitiam
2470 2325 2492 2349 a
2511 2310 2597 2360 ςοιζὲ,

1529 2359 1685 2408 ruptelis
1712 2360 1904 2398 recedenti
1931 2361 2057 2410 primo
2086 2362 2249 2400 occurrit
2276 2363 2382 2412 quod
2406 2358 2595 2417 quantuni

1531 2425 1577 2450 ex
1596 2426 1636 2449 se
1656 2421 1792 2461 potest,
1812 2413 1974 2452 modum
1994 2414 2033 2451 in
2053 2415 2232 2452 omnibus
2251 2423 2399 2454 teneat:
2419 2426 2457 2455 et
2474 2414 2598 2469 quan*

1530 2473 1611 2503 tum
1640 2466 1689 2503 ad
1718 2467 1792 2503 hoc
1821 2466 1967 2514 dicitur,
1986 2469 2165 2505 modesta.
2196 2469 2389 2517 Secundo,
2410 2478 2451 2508 ut
2477 2471 2516 2509 in
2534 2470 2593 2510 his

1528 2519 1567 2556 in
1596 2519 1734 2568 quibus
1762 2520 1843 2568 ipse
1872 2519 1940 2556 sibi
1968 2532 2048 2558 non
2077 2521 2226 2570 sufficit,
2245 2522 2410 2561 aliorum
2439 2525 2593 2571 monitis

1529 2573 1762 2622 acquiescat:
1793 2582 1828 2610 et
1856 2581 2043 2622 quantum
2063 2575 2112 2611 ad
2131 2575 2206 2612 hoc
2226 2576 2366 2624 subdit,
2385 2578 2589 2616 suadibilis.

1529 2627 1579 2663 Et
1606 2627 1700 2663 haec
1730 2626 1807 2663 duo
1835 2626 2024 2675 pertinent
2047 2627 2097 2664 ad
2125 2628 2200 2665 hoc
2227 2630 2332 2677 quod
2359 2631 2480 2668 homo
2501 2644 2592 2669 con-

1529 2687 1711 2727 sequatur
1738 2691 1873 2728 pacem
1901 2680 1940 2716 in
1960 2680 2098 2728 seipso.
2119 2702 2143 2708 -
2165 2682 2243 2719 Sed
2261 2683 2428 2730 ulterius,
2450 2684 2499 2722 ad
2517 2685 2593 2722 hoc

1529 2733 1634 2781 quod
1662 2734 1782 2769 homo
1801 2733 1846 2769 sit
1864 2733 2047 2780 pacificus
2067 2733 2180 2771 etiam
2209 2735 2302 2781 aliis,
2321 2736 2448 2786 primo
2469 2738 2593 2786 requi-

1528 2786 1621 2822 ritur
1647 2793 1689 2821 ut
1716 2785 1827 2822 bonis
1856 2797 1992 2822 eorum
2020 2798 2099 2823 non
2127 2795 2332 2835 repugnet:
2369 2796 2406 2826 et
2433 2790 2508 2826 hoc
2536 2797 2593 2828 est

1528 2839 1634 2888 quod
1654 2838 1754 2885 dicit,
1776 2838 1881 2875 bonis
1900 2839 2141 2876 consentiens.
2173 2841 2364 2888 Secundo,
2400 2842 2506 2890 quod
2527 2842 2591 2881 de·

1527 2891 1687 2934 tectibus
1713 2891 1879 2940 proximi
1899 2899 1935 2929 et
1953 2892 2205 2941 compatiatur
2222 2893 2261 2931 in
2285 2894 2424 2932 affectu
2448 2903 2485 2934 et
2502 2897 2591 2934 sub-

1527 2945 1655 2983 veniat
1682 2945 1722 2982 in
1750 2944 1903 2982 effectu:
1933 2953 1970 2982 et
1996 2946 2072 2983 hoc
2091 2953 2147 2982 est
2174 2947 2279 2994 quod
2309 2947 2456 2996 dicitur,
2474 2949 2592 2997 plena

1528 2998 1784 3035 misericordia
1812 3003 1848 3034 et
1868 2999 2056 3045 fructibus
2082 3000 2200 3036 bonis.
2230 3001 2362 3037 Tertio
2391 3002 2593 3051 requiritur

1526 3059 1567 3089 ut
1596 3051 1787 3088 caritative
1825 3052 2032 3089 emendare
2069 3060 2225 3100 peccata
2259 3061 2418 3102 satagat:
2451 3062 2489 3092 et
2515 3057 2593 3093 hoc

1527 3112 1582 3142 est
1611 3105 1714 3153 quod
1744 3104 1842 3151 dicit,
1873 3104 2042 3142 iudicans
2068 3105 2149 3142 sine
2174 3106 2423 3154 simulatione,
2443 3121 2491 3145 ne
2520 3107 2590 3146 sci-

1525 3158 1622 3205 licet,
1653 3158 1929 3195 correctionem
1967 3159 2222 3206 praetendens
2249 3165 2277 3208 “,
2308 3160 2442 3198 odium
2469 3161 2589 3201 inten-

1527 3213 1591 3248 dat
1619 3212 1782 3260 explere.
1859 3219 1864 3222 '

2626 518 2634 527 ·
2651 517 2716 538 Vers.
2732 523 2766 545 29.

2623 1413 2633 1423 “
2645 1414 2695 1435 Art.
2710 1419 2731 1442 3.

2621 1733 2787 1762 ’Pu-uffa&
2796 1740 2830 1755 10.

1580 3315 1603 3346 θ)
1623 3317 1704 3348 quod.
1720 3329 1740 3335 -
1757 3322 1809 3348 quo
1828 3316 1937 3346 PDKsn.
1952 3323 2004 3348 per
2021 3316 2093 3349 quod
2111 3317 2184 3347 Hsn;
2202 3324 2250 3349 pro
2269 3317 2437 3351 redigantur,
2462 3318 2592 3352 nagan·-
2635 3343 2637 3346 Α

1498 3377 1500 3386 Α
1527 3355 1572 3376 tur
1590 3352 1629 3376 ht.

1579 3387 1597 3418 ι)
1617 3389 1772 3419 sequuntur.
1789 3400 1807 3406 —
1825 3390 2021 3419 consequuntur
2039 3387 2111 3413 PDR.
2127 3401 2146 3406 -
2165 3390 2191 3412 et
2210 3392 2268 3412 ante
2287 3386 2381 3413 ordine
2398 3396 2453 3414 om.
2473 3388 2562 3415 PDna.

1579 3422 1604 3454 κ)
1624 3421 1814 3447 correctionem
1830 3421 2017 3453 praetendens}
2031 3436 2050 3441 -
2065 3423 2263 3454 corruptionem
2279 3423 2444 3455 praecedens
2461 3423 2516 3456 AD,
2529 3429 2588 3449 cor-

1526 3457 1667 3481 rectionem
1682 3457 1845 3488 praecedens
1863 3457 1994 3490 BCEFpG
2009 3463 2034 3482 et
2051 3465 2096 3488 im,
2110 3458 2148 3483 ad
2165 3458 2355 3484 correctionem
2371 3459 2521 3490 procedens
2537 3459 2556 3483 1.
2569 3470 2589 3479 —

1526 3492 1576 3516 Pro
1596 3493 1713 3524 explere,
1733 3493 1842 3524 implere
1859 3493 1891 3517 A.
