2892 4056
393 203 466 239 306
1057 198 1322 245 QUAESTIO
1351 197 1526 244 XXXIX,
1556 195 1851 232 ARTICULUS
1882 196 1895 230 Ι

926 401 1333 479 QUAEsTIO
1372 399 2046 458 TRIGESIMANONA

1143 514 1185 553 D
1210 513 1248 553 E
1302 512 1335 553 S
1359 513 1394 552 C
1418 513 1460 552 H
1483 513 1500 551 I
1524 511 1556 552 S
1579 511 1626 551 M
1649 510 1690 551 A
1713 511 1751 551 T
1775 511 1813 551 E

1172 619 1206 643 IN
1236 617 1409 649 QUATUOR
1435 616 1636 642 ARTICULOS
1664 617 1780 641 DIVISA

1563 701 1713 738 Primo:
1741 709 1869 738 utrum
1898 701 2063 738 schisma
2089 700 2135 737 sit
2163 700 2325 749 speciale
2353 708 2565 749 peccatum.

1565 754 1765 791 Secundo:
1795 761 1922 791 utrum
1951 754 1997 790 sit
2024 753 2176 801 gravius
2203 753 2433 791 infidelitate.

1564 806 1717 843 Tertio:
1747 807 1794 844 de
1821 814 2006 856 potestate
2035 805 2375 843 schismaticorum.

1566 860 1734 907 Quarto:
1765 859 1812 897 de
1841 872 1967 908 poena
1994 871 2142 896 eorum.

476 718 583 743 ElNDE
619 704 939 742 considerandum
975 711 1031 740 est
1060 704 1107 740 de
1134 703 1235 739 vitiis
1268 702 1452 751 oppositis

154 771 164 779 ·
180 770 365 797 Cf-qu-xxxvu,
396 717 560 808 Dpaci
581 757 857 806 pertinentibus
884 757 931 794 ad
952 768 1050 805 opus
1064 755 1100 801 *;
1130 767 1228 803 quae
1249 762 1336 792 sunt
1358 755 1475 800 schi-x

392 823 492 857 sma,
522 811 599 847 rixa
616 810 655 857 ²³,
686 810 819 847 seditio
838 809 878 831 *²¹⁸
906 817 942 846 et
970 810 1113 845 bellurn
1132 807 1203 844 *³¹²*.

393 864 522 900 Primo
553 875 642 910 ergo
672 863 771 899 circa
800 862 967 899 schisma
997 869 1233 910 quaeruntur
1260 868 1438 909 quatuor.

154 796 242 832 {nti-od.

181 823 227 902 (ἒξ
243 829 289 843 xm.

155 850 176 860 ’⁸
218 855 239 870 u.
254 854 310 870 x1.11.

155 876 186 886 ⁸⁸⁸
228 882 249 896 u.
266 881 302 896 xz..

1203 970 1521 1013 ARTICULUS
1551 970 1757 1013 PRIMUS

1004 1072 1160 1103 UTRUM
1184 1071 1370 1102 SCHISMA
1394 1071 1460 1101 stT
1483 1069 1721 1102 PECCATUM
1745 1052 1950 1101 SPECIALE

1171 1159 1205 1184 IV
1225 1159 1308 1187 Sent„
1329 1158 1389 1183 dist.
1406 1165 1461 1188 xm,
1481 1165 1526 1190 qu.
1544 1165 1572 1189 11,
1592 1163 1638 1182 art.
1662 1166 1682 1189 1,
1703 1158 1734 1182 ad
1754 1166 1778 1183 2.

1507 1236 1610 1272 tione
1632 1248 1672 1272 se
1701 1237 1749 1273 ab
1777 1237 1918 1274 unitate
1947 1237 2142 1274 Ecclesiae
2170 1246 2359 1286 separant,
2389 1251 2487 1287 quae
2517 1246 2572 1276 est

426 1256 481 1298 ἢῆ
514 1264 581 1304 ΜΚ(
605 1252 627 1276 D
656 1251 792 1276 PR1MUM
821 1251 874 1275 sm
902 1249 1141 1274 Pnocnmrun.
1163 1236 1321 1273 Videtur
1350 1236 1454 1284 quod

420 1284 584 1354 ’ψὲέη
606 1292 769 1329 schisma
785 1304 863 1328 non
879 1291 925 1327 sit
943 1298 1143 1339 peccatum
1161 1288 1335 1337 speciale.
1353 1289 1455 1325 Schi-
1507 1288 1631 1325 unitas
1650 1288 1886 1338 principalis:
1917 1302 2008 1326 nam
2028 1290 2152 1327 unitas
2171 1290 2405 1338 particularis
2424 1291 2572 1340 aliquo-

157 1349 366 1397 gtssffissrffigfffl}
412 1347 455 1406 ,y
508 1347 510 1349 ’
548 1337 687 1382 sma
724 1344 848 1392 enim,
886 1352 928 1380 ut
961 1343 1134 1390 Pelagius
1163 1343 1269 1390 Papa
1307 1341 1395 1378 dicit
1413 1341 1453 1388 ²¹⁸,
1509 1354 1595 1378 rum
1616 1342 1851 1379 adinvicem
1871 1342 2068 1380 ordinatur
2091 1343 2141 1380 ad
2160 1342 2343 1379 unitatem
2364 1344 2571 1391 Ecclesiae,

157 1403 192 1424 Cf.
197 1408 237 1423 can
243 1418 247 1423 .
254 1402 365 1427 Schisma,

158 1428 366 1455 causXXWmss
452 1413 463 1426 κ
484 1401 540 1433 ἴτ’
564 1390 805 1434 Χεείεειινανη
832 1402 951 1433 sonat.
992 1396 1070 1432 Sed
1104 1406 1221 1431 omne
1255 1402 1455 1443 peccatum

1510 1395 1606 1431 sicut
1625 1395 1854 1444 compositio
1883 1395 2119 1444 singulorum
2148 1396 2413 1433 membrorum
2432 1396 2472 1433 in
2491 1408 2574 1434 cor·
2618 1409 2620 1413 ⁴

158 1778 167 1787 ⁸
182 1778 217 1798 De
236 1776 355 1798 Paradiso

158 1810 209 1831 cap.
224 1809 272 1825 vm.

163 2199 311 2225 ’Lib.XX,ca

162 2238 171 2243 -
181 2227 216 2248 Cf.
230 2228 289 2247 cont.

161 2259 225 2274 scon.
234 2252 274 2274 lib.
282 2252 311 2279 11,
320 2257 370 2279 cap.

164 2562 174 2571 '⁸
184 2561 234 2582 Lib.
248 2560 308 2587 VIII,
323 2565 375 2587 cap.

396 1451 598 1488 scissuram
628 1450 822 1499 quandam
850 1449 957 1486 facit:
988 1448 1200 1485 secundum
1219 1447 1310 1484 illud
1338 1447 1457 1484 Isaiae

395 1516 454 1541 1.1x
472 1503 510 1539 *t
534 1504 694 1540 Peccata
712 1508 836 1540 vestra
856 1502 1062 1539 diviserunt
1079 1501 1175 1537 inter
1193 1511 1259 1537 vos
1279 1506 1314 1536 et
1331 1501 1456 1536 Deum

395 1562 570 1594 vestrum.
592 1557 693 1603 Ergo
710 1556 875 1593 schisma
894 1567 973 1591 non
990 1562 1045 1591 est
1060 1553 1222 1603 speciale
1241 1561 1456 1602 peccatum.

451 1621 485 1646 2.
507 1609 743 1655 PRAETEREA,
773 1608 823 1645 illi
842 1608 1021 1645 videntur
1041 1619 1123 1643 esse
1143 1606 1372 1643 schismatici
1393 1606 1458 1654 qui

397 1662 592 1699 Ecclesiae
613 1674 691 1698 non
710 1661 904 1698 obediunt.
936 1661 1012 1697 Sed
1030 1672 1101 1708 per
1122 1671 1238 1696 omne
1257 1667 1458 1707 peccatum

396 1716 439 1752 fit
474 1715 595 1751 homo
623 1714 847 1751 inobediens
878 1713 1088 1762 praeceptis
1118 1712 1332 1748 Ecclesiae:
1371 1712 1460 1760 quia

395 1775 608 1817 peccatum,
629 1767 840 1804 secundum
854 1765 1104 1802 Ambrosium
1119 1765 1151 1812 ²¹⁶,
1173 1772 1228 1800 est
1247 1765 1458 1801 caelestium

396 1820 643 1858 inobedientia
671 1820 951 1857 mandatorum.
981 1819 1083 1866 Ergo
1113 1829 1228 1854 omne
1257 1824 1459 1866 peccatum

397 1882 453 1911 est
479 1873 655 1910 schisma.

452 1928 485 1964 3.
506 1927 740 1972 PRAETEREA,
769 1924 937 1962 haeresis
966 1923 1079 1960 etiam
1110 1922 1242 1960 dividit
1259 1923 1459 1960 hominem

397 1981 445 2016 ab
472 1979 613 2016 unitate
642 1978 742 2015 fidei.
774 1978 814 2015 Si
835 1989 924 2025 ergo
953 1976 1165 2013 schismatis
1195 1988 1339 2013 nomen
1365 1976 1460 2013 divi-

397 2033 544 2070 sionem
574 2032 775 2080 importat,
812 2030 965 2068 videtur
1002 2030 1107 2078 quod
1144 2041 1223 2066 non
1261 2029 1410 2066 differat
1437 2042 1460 2067 a

397 2093 554 2135 peccato
584 2083 812 2121 infidelitatis
841 2083 948 2132 quasi
976 2082 1138 2132 speciale
1167 2090 1382 2131 peccatum.

452 2139 526 2175 SED
556 2149 701 2175 CONTRA
729 2149 794 2174 EST
818 2136 923 2186 quod
942 2135 1187 2183 Augustinus,
1209 2141 1340 2173 contra
1358 2137 1461 2172 Fau-

313 2204 371 2247 &22¹1
396 2197 493 2228 stum
513 2191 544 2238 ³¹²,
575 2190 766 2238 distinguit
793 2189 889 2226 inter
916 2188 1082 2226 schisma
1111 2196 1147 2225 et
1174 2188 1377 2236 haeresim,
1407 2187 1461 2226 di-

399 2257 488 2282 cens
517 2244 622 2292 quod
657 2244 818 2280 schisma
846 2248 901 2279 est
930 2242 1060 2279 eadem
1098 2242 1313 2290 opinantem
1350 2247 1461 2290 atque

399 2298 528 2335 eodem
556 2297 628 2333 ritu
657 2296 837 2333 colentem
866 2307 939 2344 quo
968 2295 1099 2340 ceteri,
1136 2294 1215 2331 solo
1248 2305 1461 2345 congrega-

399 2351 508 2388 tionis
526 2350 703 2386 delectari
719 2349 891 2386 dissidio.-
920 2347 1084 2384 haeresis
1106 2358 1196 2383 vero
1217 2347 1364 2384 diversa
1383 2348 1461 2396 opi-

401 2409 513 2440 natur
531 2403 579 2439 ab
598 2403 655 2439 his
673 2414 770 2451 quae
797 2401 980 2438 catholica
1008 2400 1126 2437 credit
1145 2399 1327 2438 Ecclesia.
1357 2401 1460 2448 Ergo

402 2457 567 2493 schisma
594 2467 673 2492 non
702 2463 758 2492 est
784 2454 959 2502 generale
987 2460 1201 2502 peccatum.

455 2510 680 2546 RESPONDEO
709 2519 892 2544 DlCENDUM
920 2506 1037 2554 quod,
1058 2506 1154 2542 sicut
1174 2506 1340 2542 Isidorus
1361 2506 1460 2554 dicit,

401 2563 439 2599 in
467 2562 563 2598 libro
591 2561 758 2610 Etymol.
778 2560 809 2608 ²⁸,
836 2572 980 2597 nomen
1009 2558 1220 2596 schismatis
1248 2570 1272 2595 a
1299 2559 1462 2596 scissura

402 2615 617 2652 animorum
641 2619 816 2652 vocatum
837 2618 900 2650 est.
932 2611 1072 2649 Scissio
1092 2619 1220 2648 autem
1240 2611 1374 2649 unitati
1394 2624 1465 2661 op-

402 2668 567 2717 ponitur.
597 2667 708 2704 Unde
737 2673 939 2715 peccatum
963 2665 1178 2702 schismatis
1207 2664 1340 2702 dicitur
1358 2665 1463 2714 quod

404 2721 543 2758 directe
573 2728 610 2757 et
637 2733 705 2769 per
733 2731 773 2756 se
806 2718 1012 2768 opponitur
1043 2717 1197 2755 unitati:
1236 2717 1332 2754 sicut
1360 2718 1463 2755 enim

403 2774 442 2811 in
470 2774 583 2811 rebus
620 2772 852 2810 naturalibus
890 2771 928 2808 id
956 2771 1059 2820 quod
1091 2778 1146 2807 est
1182 2782 1252 2819 per
1288 2770 1464 2807 accidens

404 2840 482 2865 non
511 2826 701 2863 constituit
733 2825 920 2874 speciem,
955 2824 1004 2861 ita
1039 2823 1151 2860 etiam
1180 2835 1251 2860 nec
1284 2823 1322 2860 in
1350 2824 1464 2860 rebus

405 2879 624 2917 moralibus.
661 2880 703 2916 In
733 2877 868 2927 quibus
896 2877 934 2914 id
969 2876 1073 2926 quod
1107 2884 1162 2913 est
1194 2876 1380 2913 intentum
1410 2883 1466 2913 est

405 2945 474 2981 per
492 2944 547 2969 se:
573 2932 677 2980 quod
697 2939 824 2968 autem
845 2930 1013 2978 sequitur
1041 2937 1191 2978 praeter
1214 2929 1464 2966 intentionem

407 2993 462 3022 est
491 2985 598 3034 quasi
626 2997 694 3032 per
722 2983 909 3021 accidens.
949 2984 997 3019 Et
1025 2982 1112 3020 ideo
1139 2989 1341 3031 peccatum
1370 2982 1466 3019 schi-

408 3038 538 3075 smatis
570 3037 721 3086 proprie
761 3044 816 3073 est
854 3035 1017 3085 speciale
1050 3043 1251 3084 peccatum
1282 3040 1299 3056 α
1337 3047 1382 3071 ex
1420 3047 1465 3071 eo

408 3091 513 3140 quod
532 3090 688 3127 intendit
707 3101 746 3125 se
767 3090 814 3125 ab
834 3088 974 3125 unitate
994 3101 1170 3138 separare
1195 3099 1312 3136 quarn
1334 3087 1467 3124 caritas

408 3143 505 3181 facit.
537 3143 646 3190 Quae
665 3154 743 3179 non
763 3142 887 3178 solum
916 3142 1072 3178 alteram
1093 3140 1108 3171 β
1126 3152 1333 3190 personam
1362 3140 1467 3177 alteri

407 3196 490 3234 unit
508 3195 687 3244 spirituali
716 3193 924 3244 dilectionis
944 3195 1109 3241 vinculo,
1131 3194 1198 3231 sed
1219 3193 1327 3230 etiam
1349 3200 1467 3230 totam

409 3249 621 3286 Ecclesiam
659 3248 698 3284 in
725 3247 866 3284 unitate
904 3247 1066 3295 spiritus.
1111 3248 1160 3284 Et
1191 3246 1278 3283 ideo
1314 3246 1468 3295 proprie

410 3301 637 3339 schismatici
665 3300 839 3338 dicuntur
867 3300 932 3349 qui
959 3300 1113 3349 propria
1142 3306 1276 3348 sponte
1297 3306 1332 3336 et
1350 3298 1470 3335 inten-

463 3424 489 3456 α)
509 3423 700 3449 schismatis...
716 3424 863 3454 peccatum.
881 3435 899 3440 -
917 3422 978 3446 Om.
999 3422 1026 3446 Ρ.

463 3458 487 3492 β)
507 3460 629 3484 alteram.
646 3472 665 3478 -
684 3465 763 3483 unam
783 3458 814 3484 Α.

1509 1460 1604 1497 pore
1633 1448 1792 1484 naturali
1831 1448 2027 1485 ordinatur
2060 1449 2109 1486 ad
2139 1448 2254 1486 totius
2292 1449 2462 1498 corporis
2489 1449 2574 1487 uni·

1510 1507 1639 1537 tatem.

1564 1553 1758 1591 Ecclesiae
1787 1561 1915 1590 autem
1944 1554 2068 1591 unitas
2100 1554 2140 1591 in
2168 1555 2320 1592 duobus
2348 1555 2573 1592 attenditur:

1512 1606 1652 1643 scilicet
1670 1606 1708 1643 in
1737 1607 1974 1644 connexione
2004 1608 2270 1644 membrorum
2303 1608 2497 1645 Ecclesiae
2525 1607 2576 1645 ad

1512 1659 1696 1706 invicem,
1725 1672 1794 1696 seu
1823 1660 2190 1706 communicatione3
2221 1668 2258 1697 et
2283 1661 2420 1698 iterum
2449 1661 2487 1698 in
2515 1673 2575 1698 or-

1513 1712 1601 1749 dine
1631 1712 1804 1749 omnium
1842 1713 2106 1750 membrorum
2143 1713 2339 1751 Ecclesiae
2376 1713 2424 1751 ad
2452 1726 2574 1751 unum

1514 1772 1646 1814 eaput;
1677 1765 1890 1802 secundum
1924 1765 2016 1803 illud
2044 1766 2096 1802 ad
2133 1766 2272 1804 Coloss.
2302 1778 2325 1804 11
2351 1766 2387 1804 *ε
2416 1767 2576 1816 Inflatus

1511 1830 1621 1855 sensu
1650 1818 1776 1855 carnis
1810 1830 1919 1864 suae,
1950 1824 1985 1855 et
2016 1830 2091 1855 non
2120 1824 2246 1856 tenens
2273 1825 2396 1867 caput,
2425 1831 2475 1856 ex
2502 1831 2575 1868 quo

1493 1877 1629 1910 (totum
1657 1882 1805 1920 corpus,
1826 1882 1899 1919 per
1926 1883 2047 1908 nexus
2074 1877 2111 1908 et
2134 1872 2412 1909 coniunctiones
2438 1873 2577 1910 submi-

1513 1925 1711 1961 nistratum
1739 1929 1775 1960 et
1801 1930 2071 1970 constructum,
2101 1925 2234 1961 crescit
2259 1925 2296 1961 in
2329 1930 2576 1975 augmentum

1512 1978 1596 2015 Dei.
1627 1977 1713 2013 Hoc
1742 1983 1870 2013 autem
1900 1984 2013 2026 caput
2049 1985 2105 2014 est
2132 1977 2214 2026 ipse
2247 1977 2439 2014 Christus:
2470 1978 2576 2016 cuius

1512 2030 1639 2068 vicem
1672 2029 1711 2066 in
1746 2029 1917 2067 Ecclesia
1954 2030 2048 2079 gerit
2082 2031 2268 2067 Summus
2303 2030 2489 2075 Pontifex.
2527 2031 2578 2069 Et

1513 2083 1601 2121 ideo
1639 2082 1868 2120 schismatici
1906 2082 2082 2121 dicuntur
2119 2083 2184 2131 qui
2220 2083 2377 2120 subesse
2413 2091 2578 2122 renuunt

1514 2138 1679 2174 Summo
1712 2135 1908 2183 Pontifici,
1939 2144 1975 2173 et
2001 2137 2067 2185 qui
2098 2136 2282 2173 membris
2311 2136 2504 2173 Ecclesiae
2541 2137 2577 2174 ei

1513 2189 1692 2228 subiectis
1720 2189 2007 2226 communicare
2035 2197 2223 2226 recusant.

1566 2245 1625 2280 An
1641 2253 1779 2279 ptumum
1798 2253 1896 2279 ERGO
1915 2253 2103 2279 mCENDUM
2126 2241 2232 2291 quod
2251 2241 2387 2279 divisio
2411 2242 2578 2280 hominis

1513 2308 1536 2333 a
1554 2296 1640 2333 Deo
1670 2307 1738 2343 per
1764 2302 1965 2343 peccatum
1994 2307 2073 2332 non
2094 2302 2149 2332 est
2175 2294 2317 2331 intenta
2337 2307 2359 2331 a
2377 2302 2576 2343 peccante,

1514 2348 1583 2386 sed
1610 2354 1761 2398 praeter
1797 2347 2046 2384 intentionem
2085 2347 2165 2384 eius
2194 2347 2329 2386 accidit
2366 2359 2411 2384 ex
2438 2347 2578 2385 inordi-

1514 2408 1601 2440 nata
1630 2400 1881 2437 conversione
1909 2400 2027 2448 ipsius
2047 2400 2096 2437 ad
2116 2400 2388 2437 commutabile
2417 2401 2576 2439 bonum.

1515 2455 1564 2491 Et
1591 2453 1678 2490 ideo
1708 2465 1787 2489 non
1816 2460 1871 2490 est
1899 2453 2085 2500 schisma,
2115 2465 2184 2502 per
2211 2465 2251 2490 se
2279 2453 2487 2502 loquendo.

1567 2509 1626 2543 Αι)
1646 2517 1836 2543 SECUNDUM
1856 2517 2040 2543 memnon
2068 2506 2172 2554 quod
2197 2518 2275 2543 non
2294 2505 2451 2542 obedire
2469 2518 2579 2555 prae-

1516 2559 1633 2608 ceptis
1671 2570 1759 2596 cum
1794 2558 2001 2596 rebellione
2039 2559 2206 2608 quadam
2254 2558 2445 2596 constituit
2482 2559 2578 2596 schi-

1515 2611 1646 2650 smatis
1661 2612 1859 2649 rationem.
1880 2611 1977 2649 Dico
1997 2619 2127 2649 autem
2143 2624 2231 2649 cum
2251 2611 2471 2659 rebellione,
2489 2624 2578 2650 cum

1517 2673 1553 2702 et
1580 2664 1821 2714 pertinaciter
1847 2672 2052 2714 praecepta
2078 2664 2272 2702 Ecclesiae
2302 2665 2521 2712 contemnit,
2543 2672 2580 2702 et

1516 2718 1697 2755 iudicium
1728 2717 1808 2754 eius
1837 2718 1963 2754 subire
1992 2725 2142 2755 recusat
2160 2723 2187 2755 Υ.
2209 2718 2296 2754 Hoc
2333 2725 2462 2754 autem
2499 2730 2579 2755 non

1516 2771 1604 2808 facit
1631 2770 1788 2819 quilibet
1818 2778 2009 2818 peccator.
2048 2770 2160 2808 Unde
2189 2782 2268 2807 non
2301 2782 2417 2807 omne
2444 2782 2579 2819 pecca-

1517 2831 1600 2860 tum
1629 2831 1684 2860 est
1713 2822 1890 2860 schisma.

1571 2878 1630 2913 An
1649 2887 1808 2913 TERTmM
1828 2888 2011 2913 DICENDUM
2040 2876 2145 2925 quod
2171 2875 2338 2912 haeresis
2361 2883 2397 2912 et
2416 2875 2579 2913 schisma

1519 2929 1799 2977 distinguuntur
1826 2929 2037 2966 secundum
2057 2941 2102 2966 ea
2121 2928 2260 2977 quibus
2285 2936 2493 2977 utrumque
2511 2941 2580 2979 per

1519 2995 1558 3019 se
1590 2989 1626 3018 et
1654 2981 1794 3019 directe
1831 2981 2048 3031 opponitur.
2093 2982 2195 3018 Nam
2233 2981 2400 3019 haeresis
2435 2993 2506 3030 per
2539 2994 2580 3018 se

1520 3034 1725 3084 opponitur
1743 3034 1853 3072 fidei:
1883 3034 2048 3072 schisma
2077 3041 2204 3071 autem
2224 3047 2293 3084 per
2311 3042 2351 3071 se
2373 3033 2581 3083 opponitur

1520 3087 1651 3125 unitati
1680 3087 1953 3124 ecclesiasticae
1983 3087 2156 3125 caritatis.
2186 3088 2235 3124 Et
2253 3087 2342 3124 ideo
2371 3087 2466 3124 sicut
2483 3087 2581 3125 fides

1522 3149 1558 3177 et
1586 3140 1719 3178 caritas
1752 3148 1839 3178 sunt
1877 3140 2049 3178 diversae
2077 3140 2255 3187 virtutes,
2285 3140 2463 3190 quamvis
2499 3139 2581 3190 qui-

1522 3206 1687 3242 cumque
1717 3201 1842 3231 careat
1865 3191 1878 3215 δ
1915 3193 1991 3231 fide
2022 3201 2147 3231 careat
2177 3192 2349 3240 caritate3
2385 3193 2435 3230 ita
2465 3193 2581 3231 etiam

1522 3246 1685 3283 schisma
1715 3254 1749 3283 et
1776 3246 1943 3284 haeresis
1972 3254 2059 3284 sunt
2087 3246 2237 3284 diversa
2263 3245 2375 3293 vitia,
2405 3245 2582 3295 quamvis

1523 3299 1755 3348 quicumque
1781 3307 1836 3336 est
1854 3299 2066 3337 haereticus
2094 3299 2139 3336 sit
2167 3299 2281 3336 etiam
2301 3298 2581 3347 schismaticus,

1575 3422 1601 3454 γ)
1616 3421 1818 3452 pertinaciter...
1833 3422 2004 3447 contemnit...
2023 3424 2137 3447 recusat.
2155 3435 2173 3440 -
2187 3421 2366 3454 pertinaces...
2385 3422 2582 3446 contemnunt...

1522 3459 1647 3481 recusant
1665 3456 1688 3486 1;
1704 3457 1855 3488 pertinaces
1873 3457 1949 3481 etiarn
1969 3464 2012 3489 px.

1576 3490 1599 3523 ὃ)
1619 3494 1717 3516 car-eat.
1736 3505 1754 3510 —
1772 3495 1846 3516 caret
1865 3492 1917 3517 PD.

2602 1775 2614 1787 ⁸
2625 1772 2691 1796 Vm.
2707 1771 2739 1799 18,
2754 1777 2786 1800 ¹9·
