2892 4056
104 652 113 660 ”
130 649 166 672 Cf.
186 655 224 676 qu.
241 655 284 670 xur

106 675 191 698 Innod.

101 2582 110 2590 ·
119 2580 143 2602 1·
156 2580 199 2608 ιω,

101 2610 144 2629 ln.
158 2613 176 2629 Ι.

212 2586 251 2609 qu.
261 2586 310 2607 xvi,

102 2890 160 2918 ’Qu.
166 2896 236 2919 xun,
242 2895 311 2919 κιρ.

921 183 1186 229 QUAESTIO
1217 184 1390 231 XLVIII,
1419 184 1714 221 ARTICULUS
1744 185 1935 222 UNICUS
2444 186 2516 222 365

713 388 1127 466 QUAESTIO
1167 389 2153 466 QUADRAGESIMAOCTAVA

1007 499 1092 539 DE
1125 499 1424 540 PARTIBUS
1458 499 1854 540 PRUDENTIAE

423 604 531 630 amm:
569 593 889 631 considerandum
923 601 979 630 est
1014 593 1061 629 de
1100 593 1270 642 partibus
1312 605 1399 642 pru-
1425 600 1427 605 ⁴
1454 593 1624 642 partibus
1645 594 1753 641 quasi
1779 594 2022 642 integralibus
2043 595 2122 631 eius
2141 594 2181 639 *3
2211 594 2333 641 tertio,
2365 595 2411 632 de
2436 607 2521 644 par-

425 646 574 683 dentiae
592 646 623 683 ²¹⁸.
654 647 703 683 Et
729 646 827 683 circa
854 646 929 683 hoc
957 653 1191 694 quaeruntur
1219 653 1400 694 quatuor:
1428 662 1430 687 ;
1456 646 1555 682 tibus
1584 647 1800 683 subiectivis
1830 647 1909 683 eius
1927 646 1968 692 *ς
1998 654 2148 696 quarto,
2180 647 2226 684 de
2255 647 2425 695 partibus
2453 660 2521 696 po-

339 699 477 748 primo,
502 711 601 747 quae
626 699 700 737 sint
721 707 846 748 partes
873 697 1115 748 prudentiae;
1146 698 1328 745 secundo,
1356 698 1403 735 de
1429 698 1432 742 1
1458 698 1672 736 tentialibus
1693 705 1711 720 ‘²
1729 699 1759 735 ²¹².

1149 798 1468 840 ARTICULUS
1498 799 1716 841 UNICUS

765 891 920 923 UTRUM
944 890 1286 922 CONVENJENTER
1309 890 1609 922 ASSIGNENTUR
1631 893 1797 923 PARTES
1820 893 2098 924 PRUDENT1AE

769 970 800 994 111
820 970 904 999 sent„
924 970 983 994 dist.
1002 976 1087 1000 xxxm,
1107 976 1152 1001 qu.
1171 976 1208 998 m,
1228 974 1274 993 art.
1298 975 1324 998 ις
1343 968 1377 992 VI
1398 968 1492 998 Ethic„
1513 969 1572 994 lect.
1589 977 1638 999 vu;
1659 970 1700 994 De
1718 970 1799 995 Mem.
1817 974 1844 995 et
1862 971 1974 1001 Remin„
1995 972 2053 996 lect.
2071 979 2089 997 1.

373 1055 399 1081 ”r“
411 1060 433 1082 *ᾗ
456 1060 473 1074 ι,

477 1068 526 1107 ff<
549 1053 573 1080 D
600 1053 739 1079 emmim
766 1052 821 1078 stc
845 1052 1088 1078 PROCEDrrua.
1122 1040 1281 1077 Videtur
1299 1039 1404 1087 quod

385 1073 403 1090 ff,
503 1080 506 1084 .

367 1076 520 1153 (ξᾷἓίἑῦ
533 1144 538 1149 .
550 1093 862 1131 inconvenienter
881 1094 1118 1142 assignentur
1136 1100 1263 1141 partes
1282 1090 1297 1121 β
1314 1104 1404 1141 pru-

281 1157 311 1199 ‘13
357 1148 392 1188 Υ
417 1161 474 1186 *n
493 1151 518 1187 ’.ἢ
550 1147 712 1184 dentiae.
743 1146 891 1184 Tullius
912 1147 1025 1193 enim,
1043 1146 1081 1183 in
1095 1147 1127 1182 II
1147 1147 1257 1182 Rhet.
1278 1145 1310 1192 ²³⁶,
1335 1157 1404 1193 po-

347 1201 376 1230 7,

396 1175 491 1229 4³¹⁵*
507 1191 537 1233 Κ
550 1200 603 1237 nit
621 1207 696 1237 tres
710 1207 835 1248 partes
849 1199 1089 1249 prudentiae:
1111 1199 1250 1236 scilicet
1264 1210 1405 1235 memo-

337 1252 747 1304 riambsinffltelligentiam
767 1260 804 1290 et
812 1253 1088 1302 providentiam
1098 1256 1126 1289 Υ.
1143 1273 1168 1280 -
1183 1250 1404 1288 Macrobius

303 1318 313 1330 ·’
337 1303 468 1344 alite-m
485 1305 757 1351 &secundum
783 1306 1008 1343 sententiam
1028 1304 1166 1342 Plotini
1185 1302 1210 1351 δ,
1240 1303 1406 1341 attribuit

335 1358 562 1408 prudentiae
582 1371 667 1396 sex:
702 1358 843 1396 scilicet
862 1359 1058 1404 rationem,
1079 1357 1313 1403 intellectum,
1333 1357 1404 1394 cir-

336 1412 662 1460 cumspectionem,
683 1412 975 1460 providentiam,
1004 1411 1227 1448 docilitatem
1253 1417 1291 1446 et
1316 1421 1404 1447 cau-

259 1473 309 1519 ¹··‚
336 1465 486 1505 tionem.
506 1486 531 1494 -
550 1465 771 1505 Aristoteles
799 1471 940 1511 autern,
969 1464 1007 1501 in
1025 1464 1076 1501 v1
1105 1464 1226 1500 Ethic.
1255 1462 1287 1509 ²⁸,
1317 1463 1406 1499 dicit

337 1518 387 1561 ad
421 1519 665 1566 prudentiam
700 1517 891 1566 pertinere
927 1516 1135 1561 eubuliam,
1173 1515 1338 1564 synesim
1367 1523 1404 1552 et

335 1581 514 1620 gnomen.
536 1570 642 1607 Facit
661 1570 774 1608 etiam
789 1569 1026 1607 mentionem
1047 1569 1146 1606 circa
1159 1567 1403 1617 prudentiam

336 1623 385 1665 de
409 1623 599 1666 eustochiae
620 1630 657 1660 et
672 1622 837 1668 solertia,
855 1634 966 1659 sensu
993 1630 1029 1659 et
1047 1621 1244 1658 intellectu.
1265 1642 1289 1648 -
1311 1621 1404 1667 Qui-

337 1675 429 1718 dam
445 1683 575 1715 autem
595 1675 690 1717 alius
708 1675 960 1725 philosophus
981 1687 1140 1723 graecus
1154 1674 1175 1696 ²¹²
1194 1674 1283 1712 dicit
1297 1674 1404 1722 quod

287 1726 310 1764 ιζ
336 1728 387 1769 ald
408 1729 651 1778 prudentiam
676 1729 812 1767 decem
840 1728 1044 1777 pertinent:
1074 1727 1214 1765 scilieet
1240 1727 1402 1774 eubulia,

301 1790 307 1795 ·
335 1781 498 1828 solertia,
521 1782 773 1831 providentia,
794 1782 1006 1831 regnativa,
1031 1781 1215 1826 militaris,
1236 1780 1402 1828 politica,

302 1833 308 1847 ¹
336 1835 591 1881 oeconomica,
619 1835 826 1881 dialectica,
845 1835 1046 1880 rhetorica,
1059 1834 1234 1883 physica.
1255 1853 1279 1861 —
1300 1834 1403 1881 Ergo

335 1887 487 1925 videtur
514 1888 620 1937 quod
651 1889 715 1925 vel
750 1900 829 1925 una
863 1887 1068 1936 assignatio
1107 1887 1154 1924 sit
1189 1886 1402 1935 superflua,

335 1941 399 1977 vel
427 1940 500 1977 alia
529 1940 728 1978 diminuta.

390 2005 425 2030 2.
447 1994 682 2040 PRAETEREA,
711 1993 912 2043 prudentia
932 1992 1111 2030 dividitur
1130 1999 1261 2029 contra
1285 1992 1403 2029 scien-

335 2046 439 2084 tiam.
487 2047 564 2084 Sed
591 2046 759 2095 politica,
790 2046 1054 2093 oeconomica,
1084 2045 1289 2092 dialectica,
1320 2046 1403 2082 rhe-

334 2098 465 2147 torica,
485 2100 643 2148 physica
664 2106 752 2137 sunt
770 2100 962 2149 quaedam
982 2099 1172 2136 scientiae.
1200 2099 1293 2135 Non
1313 2110 1403 2146 ergo

336 2159 424 2190 sunt
451 2159 577 2202 partes
605 2153 841 2202 prudentiae.

391 2206 426 2242 3.
445 2207 681 2251 PmssTEREA,
702 2213 828 2255 partes
853 2218 931 2242 non
952 2205 1140 2242 excedunt
1158 2211 1294 2240 toturn.
1326 2205 1404 2241 Sed

335 2258 524 2295 memoria
549 2258 787 2307 intellectiva,
815 2259 879 2296 vel
906 2257 1161 2306 intelligentia,
1190 2256 1296 2304 ratio,
1319 2269 1403 2294 sen-

336 2323 400 2348 sus
429 2318 466 2348 et
494 2310 664 2348 docilitas
692 2324 771 2349 non
799 2312 924 2348 solum
951 2311 1142 2359 pertinent
1169 2309 1218 2347 ad
1237 2310 1404 2359 pruden-

334 2363 439 2410 tiam,
469 2364 537 2402 sed
565 2364 680 2401 etiam
706 2365 756 2402 ad
776 2376 912 2401 omnes
939 2364 1090 2401 habitus
1109 2364 1402 2411 cognoscitivos.

336 2416 439 2464 Ergo
467 2429 546 2454 non
575 2417 717 2455 debent
742 2415 836 2466 poni
863 2423 990 2465 partes
1018 2416 1255 2465 prudentiae.

386 2481 425 2516 4.
455 2470 698 2517 Pmnmam,
733 2470 828 2507 sicut
866 2469 1055 2506 consiliari
1092 2476 1128 2506 et
1164 2468 1333 2506 iudicare
1367 2477 1404 2506 et

335 2522 556 2571 praecipere
577 2531 663 2560 sunt
687 2531 791 2560 actus
811 2522 966 2559 rationis
984 2521 1185 2571 practicae,
1213 2521 1264 2558 ita
1289 2522 1401 2559 etiam

337 2582 374 2612 et
400 2575 466 2622 uti,
487 2575 583 2612 sicut
611 2589 726 2625 supra
743 2576 764 2598 '¹‘
790 2576 963 2612 habitum
993 2583 1060 2612 est.
1090 2574 1196 2611 Sicut
1223 2586 1313 2623 ergo
1339 2587 1403 2612 eu-

336 2628 438 2665 bulia
457 2628 671 2676 adiungitur
689 2628 925 2678 prudentiae,
947 2640 1046 2676 quae
1065 2627 1225 2676 pertinet
1244 2628 1293 2664 ad
1313 2640 1404 2665 con-

337 2681 479 2728 silium,
515 2689 551 2718 et
578 2682 724 2730 synesis
753 2689 790 2718 et
816 2693 976 2729 gnome,
1006 2693 1104 2729 quae
1136 2680 1326 2728 pertinent
1353 2681 1402 2718 ad

337 2733 536 2780 iudicium;
566 2735 615 2771 ita
636 2735 749 2772 etiam
770 2734 900 2772 debuit
922 2734 1014 2783 poni
1041 2733 1181 2781 aliquid
1210 2733 1402 2782 pertinens

337 2787 387 2824 ad
414 2799 541 2824 usum.
599 2796 606 2798 *
910 2805 913 2808 ·

394 2840 428 2876 5.
455 2841 697 2887 PRAETEREA,
727 2840 939 2877 sollicitudo
970 2839 1018 2876 ad
1046 2839 1289 2888 prudentiam
1317 2851 1402 2888 per-

336 2891 440 2939 tinet,
463 2892 558 2930 sicut
581 2893 728 2942 supra*
750 2893 925 2930 habitum
947 2901 1013 2930 est.
1043 2893 1146 2940 Ergo
1168 2892 1280 2928 etiam
1305 2892 1402 2929 inter

336 2951 463 2993 partes
490 2945 713 2993 prudentiae
742 2945 955 2983 sollicitudo
984 2945 1076 2994 poni
1105 2945 1247 2982 debuit.

391 2998 617 3035 Responnzo
657 3010 842 3036 mcENDUM
874 2998 980 3048 quod
1021 2998 1153 3046 triplex
1196 3005 1252 3034 est
1291 3009 1400 3046 pars:

338 3049 478 3086 scilicet
505 3050 710 3100 integralis,
735 3058 776 3087 ut
794 3051 931 3099 paries,
952 3058 1094 3087 tectum
1120 3058 1156 3087 et
1174 3050 1402 3087 fundamen-

336 3109 418 3139 tum
447 3111 534 3140 sunt
551 3111 676 3152 partes
705 3105 864 3149 domus3
892 3104 1114 3149 subiectiva,
1144 3103 1240 3140 sicut
1265 3104 1336 3140 bos
1366 3111 1402 3153 et

337 3155 398 3191 leo
427 3163 514 3193 sunt
530 3163 657 3205 partes
685 3156 874 3202 animalis;
905 3163 941 3193 et
957 3155 1183 3204 potentialis,
1213 3155 1309 3192 sicut
1333 3168 1401 3192 nu-

337 3207 507 3246 tritivum
537 3217 572 3245 et
600 3209 822 3246 sensitivum
853 3216 939 3246 sunt
965 3216 1091 3257 partes
1120 3208 1283 3246 animae.
1318 3208 1401 3245 Tri-

337 3261 408 3298 bus
446 3273 536 3309 ergo
565 3261 690 3299 modis
728 3269 887 3310 possunt
914 3261 1095 3309 assignari
1132 3269 1257 3310 partes
1290 3261 1400 3298 alicui

391 3373 418 3406 α)
434 3374 636 3406 potentialibus.
652 3388 672 3394 —
689 3374 746 3399 eius
765 3375 861 3400 addunt
880 3374 942 3399 HIx.

390 3407 416 3441 β)
432 3413 535 3441 partes.
552 3423 571 3429 -
589 3413 644 3435 tres
658 3413 752 3442 panes
770 3410 827 3443 pr
847 3415 872 3435 et
889 3417 917 3435 a.

393 3444 420 3478 γ)
435 3445 645 3477 providentiam.
658 3445 860 3477 -prudentiam
878 3445 965 3469 PHIL.

390 3479 415 3512 ὃ)
435 3480 544 3506 Plotini.
563 3493 581 3501 ·-
599 3481 720 3506 Platonis
739 3481 847 3505 PDHsA
867 3485 892 3505 et
910 3487 973 3505 maa.

1457 1039 1596 1077 virtuti.
1626 1041 1713 1077 Uno
1741 1042 1872 1091 modo,
1903 1042 1952 1078 ad
1972 1042 2256 1079 similitudinem
2285 1043 2449 1090 partium
2470 1044 2524 1080 in-

1458 1093 1677 1140 tegralium:
1724 1101 1765 1130 ut
1801 1093 1939 1130 scilicet
1975 1095 2036 1131 illa
2069 1095 2242 1131 dicantur
2278 1108 2361 1132 esse
2397 1105 2523 1144 partes

1457 1145 1604 1182 virtutis
1632 1146 1790 1183 alicuius
1819 1159 1919 1194 quae
1948 1159 2104 1184 necesse
2133 1156 2189 1184 est
2217 1160 2445 1185 concurrere
2474 1149 2524 1186 ad

1456 1199 1667 1246 perfectum
1688 1207 1816 1236 actum
1835 1200 1983 1237 virtutis
2002 1200 2112 1237 illius.
2143 1201 2192 1237 Et
2210 1201 2263 1237 sic
2284 1213 2328 1237 ex
2344 1202 2523 1239 omnibus

1459 1252 1687 1288 enumeratis
1706 1251 1726 1273 '¹‘
1753 1260 1913 1300 possunt
1940 1253 2060 1302 accipi
2088 1261 2174 1290 octo
2204 1261 2330 1302 partes
2357 1255 2523 1302 pruden-

1457 1303 1546 1341 tiae:
1576 1304 1716 1341 scilicet
1735 1317 1800 1342 sex
1828 1317 1922 1354 quas
1951 1314 2147 1343 enumerat
2165 1307 2407 1352 Macrobius}
2443 1307 2524 1355 qui-

1458 1357 1529 1393 bus
1548 1357 1726 1395 addenda
1746 1366 1801 1395 est
1820 1359 1993 1407 septima,
2014 1359 2153 1396 scilicet
2179 1360 2377 1406 memoria,
2407 1372 2523 1408 quam

1457 1410 1566 1458 ponit
1598 1410 1766 1457 Tullius;
1797 1419 1833 1448 et
1868 1412 2056 1448 eustochia
2094 1412 2174 1449 sive
2210 1413 2376 1458 solertia,
2406 1425 2522 1460 quam

1457 1463 1564 1511 ponit
1588 1463 1809 1500 Aristoteles
1842 1467 1955 1510 (nam
1987 1477 2116 1501 sensus
2147 1465 2371 1513 prudentiae
2411 1466 2524 1503 etiam

1459 1515 1660 1552 intellectus
1689 1516 1843 1553 dicitur:
1872 1517 1974 1554 unde
2003 1517 2258 1566 Philosophus
2285 1518 2386 1564 dicit,
2414 1518 2453 1554 in
2471 1519 2523 1555 VI

1457 1568 1577 1604 Ethic.
1601 1569 1640 1604 *ε
1686 1570 1842 1606 Horum
1871 1570 1988 1619 igitur
2015 1576 2160 1617 oportet
2183 1571 2322 1607 habere
2353 1582 2524 1608 sensum:

1458 1621 1519 1657 hic
1537 1627 1662 1658 autem
1690 1627 1744 1658 est
1770 1621 1998 1669 intellectus).
2043 1623 2220 1669 Quorum
2246 1630 2333 1659 octo
2353 1624 2524 1673 quinque

1458 1674 1647 1722 pertinent
1670 1675 1720 1712 ad
1742 1675 1984 1723 prudentiam
2013 1676 2225 1713 secundum
2245 1675 2284 1713 id
2303 1677 2408 1725 quod
2428 1682 2440 1697 ⁸
2469 1684 2525 1714 est

1459 1727 1738 1775 cognoscitiva,
1768 1727 1908 1765 scilicet
1935 1729 2136 1775 memoria,
2166 1729 2279 1775 ratio,
2309 1730 2522 1776 intellectus,

1458 1780 1625 1817 docilitas
1654 1788 1690 1817 et
1716 1780 1889 1818 solertia:
1930 1781 2001 1817 tria
2023 1794 2118 1818 vero
2147 1781 2220 1818 alia
2252 1782 2442 1830 pertinent
2473 1784 2523 1821 ad

1460 1845 1545 1870 eam
1574 1833 1787 1871 secundum
1807 1833 1912 1882 quod
1933 1841 1987 1870 est
2014 1834 2271 1883 praeceptiva,
2292 1835 2522 1883 applicando

1459 1886 1716 1933 cognitionem
1736 1886 1786 1923 ad
1806 1898 1914 1935 opus,
1936 1886 2077 1924 scilicet
2091 1888 2342 1936 providentia,
2362 1889 2524 1925 circum-

1456 1939 1593 1987 spectio
1614 1947 1649 1975 et
1668 1939 1802 1976 cautio.
1820 1961 1844 1967 -
1865 1940 2043 1986 Quorum
2064 1940 2288 1977 diversitatis
2308 1940 2401 1977 ratio
2421 1948 2524 1989 patet

1459 2004 1504 2028 ex
1532 1993 1606 2028 hoc
1635 1991 1740 2041 quod
1769 1992 1867 2029 circa
1900 1993 2156 2041 cognitionem
2185 1993 2254 2030 tria
2288 2002 2374 2030 sunt
2402 1994 2523 2031 consi-

1459 2045 1639 2082 deranda.
1669 2045 1800 2082 Primo
1829 2045 1997 2094 quidem,
2026 2046 2109 2095 ipsa
2138 2046 2314 2094 cognitio,
2354 2047 2464 2093 Quae
2493 2047 2523 2083 si

1459 2098 1505 2135 sit
1531 2097 1841 2146 praeteritorum,
1872 2106 1927 2135 est
1954 2099 2160 2136 memoria:
2197 2099 2228 2136 si
2256 2107 2384 2136 autem
2413 2112 2522 2148 prae-

1458 2151 1634 2199 sentium,
1665 2151 1745 2188 sive
1770 2151 2066 2199 contingentium
2095 2152 2176 2189 sive
2205 2152 2520 2200 necessariorum,

1457 2212 1619 2241 vocatur
1646 2204 1847 2241 intellectus
1884 2205 1963 2242 sive
1996 2205 2248 2254 intelligentia.
2268 2226 2293 2232 -
2328 2205 2520 2253 Secundo,

1458 2257 1539 2306 ipsa
1567 2257 1792 2304 cognitionis
1821 2257 2030 2305 acquisitio.
2074 2258 2183 2304 Quae
2212 2258 2255 2294 fit
2281 2259 2343 2295 vel
2372 2271 2440 2307 per
2467 2259 2521 2295 di-

1458 2309 1672 2359 sciplinam,
1704 2317 1740 2346 et
1767 2309 1816 2346 ad
1844 2310 1919 2346 hoc
1947 2310 2108 2358 pertinet
2135 2311 2323 2347 docilitas:
2364 2312 2426 2348 vel
2453 2324 2523 2360 per

1457 2363 1732 2405 inventionem,
1764 2370 1799 2399 et
1827 2363 1875 2400 ad
1903 2363 1978 2399 hoc
2004 2364 2166 2412 pertinet
2194 2364 2393 2410 eustochia,
2423 2376 2522 2412 quae

1458 2423 1513 2453 est
1533 2417 1632 2452 hona
1651 2416 1927 2453 coniecturatio.
1958 2416 2081 2453 Huius
2102 2424 2230 2454 autem
2250 2429 2350 2465 pars,
2370 2424 2411 2453 ut
2434 2417 2523 2454 dici-

1458 2476 1518 2505 tur
1532 2469 1572 2505 in
1584 2468 1635 2505 VI
1650 2468 1770 2505 Ethic.
1786 2467 1818 2515 ²¹⁸,
1835 2476 1891 2506 est
1906 2468 2070 2515 solertia,
2086 2481 2185 2517 quae
2206 2477 2261 2506 est
2278 2469 2417 2506 velox*
2435 2482 2522 2507 con-

1458 2521 1650 2558 iecturatio
1678 2521 1802 2566 medii,
1830 2529 1872 2558 ut
1900 2521 2034 2558 dicitur
2054 2522 2093 2558 in
2117 2524 2130 2558 Ι
2149 2523 2291 2559 Poster.
2310 2522 2331 2543 '¹³
2350 2544 2373 2550 -
2389 2523 2520 2559 Tertio
2549 2527 2558 2535 ⁸

1459 2573 1758 2617 considerandus
1796 2581 1852 2610 est
1887 2586 1977 2610 usus
2016 2574 2263 2622 cognitionis&
2307 2575 2520 2612 secundum

1457 2626 1600 2663 scilicet
1627 2627 1733 2675 quod
1755 2638 1799 2662 ex
1820 2626 1978 2674 cognitis
1998 2627 2131 2676 aliquis
2151 2633 2168 2654 η
2187 2627 2362 2675 procedit
2381 2628 2429 2664 ad
2449 2628 2521 2664 alia

1458 2679 1724 2727 cognoscenda
1752 2679 1814 2715 vel
1851 2679 2064 2716 iudicanda.
2103 2681 2152 2716 Et
2184 2680 2259 2716 hoc
2287 2680 2445 2728 pertinet
2472 2681 2520 2718 ad

1456 2733 1652 2769 rationem.
1680 2732 1789 2768 Ratio
1809 2739 1949 2778 autem,
1971 2733 2020 2769 ad
2039 2733 2113 2768 hoc
2132 2733 2238 2780 quod
2258 2740 2358 2769 recte
2376 2733 2520 2781 praeci-

1455 2785 1544 2834 piat,
1565 2785 1634 2821 tria
1655 2785 1768 2821 debet
1786 2785 1938 2821 habere.
1968 2785 2098 2822 Primo
2119 2785 2286 2833 quidem,
2312 2793 2353 2822 ut
2372 2785 2522 2823 ordinet

1457 2838 1600 2885 aliquid
1629 2837 1926 2874 accommodum
1956 2838 2004 2875 ad
2032 2838 2169 2875 finem:
2200 2845 2236 2874 et
2259 2838 2333 2874 hoc
2359 2838 2521 2886 pertinet

1455 2891 1505 2928 ad
1531 2891 1822 2939 providentiam.
1871 2890 2063 2937 Secundo,
2093 2899 2133 2927 ut
2161 2891 2328 2928 attendat
2361 2891 2520 2928 circum-

1455 2944 1610 2981 stantias
1648 2943 1807 2991 negotii:
1855 2943 1960 2991 quod
2005 2943 2167 2992 pertinet
2203 2943 2251 2981 ad
2296 2944 2520 2992 circumspe-

1455 2997 1626 3034 ctionem.
1657 2996 1801 3042 Tertio,
1820 3003 1862 3032 ut
1878 2996 1972 3033 vitet
1990 2996 2280 3045 impedimenta:
2310 2998 2417 3045 quod
2435 3010 2521 3046 per-

1454 3050 1548 3086 tinet
1575 3050 1624 3086 ad
1652 3050 1877 3086 cautionem.

1507 3104 1639 3139 Partes
1659 3109 1787 3139 autem
1816 3101 2046 3138 subiectivae
2064 3102 2213 3139 virtutis
2242 3102 2417 3140 dicuntur
2435 3115 2519 3151 spe-

1455 3155 1531 3192 cies
1553 3155 1633 3192 eius
1653 3152 1665 3176 θ
1686 3155 1869 3192 diversae.
1900 3155 1948 3191 Et
1967 3155 2042 3191 hoc
2069 3155 2188 3192 modo
2207 3162 2333 3204 partes
2353 3156 2518 3203 pruden-

1454 3208 1549 3255 tiae,
1588 3208 1800 3244 secundum
1838 3207 1943 3256 quod
1979 3208 2133 3256 proprie
2171 3215 2392 3254 sumuntur,
2433 3215 2520 3244 sunt

1454 3260 1656 3310 prudentia
1693 3273 1762 3309 per
1798 3272 1915 3308 quam
1953 3260 2087 3309 aliquis
2125 3261 2219 3309 regit
2254 3261 2442 3310 seipsum,
2482 3268 2519 3297 et

1511 3375 1534 3406 ε)
1553 3374 1697 3399 secundum
1717 3373 1746 3398 id
1763 3373 1844 3406 quod.
1862 3386 1882 3392 -
1899 3373 2056 3406 inquantum
2076 3374 2107 3398 Α.

1510 3409 1535 3441 ζ)
1555 3410 1644 3434 velox.
1658 3422 1677 3427 —
1689 3416 1754 3434 vera
1772 3409 1810 3433 Pa
1829 3413 1854 3432 et
1873 3408 1982 3433 codices.

1509 3445 1536 3476 η)
1556 3444 1660 3476 aliquis.
1678 3457 1697 3462 -
1714 3443 1846 3476 aquut'bus
1864 3443 1893 3469 P.

1510 3478 1534 3511 Θ)
1554 3480 1619 3504 eius.
1637 3494 1656 3498 -
1674 3479 1790 3504 eiusdem
1809 3479 1855 3503 Pa.

2550 606 2557 611 ”
2575 603 2622 630 Qu.
2638 610 2699 624 xnlx.

2550 654 2558 661 ¹
2575 652 2613 679 Qu
2638 659 2658 673 ι..

2648 690 2663 704 α

2550 716 2559 723 ⁸
2576 713 2622 740 Qu.
2638 720 2667 735 ω.

2552 1264 2560 1273 ’
2575 1263 2631 1290 Arg.
2648 1269 2663 1284 ι.

2552 1577 2635 1625 sciis
2647 1583 2763 1625 ι’ἓειῗῐέῗ

2549 2553 2572 2573 S.
2582 2532 2759 2574 Tss.1ec't.n'vi1'1i

2549 2613 2597 2634 ’Ca
2615 2619 2757 2639 ‚xxx1v,n.1.

2547 2650 2555 2654 -
2564 2620 2759 2661 s.fh.1ec1.x=„1v.

2645 2676 2659 2691 r
