2892 4056
191 518 201 527 ⁸
213 517 282 537 Num.
297 522 376 543 praece
366 517 400 537 ed.

190 2102 198 2110 ”
216 2100 280 2122 Vers.
297 2107 325 2128 ¹3-

288 2479 302 2504 Υ

192 2576 282 2596 Ἀι-151.
297 2575 359 2597 Post.
372 2574 402 2596 A·

190 2602 264 2629 nalyt.
277 2602 315 2622 lib.
322 2601 339 2625 Ι
323 2607 400 2649 serap.

191 2635 222 2654 ιι,
238 2635 260 2649 ιι.
273 2635 313 2654 4.—

192 2656 241 2676 lect
257 2661 287 2676 iv.

292 2894 305 2919 δ

192 3003 262 3051 Cap.
256 3008 347 3029 .xxxm‚
354 3008 376 3024 n.
382 3002 403 3023 6.

258 3030 403 3051 h.lect.xi.1v.

194 3109 203 3119 ⁸
212 3109 282 3130 Hom.
296 3107 386 3129 XXVI'
382 3113 404 3128 111

194 3135 280 3162 Evang.

438 134 480 168 16

431 220 499 244 toto
525 213 599 243 orbe
624 220 785 248 terrarum,
803 218 833 241 et
849 212 887 241 ab
912 211 955 240 eis
979 219 1060 250 quae
1085 216 1158 239 sunt
1182 210 1336 240 contraria
1359 209 1442 246 fidei,
1458 218 1492 240 ut

431 265 504 287 sunt
528 258 694 287 damnatae
717 257 874 290 haereses,
899 254 979 284 sicut
1001 253 1133 294 quilibet
1155 253 1278 283 virtutis
1301 253 1427 284 habitus
1450 254 1492 284 ita

430 301 559 331 inclinat
581 301 612 330 in
638 300 765 340 propria
789 299 877 339 quod
895 308 959 328 non
984 298 1016 327 in
1033 304 1176 327 extranea
1191 307 1249 327 nec
1271 297 1303 327 in
1321 298 1502 333 contraria;

431 345 562 375 infertur
585 345 686 385 quod,
711 344 791 374 sicut
814 342 946 383 quilibet
968 341 1090 371 virtutis
1114 341 1239 371 habitus
1259 341 1343 391 parit
1366 342 1490 372 eviden-

431 389 507 420 tiam
531 388 716 428 practicam,
740 387 782 417 ita
805 387 930 416 habitus
954 385 1025 415 fidei
1055 384 1177 414 infusae
1201 385 1282 425 parit
1305 385 1490 416 evidentiam

431 432 727 472 proportionaliter.
753 431 814 460 hoc
838 437 892 465 est,
918 439 982 459 non
1006 429 1038 458 in
1058 428 1118 458 alia
1141 428 1284 468 potentia
1300 436 1354 459 aut
1369 439 1404 459 ex
1420 430 1487 460 acti·

431 477 499 512 bus,
518 476 571 506 sed
588 483 623 506 ut
639 475 762 505 habitus
787 474 909 504 infusus
930 472 1117 512 praehabeat
1133 479 1163 503 et
1178 473 1278 513 pariat
1293 473 1326 503 in
1342 483 1401 504 suo
1421 481 1490 503 actu

430 520 620 550 evidentiam
636 519 694 549 sibi
711 527 894 553 consonam,
912 526 994 557 quae
1012 517 1073 546 iam
1091 516 1109 533 θ’
1109 517 1284 565 explicata
1304 524 1359 553 est,
1377 517 1493 548 scilicet

430 564 618 594 evidentiam
648 561 858 593 credibilitatis
882 570 994 591 eorum
1023 570 1104 600 quae
1128 567 1203 591 sunt
1224 560 1306 591 fidei.
1337 561 1382 591 Ita
1404 562 1491 602 quod

430 608 554 637 habitus
578 607 650 637 fidei
673 607 766 636 habet
790 613 851 635 tres
867 604 1066 635 habitudines
1082 605 1121 634 ad
1138 605 1302 635 credenda.
1327 605 1432 635 Prima
1449 613 1493 635 est

430 651 629 686 communis,
655 659 736 690 quae
761 649 824 679 iam
855 649 936 679 dicta
960 655 1022 686 est,
1047 649 1136 689 quod
1158 648 1288 679 inclinat
1310 648 1352 679 ita
1374 649 1407 679 in
1436 659 1492 679 sua

429 695 583 725 credenda
612 694 700 734 quod
723 703 790 722 non
819 693 852 722 in
876 692 952 728 alia,
977 692 1041 722 sive
1071 699 1215 723 extranea
1238 692 1303 722 sive
1326 693 1490 723 contraria.

429 739 572 769 Secunda
591 744 637 768 est
652 737 741 778 quod
764 737 837 767 facit
852 736 1041 767 evidentiam
1056 736 1266 767 credibilitatis
1283 746 1395 767 eorum
1411 747 1492 778 quae

429 789 502 813 sunt
525 782 608 812 fidei.
640 781 748 812 Tertia
771 788 816 811 est
845 781 935 821 quod
962 780 1035 811 facit
1064 780 1213 811 assentire
1241 780 1289 810 his
1313 790 1395 821 quae
1418 789 1492 812 sunt

428 825 510 856 fidei.
536 826 576 857 Et
598 826 687 866 quod
710 824 783 856 fidei
806 825 915 855 lumen
938 831 1050 855 natum
1069 824 1258 855 sit'causare
1280 824 1313 854 in
1332 825 1424 856 nobis
1447 825 1490 855 vi-

428 870 551 900 sionem
575 869 786 900 credibilitatis
805 870 957 909 probatur
981 879 1017 899 ex
1040 869 1102 899 hoc
1121 869 1210 909 quod
1232 869 1343 899 lumen
1356 868 1431 900 fidei
1447 877 1492 900 est

429 914 605 944 secundum
629 924 725 944 suum
752 923 852 953 genus
875 912 1159 952 perfectissimum,
1185 919 1296 953 utpote
1320 913 1418 944 divini
1441 924 1491 944 or-

428 958 524 988 dinis:
550 965 580 989 et
603 958 673 988 t‘alis
695 958 775 988 visio
799 967 865 988 non
885 963 1039 997 repugnat
1056 956 1130 987 fidei
1147 957 1323 987 secundum
1340 967 1372 987 se
1388 968 1445 988 nec
1460 958 1491 987 in

429 1002 520 1032 nobis
544 1012 603 1042 pro
633 1009 716 1033 statu
745 1002 824 1038 isto,
850 1002 904 1031 sed
933 1001 971 1031 ad
1000 1001 1229 1041 perfectionem
1257 1001 1357 1041 ipsius
1379 1003 1492 1041 procul

429 1046 526 1076 dubio
551 1046 702 1086 pertinet:
728 1052 854 1086 oportet
877 1055 951 1085 ergo
980 1045 1164 1075 huiusmodi
1193 1045 1419 1085 perfectionem
1447 1046 1491 1076 illi

428 1090 604 1121 attribuere.
629 1091 670 1121 Et
693 1090 823 1120 merito:
849 1096 884 1119 ut
907 1089 1098 1120 credulitatis
1121 1096 1229 1119 motus
1249 1100 1344 1129 super
1363 1090 1492 1120 visionis

428 1134 649 1165 immobilitate
676 1133 834 1170 firmetur,
860 1141 890 1164 et
921 1133 1118 1173 imperfectio
1149 1133 1335 1164 inevidentis
1364 1140 1451 1164 actus
1475 1144 1491 1163 a

428 1178 620 1219 perfectione
644 1178 795 1208 evidentis
823 1178 973 1218 procedat
1001 1177 1178 1208 secundum
1201 1187 1244 1207 se.
1278 1177 1318 1207 Et
1341 1177 1384 1207 sic
1408 1184 1493 1216 patet

428 1223 517 1263 quod
540 1222 620 1253 illud
642 1222 727 1252 idem
744 1222 833 1262 quod
849 1222 882 1252 in
898 1221 1053 1262 principio
1071 1220 1286 1260 responsionis
1301 1220 1493 1260 proponitur

428 1267 580 1306 probatur
603 1277 620 1296 a
643 1266 812 1307 posteriori
835 1276 891 1306 per
914 1272 1019 1295 actum
1044 1275 1188 1294 assensus
1211 1264 1356 1294 discrete:
1381 1274 1492 1304 quam—

427 1310 493 1346 vis,
518 1310 675 1341 brevitatis
699 1320 808 1346 causa,
834 1309 997 1340 conclusio
1022 1308 1200 1348 proposita,
1225 1317 1307 1348 quae
1330 1309 1492 1348 probatur,

429 1365 495 1384 non
518 1361 676 1394 repetatur
699 1354 731 1384 in
755 1353 952 1393 probatione.

1165 131 1429 177 QUAESTIO
1461 134 1487 178 1,
1516 132 1811 168 ARTICULUS
1841 133 1873 167 V

1600 210 1638 239 X.
1663 210 1728 240 Nec
1758 210 1861 240 obstat
1888 210 1961 240 huic
1992 211 2150 242 doctrinae
2174 212 2199 242 si
2227 222 2292 244 non
2317 222 2428 244 omnes
2458 214 2607 247 habentes

1545 253 1688 283 habitum
1712 252 1784 283 fidei
1807 253 1965 284 fateantur
1987 263 2020 284 se
2041 254 2147 285 videre
2170 257 2209 286 ab
2232 256 2401 288 intrinseco
2426 257 2608 288 credibilita-

1545 304 1619 328 tem.
1652 297 1740 327 Tum
1763 297 1838 337 quia
1862 297 1982 328 multos
2005 305 2092 328 actus
2115 308 2295 332 exercemus
2319 307 2350 332 et
2371 301 2530 332 nescimus
2554 312 2607 332 eo-

1546 350 1616 371 rum
1641 341 1794 381 principia
1817 351 1883 371 esse
1906 341 2031 372 habitus
2055 341 2088 372 in
2111 343 2203 373 nobis
2226 343 2408 377 existentes:
2433 346 2521 385 quod
2541 356 2606 376 ma-

1545 384 1627 414 xime
1650 394 1761 415 verum
1785 385 1963 425 experimur
1987 386 2025 415 de
2049 385 2170 416 actibus
2189 386 2356 419 habituum
2378 388 2569 421 infusorum.
2588 406 2607 412 -

1545 429 1634 459 Tum
1657 429 1733 469 quia
1755 439 1821 460 non
1846 435 1971 469 oportet
1994 429 2138 460 habitum
2161 429 2303 462 infusum
2323 432 2404 463 exire
2420 433 2453 463 in
2477 442 2608 463 omnem

1546 482 1642 503 suum
1665 480 1772 503 actum
1794 473 1827 503 in
1858 473 2002 513 quolibet
2030 473 2171 504 subiecto
2198 473 2231 504 in
2255 485 2321 516 quo
2345 483 2409 507 est:
2434 477 2489 507 sed
2512 476 2544 506 in
2568 486 2607 507 eo

1545 523 1669 547 tanturn
1685 517 1741 557 qui
1757 524 1803 548 est
1827 517 2000 557 dispositus
2024 518 2063 547 ad
2086 517 2242 548 utendum
2261 518 2316 550 illo
2331 519 2440 551 habitu
2457 520 2496 550 ad
2513 521 2607 551 talem

1546 567 1661 591 actum.
1686 561 1760 591 Non
1785 571 1896 592 omnes
1920 568 2027 592 autem
2051 562 2211 599 credentes
2235 569 2309 594 sunt
2327 563 2472 604 dispositi
2487 564 2526 594 ad
2542 574 2608 594 sor-

1545 604 1684 635 tiendam
1708 605 1898 636 evidentiam
1924 616 1961 636 ex
1987 605 2096 636 habitu
2121 604 2207 642 fidei,
2232 607 2287 636 sed
2316 607 2516 647 perfectiores
2540 615 2608 638 tan-

1545 655 1631 679 tum:
1656 655 1686 679 et
1709 649 1778 679 aliis
1806 649 1919 680 sufficit
1950 646 2105 680 evidentia
2133 660 2169 680 ex
2198 649 2272 680 fide
2289 650 2384 690 digno
2412 651 2606 683 testimonio.

1546 692 1710 730 Quoniam
1737 693 1892 724 evidentia
1922 693 2133 724 credibilitatis
2156 700 2202 724 est
2225 701 2261 724 ut
2284 695 2363 725 ratio
2388 702 2548 726 assensus:
2573 706 2609 726 ac

1546 746 1601 776 per
1623 736 1695 773 hoc,
1721 737 1887 777 perfectius
1910 745 1956 768 est
1978 738 2092 768 habere
2107 747 2144 768 ex
2167 738 2287 768 lumine
2303 737 2376 769 fidei
2399 749 2563 771 assensum
2579 746 2610 770 et

1546 781 1701 811 rationem
1725 791 1880 818 assensus,
1898 782 2014 812 scilicet
2037 782 2237 818 evidentiam,
2254 792 2353 823 quam
2368 782 2482 813 habere
2506 793 2609 814 assen-

1546 835 1619 855 sum
1641 832 1776 856 tantum.
1800 826 1840 857 Et
1859 825 1932 856 ideo
1947 835 2093 856 assensus
2109 826 2259 856 omnibus
2276 826 2457 857 communis
2472 834 2518 858 est
2533 837 2610 868 qua-

1546 869 1754 910 litercumque
1782 869 1879 899 fidem
1905 870 2110 901 habentibus:
2136 870 2291 901 evidentia
2314 877 2422 901 autem
2445 870 2610 910 perfectio-

1546 913 1632 944 ribus
1655 913 1688 944 in
1711 912 1772 943 fide
1796 914 1953 944 convenit.

1602 957 1751 988 Similiter
1766 967 1832 988 non
1849 958 1952 995 obstat
1967 957 1992 988 si
2009 957 2133 988 habitus
2152 957 2224 988 fidei
2241 968 2307 988 non
2326 958 2399 989 facit
2422 958 2612 990 evidentiam

1546 1001 1757 1032 credibilitatis
1780 1002 1812 1031 in
1836 1011 1937 1041 puero
1960 1001 2118 1041 baptizato
2143 1002 2261 1034 nutrito
2285 1003 2351 1033 sine
2371 1002 2483 1033 notitia
2499 1012 2610 1034 eorum

1546 1055 1628 1086 quae
1652 1053 1725 1076 sunt
1743 1045 1826 1076 fidei.
1851 1045 2014 1082 Quoniam
2037 1046 2221 1086 intelligitur
2242 1046 2387 1077 habiturn
2410 1046 2483 1077 fidei
2502 1056 2610 1087 parere

1546 1089 1732 1119 huiusmodi
1759 1090 1948 1120 evidentiam
1979 1097 2135 1130 quantum
2160 1097 2206 1121 est
2229 1100 2266 1121 ex
2289 1101 2336 1127 se,
2360 1098 2391 1121 et
2412 1091 2445 1121 in
2469 1091 2611 1122 subiecto

1547 1133 1713 1172 disposito.
1738 1133 1773 1163 In
1796 1134 1858 1164 hoc
1881 1140 1988 1164 autem
2008 1144 2108 1173 puero
2125 1135 2212 1165 deest
2227 1134 2392 1174 dispositio
2417 1135 2530 1171 debita,
2550 1134 2609 1165 sci-

1546 1177 1618 1207 licet
1645 1177 1823 1216 propositio
1854 1177 2085 1208 credendorum
2113 1188 2131 1208 a
2158 1178 2218 1208 Dei
2249 1178 2417 1209 ministris:
2447 1186 2494 1210 est
2526 1179 2612 1210 enim

1546 1219 1633 1255 fides,
1654 1221 1762 1260 quoad
1786 1220 2023 1260 perceptionem
2046 1221 2287 1258 credendorum,
2303 1232 2339 1252 ex
2355 1223 2467 1254 auditu
2489 1223 2611 1263 praedi-

1548 1270 1691 1294 catorum
1715 1264 1887 1294 missorum
1903 1274 1921 1293 a
1935 1264 2016 1301 Deo,
2037 1272 2073 1295 ut
2096 1265 2208 1296 dicitur
2231 1266 2273 1296 ad
2295 1267 2386 1298 Rom.
2402 1278 2420 1296 x
2433 1267 2460 1297 *.
2484 1267 2526 1298 Et
2539 1277 2611 1307 pro·
2639 1272 2649 1283 ⁸

1548 1314 1654 1348 pterea
1677 1317 1743 1338 non
1768 1315 1814 1338 est
1837 1307 1955 1339 mirum
1985 1308 2011 1338 si
2045 1309 2116 1340 talis
2142 1319 2222 1348 puer
2250 1318 2308 1340 nec
2335 1310 2526 1341 evidentiam
2555 1320 2613 1342 nec

1547 1361 1711 1382 assensum
1735 1351 1865 1383 discrete
1889 1362 1925 1382 ex
1948 1352 2057 1383 habitu
2081 1352 2153 1383 fidei
2176 1353 2299 1385 infusae
2323 1354 2457 1386 eliceret.

1622 1448 1679 1455 m

1220 1513 1537 1556 ARTICULUS
1568 1514 1824 1565 QUINTUS

957 1607 1111 1638 UTRUM
1137 1608 1192 1637 EA
1217 1607 1336 1644 QUAE
1361 1607 1474 1637 SUNT
1498 1606 1611 1637 FIDE!
1635 1606 1813 1638 POSSINT
1837 1607 1938 1638 ESSE
1963 1607 2092 1638 SCITA

642 1695 666 1719 1⁸
685 1695 741 1725 11²⁸,
761 1702 805 1726 qu.
825 1702 901 1725 van,
921 1699 967 1719 art.
990 1694 1003 1718 3
1010 1701 1017 1723 ;
1037 1694 1068 1718 111
1089 1694 1171 1723 Seni„
1192 1693 1250 1719 dist.
1270 1701 1335 1723 ιιιν,
1356 1699 1402 1718 art.
1423 1701 1446 1724 2,
1466 1693 1514 1725 qu·
1535 1700 1565 1724 23
1586 1693 1628 1718 De
1651 1693 1740 1722 Verit„
1761 1701 1805 1726 qu.
1824 1701 1873 1722 xxv
1893 1699 1939 1718 an.
1958 1701 1988 1726 9;
2007 1694 2051 1718 Ad
2069 1694 2160 1724 Hebr„
2181 1702 2238 1728 cap.
2255 1702 2294 1725 ιι,
2314 1695 2372 1720 lect.
2390 1703 2408 1720 1.

428 1986 500 2024 tiae
522 1987 739 2036 opponitur.
771 1986 848 2023 Sed
869 1999 913 2022 ea
933 1998 1031 2036 quae
1061 1993 1148 2022 sunt
1175 1986 1265 2023 fidei
1294 1998 1372 2022 non
1407 1994 1494 2022 sunt

427 2040 613 2087 ignorata:
642 2041 782 2076 horum
805 2039 906 2076 enim
932 2039 1143 2087 ignorantia
1163 2039 1210 2076 ad
1231 2039 1491 2076 infidelitatem

427 2093 598 2142 pertinet,
629 2092 841 2129 secundum
869 2092 959 2130 illud
979 2094 992 2129 I
1013 2093 1064 2129 ad
1094 2092 1189 2128 Tim.
1212 2105 1221 2129 1
1241 2092 1278 2129 *ε
1301 2093 1494 2142 Ignorans

416 2146 501 2194 feci
519 2146 555 2182 in
577 2145 831 2182 incredulitate
859 2157 954 2182 mea.
986 2146 1087 2193 Ergo
1109 2157 1154 2182 ea
1174 2157 1271 2194 quae
1298 2153 1383 2182 sunt
1403 2146 1493 2183 fidei

428 2206 589 2248 possunt
617 2211 699 2235 esse
728 2198 830 2235 scita.

483 2263 518 2288 2.
547 2253 780 2298 PRAETEREA,
811 2251 966 2288 scientia
994 2263 1062 2300 per
1091 2252 1258 2288 rationes
1277 2252 1489 2299 acquiritur.

430 2305 507 2342 Sed
535 2305 585 2341 ad
613 2317 658 2341 ea
687 2317 784 2353 quae
813 2312 900 2341 sunt
927 2304 1018 2341 fidei
1047 2317 1069 2341 a
1097 2305 1211 2342 sacris
1240 2304 1493 2342 auctoribus?

429 2358 594 2394 rationes
631 2357 872 2395 inducuntur.
912 2358 1015 2405 Ergo
1056 2370 1101 2394 ea
1138 2370 1237 2406 quae
1275 2366 1361 2395 sunt
1402 2358 1491 2395 fidei

429 2418 589 2459 possunt
619 2423 700 2448 esse
730 2411 832 2448 scita.

485 2465 518 2501 3.
547 2465 790 2511 PRAETEREA‚
831 2476 874 2500 ea
903 2475 1001 2512 quae
1034 2463 1333 2501 demonstrative
1361 2469 1375 2491 Υ
1406 2476 1492 2512 pro-

430 2518 567 2554 bantur
606 2525 692 2554 sunt
719 2518 827 2554 scita:
867 2516 956 2565 quia
993 2516 1268 2553 demonstratio
1299 2524 1353 2553 est
1379 2516 1493 2565 syllo-

428 2571 572 2620 gismus
586 2570 740 2619 faciens
757 2570 853 2607 scire
874 2571 904 2606 *Ἀ
928 2569 1004 2606 Sed
1025 2566 1216 2617 quaedam
1238 2581 1337 2617 quae
1357 2569 1395 2606 in
1415 2569 1492 2606 fide

431 2623 670 2660 continentur
697 2631 784 2660 sunt
812 2622 1110 2660 demonstrative
1138 2623 1300 2671 probata
1329 2635 1351 2659 a
1371 2622 1492 2671 philo-

430 2676 577 2725 sophis:
612 2676 708 2714 sicut
735 2678 863 2714 Deum
893 2688 992 2722 esse,
1023 2683 1059 2712 et
1086 2677 1213 2712 Deum
1242 2687 1325 2712 esse
1353 2687 1491 2722 unum,

430 2738 467 2767 et
486 2729 557 2766 alia
577 2729 811 2766 huiusmodi.
842 2730 944 2777 Ergo
974 2740 1019 2765 ea
1047 2740 1145 2777 quae
1175 2735 1260 2765 sunt
1288 2728 1379 2765 fidei
1406 2740 1494 2777 pos-

431 2791 517 2820 sunt
546 2795 627 2820 esse
656 2783 759 2819 scita.

483 2848 520 2883 4.
541 2837 774 2883 PRAETEREA,
791 2835 921 2884 opinio
940 2835 1025 2883 plus
1047 2833 1156 2871 distat
1171 2846 1194 2871 a
1209 2833 1362 2871 scientia
1376 2845 1491 2881 quam

431 2890 544 2927 fides:
566 2901 653 2926 cum
668 2889 764 2926 fides
785 2889 931 2926 dicatur
951 2899 1032 2924 esse
1053 2886 1180 2924 media
1199 2885 1212 2908 δ
1228 2886 1324 2924 inter
1347 2886 1494 2935 opinio-

433 2954 522 2979 nem
559 2950 594 2978 et
631 2941 837 2978 scientiam.
875 2942 951 2978 Sed
971 2941 1096 2989 opinio
1121 2946 1156 2977 et
1171 2940 1325 2977 scientia
1339 2945 1496 2989 possunt

432 3007 510 3032 esse
528 2995 654 3044 aliquo
674 2995 784 3031 modo
800 2995 846 3031 de
859 2995 1001 3039 eodem,
1016 3002 1058 3030 ut
1087 2993 1221 3030 dicitur
1239 2993 1278 3030 in
1295 2994 1307 3030 1
1322 2992 1495 3029 Posterss

433 3049 535 3096 Ergo
565 3048 678 3084 etiam
706 3047 802 3084 fides
833 3054 868 3083 et
896 3046 1061 3084 scientia.

487 3101 561 3138 SED
581 3112 727 3138 CONTRA
750 3111 815 3136 EST
849 3099 954 3148 quod
987 3099 1192 3147 Gregorius
1224 3098 1312 3136 dicit
1330 3098 1361 3145 ²³⁶,
1391 3099 1494 3148 quod

433 3154 654 3204 apparentia
683 3166 757 3190 non
776 3154 914 3190 habent
928 3153 1062 3200 fidem,
1081 3153 1148 3189 sed
1165 3151 1408 3201 agnitionem.
1438 3152 1495 3189 Ea

487 3298 513 3330 α)
534 3297 670 3331 ignorata.
682 3310 699 3316 -
719 3297 812 3329 ignota
830 3296 901 3320 DHL
903 3296 937 3326 K;
958 3297 1038 3320 altero
1059 3298 1097 3321 lo
1091 3304 1115 3320 o
1135 3298 1228 3334 ignota
1248 3297 1326 3322 PDG.

487 3332 512 3365 β)
531 3332 692 3358 auctoribus.
706 3346 724 3351 —
742 3331 894 3357 doctoribus
912 3331 1041 3356 ΒΟΗΙΚΙ
1045 3332 1079 3355 5Ε
1099 3337 1123 3356 et
1142 3340 1167 3356 K.

486 3369 512 3401 γ)
533 3367 748 3393 demonstrative.
754 3367 1009 3392 —demonstratione
1019 3367 1074 3396 DG,
1083 3369 1141 3399 (per
1152 3367 1196 3399 sC)
1209 3358 1495 3392 demonstrationemC.

487 3403 511 3434 δ)
538 3404 644 3428 dicatur
662 3410 717 3428 esse
736 3402 832 3427 media.
845 3416 864 3421 —
883 3402 988 3427 dicatur
1007 3409 1078 3426 esse
1086 3402 1222 3427 ACDFGI
1223 3410 1271 3435 pa,
1292 3410 1342 3427 non
1369 3402 1494 3434 (medium

435 3438 480 3471 sB)
495 3439 602 3464 dicatur
619 3446 675 3463 esse
694 3439 722 3470 B,
742 3438 849 3465 dicatur
867 3437 955 3462 media
973 3444 1028 3462 esse
1047 3438 1064 3466 Ι,
1084 3438 1123 3462 di
1119 3441 1189 3462 atur
1206 3445 1262 3463 esse
1280 3437 1394 3462 medium
1414 3438 1497 3470 sz'n.

1546 1784 1636 1820 ergo
1674 1773 1721 1809 de
1758 1772 1898 1820 quibus
1937 1781 1992 1810 est
2029 1772 2128 1810 fides
2162 1773 2396 1822 agnitionem
2430 1787 2515 1813 11011
2548 1771 2614 1830 ha-

1546 1826 1646 1861 bent.
1670 1825 1746 1862 Sed
1767 1837 1812 1862 ea
1831 1838 1930 1874 quae
1950 1833 2038 1863 sunt
2056 1826 2183 1863 scita*
2206 1828 2349 1865 habent
2367 1827 2612 1885 agnitionem.

1547 1878 1648 1926 Ergo
1689 1878 1736 1915 de
1770 1878 1828 1915 his
1865 1891 1964 1928 quae
2002 1886 2090 1916 sunt
2128 1879 2240 1917 scita
2254 1893 2334 1918 non
2368 1889 2514 1930 potest
2524 1892 2615 1919 esse

1546 1931 1655 1968 fides.
2031 1954 2033 1957 »
2527 1956 2531 1960 ,

1600 1986 1825 2022 Responozo
1854 1996 2039 2023 DtCENDuM
2073 1986 2179 2034 quod
2208 1986 2332 2024 omnis
2361 1979 2515 2025 scientia
2528 1959 2615 2037 113-

1547 2038 1657 2075 betur
1673 2050 1742 2087 per
1761 2037 1889 2098 aliqua
1908 2038 2092 2088 principia
2115 2051 2184 2087 per
2199 2051 2239 2076 se
2259 2047 2360 2087 nota,
2382 2048 2419 2079 et
2438 2053 2506 2090 per
2525 2053 2614 2079 con-

1546 2103 1711 2140 sequens
1739 2091 1833 2128 visa.
1863 2091 1912 2128 Et
1940 2091 2028 2129 ideo
2057 2099 2207 2150 oportet
2235 2105 2502 2143 quaecumque
2528 2102 2616 2137 sunt

1546 2144 1639 2181 scita
1666 2143 1793 2193 aliquo
1813 2143 1932 2181 modo
1953 2157 2037 2182 esse
2055 2144 2150 2182 visa.
2181 2146 2273 2182 Non
2301 2154 2430 2184 autem
2450 2155 2506 2184 est
2526 2159 2615 2203 pos-

1547 2197 1651 2234 sibile
1671 2197 1775 2246 quod
1796 2197 1898 2234 idem
1919 2198 1968 2235 ab
1988 2198 2128 2235 eodem
2148 2197 2194 2234 sit
2213 2199 2398 2236 creditum
2419 2207 2456 2236 et
2472 2199 2612 2248 visum,

1547 2250 1642 2288 sicut
1676 2262 1790 2300 supra
1814 2250 1835 2272 ’¹‘
1863 2250 2007 2288 dictum
2045 2258 2113 2287 est.
2144 2251 2255 2288 Unde
2290 2252 2403 2289 etiam
2438 2252 2652 2302 impossib·

1546 2303 1620 2340 bile
1650 2311 1706 2340 est
1734 2304 1838 2352 quod
1863 2304 1911 2340 ab
1937 2304 2076 2341 eodem
2105 2303 2208 2341 idem
2237 2303 2282 2342 sit
2310 2305 2448 2343 scitum
2476 2313 2511 2342 et
2536 2307 2615 2350 cres-

1547 2357 1679 2394 ditum.

1600 2410 1731 2446 Potest
1757 2416 1886 2446 tamen
1915 2409 2135 2457 contingere
2163 2417 2204 2446 ut
2222 2410 2262 2447 id
2281 2410 2387 2459 quod
2411 2418 2466 2448 est
2484 2411 2612 2449 visum

1545 2463 1607 2499 vel
1626 2463 1763 2499 scitum
1783 2462 1832 2498 ab
1850 2474 1943 2510 uno,
1964 2462 2010 2499 sit
2030 2462 2216 2499 creditum
2232 2464 2281 2500 ab
2296 2463 2382 2501 alio.
2405 2464 2463 2501 Ea
2483 2464 2585 2502 enim
2601 2463 2613 2490 ζ

1546 2527 1645 2563 quae
1675 2515 1723 2552 de
1747 2515 1931 2552 Trinitate
1967 2515 2158 2552 credimus
2196 2528 2267 2553 nos
2301 2516 2453 2554 visuros
2485 2528 2614 2566 spera—

1546 2581 1650 2616 mus,
1681 2568 1893 2606 secundum
1928 2568 2020 2606 illud
2049 2569 2062 2605 1
2092 2569 2144 2606 ad
2165 2569 2253 2606 Cor.
2282 2569 2402 2607 x111²¹,‘:
2438 2569 2613 2608 Videmus
2640 2580 2651 2591 ⁸

1547 2634 1648 2659 nunc
1658 2633 1733 2670 per
1749 2621 1975 2670 speculum
1960 2634 1998 2658 m
2017 2622 2244 2671 aenigmate,
2265 2628 2354 2661 tunc
2370 2628 2496 2660 autem
2504 2622 2614 2672 facie

1546 2675 1598 2711 ad
1612 2675 1781 2724 faciem:
1810 2686 1928 2722 quam
1961 2674 2118 2722 quidem
2151 2674 2343 2712 visionem
2375 2675 2453 2712 iam
2490 2676 2613 2724 angeli

1546 2727 1708 2764 habent·
1736 2727 1839 2764 unde
1867 2727 1973 2776 quod
1995 2739 2072 2764 nos
2101 2727 2292 2765 credimus
2314 2727 2365 2764 1111
2391 2727 2534 2767 vident.
2564 2729 2615 2766 Et

1547 2771 1716 2817 similiter
1734 2786 1753 2807 η
1786 2787 1910 2830 potest
1930 2780 2149 2828 contingere
2169 2787 2210 2818 ut
2227 2780 2266 2819 id
2286 2780 2391 2830 quod
2412 2789 2468 2818 est
2483 2781 2613 2835 visum

1547 2833 1609 2870 vel
1638 2833 1774 2870 scitum
1803 2833 1850 2870 ab
1879 2845 1958 2870 uno
1987 2832 2158 2881 homine,
2189 2833 2302 2871 etiam
2331 2834 2368 2871 in
2397 2842 2495 2872 statu
2513 2830 2612 2882 viae,

1548 2886 1594 2924 sit
1622 2887 1669 2923 ab
1699 2885 1773 2923 alio
1803 2886 1998 2934 creditum,
2030 2885 2094 2935 qui
2112 2886 2188 2924 hoc
2207 2887 2505 2925 demonstrative
2534 2900 2615 2925 non

1549 2939 1666 2976 novit.
1694 2940 1736 2977 Id
1755 2947 1884 2977 tamen
1905 2939 2009 2989 quod
2028 2939 2285 2977 communiter
2310 2938 2517 2978 omnibus-⁰
2545 2941 2614 2978 ho-

1549 2993 1716 3030 minibus
1734 2993 1958 3054 proponitur
1974 3000 2018 3030 ut
2037 2993 2271 3030 credendum
2287 3001 2344 3030 est
2359 2993 2615 3031 communiter

1550 3058 1628 3083 non
1661 3045 1807 3083 scitum.
1842 3047 1891 3084 Et
1922 3046 1992 3083 ista
2020 3053 2106 3084 sunt
2141 3058 2239 3096 quae
2274 3046 2493 3096 51111ρ1161161
2523 3046 2614 3086 fidei

1550 3099 1720 3136 subsunt.
1757 3099 1807 3136 Et
1838 3099 1926 3137 ideo
1956 3099 2052 3137 fides
2086 3106 2122 3136 et
2149 3097 2305 3137 scientia
2337 3112 2415 3138 non
2450 3106 2537 3139 sunt
2565 3098 2612 3139 de

1551 3152 1702 3190 eodem.

1602 3298 1625 3328 ι)
1644 3297 1719 3322 scita.
1731 3311 1750 3316 -
1767 3297 1836 3322 sicut
1853 3298 1919 3323 scita
1940 3298 1967 3322 Ρ.

1601 3331 1626 3365 ζ)
1647 3332 1689 3358 Εα
1707 3333 1818 3357 enim.-
1838 3333 1943 3358 Etenim
1963 3333 1992 3357 P.

1601 3367 1627 3399 η)
1647 3367 1808 3392 similimu-
1826 3368 1863 3392 sic
1881 3367 2003 3393 similiter
2022 3367 2101 3393 PCsA
2121 3373 2146 3393 et
2164 3376 2189 3397 ιι,
2209 3368 2232 3393 si
2250 3367 2371 3393 similiter
2389 3366 2507 3400 BFpAE.

1603 3400 1627 3434 Θ)
1646 3403 1806 3428 0133111115.-
1824 3402 1885 3427 Om.
1906 3403 2003 3428 ABEF'.

2664 1271 2731 1295 Vm.
2746 1279 2779 1301 14,
2794 1280 2823 1302 ¹5·

2667 2260 2719 2282 Art.
2734 2260 2842 2287 praeced.

2667 2579 2734 2602 Vm.
2748 2586 2778 2602 n.
