2892 4056
32 1411 40 1415 ·
86 1402 166 1430 ’,Am
181 1407 203 1428 a,
221 1401 294 1424 Gom-

86 1431 240 1468 ffuminum
252 1434 294 1460 ’ω’

117 1483 120 1484 ’
208 1481 212 1493 l
231 1477 235 1485 ⁵
248 1489 251 1491 .

1017 171 1281 218 QUAEsrio
1311 157 1407 218 Ll'v,
1436 170 1730 207 ARTICULUS
1760 171 1808 206 111

327 250 446 290 modo
475 262 552 297 quo
583 249 705 286 debet.
744 251 872 286 Potest
901 261 989 297 ergo
1020 249 1215 297 dupliciter
1243 248 1386 284 contin—

326 315 414 351 gere
433 302 537 351 quod
565 302 788 349 negligentia
808 302 853 339 sit
879 309 1078 351 peccatum
1098 301 1268 338 mortale.
1298 301 1384 337 Uno

325 355 456 402 modo,
478 367 523 391 ex
549 362 655 403 parte
676 354 756 392 eius
783 355 890 403 quod
907 353 1211 402 praetermittitur
1233 365 1302 402 per
1320 365 1385 390 ne-

325 407 553 455 gligentiam.
591 406 707 453 Quod
726 407 881 455 quidem
902 407 934 443 si
953 407 999 445 sit
1017 405 1065 443 de
1085 405 1307 443 necessitate
1327 417 1383 441 sa-

325 460 424 507 lutis,
453 459 534 496 sive
563 459 609 496 sit
636 467 741 496 actus
769 460 849 497 sive
877 458 1172 505 circumstantia,
1203 458 1271 495 erit
1297 470 1384 506 pec-

327 519 454 549 catum
482 512 653 548 mortale.
671 532 695 539 -
710 511 795 548 Alio
815 511 946 558 modo,
969 523 1013 547 ex
1032 518 1137 559 parte
1166 522 1314 547 causae.
1345 509 1383 546 Si

327 565 428 601 enirn
456 565 633 601 voluntas
652 565 839 601 intantum
859 564 904 600 sit
931 563 1086 600 remissa
1106 563 1204 599 circa
1224 574 1268 599 ea
1287 574 1383 610 quae

325 625 412 653 sunt
438 616 510 653 Dei
539 625 580 653 ut
607 617 766 653 totaliter
793 628 815 652 a
842 615 915 652 Dei
935 615 1086 652 caritate
1116 615 1278 661 deficiat,
1302 614 1384 651 talis

325 669 548 717 negligentia
577 676 633 706 est
650 676 850 717 peccatum
879 668 1050 704 mortale.
1081 668 1130 703 Et
1149 668 1223 703 hoc
1241 667 1383 715 praeci-

323 734 400 770 pue
420 721 601 769 contingit
619 723 774 769 quando
793 719 1016 767 negligentia
1043 719 1212 767 sequitur
1231 731 1276 756 ex
1296 731 1384 756 con—

325 782 516 823 temptu.—
528 773 719 822 Alioquin,
740 773 771 810 si
785 772 1010 820 negligentia
1024 772 1203 809 consistat
1220 772 1258 808 in
1277 783 1384 820 prae-

324 826 563 863 termissione
582 826 738 862 alicuius
759 832 863 877 actus
882 825 944 861 vel
965 823 1267 861 circumstantiae
1285 835 1384 871 quae

324 891 404 917 non
437 879 484 916 sit
510 878 560 917 de
587 877 807 916 necessitate
844 876 989 922 salutis3
1028 889 1099 913 nec
1135 876 1210 912 hoc
1246 876 1312 913 fiat
1340 888 1384 911 ex

325 938 574 979 contemptu,¹
596 931 665 967 sed
690 942 736 969 ex
764 929 893 976 aliquo
912 938 915 941 ’
931 929 1080 966 defectu
1113 927 1288 974 fervoris,
1318 928 1384 976 qui

324 983 528 1032 impeditur
558 982 747 1020 interdum
783 993 854 1030 per
879 981 1035 1029 aliquod
1071 980 1220 1018 veniale
1252 991 1385 1028 pecca-

323 1043 426 1072 tum:
454 1043 545 1072 tunc
562 1034 786 1082 negligentia
813 1045 892 1070 non
913 1041 967 1070 est
994 1040 1192 1082 peccatum
1213 1032 1384 1078 mortale,

324 1088 391 1124 sed
418 1087 578 1125 veniale.
1372 1084 1374 1087 ’

375 1142 435 1177 AD
467 1151 605 1177 PRIMUM
638 1151 736 1176 ERGO
770 1150 955 1176 mCENDUM
983 1138 1089 1187 quod
1117 1137 1243 1174 minor
1276 1149 1386 1174 amor

323 1192 396 1229 Dei
431 1199 556 1241 potest
584 1192 738 1239 intelligi
775 1190 983 1240 dupliciter.
1021 1190 1108 1228 Uno
1145 1189 1286 1236 modo,
1316 1201 1385 1238 per

2419 169 2492 216 397

1442 249 1630 285 defectum
1658 247 1815 284 fervoris
1836 246 2012 283 caritatis:
2043 253 2079 282 et
2108 245 2160 282 sic
2180 253 2353 282 causatur
2380 245 2493 292 negli-

1440 300 1563 347 gentia
1582 311 1678 348 quae
1699 307 1754 336 est
1772 306 1968 347 peccatum
1987 297 2146 334 veniale.
2171 297 2256 333 Alio
2276 297 2406 344 modo,
2426 309 2494 345 per

1441 352 1630 389 defectum
1649 352 1764 400 ipsius
1783 351 1958 388 caritatis:
1979 350 2074 388 sicut
2093 349 2225 387 dicitur
2243 349 2367 385 minor
2385 361 2494 385 amor

1439 404 1512 442 Dei
1548 405 1702 453 quando
1740 403 1871 452 aliquis
1907 403 2022 450 diligit
2048 403 2174 440 Deum
2203 402 2326 438 solum
2364 413 2493 437 amore

1440 457 1609 494 naturali.
1648 457 1697 493 Et
1723 463 1813 493 tunc
1850 463 2023 492 causatur
2054 454 2278 502 negligentia
2313 465 2410 501 quae
2439 460 2494 489 est

1439 516 1639 558 peccatum
1668 509 1839 545 mortale.

1493 563 1551 598 An
1571 572 1759 598 SECUNDUM
1785 572 1966 597 DICENDUM
1987 560 2090 607 quod
2107 570 2233 607 parva
2252 558 2388 595 oblatio
2407 569 2491 593 cum

1439 614 1571 650 humili
1588 619 1709 650 mente
1727 619 1762 649 et
1775 625 1875 661 pura
1903 612 2096 649 dilectione
2112 612 2234 659 facta,
2259 618 2300 647 ut
2327 611 2379 647 ibi
2396 609 2416 631 '¹‘
2440 609 2493 646 di-

1441 666 1553 712 citur,
1583 678 1661 702 non
1689 666 1814 702 solum
1853 672 1986 714 purgat
2022 671 2176 712 peccata
2212 663 2396 709 venialia,
2426 661 2493 698 sed

1439 719 1553 755 etiam
1581 718 1764 755 mortalia.

1491 773 1550 807 AD
1569 782 1727 807 ”marum
1752 781 1935 807 mCENDUM
1963 769 2067 817 quod
2089 769 2243 816 quando
2271 765 2495 815 negligentia

1440 823 1606 859 consistit
1633 823 1671 859 in
1698 821 2024 871 praetermissione
2053 833 2187 857 eorum
2207 832 2305 869 quae
2333 827 2420 857 sunt
2447 819 2494 856 de

1440 875 1662 911 necessitate
1690 874 1838 921 salutis,
1867 882 1955 910 tunc
1982 873 2138 910 trahitur
2165 873 2214 910 ad
2241 872 2343 909 aliud
2377 882 2494 919 genus

1439 927 1584 974 peccati
1620 926 1739 973 magis
1772 926 2026 963 manifestum.
2064 926 2223 962 Peccata
2260 925 2360 962 enim
2397 935 2495 972 quae

1411 985 1413 1026 Ι
1441 979 1647 1016 consistunt
1674 978 1713 1015 in
1739 978 1978 1015 interioribus
2006 977 2149 1014 actibus
2177 984 2264 1014 sunt
2291 977 2412 1024 magis
2432 988 2494 1012 oc-

1441 1031 1549 1067 culta.
1579 1031 1628 1067 Et
1654 1030 1740 1067 ideo
1760 1042 1830 1078 pro
1860 1030 1912 1066 eis
1941 1037 2040 1066 certa
2068 1029 2250 1066 sacrificia
2269 1042 2347 1066 non
2374 1029 2495 1065 iniun-

1439 1084 1623 1131 gebantur
1648 1083 1687 1120 in
1715 1083 1814 1130 lege:
1845 1082 1930 1130 quia
1958 1082 2228 1118 sacrificiorum
2257 1081 2396 1118 oblatio
2417 1088 2496 1118 erat

1440 1136 1630 1184 quaedam
1658 1135 1809 1185 publica
1844 1134 2061 1183 protestatio
2094 1134 2255 1183 peccati,
2285 1146 2382 1181 quae
2417 1146 2495 1170 non

1440 1196 1496 1225 est
1523 1188 1696 1225 facienda
1724 1188 1771 1225 de
1800 1194 1956 1235 peccato
1985 1187 2144 1223 occulto.

1002 1277 1334 1310 Commentario.
1357 1275 1607 1308 Cardinans
1631 1275 1830 1307 Oaietani

343 1341 373 1380 31
409 1348 541 1380 articulo
573 1347 682 1384 tertio,
706 1348 740 1378 in
769 1347 975 1388 responsione
1007 1347 1047 1377 ad
1077 1346 1223 1382 tertium,
1256 1347 1382 1377 adverte
1407 1370 1409 1384 ὲ
1434 1346 1494 1376 tiae
1518 1345 1670 1386 speciem:
1704 1344 1780 1374 foris
1804 1351 1908 1374 autem
1939 1343 1971 1374 in
1995 1350 2064 1374 actu
2095 1342 2202 1374 iudicii
2231 1342 2401 1372 iniustitiae
2424 1351 2495 1372 reus

325 1360 348 1423 Ι
1436 1396 1492 1420 est.
1515 1389 1556 1419 Et
1579 1388 1681 1418 simile
1696 1396 1742 1419 est
1765 1389 1797 1418 in
1821 1387 1898 1418 aliis.
1923 1387 1964 1418 Et
1986 1387 2058 1417 ideo
2075 1387 2175 1417 littera
2199 1386 2274 1416 dicit
2288 1386 2376 1427 quod
2399 1385 2496 1425 negli-

1435 1433 1540 1473 gentia
1562 1433 1693 1463 trahitur
1715 1433 1755 1462 ad
1779 1432 1864 1462 aliud
1879 1441 1978 1471 genus
2001 1431 2128 1471 peccati.
2154 1431 2194 1461 Et
2217 1440 2272 1470 par
2295 1435 2341 1460 est
2362 1429 2442 1460 ratio
2457 1429 2496 1459 de

1436 1476 1702 1517 praecipitatione,
1725 1475 2010 1506 inconsideratione
2033 1482 2064 1506 et
2081 1474 2300 1510 inconstantia,
2317 1483 2399 1514 quae
2418 1472 2497 1503 circa

1436 1527 1524 1551 actus
1545 1520 1676 1550 rationis
1699 1529 1887 1550 communes
1910 1518 2059 1549 omnibus
2082 1518 2255 1549 moralibus
2271 1524 2354 1553 sunt,
2370 1517 2451 1547 sicut
2467 1523 2497 1547 et

1437 1563 1636 1604 negligentia.

353 1394 451 1435 quod,
476 1393 558 1423 sicut
579 1393 612 1423 in
636 1392 834 1432 praecedenti
857 1391 993 1422 diximus
1009 1391 1196 1432 quaestione
1210 1390 1237 1426 *,
1262 1390 1293 1420 in
1311 1399 1383 1430 pec·
1407 1404 1409 1406 v

322 1438 401 1470 eatis
419 1436 603 1474 moralibus,
618 1437 645 1467 si
662 1435 904 1476 distinguendus
923 1442 970 1466 est
993 1435 1134 1465 defectus
1151 1434 1281 1465 rationis
1297 1444 1317 1464 a
1331 1434 1384 1464 de-

321 1482 405 1521 fectu
427 1481 586 1522 appetitus
609 1488 664 1511 aut
685 1480 813 1511 alterius
835 1479 1014 1510 executivae
1036 1478 1206 1518 potentiae,
1226 1477 1318 1517 plura
1333 1487 1384 1516 ge-

322 1536 399 1561 nera
418 1531 621 1567 peccatorum
642 1525 677 1555 in
700 1534 766 1554 uno
789 1530 862 1554 actu
883 1522 1094 1554 invenientur.
1117 1521 1213 1552 Verbi
1234 1521 1343 1560 gratia,
1359 1521 1385 1551 si

321 1563 604 1612 q'ui‘s'negligendo
626 1569 695 1598 iura
718 1567 856 1608 partium
872 1566 1022 1597 iniustam
1046 1565 1104 1596 fert
1123 1564 1320 1601 sententiam,
1339 1564 1384 1595 in-

321 1610 416 1645 nsffn
437 1613 560 1644 ratione
582 1611 816 1652 imprudentiae
841 1621 913 1642 reus
937 1617 984 1641 est
1007 1609 1184 1641 secundum
1216 1609 1377 1649 negligen-

2520 614 2683 641 ’Glossa,10c.
2692 615 2730 635 cit.
