2892 4056
208 1689 218 1700 ⁸
232 1689 298 1711 Vers.
313 1695 347 1716 27.

206 1854 215 1862 '
231 1852 300 1873 Hom.
316 1851 381 1873 XXV
396 1852 418 1873 in

208 1878 281 1906 Epist.
292 1878 325 1900 ad
338 1878 417 1911 Hebr„

208 1905 416 1958 affinitati&

208 1957 260 1983 XF,
275 1963 314 1984 qu.
329 1964 364 1979 ιιι.

207 2066 215 2074 ·
230 2064 297 2087 Vers.
311 2071 340 2087 12.

209 2703 217 2711 '
235 2701 299 2723 Vers.
314 2708 334 2728 2,
342 2707 362 2730 3.

209 2910 218 2919 ⁶
226 2908 292 2935 Ord.,
300 2915 350 2936 sup.
359 2914 418 2930 vere.

210 2941 242 2957 22.

461 194 511 230 90
1169 182 1433 228 QUAESTIO
1463 185 1514 230 X,

455 260 615 301 pluribus,
640 261 729 301 quod
752 260 846 290 minis
870 267 900 290 et
923 260 1092 290 terroribus
1123 259 1302 300 principum
1333 260 1442 296 coacti,
1467 270 1513 290 sa-

457 311 614 335 cramenta
625 304 697 335 fidei
713 304 926 344 suscipientes,
944 303 1094 334 serviliter
1112 303 1298 343 suscipiant:
1314 303 1387 335 licet
1402 303 1513 344 aliquis

455 347 535 379 forte
559 349 597 379 de
620 347 801 378 necessitate
830 347 942 377 faceret
970 347 1126 377 virtutem.
1158 346 1219 377 Sed
1242 347 1274 378 in
1297 347 1445 378 humanis
1469 354 1513 378 at-

455 393 650 422 tendendum
676 398 721 421 est
750 392 838 431 quod
863 398 897 420 ut
925 390 957 420 in
981 390 1125 430 pluribus
1155 390 1322 421 invenitur.
1354 391 1512 431 Religioni

454 435 549 475 igitur
571 435 750 466 adversatur
773 444 882 474 cogere
905 433 1046 464 infideles
1066 433 1198 464 omnino
1223 441 1384 465 extraneos
1400 435 1438 464 ab
1453 435 1511 464 Ec·
1538 468 1539 472 Ἰ

454 479 547 509 clesia
570 480 609 509 ad
631 478 742 509 fidem:
772 478 847 518 quia
878 478 1057 507 adversatur
1087 478 1267 509 voluntario
1297 478 1448 519 requisito
1473 479 1512 508 ad

454 529 646 553 sacramenta
668 521 750 552 fidei.

508 567 595 597 Ultra
618 566 679 596 hoc
703 565 790 606 quod
814 565 994 594 adversatur
1017 564 1077 604 ipsi
1101 565 1182 595 actui
1206 564 1279 595 fidei
1301 566 1356 607 qui
1378 573 1424 596 est
1447 575 1510 596 cre·
1537 602 1539 615 Ι

453 610 534 646 dere,
560 611 597 640 de
621 609 710 639 cuius
727 608 846 639 ratione
866 614 911 637 est
932 608 1157 645 voluntarium,
1174 615 1209 639 ut
1223 609 1256 639 in
1272 609 1373 640 littera
1389 609 1510 640 dicitur.

453 653 549 690 Quod
573 653 616 683 sic
639 652 787 691 intellige.
811 651 954 682 Medium
978 652 1070 682 debet
1093 662 1159 682 esse
1183 662 1362 683 consonum
1386 660 1416 684 et
1438 663 1511 694 pro·
1537 683 1538 697 χ

452 697 670 737 portionatum
693 695 758 725 fini.
788 695 849 725 Sed
873 696 995 725 credere
1019 702 1066 726 est
1082 696 1119 726 de
1142 706 1255 736 genere
1271 697 1455 727 voluntarii:
1481 703 1512 727 et
1537 699 1538 704 ¹

452 740 631 780 compulsio
666 749 721 780 per
749 746 886 775 metum,
912 746 986 775 etc.‚
1019 746 1065 770 est
1099 740 1148 770 via
1179 741 1218 770 ad
1249 740 1509 772 involuntarium.

451 785 546 824 Ergo,
570 802 589 807 -
613 785 700 814 Patet
730 783 849 814 minor:
882 783 956 823 quia
985 783 1017 813 id
1040 785 1129 824 quod
1159 791 1246 815 metu
1269 784 1321 823 fit,
1353 792 1511 825 quantum

450 828 543 858 habet
562 828 600 858 de
623 835 710 858 metu
734 834 858 858 tantum
881 827 975 857 habet
994 828 1032 858 de
1051 828 1276 859 involuntario.
1302 829 1336 859 In
1361 829 1450 860 cuius
1470 829 1510 860 si·
1536 835 1538 853 1

449 882 566 912 gnum,
591 871 615 902 si
640 871 716 901 nihil
740 878 842 902 metus
866 872 1000 907 adesset,
1026 871 1104 903 nihil
1126 872 1329 904 involuntarii
1352 874 1402 904 hic
1425 880 1511 914 pate-
1536 890 1538 893 v

450 923 543 946 retur.

505 960 556 990 111.
566 960 616 990 Ad
628 959 769 999 primum
781 966 887 989 autem
899 958 985 990 Scoti
999 959 1113 990 dicitur
1124 960 1212 1000 quod
1230 961 1384 991 sententia
1395 961 1510 1002 synodi

450 1005 515 1033 duo
540 1003 695 1034 continet:
727 1003 844 1034 scilicet
866 1003 994 1034 laudem
1017 1003 1184 1044 principis,
1209 1011 1240 1035 et
1261 1005 1511 1045 prohibitionem
1536 1003 1538 1009 ’

449 1047 531 1078 facti.
556 1048 597 1078 Et
619 1057 655 1078 ex
679 1047 819 1077 secundo
843 1054 928 1087 patet
943 1048 1033 1088 quod
1057 1057 1123 1078 non
1139 1049 1295 1088 approbat
1310 1049 1439 1080 factum.
1464 1052 1511 1081 Ac

449 1101 504 1131 per
528 1091 589 1122 hoc
611 1091 751 1122 insinuat
779 1092 868 1132 quod
896 1091 1043 1122 laudatur
1073 1091 1218 1132 princeps
1249 1093 1287 1123 de
1317 1093 1509 1124 intentione:

449 1135 549 1166 multa
573 1135 658 1165 enim
681 1134 765 1165 mala
787 1135 962 1166 intentione
986 1137 1070 1166 bona
1093 1135 1183 1166 fiunt.

502 1179 553 1209 Ad
577 1179 753 1210 secundum
775 1189 850 1209 vero
875 1179 988 1210 dicitur
1011 1180 1100 1220 quod
1124 1180 1226 1210 maius
1246 1180 1367 1210 malum
1387 1180 1512 1210 videtur

445 1222 612 1253 infideliter
625 1223 729 1253 vivere
741 1223 863 1253 occulte
876 1230 949 1263 post
961 1230 1106 1264 suscepta
1122 1222 1195 1254 fidei
1207 1230 1401 1254 sacramenta
1413 1233 1511 1264 quam

1544 183 1838 220 ARTICULUS
1868 184 1919 220 IX

1566 260 1662 290 libere
1677 259 1842 290 infideliter
1856 260 1973 290 vivere:
1999 261 2072 301 quie
2095 261 2228 293 evitatur
2243 263 2434 294 contumelia
2449 273 2623 294 sacramen-

1567 311 1683 335 torum.
1700 321 1721 326 -
1738 303 1779 333 Et
1802 303 2010 334 nihilominus
2026 305 2066 334 ad
2088 304 2160 341 hoc,
2177 312 2208 336 et
2230 306 2368 346 tertium,
2386 307 2479 338 unica
2494 317 2623 347 respon·

1567 347 1656 377 sione
1681 346 1793 377 dicitur
1823 347 1912 388 quod
1942 357 2005 378 non
2035 353 2110 379 sunt
2130 348 2289 390 facienda
2316 351 2403 382 mala
2436 356 2471 382 ut
2494 352 2623 382 veniant

1538 389 1540 401 ¹
1566 391 1659 428 bona,
1677 397 1711 421 ut
1728 390 1840 421 dicitur
1855 391 1899 421 ad
1912 391 2003 422 Rom.
2016 402 2049 421 111
2064 391 2094 421 *:
2116 399 2146 423 et
2161 393 2264 424 multo
2279 393 2385 424 minus
2401 400 2437 425 ut
2453 395 2574 425 eveniat
2588 393 2623 413 **

1565 478 1766 509 sacramentis
1790 485 1825 509 ut
1847 478 1902 508 filii
1925 479 1957 508 in
1981 479 2070 509 tertia
2093 486 2125 510 et
2146 486 2257 520 quarta
2279 481 2430 521 progenie
2452 482 2620 512 salventur.

1537 546 1539 553 Α
1565 521 1720 559 Quamvis
1744 523 1782 552 de
1805 522 1888 553 facto
1918 522 2096 553 timendum
2127 530 2207 555 esset
2233 524 2434 564 probabiliter
2457 526 2495 556 de
2518 535 2620 566 oppo-

1565 565 1639 596 sito:
1665 566 1739 606 quia
1762 574 1865 606 patres
1895 566 1959 598 ficti
1981 566 2014 597 in
2037 566 2098 597 fide
2122 566 2239 598 similes
2267 567 2325 598 sibi
2347 567 2429 600 filios
2452 569 2619 606 nutrirent;

1564 610 1704 640 naturale
1728 610 1885 651 siquidem
1907 610 1970 641 hoc
1992 617 2047 641 est.

1618 653 1669 684 IV.
1695 653 1730 684 In
1754 655 1867 684 eodem
1891 654 2028 685 articulo*
2045 660 2157 685 octavo
2181 654 2342 685 considera
2365 655 2527 696 diligenter
2548 666 2619 687 cau-

1563 707 1631 727 sam
1654 697 1770 728 iustam
1789 698 1862 729 belli
1881 705 1989 729 contra
2011 698 2164 734 infideles,
2185 705 2214 729 et
2238 698 2467 739 compulsionis
2491 707 2618 731 eorum:

1564 751 1603 771 ne
1618 741 1734 772 scilicet
1749 741 1845 772 fidem
1860 743 1929 773 Iesu
1950 742 2067 773 Christi
2081 742 2255 782 impediant
2274 742 2381 783 aliquo
2397 743 2492 774 trium
2508 744 2620 774 modo-

1563 794 1649 816 rum:
1667 786 1782 816 scilicet
1791 786 1808 805 *
1819 786 1869 817 vel
1881 786 2092 826 blasphemiis,
2106 793 2183 827 puta
2196 786 2329 817 dicendo
2345 787 2428 818 mala
2442 787 2481 818 de
2492 787 2620 819 Christo

1564 830 1633 860 Iesu
1657 836 1712 860 aut
1735 830 1854 861 Sanctis
1877 830 1945 861 eius
1967 838 2022 862 aut
2037 830 2177 862 Ecclesia
2193 830 2276 866 eius3
2300 831 2350 861 vel
2366 830 2622 870 persuasionibus

1562 873 1743 905 inducendo
1774 880 1899 905 nostros
1929 875 1967 905 ad
1997 873 2229 911 infidelitatem;
2261 874 2310 904 vel
2340 874 2620 914 persecutionibus,

1563 917 1627 948 sive
1650 917 1683 948 in
1707 918 1886 955 communi,
1917 925 1954 950 ut
1977 918 2120 959 quotidie
2150 918 2295 948 videmus
2325 918 2446 948 Turcas
2476 918 2621 949 invadere

1563 961 1732 993 Christiani
1755 962 1894 993 nominis
1917 969 2035 1002 gentes,
2058 962 2109 993 vel
2131 962 2165 993 in
2181 961 2368 1002 particulari,
2386 962 2411 992 si
2427 961 2623 993 Christianos

1563 1011 1618 1036 aut
1632 1005 1861 1045 praedicatores
1874 1005 1948 1036 fidei
1963 1006 2117 1037 occidant.
2142 1007 2183 1037 Et
2198 1006 2315 1037 fabrica
2333 1016 2427 1046 super
2441 1006 2529 1036 illam
2543 1015 2623 1047 quo-

1563 1049 1650 1080 niam
1672 1050 1712 1080 ad
1734 1049 1961 1089 impedimenta
1983 1050 2056 1081 fidei
2080 1057 2198 1090 spectat
2221 1051 2309 1090 quod
2332 1060 2399 1081 non
2421 1050 2575 1081 sufferunt
2589 1050 2622 1082 in

1562 1093 1649 1124 terris
1673 1093 1737 1124 suis
1761 1093 2026 1133 praedicationem
2049 1094 2211 1134 publicam
2233 1093 2316 1131 fidei,
2341 1095 2429 1135 quod
2447 1094 2623 1135 praemiant

1563 1138 1753 1177 abnegantes
1784 1137 1947 1168 Christum
1977 1144 2008 1168 et
2035 1138 2216 1169 accedentes
2246 1138 2286 1168 ad
2309 1146 2421 1169 eorum
2448 1137 2561 1174 fidem,
2592 1145 2623 1168 et

1563 1180 1622 1210 alia
1645 1180 1840 1211 huiusmodi.
1865 1181 1912 1211 Ex
1934 1181 1993 1212 hac
2011 1181 2131 1222 quippe
2154 1181 2256 1212 radice
2279 1182 2398 1213 multae
2421 1182 2622 1222 quaestiones

1566 1224 1743 1254 solvuntur.

1253 1360 1568 1401 ARTICULUS
1599 1360 1799 1402 NONUS

1000 1442 1155 1473 UTRUM
1179 1442 1272 1474 CUM
1296 1443 1563 1487 INFIDELIBUS
1586 1443 1732 1475 Possrr
1756 1443 2063 1475 COMMUNICARI

884 1509 917 1544 lV
937 1520 1020 1549 sent„
1041 1520 1100 1545 dist.
1118 1528 1171 1550 xm,
1191 1528 1237 1553 qu.
1256 1528 1283 1552 u,
1304 1526 1349 1546 art.
1372 1520 1400 1551 33
1422 1521 1519 1551 Quodl.

513 1644 520 1652 ’
564 1633 568 1640 ’
658 1656 745 1681 cum
766 1644 979 1681 mfidelibus
994 1644 1114 1692 possit
1134 1644 1420 1681 communicari.
1441 1644 1506 1680 Di-

639 1696 704 1733 cit
719 1697 821 1734 enim
837 1698 1055 1745 Apostolus,
1073 1698 1086 1733 I
1103 1698 1154 1733 ad
1172 1698 1257 1733 Cor.
1274 1709 1298 1733 x
1312 1696 1348 1733 *z
1371 1697 1507 1746 Siquis

655 1755 766 1786 vocat
782 1761 847 1786 vos
869 1749 1071 1797 infidelium
1092 1750 1143 1786 ad
1160 1761 1328 1796 coenam,
1344 1755 1380 1786 et
1396 1750 1506 1787 vultis

446 1803 518 1848 ire,
553 1814 663 1838 omne
695 1803 795 1851 quod
824 1803 929 1838 vobis
958 1803 1161 1851 apponitur
1192 1803 1426 1839 manducate.
1458 1804 1506 1840 Et

447 1856 741 1903 Chrysostomus
764 1855 851 1892 dicit
865 1855 903 1891 *ε
923 1855 986 1891 Ad
1008 1866 1175 1892 mensam
1198 1866 1445 1905 paganorum
1473 1857 1508 1893 si

445 1907 606 1945 volueris
621 1908 686 1954 ire,
703 1910 782 1944 sine
798 1908 872 1945 ulla
883 1908 1134 1956 prohibitione
1142 1908 1404 1956 permittimus.
1427 1909 1504 1946 Sed

445 1962 494 1998 ad
515 1973 675 1997 coenam
697 1961 852 1998 alicuius
872 1961 924 1997 ire
945 1969 999 1998 est
1019 1962 1051 1998 ei
1072 1961 1370 1998 communicare.
1401 1962 1503 2009 Ergo
1528 1963 1531 2025 j

444 2014 529 2050 licet
557 2013 772 2050 infidelibus
802 2014 1098 2051 communicare.

500 2078 533 2103 2.
564 2066 806 2114 PRAETEREA,
831 2068 1038 2116 Apostolus
1070 2066 1178 2114 dicit,
1209 2068 1221 2103 1
1243 2067 1294 2103 ad
1316 2067 1402 2104 Cor.
1422 2079 1446 2103 v
1463 2069 1502 2103 *ε
1528 2069 1530 2110 ἶ

449 2120 547 2161 Quid
563 2120 656 2156 mihi
672 2125 725 2156 est
744 2120 790 2156 de
803 2121 858 2156 his
878 2120 944 2168 qui
953 2120 1058 2168 foris
1075 2125 1164 2156 sunt
1180 2119 1376 2157 iudicare?
1396 2120 1504 2157 Foris

444 2180 571 2209 autem
601 2179 688 2209 sunt
720 2172 902 2210 infideles.
942 2173 1042 2209 Cum
1075 2172 1186 2220 igitur
1222 2185 1290 2221 per
1321 2173 1503 2210 iudicium
1529 2190 1530 2197 ¹

444 2225 637 2262 Ecclesiae
657 2224 871 2274 aliquorum
893 2225 1115 2263 communio
1139 2225 1315 2263 fidelibus
1333 2226 1503 2263 inhibea-

443 2286 521 2325 tur,
555 2278 706 2315 videtur
733 2277 837 2326 quod
858 2284 944 2315 'non
974 2279 1019 2315 sit
1048 2278 1300 2316 inhibendum
1326 2279 1504 2316 fidelibus

445 2343 531 2367 cum
560 2331 778 2368 infidelibus
807 2331 1102 2368 communicare.

500 2385 534 2420 3.
565 2385 805 2430 PRAETEREA‚
845 2383 1023 2420 dominus
1051 2395 1130 2420 non
1159 2391 1283 2432 potest
1317 2384 1370 2421 uti
1391 2396 1502 2422 servo

444 2436 513 2472 nisi
547 2437 581 2473 ei
614 2436 937 2474 communicando
973 2438 1105 2473 saltem
1134 2438 1277 2474 verbo:
1316 2437 1404 2486 quIa
1437 2438 1530 2490 d0·!

444 2489 570 2526 minus
599 2496 731 2526 movet
758 2501 913 2526 servum
941 2501 1009 2538 per
1036 2489 1253 2538 imperium.
1290 2490 1367 2527 Sed
1396 2491 1504 2528 Chri-

445 2542 553 2578 stiani
581 2550 741 2591 possunt
775 2542 917 2579 habere
956 2554 1087 2578 servos
1125 2542 1316 2589 infideles,
1355 2544 1417 2579 vel
1446 2544 1504 2579 Iu—

445 2595 562 2632 daeos
589 2595 651 2632 vel
680 2595 794 2632 etiam
823 2607 993 2643 paganos
1026 2595 1106 2631 sive
1137 2595 1361 2633 Saracenos.
1399 2595 1502 2644 Ergo
1528 2616 1530 2621 ν

1500 2673 1502 2676 -
1555 2649 1625 2685 fert
1654 2648 1834 2684 Ecclesia.

443 2655 603 2696 possunt
630 2648 727 2684 licite
757 2660 843 2684 curn
873 2648 923 2684 eis
953 2648 1248 2684 communicare.

499 2701 572 2738 SED
601 2712 746 2738 CONTRA
770 2713 835 2738 EST
863 2701 967 2749 quod
995 2701 1130 2738 dicitur
1147 2701 1258 2738 Deut.
1279 2700 1381 2737 vl1*:
1410 2701 1502 2738 Non

445 2754 553 2790 inibis
577 2766 661 2790 cum
686 2754 737 2790 eis
761 2754 907 2801 foedus,
929 2764 997 2790 nec
1020 2754 1253 2790 misereberis
1276 2765 1420 2799 eorum,
1442 2765 1503 2790 ne-

445 2819 516 2854 que
547 2807 704 2843 sociabis
737 2819 822 2843 cum
855 2807 906 2843 eis
939 2806 1138 2845 connubia.
1178 2806 1226 2842 Et
1264 2818 1377 2854 super
1411 2805 1530 2845 illud=

446 2861 534 2896 Lev.
565 2871 627 2905 xv,
657 2860 801 2910 Mulier
833 2871 929 2907 quae
966 2860 1141 2896 redeunte
1173 2870 1299 2896 mense
1332 2866 1424 2905 etc.‚
1449 2858 1503 2896 di-

447 2912 495 2948 cit
512 2913 648 2948 Glossa
667 2912 702 2947 ²²⁴:
724 2913 785 2949 Sic
804 2918 948 2961 oportet
965 2914 1012 2948 ab
1033 2911 1243 2949 idololatria
1262 2912 1447 2949 abstinere
1466 2917 1504 2948 ut
1529 2944 1530 2947 ,

447 2977 514 3001 nec
533 2965 748 3002 idololatras
766 2977 834 3001 nec
855 2977 986 3001 eorum
1010 2965 1208 3013 discipulos
1227 2965 1502 3014 contingamus,

447 3029 515 3054 nec
542 3029 626 3053 cum
657 3018 708 3053 eis
736 3018 1037 3054 communionem
1064 3018 1280 3054 habeamus.

500 3071 723 3106 RESPONDEO
752 3081 934 3107 Dici-:snum
963 3070 1067 3118 quod
1095 3069 1317 3107 communio
1347 3069 1503 3106 alicuius

446 3134 632 3172 personae
651 3123 879 3159 interdicitur
898 3122 1072 3159 fidelibus
1093 3123 1305 3172 dupliciter:
1324 3133 1403 3158 uno
1420 3134 1503 3158 mo-

448 3175 509 3222 do,
531 3175 567 3212 in
588 3187 753 3224 poenam
774 3175 868 3212 illius
898 3175 956 3211 cui
986 3176 1204 3213 communio
1224 3174 1394 3213 fidelium
1416 3175 1503 3212 sub-

446 3228 619 3273 trahitur;
649 3228 722 3267 alio
750 3228 880 3274 modo,
909 3228 956 3264 ad
986 3229 1172 3265 cautelam
1201 3240 1336 3265 eorum
1365 3226 1502 3276 quibus

447 3281 678 3318 interdicitur
691 3292 740 3318 ne
756 3280 815 3317 alii
835 3281 1128 3318 communicent.
1150 3282 1199 3318 Et
1213 3287 1374 3329 utraque
1388 3292 1503 3316 causa

1537 1521 1569 1552 X,
1588 1529 1633 1553 qu.
1651 1528 1696 1552 vn,
1715 1526 1761 1546 art.
1784 1529 1805 1552 ¹3
1824 1521 1833 1545 1
1855 1522 1923 1550 Cor„
1944 1529 1999 1554 cap.
2017 1529 2041 1550 ν,
2060 1522 2119 1546 lect.
2137 1529 2174 1547 m.

1530 1636 1663 1701 {Nam
1700 1651 1908 1693 postquam
1949 1645 2174 1682 sententiam
2217 1645 2618 1684 excommunicationis

1530 1715 1532 1747 3
1558 1697 1723 1745 protulit,
1752 1698 1879 1735 subdit
1905 1710 1976 1747 pro
2005 1697 2170 1734 ratione:
2199 1697 2361 1735 Nescitis
2384 1700 2472 1748 quia
2500 1699 2618 1747 modi—

1530 1754 1532 1833 r
1558 1761 1644 1786 cum
1665 1751 1901 1799 fermentum
1930 1756 2044 1787 totam
2071 1762 2236 1788 massam
2262 1750 2618 1801 corrumpitP*“Et

1529 1837 1531 1870 ³
1556 1810 1701 1892 {iffi
1719 1803 1922 1893 ‘Etciss'ssiffie
1934 1804 2618 1895 ⁵3¹1l'aiiiee'*cfissi‘edffi‘ffniirossi‘eib'i

1529 1900 1531 1962 ξ
1556 1908 1612 1945 his
1640 1909 1707 1957 qui
1731 1909 1828 1945 intus
1854 1915 1943 1946 sunt
1966 1920 2032 1946 vos
2060 1885 2260 1946 iza'dicatis?
2279 1910 2300 1930 *⁶
2560 1921 2564 1959 ἦ

1610 1961 1740 1998 Primo
1769 1962 1879 2010 igitur
1906 1962 2026 2000 modo
2055 1974 2132 1999 non
2165 1961 2349 1999 interdicit
2376 1961 2547 1999 Ecclesia
2566 1955 2617 2002 fi-

1529 2029 1530 2054 ἢ
1557 2013 1705 2051 delibus
1725 2015 2039 2052 communionem
2060 2014 2271 2052 infidelium
2292 2013 2358 2064 qui
2372 2012 2615 2052 nullomodo

1556 2067 1674 2104 fidem
1695 2067 1947 2105 Christianam
1967 2075 2203 2116 receperunt,
2220 2067 2360 2104 scilicet
2377 2062 2615 2117 paganorum

1555 2121 1618 2157 vel
1638 2119 1890 2158 Iudaeorum:
1920 2120 2009 2170 quia
2029 2125 2046 2142 ‘²
2065 2132 2143 2158 non
2170 2120 2287 2158 habet
2311 2119 2357 2158 de
2378 2121 2431 2157 eis
2450 2115 2617 2160 iudicate*

1557 2173 1737 2222 spirituali
1767 2173 1926 2220 iudicio,
1965 2173 2034 2210 sed
2065 2173 2286 2222 temporali,
2324 2173 2364 2210 in
2392 2184 2481 2210 casu
2511 2182 2614 2222 eum,

1555 2226 1651 2262 inter
1677 2225 1912 2263 Christianos
1942 2233 2235 2273 commorantes,
2265 2226 2432 2274 aliquam
2462 2222 2614 2275 eulpam

1557 2278 1799 2315 committunt
1817 2286 1853 2315 et
1871 2291 1939 2328 per
1957 2278 2089 2316 fideles
2114 2279 2373 2329 temporaliter
2394 2271 2617 2331 puniuntutff

1528 2353 1530 2377 3
1558 2331 1635 2369 Sed
1660 2331 1734 2368 isto
1762 2331 1903 2379 modo,
1942 2331 2080 2368 scilicet
2109 2331 2146 2368 in
2173 2333 2361 2381 poenam,
2399 2330 2564 2368 interdic*
2590 2328 2619 2378 s?

1556 2384 1728 2421 Ecclesia
1755 2383 1932 2422 fidelibus
1961 2383 2274 2421 communionem
2303 2383 2453 2421 illorum
2483 2383 2557 2422 infi'
2599 2391 2616 2412 ’-’

1555 2437 1649 2474 lium
1678 2436 1742 2486 qui
1771 2450 1793 2474 a
1821 2437 1898 2475 fide
1931 2444 2106 2485 suscepta
2144 2436 2317 2485 deviant,
2355 2437 2418 2474 vel
2447 2449 2616 2475 corrum-

1555 2490 1683 2538 pendo
1712 2489 1847 2537 fidem,
1878 2490 1974 2526 sicut
2000 2489 2196 2537 haeretici,
2223 2489 2286 2527 vel
2315 2490 2428 2527 etiam
2455 2488 2617 2533 totaliter

1528 2563 1530 2579 ι
1557 2554 1579 2578 a
1606 2543 1683 2579 fide
1713 2542 1941 2590 recedendo,
1969 2542 2064 2579 sicut
2092 2549 2298 2591 apostatae.
2325 2543 2371 2579 -In
2397 2550 2580 2592 utrosque
2599 2547 2615 2570 Ὺ

1556 2594 1660 2631 enim
1680 2595 1819 2632 horum
1850 2594 2252 2633 excommunicationis
2281 2594 2504 2639 sententiam
2529 2606 2615 2645 pro-

1610 2701 1687 2736 Sed
1715 2708 1901 2748 quantum
1931 2702 1976 2737 ad
2006 2701 2218 2738 secundum
2245 2700 2427 2747 modum,
2465 2700 2616 2738 videtur

1557 2765 1639 2789 esse
1659 2752 1965 2800 distinguendum
1994 2755 2205 2791 secundum
2234 2753 2402 2790 diversas
2431 2753 2614 2790 conditio-

1556 2817 1624 2842 nes
1652 2817 1903 2854 personarum
1924 2813 1960 2842 et
1979 2805 2219 2853 negotiorum
2250 2813 2286 2842 et
2314 2813 2543 2854 temporum.
2574 2802 2613 2842 Si

1557 2858 1659 2895 enim
1688 2858 1803 2906 aliqui
1831 2858 1968 2895 fuerint
1986 2856 1999 2879 ὃ
2019 2858 2119 2895 firmi
2148 2858 2185 2894 in
2213 2858 2309 2905 fide,
2349 2858 2399 2894 ita
2437 2858 2540 2907 quod
2569 2870 2614 2894 ex

1557 2911 1830 2948 communione
1854 2916 1866 2932 ⁸
1893 2923 2025 2949 eorum
2055 2923 2141 2949 cum
2169 2911 2386 2949 infidelibus
2415 2911 2590 2961 conversi

1528 2978 1530 3008 γ
1556 2963 1766 3001 infidelium
1804 2963 1924 3011 magis
1960 2963 2101 3012 sperari
2138 2963 2258 3012 possit
2290 2976 2406 3012 quam
2443 2963 2586 3006 fidelia

1556 3029 1579 3054 a
1607 3017 1684 3054 fide
1713 3016 1882 3062 aversio;
1920 3029 1998 3053 non
2027 3023 2113 3054 sunt
2139 3016 2368 3066 prohibendi
2400 3016 2618 3055 infidelibus

1566 434 1672 464 minus
1694 434 1827 465 malum.
1859 435 1951 465 Unde
1974 445 2039 465 non
2064 441 2110 465 est
2132 442 2219 467 tanta
2241 436 2402 468 inferenda
2432 438 2629 473 contumelia,

2649 391 2659 401 ⁸
2678 390 2744 413 Vera.
2761 391 2783 413 8.

2648 417 2670 428 ⁶⁸
2689 417 2771 439 vetut
2783 417 2806 439 Ρ.

2647 793 2656 802 ·
2674 791 2764 814 ectum
2777 797 2825 814 om.
2835 791 2861 823 P,

2810 936 2821 959 1

2645 1753 2654 1762 ·
2670 1752 2737 1776 Vm.
2751 1753 2773 1775 6.

2644 1912 2735 1935 'Vm
2750 1918 2780 1935 n.

1557 3069 1842 3115 communicare
1870 3069 1934 3118 qui
1953 3069 2072 3106 fidem
2092 3081 2170 3106 non
2198 3077 2457 3118 susceperunt,
2477 3068 2618 3121 scilicet
2671 3074 2673 3076 '
2708 3077 2709 3084 ¹
2750 3106 2754 3118 ¹
2782 3079 2788 3091 '

1556 3122 1713 3171 paganis
1739 3123 1802 3159 vel
1831 3121 1992 3170 Iudaeis,
2014 3129 2050 3160 et
2073 3122 2237 3159 maxime
2267 3122 2297 3159 si
2325 3121 2538 3168 necessitas,
2554 3117 2617 3170 urff

1555 3183 1651 3223 geat.
1682 3175 1722 3212 Si
1751 3182 1878 3212 autem
1906 3174 1980 3212 sint
2007 3174 2195 3224 simplices
2224 3182 2260 3212 et
2287 3174 2427 3213 infirmi
2453 3173 2492 3213 in
2517 3174 2618 3227 fide,

1558 3228 1604 3264 de
1624 3240 1788 3276 quorum
1808 3227 2057 3265 subversione
2076 3227 2319 3276 probabiliter
2336 3222 2459 3265 time'ri
2478 3226 2615 3276 possit,

1556 3281 1783 3329 prohibendi
1812 3288 1899 3317 sunt
1923 3281 1978 3317 *ab
2011 3280 2222 3318 infidelium
2255 3280 2547 3317 communione:
2577 3287 2615 3316 et

501 3409 527 3440 α)
548 3409 618 3440 quia.
637 3422 655 3427 -
673 3409 719 3440 qui
737 3408 912 3446 AEFGHpr
932 3414 955 3432 et
974 3415 998 3436 a,
1020 3415 1086 3439 quae
1106 3407 1180 3440 BpC;
1200 3415 1247 3440 pro
1266 3407 1350 3437 habet,
1370 3407 1466 3433 habent
1485 3407 1504 3432 P

447 3443 687 3511 ΑΒἙξῗὶιιεναῑει-ι.
707 3493 723 3497 -
742 3478 808 3503 dicit
826 3477 938 3509 FpABc.

1611 3408 1637 3439 γ)
1658 3410 1789 3439 utrosque.
1807 3421 1825 3425 -
1845 3411 1956 3440 utroque
1973 3407 2184 3441 ABCEFHleK
2205 3413 2230 3433 et
2247 3415 2309 3438 aaa,
2329 3411 2469 3442 utrumque
2487 3408 2519 3434 G.

1610 3441 1634 3473 δ)
1649 3442 1762 3475 fuerint.
1780 3455 1799 3460 -
1810 3443 1925 3475 fuerunt
1942 3443 2013 3475 DpC,
2033 3446 2095 3468 sunt
2114 3443 2164 3472 EL,
2183 3442 2237 3468 sint
2255 3442 2335 3467 GtsA.
2378 3472 2383 3476 .

1612 3480 1632 3510 s)
1652 3477 1843 3502 communione.
1862 3491 1878 3496 —
1897 3478 2133 3503 communicatione
2151 3477 2278 3503 ABDGH.
