2892 4056
198 632 207 641 ⁸
224 631 289 653 Vers.
305 631 342 656 46.

192 2171 202 2180 ⁸
211 2171 256 2198 Qu.
269 2177 321 2198 xxv,
332 2175 375 2194 art.
386 2178 402 2193 1.

438 194 512 229 230

1082 195 1346 240 QUAESTIO
1375 196 1534 244 XXVII,
1562 194 1858 233 ARTICULUS
1885 197 1953 232 Vll

1214 312 1531 355 ARTICULUS
1560 312 1826 355 SEPTIMUS

774 395 927 425 UTRUM
952 394 1017 424 SIT
1042 394 1172 425 MAG1s
1195 395 1472 426 MERITORIUM
1496 395 1697 425 DILIGERE
1721 395 1924 427 1N1M1CUM
1948 397 2074 434 QUAM
2098 397 2269 429 AMICUM

1013 463 1044 488 111
1064 460 1226 493 Sent.,‘dist.
1243 473 1299 495 xxx,
1319 470 1365 489 art.
1386 464 1415 496 33
1434 469 1481 489 art.
1499 471 1525 495 4,
1545 464 1576 488 ad
1597 463 1625 493 33
1647 464 1688 489 De
1706 464 1810 495 Virtut„
1830 473 1874 498 qu.
1893 473 1920 497 n,
1939 472 1986 491 art.
2005 465 2031 491 8.

525 545 531 557 ‚
647 536 669 561 ι)
685 536 864 561 summum
883 536 936 561 sm
951 536 1190 562 PROCEDITUR.
1210 526 1371 563 Videtur
1389 526 1493 585 quod

507 576 514 583 ‘
564 569 621 625 ”ff
648 577 766 624 magis
795 577 1027 613 meritorium
1047 577 1093 613 sit
1116 578 1269 626 diligere
1298 578 1492 615 inimicum

435 792 601 820 meretur
633 787 865 823 mercedem.
901 788 977 824 Sed
1006 788 1158 836 diligere
1191 788 1387 826 inimicum
1416 801 1496 826 me-

398 844 536 873 retur
564 840 802 885 mercedem,
841 848 883 876 ut
915 840 1059 877 ibidem
1083 841 1103 862 *
1132 841 1354 878 ostenditur.
1394 842 1517 889 Ergo·

433 889 553 936 magis
583 899 638 928 est
657 869 893 930 merito'rium
922 893 1076 941 diligere
1104 894 1281 931 inimicos
1305 907 1421 943 quam
1443 895 1497 932 di·

432 941 547 988 ligere
570 948 587 964 ²
606 944 764 982 amicos

486 1006 522 1031 2.
543 996 778 1045 PRAETEREA,
807 1006 912 1035 tanto
941 999 1084 1058 aliquid
1112 1007 1168 1036 est
1196 1000 1316 1047 magis
1344 1001 1497 1038 merito-

432 1047 530 1084 rium
559 1058 703 1109 quanto
725 1063 769 1087 ex
789 1052 927 1088 maiori
955 1052 1106 1089 caritate
1134 1053 1316 1101 procedit.
1347 1053 1425 1091 Sed
1445 1053 1497 1090 di-

430 1100 546 1147 ligere
573 1102 771 1140 inimicum
801 1112 856 1141 est
877 1107 1135 1153 perfectorum
1152 1106 1329 1152 filiorum
1347 1107 1435 1152 Dei,
1457 1114 1499 1142 ut

431 1154 665 1212 Augustinus
702 1156 810 1203 dicit,
840 1157 878 1194 in
905 1158 1098 1195 Enchirid.
1119 1157 1157 1194 *z
1187 1158 1339 1206 diligere
1368 1166 1496 1196 autem

432 1207 601 1245 amicum
631 1216 687 1245 est
715 1209 829 1246 etiarn
868 1210 1027 1247 caritatis
1064 1186 1308 1258 imperfectae
1329 1209 1354 1247 β.
1394 1212 1496 1258 Ergo

429 1259 587 1297 maioris
616 1262 740 1298 meriti
768 1270 824 1299 est
851 1263 1006 1310 diligere
1039 1262 1238 1300 inimicum
1272 1275 1390 1310 quam
1419 1263 1497 1300 dili—

431 1323 520 1358 gere
541 1317 557 1341 Υ
577 1314 758 1351 amicum.

487 1366 522 1402 3.
553 1367 796 1414 PRAETEREA‚
826 1367 892 1404 ubi
920 1375 976 1404 est
1002 1367 1127 1404 maior
1159 1375 1318 1405 conatus
1351 1368 1408 1411 ad⁴
1429 1368 1496 1405 bo-

431 1428 537 1464 num,
558 1418 609 1455 ibi
629 1420 781 1457 videtur
801 1433 883 1458 esse
904 1421 1028 1458 maius
1047 1421 1244 1458 meritum:
1275 1421 1365 1468 quia
1386 1433 1498 1458 unus-

430 1471 587 1519 quisque
615 1473 818 1521 propriam
853 1474 1064 1511 mercedem
1101 1474 1260 1528 accipiet
1290 1475 1496 1511 secundum

429 1534 540 1560 suum
569 1524 752 1571 laborem,
779 1534 821 1562 ut
849 1526 1019 1564 diciturl
1045 1521 1133 1564 Cor.
1150 1526 1231 1563 111*.
1263 1527 1341 1563 Sed
1361 1526 1497 1564 maiori

431 1585 571 1613 conatu
598 1578 741 1626 indiget
769 1580 887 1616 homo
916 1580 965 1616 ad
984 1580 1060 1617 hoc
1088 1580 1193 1628 quod
1222 1579 1348 1627 diligat
1374 1579 1498 1616 inimi-

431 1642 520 1666 cum
550 1642 668 1678 quam
697 1633 746 1669 ad
775 1633 850 1669 hoc
878 1633 986 1680 quod
1019 1633 1148 1680 diligat
1180 1632 1369 1669 amicum:
1407 1633 1496 1692 quia

430 1682 620 1721 difficilius
649 1692 716 1721 est.
746 1686 848 1732 Ergo
877 1685 1030 1723 videtur
1057 1686 1163 1733 quod
1191 1685 1346 1733 diligere
1374 1685 1497 1722 inimi—

429 1747 518 1772 cum
539 1736 586 1773 sit
603 1737 725 1784 magis
744 1738 983 1775 meritorium
1003 1751 1122 1786 quam
1134 1738 1298 1789 diligere
1316 1738 1495 1776 amicum.

483 1788 558 1824 SED
563 1801 724 1830 CONTRA
743 1802 810 1827 EST
837 1791 928 1839 quia
955 1791 1047 1828 illud
1075 1791 1181 1839 quod
1211 1798 1266 1827 est
1285 1791 1422 1828 melius
1443 1799 1498 1827 est

429 1840 549 1888 magis
577 1843 827 1881 meritorium.
867 1845 943 1881 Sed
972 1844 1108 1881 melius
1137 1851 1193 1880 est
1222 1843 1373 1891 diligere
1403 1844 1497 1880 arni-

429 1906 539 1931 cum:
569 1896 659 1944 quia
687 1896 822 1933 melius
843 1905 899 1934 est
918 1897 1073 1945 diligere
1098 1897 1321 1941 meliorem;
1351 1896 1496 1934 amicus

429 1955 572 1994 autern,
594 1949 658 1997 qui
684 1956 798 1995 amat,
829 1957 886 1987 est
913 1950 1049 1987 melior
1076 1963 1193 1998 quam
1222 1949 1410 1996 inimicus,
1432 1949 1496 1998 qui

430 2001 520 2038 odit.
552 2002 654 2049 Ergo
675 2002 829 2050 diligere
849 2003 1018 2040 amicum
1040 2011 1095 2040 est
1114 2003 1235 2051 magis
1259 2002 1495 2040 meritorium

431 2066 548 2103 quam
579 2054 730 2102 diligere
760 2056 972 2093 inimicum.

484 2109 709 2145 Responmso
739 2121 924 2147 DicENDUM
953 2110 1058 2157 quod
1088 2109 1183 2146 ratio
1213 2108 1390 2156 diligendi
1411 2120 1498 2157 pro-

429 2160 576 2197 ximum
608 2174 652 2198 ex
678 2162 830 2198 caritate
850 2163 956 2199 Deus
977 2170 1043 2206 est,
1065 2162 1160 2199 sicut
1179 2174 1294 2210 supra
1314 2162 1334 2182 *
1355 2161 1496 2198 dictum

432 2221 497 2250 est.
529 2215 628 2250 Cum
652 2227 740 2262 ergo
761 2216 953 2263 quaeritur
981 2215 1072 2263 quid
1101 2215 1147 2252 sit
1166 2215 1314 2260 melius,
1334 2215 1397 2251 vel
1417 2226 1497 2250 ma-

430 2266 485 2313 gis
514 2267 772 2314 meritorium,
801 2277 929 2305 utrum
959 2268 1112 2316 diligere
1141 2267 1308 2304 amicum
1337 2267 1399 2303 vel
1429 2266 1497 2302 ini—

431 2319 587 2366 micum,
605 2321 803 2369 dupliciter
821 2321 912 2358 istae
934 2321 1155 2358 dilectiones
1175 2319 1389 2368 comparari
1409 2331 1496 2368 pos—

432 2380 538 2409 sunt:
568 2386 647 2409 uno
677 2374 810 2419 modo,
831 2386 877 2410 ex
895 2381 1001 2422 parte
1030 2373 1195 2434 proximi
1223 2373 1288 2422 qui
1317 2372 1495 2420 diligitur;

431 2425 504 2461 alio
533 2426 665 2472 modo,
697 2438 741 2462 ex
769 2434 876 2486 parte
905 2426 1059 2463 rationis
1089 2434 1244 2475 propter
1271 2437 1387 2476 quam
1418 2424 1495 2461 dili-

431 2478 537 2526 gitur.
567 2478 701 2517 Primo
724 2473 880 2527 quidem
910 2479 1030 2516 modo
1062 2479 1209 2517 dilectio
1247 2478 1358 2516 amici
1386 2489 1495 2526 prae-

485 2603 512 2634 α)
533 2602 654 2635 diligere.
671 2615 690 2621 -
709 2602 771 2626 Om.
791 2601 886 2627 PDGa.

485 2637 509 2670 β)
529 2638 708 2671 imperfectae.
725 2650 744 2655 -
757 2637 895 2670 perfectae
913 2635 1159 2669 BDEFHLpACKx
1179 2641 1204 2660 et
1222 2643 1249 2660 a.

483 2674 510 2707 γ)
530 2673 651 2706 diligere.
669 2686 688 2691 -
706 2673 768 2697 Om.
788 2672 901 2696 PDGna.

483 2708 507 2740 δ)
527 2708 673 2740 supposito.
691 2721 710 2726 -
725 2707 932 2739 praesupposito
951 2707 981 2731 Ρ.

1547 585 1603 614 est
1623 586 1659 614 et
1677 579 1798 626 magis
1822 580 2066 626 coniunctus;
2095 581 2199 618 unde
2228 589 2284 618 est
2310 583 2469 621 materia
2488 583 2608 631 magis

1547 631 1781 668 conveniens
1810 633 2019 679 dilectioni;
2050 641 2085 670 et
2112 641 2270 682 propter
2295 635 2371 671 hoc
2395 644 2500 672 actus
2519 636 2608 673 dile-

1549 683 1682 720 ctionis
1702 696 1816 732 super
1833 686 1933 723 hanc
1956 686 2156 723 materiam
2176 686 2362 724 transiens
2386 689 2522 726 melior
2541 697 2607 726 est.

1548 736 1659 773 Unde
1681 744 1717 773 et
1735 738 1815 774 eius
1835 739 2055 787 oppositum
2085 746 2140 775 est
2164 739 2349 776 deterius:
2377 740 2486 788 peius
2506 741 2608 779 enim

1550 796 1605 825 est
1632 789 1738 826 odire
1767 791 1934 828 amicum
1963 804 2079 840 quam
2109 791 2316 828 inimicum.

1603 842 1782 880 Secundo
1802 850 1930 880 autem
1949 844 2069 881 modo
2089 844 2238 881 dilectio
2259 844 2401 882 inimici
2423 846 2611 894 praeemi-

1548 902 1623 941 net,
1645 903 1801 944 propter
1819 896 1909 934 duo.
1940 897 2070 934 Primo
2093 897 2261 946 quidem,
2282 897 2372 946 quia
2400 898 2610 936 dilectionis

1549 947 1661 984 amici
1679 956 1805 996 potest
1832 961 1914 986 esse
1942 949 2016 986 alia
2044 950 2138 986 ratio
2167 962 2285 998 quarn
2313 951 2439 987 Deus:
2468 952 2537 988 sed
2556 951 2611 989 di-

1548 1000 1718 1038 lectionis
1745 1001 1887 1038 inimici
1917 1003 2020 1039 solus
2049 1004 2155 1040 Deus
2184 1010 2240 1040 est
2259 1003 2364 1040 ratio.
2384 1024 2409 1031 -
2430 1003 2610 1042 Secundo

1549 1053 1650 1101 quia,
1671 1054 1869 1102 supposito
1888 1052 1902 1076 ⁸
1921 1056 2026 1102 quod
2054 1063 2214 1104 uterque
2234 1063 2390 1104 propter
2407 1057 2538 1094 Deum
2558 1057 2613 1094 di·
2735 1056 2751 1082 ⁸

1547 1106 1694 1153 ligatur,
1723 1107 1855 1143 fortior
1883 1107 2093 1144 ostenditur
2121 1120 2203 1144 esse
2231 1109 2304 1146 Dei
2331 1109 2482 1146 dilectio
2511 1122 2612 1158 quae

1548 1158 1722 1195 animum
1750 1159 1918 1195 hominis
1946 1159 1996 1196 ad
2025 1160 2230 1197 remotiora
2258 1162 2442 1209 extendit,
2470 1162 2611 1200 scilicet

1548 1223 1670 1258 usque
1698 1211 1748 1247 ad
1777 1211 2020 1248 dilectionem
2056 1212 2322 1250 inimicorum:
2360 1214 2456 1251 sicut
2491 1215 2611 1253 virtus

1548 1262 1643 1310 ignis
1670 1270 1775 1299 tanto
1803 1264 2015 1301 ostenditur
2043 1275 2126 1302 esse
2153 1265 2286 1302 fortior
2313 1274 2457 1313 quanto
2485 1268 2536 1305 ad
2554 1280 2612 1306 re·
2686 1298 2689 1301 .
2732 1297 2735 1300 .

1549 1315 1713 1352 motiora
1741 1315 1917 1353 diffundit
1948 1328 2062 1354 suum
2092 1317 2270 1354 calorem.
2309 1319 2436 1355 Tanto
2465 1320 2580 1365 etiam
2598 1326 2613 1342 ⁶
2677 1316 2680 1319 ’
2737 1331 2749 1348 ⁸

1549 1368 1758 1405 ostenditur
1778 1368 1907 1406 divina
1926 1369 2074 1406 dilectio
2104 1382 2187 1406 esse
2210 1370 2344 1408 fortior
2362 1379 2506 1419 quanto
2525 1385 2613 1421 pro-

1547 1429 1631 1480 pter
1658 1421 1781 1469 ipsam
1810 1421 2022 1459 difficiliora
2049 1421 2274 1472 implemus·
2308 1423 2404 1461 sicut
2429 1432 2467 1461 et
2493 1425 2620 1470 virtus

1547 1473 1643 1522 ignis
1669 1481 1776 1511 tanto
1807 1481 1862 1511 est
1889 1474 2022 1512 fortior
2054 1483 2198 1524 quanto
2228 1477 2456 1515 comburere
2488 1485 2616 1527 potest
2652 1508 2654 1510 .
2743 1500 2754 1512 ν,

1548 1526 1748 1564 materiam
1778 1526 1904 1564 minus
1933 1528 2679 1566 combustibilem.
2734 1535 2737 1537 ’

1602 1579 1681 1616 Sed
1709 1579 1804 1616 sicut
1831 1579 1934 1617 idem
1962 1579 2058 1639 ignis
2091 1580 2131 1618 in
2166 1581 2443 1641 propinquiora
2481 1561 2614 1623 fortius

1549 1632 1624 1680 agit
1643 1645 1760 1682 quam
1790 1632 1828 1670 in
1857 1633 2075 1679 remotiora,
2095 1633 2146 1671 ita
2166 1634 2278 1671 etiarn
2309 1634 2444 1673 caritas
2463 1636 2615 1683 ferven-

1547 1685 1621 1722 tius
1649 1685 1765 1733 diligit
1793 1685 2017 1725 coniunctos
2050 1699 2167 1745 quam
2195 1694 2378 1724 remotos.
2416 1689 2466 1726 Et
2493 1702 2614 1738 quan-

1547 1745 1628 1774 tum
1667 1738 1716 1775 ad
1752 1739 1827 1775 hoc
1864 1737 2012 1775 dilectio
2047 1739 2282 1787 amicorum,
2320 1741 2535 1784 secundum
2572 1755 2614 1786 se

1548 1790 1803 1837 considerata,
1833 1797 1889 1827 est
1916 1791 2123 1828 ferventior
2150 1799 2187 1828 et
2214 1792 2351 1830 melior
2379 1806 2495 1842 quam
2524 1788 2615 1840 dile-

1549 1843 1623 1880 ctio
1653 1842 1913 1880 inimicorum.

1601 1897 1660 1932 An
1689 1901 1826 1933 ramum
1854 1907 1953 1933 ERGO
1980 1908 2166 1935 mcENDUM
2198 1898 2305 1946 quod
2337 1900 2511 1939 verbum
2534 1901 2614 1951 Dor

1548 1948 1642 1986 mini
1662 1956 1718 1985 est
1735 1961 1805 1997 per
1824 1961 1864 1986 se
1884 1949 2181 1997 intelligendum.
2208 1951 2322 1988 Tunc
2340 1951 2443 1991 enim
2463 1953 2614 1999 dileetio

1549 2001 1762 2039 amicorum
1798 2002 1902 2050 apud
1936 2003 2065 2040 Deum
2102 2004 2321 2042 mercedem
2359 2016 2439 2042 non
2474 2006 2612 2053 habet,

1548 2055 1704 2102 quando
1733 2062 1890 2103 propter
1917 2055 1992 2092 hoc
2020 2056 2146 2092 solum
2175 2065 2354 2094 amantur
2384 2058 2474 2106 quia
2501 2059 2614 2096 amici

1548 2115 1636 2144 sunt
1654 2106 1684 2144 ‘z
1715 2115 1751 2144 et
1769 2108 1845 2144 hoc
1863 2107 2014 2145 videtur
2033 2109 2206 2145 accidere
2230 2110 2386 2157 quando
2409 2110 2463 2148 sic
2482 2123 2614 2154 aman·
2737 2121 2752 2150 ζ

1548 2167 1608 2197 tur
1627 2160 1739 2197 amici
1767 2160 1871 2209 quod
1891 2160 2032 2197 inimici
2052 2174 2130 2198 non
2151 2161 2366 2210 diliguntur.
2396 2164 2466 2201 Est
2483 2171 2613 2202 tamen

1547 2213 1740 2250 meritoria
1767 2213 1980 2250 amicorum
2011 2214 2159 2251 dilectio
2180 2215 2210 2251 si
2230 2223 2386 2265 propter
2413 2215 2539 2254 Deum
2559 2218 2613 2255 di-

1547 2265 1722 2313 ligantur,
1755 2274 1790 2302 et
1818 2278 1896 2303 non
1924 2268 2050 2304 solum
2080 2267 2169 2315 quia
2197 2268 2311 2305 amici
2339 2277 2438 2306 sunt.

1600 2318 1662 2356 Ad
1678 2318 1751 2355 alia
1765 2326 1869 2367 patet
1887 2319 2085 2368 responsio
2100 2333 2170 2369 per
2184 2333 2230 2359 ea
2248 2333 2347 2369 quae
2367 2322 2468 2359 dicta
2482 2322 2650 2362 sunt*.·

1547 2371 1652 2408 Nam
1673 2371 1771 2408 duae
1791 2371 1957 2409 rationes
1981 2381 2182 2421 sequentes
2204 2374 2419 2422 procedunt
2444 2387 2488 2412 ex
2505 2333 2689 2424 pardem

1547 2423 1701 2460 rationis
1731 2424 1928 2472 diligendi;
1956 2425 2127 2462 ultima*
2144 2438 2239 2463 vero
2269 2437 2314 2464 ex
2341 2434 2449 2477 parte
2477 2438 2650 2481 eorum·
2640 2438 2722 2486 Ars·
2736 2437 2850 2460 Sedcon·

1548 2475 1613 2524 qui
1633 2482 1651 2503 η
1681 2476 1896 2525 diliguntur.
2007 2521 2013 2532 .
2739 2501 2755 2525 η

1601 2599 1623 2628 ε)
1643 2599 1733 2624 etiam.
1751 2607 1854 2633 -.ergo
1874 2600 1922 2624 Pa.

1599 2632 1624 2664 ζ)
1643 2637 1717 2659 sunt.
1733 2647 1752 2653 -
1770 2635 1833 2660 Om.
1852 2634 1898 2660 Pa.

1600 2670 1627 2700 η)
1647 2670 1702 2702 qui.
1720 2683 1737 2688 —
1755 2677 1822 2702 quae
1841 2670 2051 2695 PDEFGHILsK
2071 2675 2097 2695 et
2115 2678 2141 2695 a.

1099 2775 1430 2809 Commentariun
1452 2773 1703 2807 Cardjnalis
1724 2775 1925 2807 Caietani

461 2860 481 2880 N
506 2849 638 2880 articulo
669 2848 805 2887 septimo
836 2847 971 2878 dubium
1001 2857 1037 2877 ex
1068 2847 1239 2882 Durando,
1267 2846 1299 2876 in
1324 2845 1365 2875 111
1394 2844 1494 2882 Sent„

435 2863 533 2924 Idist.
546 2903 614 2929 xxx,
628 2902 683 2932 qu.
695 2892 763 2928 ult.,
776 2891 921 2928 occurrit,
934 2902 975 2921 an
987 2891 1126 2931 diligere,
1139 2890 1249 2921 ceteris
1266 2889 1404 2931 paribus,
1418 2889 1494 2919 ami-

432 2948 516 2974 cum,
530 2937 569 2967 sit
585 2936 684 2976 magis
701 2935 898 2966 meritorium
915 2946 1013 2976 quarn
1029 2934 1181 2975 diligere
1173 2934 1350 2965 mimicum.
1369 2934 1438 2973 Ipse
1455 2933 1493 2963 si-

431 2982 564 3023 quidem
586 2980 747 3021 tripliciter
770 2980 904 3019 probare
926 2980 1035 3010 nititur
1058 2980 1147 3020 quod
1163 2979 1289 3010 dilectio
1313 2977 1432 3008 inimici
1448 2985 1494 3008 est

432 3025 531 3065 magis
548 3025 719 3055 meritoria.
739 3024 858 3060 Primo,
873 3024 948 3064 quia
965 3023 1090 3054 dilectio
1107 3023 1226 3054 inimici
1243 3033 1279 3054 ex
1295 3029 1407 3053 natura
1422 3032 1496 3062 ope-

432 3070 472 3101 ris
485 3069 579 3109 exigit
594 3069 748 3099 maiorem
764 3075 930 3099 conatum:
952 3068 1027 3109 quia
1039 3075 1085 3098 est
1096 3067 1252 3098 difficilior
1263 3066 1438 3097 secundum
1450 3077 1492 3096 se.

487 3113 645 3149 Secundo,
662 3113 737 3153 quia
753 3119 820 3142 tota
844 3113 923 3142 ratio
944 3112 1120 3143 dilectionis
1143 3111 1264 3142 inimici
1295 3117 1342 3141 est
1365 3110 1491 3141 caritas:

432 3168 498 3188 non
522 3164 629 3188 autem
653 3163 719 3187 tota
742 3157 821 3187 ratio
846 3157 1022 3187 dilectionis
1041 3156 1144 3187 amici.

486 3202 606 3238 Tertio,
623 3201 699 3241 quia
722 3200 847 3230 dilectio
872 3201 992 3231 inimici
1008 3200 1142 3231 includit
1164 3199 1367 3230 dilectionem
1391 3197 1493 3234 amici,

433 3253 468 3277 ut
491 3253 585 3285 patet.
610 3245 694 3285 Ergo
718 3244 840 3275 melior.

489 3290 526 3320 11.
543 3290 592 3320 Ad
609 3290 670 3319 hoc
687 3289 856 3319 dicendum
873 3295 927 3324 est,
945 3289 1120 3318 secundum
1137 3287 1285 3318 Auctoris
1307 3286 1493 3322 doctrinam,

433 3334 538 3374 quod,
563 3333 671 3364 ceteris
696 3333 839 3373 paribus,
865 3332 990 3362 dilectio
1015 3333 1106 3363 amici
1137 3339 1183 3363 est
1206 3332 1319 3362 melior
1342 3338 1372 3361 et
1395 3330 1494 3370 magis

433 3378 603 3408 meritoria.
628 3378 668 3408 Et
691 3387 747 3417 per
769 3387 800 3407 se
825 3387 859 3406 ac
883 3376 1053 3406 essentialis
1077 3376 1155 3407 ratio
1176 3383 1222 3406 est
1244 3376 1319 3416 quia
1334 3375 1494 3406 obiectum

433 3423 466 3452 in
482 3423 535 3452 tali
556 3422 724 3453 dilectione
742 3428 787 3451 est
803 3421 917 3451 'melius
934 3428 964 3451 et
980 3421 1079 3460 magis
1096 3421 1318 3451 coniunctum:
1343 3420 1386 3450 ita
1405 3419 1494 3460 quod

434 3473 480 3496 est
504 3473 533 3497 et
556 3467 624 3496 Deo
649 3465 870 3506 propinquius,
895 3465 969 3505 quia
993 3465 1122 3500 melius;
1149 3472 1178 3495 et
1201 3464 1342 3504 diligenti
1364 3463 1493 3504 propin-

1546 2843 1652 2884 quius,
1676 2844 1751 2885 quia
1775 2843 1875 2884 magis
1904 2843 2129 2881 coniunctum;
2154 2854 2190 2875 ac
2212 2854 2269 2885 per
2291 2845 2354 2876 hoc
2384 2845 2511 2886 utrique
2534 2842 2611 2878 dile-

1546 2888 1659 2919 ctionis
1690 2888 1867 2919 caritativae
1896 2898 2063 2919 mensurae
2096 2888 2304 2920 conformius.
2338 2889 2473 2921 Constat
2502 2896 2611 2921 autem

1546 2933 1635 2974 quod
1658 2939 1746 2964 actus
1769 2933 1888 2964 habens
1911 2931 2076 2963 materiam
2098 2943 2154 2973 per
2177 2943 2210 2963 se
2232 2933 2334 2974 magis
2357 2943 2543 2970 consonam,
2560 2943 2610 2967 ce-

1545 2977 1618 3008 teris
1633 2977 1772 3018 paribus,
1790 2983 1836 3007 est
1850 2977 1974 3008 melior.
1999 2977 2039 3008 Et
2057 2977 2213 3018 quoniam
2236 2987 2302 3009 esse
2319 2977 2519 3009 meritorium
2536 2977 2610 3013 sim-

1545 3021 1666 3062 pliciter
1689 3021 1775 3062 apud
1797 3022 1904 3052 Deum
1932 3021 2137 3062 consequitur
2159 3021 2314 3052 maiorem
2337 3021 2512 3053 bonitatem
2534 3021 2609 3055 sim-

1545 3065 1667 3106 pliciter
1682 3063 1853 3108 (quidquid
1864 3065 1904 3096 sit
1916 3065 1954 3096 de
1966 3064 2080 3096 merito
2093 3072 2237 3106 respectu
2249 3064 2370 3108 huius),
2395 3065 2468 3097 ideo
2488 3065 2610 3106 optime

1544 3110 1626 3142 valet
1648 3110 1791 3151 sequela:
1815 3111 1915 3141 Actus
1939 3109 2073 3140 caritatis
2101 3116 2147 3140 est
2170 3109 2354 3150 simpliciter
2375 3109 2500 3146 melior,
2523 3109 2608 3151 Ergo

1545 3154 1645 3194 magis
1662 3154 1842 3185 meritorius
1862 3153 2055 3194 simpliciter.
2067 3171 2089 3177 -
2101 3154 2143 3185 Et
2160 3154 2241 3184 nihil
2255 3153 2354 3185 officit
2372 3154 2437 3184 sive
2453 3153 2493 3185 sit
2507 3153 2609 3195 magis

1545 3199 1669 3230 debitus
1693 3199 1758 3230 sive
1781 3208 1858 3235 non,
1882 3205 1918 3229 ut
1939 3198 2112 3229 Durandus
2134 3197 2225 3238 fingit
2239 3197 2266 3229 *.
2290 3197 2426 3229 Dilectio
2450 3197 2608 3239 siquIdem
2634 3207 2717 3230 πω.

1546 3250 1653 3273 nostra
1676 3253 1748 3282 erga
1777 3243 1884 3274 Deum
1906 3249 1953 3274 est
1976 3242 2113 3274 maxime
2144 3242 2263 3274 debita:
2298 3249 2328 3272 et
2351 3251 2418 3272 non
2440 3247 2608 3282 propterea

1546 3287 1647 3326 perdit
1671 3287 1826 3317 rationem
1850 3286 2002 3318 meritorii
2025 3294 2055 3317 et
2078 3286 2178 3325 magis
2202 3285 2364 3316 meritorii.
2394 3285 2455 3316 Sed
2478 3284 2530 3315 ine
2553 3284 2607 3315 de-

1547 3338 1655 3371 ceptus
1672 3339 1717 3362 est
1734 3331 1892 3362 declinans
1905 3341 1923 3361 a
1937 3331 2049 3361 merito
2066 3331 2105 3361 ad
2118 3330 2266 3361 meritum
2282 3330 2320 3360 ab
2333 3330 2404 3360 hoc.
2415 3347 2436 3353 -
2446 3329 2488 3360 Et
2498 3338 2606 3359 rursus

1547 3375 1655 3405 debuit
1671 3375 1867 3405 considerare
1890 3376 1978 3416 quod
1995 3385 2060 3405 non
2084 3381 2130 3405 est
2146 3384 2249 3404 sermo
2267 3374 2305 3404 de
2330 3375 2417 3404 bono
2434 3379 2464 3403 et
2480 3371 2605 3403 meliori

1546 3419 1578 3448 in
1603 3419 1778 3455 communi,
1800 3419 1854 3449 sed
1878 3420 1916 3449 de
1939 3420 2026 3449 bono
2045 3425 2075 3449 et
2098 3418 2221 3448 meliori
2241 3418 2418 3448 secundum
2435 3416 2604 3447 caritatem.
2640 3440 2643 3443 .

1601 3463 1650 3493 Ad
1666 3463 1801 3503 primam
1821 3473 1894 3502 ergo
1914 3463 2126 3494 obiectionem
2141 3462 2173 3492 in
2190 3461 2377 3502 oppositum
2391 3460 2514 3496 dicitur,
2532 3469 2606 3490 cum
