2892 4056
1002 150 1268 197 QUAESTIO
1295 150 1382 196 vn,

1411 150 1710 187 ARTICULUS
1742 151 1772 186 11
2430 151 2476 187 65

1073 263 1389 306 ARTICULUS
1419 262 1718 305 SECUNDUS

828 363 983 394 UTRUM
1005 359 1283 394 PURIFICATIO
1306 358 1462 392 conms
1486 358 1553 391 sn·
1581 359 1805 392 EFFECTus
1830 361 1943 391 F1DE1

806 449 840 474 lv
860 449 941 478 Sent„
961 450 1019 475 dist.
1036 455 1087 477 κῐν,
1107 456 1152 481 qu.
1171 455 1198 480 n,
1217 454 1264 473 art.
1282 456 1308 480 4,
1327 448 1359 473 ad
1380 447 1410 478 33
1430 447 1471 472 De
1493 447 1588 477 Verit„
1609 455 1654 480 qu.
1672 455 1760 479 xxvm,
1778 452 1827 473 art.
1851 456 1871 479 1,
1891 448 1922 472 ad
1942 446 1966 472 6.

367 550 389 570 „2
414 551 481 579 κ
509 540 532 566 D
547 540 800 567 SECUNDUMSIC
810 528 1246 566 PROCEDlTUR*.Videtur
1256 529 1363 578 quod

350 620 367 640 V
428 561 483 628 ’ἓῇ
510 581 724 630 purificatio
748 581 874 619 cordis
898 593 977 618 non
1005 582 1051 618 sit
1078 581 1234 618 effectus
1259 582 1360 619 fidei.

315 637 363 691 'ff
376 650 435 675 v„
447 620 478 673 ’.ἃ
492 632 498 637 ’
510 635 659 673 Puritas
677 635 780 672 enim
809 633 934 671 cordis
953 634 1156 682 praecipue
1170 635 1208 671 in
1222 635 1362 672 affectu

319 663 451 723 Ᾰζῖἷθῗ)
467 679 499 722 N
511 687 692 724 consistit.
714 687 792 724 Sed
805 686 904 730 fides
918 687 957 723 in
971 686 1160 724 intellectu
1175 695 1242 724 est.
1258 687 1362 736 Ergo

298 738 396 778 fides
423 751 506 776 non
531 748 663 781 causat
689 739 1158 788 cordiapurificationem.

353 804 388 828 2.
411 793 644 840 Pmmnm,
669 792 760 830 illud
789 792 895 841 quod
923 799 1053 829 causat
1079 793 1206 830 cordis
1233 792 1364 842 purifi-

300 845 490 883 cntionem
508 858 589 884 non
614 853 743 894 potest
768 845 880 883 simul
910 855 992 882 esse
1021 857 1110 882 cum
1135 845 1362 893 impuritate.

301 898 379 936 Sed
405 898 503 935 fides
522 899 634 936 simul
652 905 778 947 potest
805 910 888 935 esse
918 909 1007 935 cum
1034 898 1250 947 impuritate
1277 910 1365 946 pec-

300 950 394 989 cati:
421 950 519 989 sicut
547 958 652 1000 patet
678 951 717 988 in
744 950 815 989 iuis
843 950 909 999 qui
934 951 1078 989 habent
1105 951 1223 989 fidem
1251 951 1364 988 infor-

299 1016 418 1042 mem.
447 1004 550 1051 Ergo
578 1003 676 1052 fides
703 1015 783 1040 non
810 1003 987 1053 purificat
1015 1015 1093 1041 cor.

308 1094 311 1097 ,
354 1057 390 1094 3.
409 1057 647 1104 Pam-enm,
665 1056 696 1094 si
713 1057 812 1094 fides
831 1057 958 1106 aliquo
980 1056 1100 1095 modo
1115 1056 1333 1105 purificaret
1348 1061 1365 1077 α

300 1121 367 1146 cor
393 1109 621 1158 humanum,
642 1109 808 1146 maxime
830 1109 1050 1159 purificaret
1067 1109 1234 1146 hominis
1262 1109 1366 1146 intel-

298 1161 451 1199 lectum.
482 1162 560 1200 Sed
588 1162 819 1200 intellectum
848 1175 927 1200 non
955 1163 1131 1212 purificat
1157 1164 1207 1200 ab
1227 1162 1366 1200 obscu-

299 1215 428 1253 ritate:
458 1227 547 1253 eum
576 1215 622 1253 sit
650 1215 814 1264 cognitio
842 1216 1104 1265 aenigmatica.
1138 1217 1240 1264 Ergo
1268 1216 1366 1253 fides

299 1268 405 1307 nullo
438 1269 558 1306 modo
587 1269 762 1318 purificat
791 1281 867 1306 cor.

355 1322 430 1358 SED
459 1333 605 1359 coum
638 1334 704 1359 EST
727 1322 838 1371 *quod
871 1322 960 1359 dicit
986 1323 1138 1368 Petrus,
1165 1323 1248 1359 Act.
1264 1332 1312 1358 xv
1327 1322 1365 1358 *t

300 1374 395 1412 Fide
415 1375 628 1424 purificans
655 1376 771 1412 corda
799 1387 942 1412 eorum.

356 1426 582 1465 Rnsponnso
610 1438 795 1466 mcENDUM
828 1427 934 1477 quod
963 1426 1161 1475 impuritas
1189 1427 1367 1464 uniuscu-

271 1483 274 1485 '
301 1478 437 1531 iusque
457 1481 511 1517 rei
546 1479 715 1518 consistit
746 1481 786 1518 in
803 1481 880 1518 hoc
912 1480 1016 1529 quod
1050 1480 1165 1516 rebus
1184 1478 1200 1509 β
1225 1480 1367 1517 viliori-

302 1532 375 1570 bus
393 1531 648 1571 immisceturt
678 1545 758 1570 non
787 1532 891 1570 enim
913 1532 1048 1570 dicitur
1066 1540 1264 1581 argentum
1287 1544 1369 1570 esse

301 1584 356 1623 im
458 1596 499 1623 m
529 1596 573 1623 ex
598 1586 854 1636 permixtione
882 1585 977 1634 auri,
995 1597 1065 1635 per
1088 1597 1204 1635 quam
1232 1586 1370 1623 melius

302 1649 345 1675 re
373 1637 489 1686 ditur,
519 1639 587 1677 sed
615 1651 661 1677 ex
688 1638 940 1689 permixtione
967 1639 1116 1688 plumbi
1142 1640 1206 1677 vel
1234 1640 1369 1677 stanni.

303 1688 550 1742 Manifestum
588 1700 644 1730 est
680 1701 808 1730 autem
838 1691 942 1742 quod
980 1691 1172 1730 rationalis
1200 1700 1372 1730 creatura

304 1740 454 1796 ffignior
472 1752 529 1782 est
547 1745 728 1784 omnibus
754 1745 1031 1796 temporalibus
1055 1753 1092 1783 et
1111 1745 1373 1795 corporalibus

305 1796 497 1848 creaturis.
527 1797 577 1836 Et
602 1798 690 1837 ideo
719 1799 868 1850 impura
897 1799 1065 1837 redditur
1093 1811 1138 1836 ex
1164 1800 1240 1836 hoc
1265 1798 1372 1848 quod

304 1851 580 1901 temporalibus
608 1863 648 1889 se
672 1852 821 1890 subiicit
839 1865 909 1902 per
928 1864 1112 1890 amorem.
1143 1854 1175 1889 A
1198 1865 1273 1901 qua
1293 1852 1374 1900 qui-

359 1965 387 1998 ι)
402 1964 571 1998 purificaret.
589 1980 607 1985 —
620 1966 748 2000 purificat
767 1965 796 1991 P.

359 2000 388 2034 β)
404 2001 492 2026 reha-
508 2015 527 2021 -
547 2001 609 2026 Om.
627 2001 657 2027 P.

358 2036 386 2070 γ)
397 2036 480 2070 fidat.
496 2049 516 2056 -
533 2037 598 2070 quia
615 2037 781 2070 μνη-’βαίην
803 2036 946 2069 impuritas
973 2036 1075 2062 erroris
1097 2037 1195 2061 addunt
1218 2036 1264 2061 Pa.
1281 2050 1300 2055 —
1319 2036 1370 2061 Pro

298 2070 460 2105 jhu-matam,
467 2072 594 2105 formata
614 2071 651 2103 D;
671 2080 719 2104 pro
732 2073 883 2105 perfectam
896 2071 1112 2105 pur-ficationem
1131 2074 1233 2101 causat,
1247 2073 1370 2104 perfecta

303 2107 549 2140 mmai.

1417 528 1506 566 dem
1545 528 1764 577 impuritate
1792 529 2014 577 purificatur
2040 541 2110 577 per
2137 528 2367 565 contrarium
2401 540 2483 564 mo-

1417 590 1520 619 tum:
1552 582 1644 618 dum
1675 581 1816 618 scilicet
1843 581 1963 618 tendit
1981 581 2019 618 in
2039 581 2077 618 id
2097 582 2200 629 quod
2221 589 2277 618 est
2296 593 2411 630 supra
2430 593 2482 629 se,

1417 634 1558 673 scilicet
1585 634 1624 671 in
1652 635 1795 677 Deum.
1825 635 1868 671 In
1895 646 1973 683 quo
2001 634 2159 682 quidem
2187 642 2296 672 motu
2314 634 2483 683 primum

1416 687 1645 737 principium
1677 695 1733 724 est
1750 686 1868 725 fides:
1898 688 2134 725 accedentem
2162 689 2261 725 enim
2290 688 2341 725 ad
2358 688 2483 725 Deum

1418 746 1563 789 oportet
1588 739 1759 786 credere,
1787 747 1829 776 ut
1856 740 1991 778 dicitur
2008 741 2109 778 Heb.
2125 753 2160 778 XI
2175 740 2206 778 *.
2236 742 2286 778 Et
2303 741 2392 779 ideo
2411 740 2485 790 pri—

1418 804 1526 831 mum
1555 792 1784 842 principium
1812 793 2086 841 purificationis
2115 794 2239 831 cordis
2260 801 2315 830 est
2333 793 2431 831 fides
2445 798 2482 830 Y2

1418 858 1517 894 quae
1548 846 1578 882 si
1607 846 1825 895 perficiatur
1853 858 1921 894 per
1951 846 2143 883 caritatem
2165 847 2380 894 formatam,
2400 859 2485 895 per-

1417 900 1555 937 fectam
1585 898 1891 948 purificationem
1920 907 2061 936 causat.

1471 954 1530 988 An
1565 963 1702 990 mimum
1735 963 1834 988 ERGO
1868 963 2052 989 mCENDUM
2072 952 2178 1000 quod
2197 965 2244 989 ea
2271 964 2370 1000 quae
2398 959 2486 988 sunt

1419 1005 1458 1042 ’m
1485 1004 1676 1042 intellectu
1704 1012 1791 1042 sunt
1824 1003 2009 1053 principia
2042 1017 2176 1042 eorum
2205 1017 2304 1053 quae
2333 1012 2420 1042 sunt
2447 1005 2485 1041 in

1419 1057 1580 1094 affectu:
1610 1058 1837 1105 inquantum
1875 1057 2016 1094 scilicet
2044 1058 2190 1095 bonum
2219 1058 2450 1095 intellectum
2471 1055 2484 1079 δ

1390 1093 1393 1135 ’
1419 1118 1552 1147 movet
1581 1110 1774 1148 affectum.

1473 1165 1533 1200 An
1561 1174 1752 1202 SECUNDUM
1780 1174 1965 1200 DicENDuM
1986 1164 2091 1210 quod
2114 1163 2210 1200 fides
2230 1163 2342 1199 etiam
2372 1163 2485 1199 infor-

1420 1216 1493 1253 mis
1522 1216 1685 1254 excludit
1714 1215 1909 1266 quandam
1943 1216 2199 1264 impuritatem
2229 1216 2298 1252 sibi
2334 1216 2486 1264 opposi-

1419 1277 1511 1316 tam,
1533 1269 1672 1306 scilicet
1701 1268 1958 1318 impuritatem
1979 1269 2126 1315 erroris,
2148 1281 2246 1318 quae
2265 1274 2277 1289 ⁵
2307 1268 2487 1316 contingit

1420 1334 1467 1359 ex
1494 1323 1569 1359 hoc
1596 1324 1702 1371 quod
1731 1323 1939 1359 intellectus
1967 1323 2160 1359 humanus
2188 1321 2399 1358 inordinate
2433 1322 2486 1358 in-

1420 1376 1553 1412 haeret
1589 1376 1703 1413 rebus
1741 1388 1780 1412 se
1818 1375 2079 1422 inferioribus,
2109 1375 2200 1412 dum
2240 1375 2379 1411 scilicet
2407 1375 2488 1411 vult

1422 1428 1634 1465 secundum
1672 1429 1837 1466 rationes
1878 1440 2005 1464 rerum
2048 1427 2282 1464 sensibilium
2319 1427 2442 1464 metiri
2474 1426 2486 1451 ῑ

1422 1480 1564 1518 divina.
1599 1482 1677 1518 Sed
1697 1480 1851 1531 quando
1872 1492 1940 1529 per
1968 1479 2159 1517 caritatem
2183 1480 2377 1527 formatur,
2397 1488 2487 1518 tunc

1422 1533 1566 1570 nullam
1594 1534 1853 1583 impuritatem
1874 1545 2004 1570 secum
2025 1533 2269 1582 compatitur:
2299 1532 2388 1582 quia
2407 1534 2486 1570 uni-

1421 1597 1532 1623 versa
1560 1586 1693 1624 delicta
1721 1586 1842 1636 operit
1867 1587 2021 1632 caritas,
2048 1594 2092 1623 ut
2120 1586 2253 1623 dicitur
2278 1584 2392 1623 Pron.
2413 1597 2437 1622 x
2455 1585 2485 1621 *.

1476 1641 1534 1677 An
1549 1651 1710 1678 TERTmM
1725 1650 1910 1677 mmmmm
1934 1639 2039 1687 quod
2060 1639 2268 1676 obscuritas
2292 1638 2382 1676 fidei
2410 1650 2489 1675 non

1423 1691 1586 1742 pertinet
1622 1694 1670 1731 ad
1707 1691 1963 1742 impuritatem
1998 1692 2152 1742 culpae:
2183 1692 2251 1729 sed
2291 1691 2412 1739 magis
2439 1691 2487 1728 ad

1424 1746 1636 1784 naturalem
1657 1747 1847 1784 defectum
1862 1745 2070 1782 intellectus
2089 1745 2256 1792 humani,
2277 1744 2487 1782 secundum

1425 1806 1565 1836 statum
1593 1799 1801 1849 praesentis
1829 1798 1942 1835 vitae.

1395 1967 1398 2005 1
1476 1964 1501 1998 ὃ)
1521 1966 1618 1991 bonum
1638 1966 1808 1998 intellectum.
1827 1979 1844 1983 -—
1863 1965 1958 1990 bonum
1984 1965 2130 1990 intellectus
2148 1964 2215 1995 Plu,
2235 1965 2318 1990 bonus
2343 1962 2491 1990 intellectu⁸

1423 2001 1500 2068 DSAs.)
1519 2043 1597 2069 quae.
1614 2050 1633 2058 -.
1651 2037 1699 2068 qui
1715 2036 1863 2067 BCEFGK,
1879 2036 1951 2069 quod
1968 2037 2000 2061 Α.

1397 2067 1401 2135 ι
1477 2071 1503 2104 ζ)
1523 2071 1621 2097 metiri.
1639 2086 1658 2090 -
1677 2071 1775 2097 mereri
1792 2070 1858 2104 PsE,
1878 2071 1987 2096 mentiri·
2004 2070 2134 2104 pln(pni),
2154 2079 2206 2096 om.
2225 2071 2273 2104 pE.

456 3503 566 3528 Sumus
584 3502 685 3527 Timor„
706 3502 737 3526 D.
756 3501 870 3526 TnoxAt
889 3501 921 3525 Τ.
940 3502 972 3526 V.

2512 755 2519 763 '
2536 753 2602 774 Vers.
2618 753 2640 774 6.

2515 1594 2525 1604 ⁸
2541 1593 2607 1616 Vera.
2622 1600 2650 1616 ιε.
