2892 4056
961 164 1227 210 QUAESTIO
1256 164 1432 211 XXXVI,
1462 164 1757 201 ARTICULUS
1786 164 1837 201 lV

4 264 6 266 -
35 280 45 286 ⁴.
77 251 127 273 A!
133 251 197 272 sent
198 251 251 278 ιιι)
258 251 287 277 ιι
315 240 471 276 Summo
498 241 607 276 Bono
627 240 668 286 ²⁸²,
697 253 823 290 neque
851 254 874 278 a
902 242 1099 289 Cassiano,
1127 242 1166 278 in
1200 242 1294 278 libro
1324 243 1371 279 de

76 283 287 328 ῗιεῖἐέἝι
314 293 431 329 Instit.
466 293 628 330 Coenoh.
648 293 669 315 *

76 329 146 404 fingi,
161 362 212 403 clap,
163 329 286 378 ⁰¹25*
365 346 425 381 An
444 356 634 382 SECUNDUM
653 358 836 383 memnon
864 347 969 395 quod
999 358 1042 383 ex
1060 347 1186 384 verbis
1205 347 1272 384 illis
1291 358 1369 383 non

135 388 158 409 Ρ
311 397 474 434 habetur
501 398 607 445 quod
634 398 776 435 invidia
800 399 846 435 sit
864 398 1075 435 maximum
1102 407 1368 447 peccatorum·

312 449 380 486 sed
399 451 503 497 quod
528 451 682 498 quando
712 442 886 488 diabolus
913 451 1097 487 invidiam
1126 451 1300 499 suggerit,
1321 451 1369 487 ad

310 502 386 538 hoc
413 502 612 539 hominem
641 503 784 540 inducit
812 503 916 552 quod
943 503 1023 552 ipse
1052 503 1304 552 principaliter
1331 504 1369 540 in

6 587 7 590 ,
34 575 35 578 =
74 564 183 612 soffogfft-
199 563 284 590 ¹ib·v.
311 555 426 591 corde
445 555 576 601 habet3
603 556 691 604 quia
710 556 805 592 sicut
823 555 909 592 ibi*
926 555 1114 592 inducitur
1133 568 1370 604 consequen-

31 623 35 628 ν
112 605 118 611 “
161 605 172 622 ·‘
310 614 377 653 ter,
408 607 548 644 invidia
576 608 716 645 diaboli
741 620 844 645 mors
871 608 1036 645 introivit
1063 610 1100 644 in
1133 610 1262 646 orbem
1296 614 1368 645 ter-

73 662 230 715 Jefgpgffp·
249 668 283 689 '¹‘
309 671 443 696 rarum
462 660 493 696 *.

363 713 431 749 Est
449 720 579 749 tamen
607 712 796 762 quaedam
824 711 967 749 invidia
995 723 1093 760 quae
1112 712 1208 749 inter
1226 713 1367 760 gravis-

167 759 182 784 ὃ
308 765 405 801 sima
424 772 581 814 peccata
601 773 854 814 computatur,
874 764 1012 801 scilicet
1031 765 1232 802 invidentia
1251 763 1264 786 δ
1276 766 1366 812 fra-

307 822 436 854 ternae
461 818 623 867 gratiae,
652 817 865 854 secundum
894 817 997 865 quod
1027 817 1160 865 aliquis
1189 818 1292 854 dolet
1319 818 1367 854 de

306 869 391 918 ipso
419 877 624 918 augmento
651 869 790 917 gratiae
819 869 903 916 Dei,
933 881 1011 905 non
1040 870 1164 905 solum
1195 870 1241 906 de
1262 870 1366 906 bono

304 922 479 971 proximi.
500 922 611 960 Unde
629 922 784 970 ponitur
801 929 1001 970 peecatum
1020 921 1059 957 in
1081 921 1262 970 Spiritum
1273 922 1369 958 San-

42 1018 44 1021 ,
69 975 148 1024 ζηξέξ,
175 982 189 998 ¹¹
224 982 280 1004 ”Vr
307 974 455 1012 ctum*
465 974 593 1024 :quia
619 986 690 1022 per
715 974 815 1011 hanc
843 973 1094 1012 invidentiam
1122 974 1242 1010 homo
1272 985 1367 1020 quo-

307 1026 518 1064 dammodo
550 1026 696 1064 invidet
731 1027 885 1075 Spiritui
919 1028 1082 1086 Sancte,
1121 1026 1187 1075 qui
1218 1026 1257 1063 in
1289 1025 1367 1062 suis

306 1079 486 1128 operibus
513 1079 756 1126 glorificatur.

357 1134 416 1169 An
443 1143 604 1169 TERTIUM
631 1144 815 1170 memnon
848 1132 953 1181 quod
985 1144 1166 1169 numerus
1200 1131 1365 1169 filiarum

303 1183 470 1222 invidiae
489 1184 543 1222 sie
562 1192 688 1234 potest
714 1185 823 1222 sumi.
854 1184 954 1232 Quia
981 1185 1020 1222 in
1041 1192 1179 1222 conatu
1198 1184 1366 1221 invidiae

305 1237 530 1286 est‘aliquid
558 1245 740 1290 tanquam
767 1237 1019 1287 principium,
1054 1245 1091 1275 et
1118 1237 1259 1287 aliquid
1286 1245 1367 1274 tan-

354 1349 382 1383 δ)
401 1349 558 1376 invidentia.
575 1364 596 1370 —-
614 1350 717 1376 invidia
734 1350 828 1382 nen,
852 1350 1015 1376 invidentiae
1033 1351 1084 1375 PL.

292 1407 294 1409 ,
355 1385 379 1419 ι)
392 1386 522 1418 peditus,
541 1389 569 1412 et
585 1386 689 1419 aliquid
705 1389 842 1419 tanquam.
860 1399 879 1405 -
896 1386 957 1412 om.
977 1387 1006 1412 P.

317 1460 324 1463 .
355 1420 382 1456 ζ)
401 1421 474 1454 qnia.
490 1435 510 1441 -
526 1421 635 1454 qnando
653 1422 683 1451 B,
701 1421 773 1454 quod
791 1421 868 1447 Gna.

2405 174 2479 211 299

1425 254 1541 289 quarn
1569 242 1757 288 medium,
1788 249 1824 278 et
1860 241 2000 290 aliquid
2037 248 2217 289 tanquam
2243 246 2255 261 ⁸
2284 241 2478 276 terminus.

1425 293 1657 343 Principium
1686 294 1840 343 quidem
1869 301 1926 330 est
1957 301 1998 330 ut
2025 293 2157 341 aliquis
2190 293 2375 329 diminuat
2402 294 2479 339 glo-

1424 346 1519 383 riam
1540 345 1691 383 alterius
1709 347 1771 383 vel
1798 347 1837 384 in
1856 347 2017 394 occulto,
2038 354 2075 382 et
2098 346 2151 382 sic
2171 354 2225 382 est
2251 346 2480 388 susurratio,-

1423 399 1484 435 vel
1505 398 1714 444 manifeste,
1737 407 1772 435 et
1791 399 1843 435 sic
1862 406 1918 435 est
1936 399 2125 435 detractio.
2156 398 2331 435 Medium
2351 405 2478 433 autem

1424 459 1480 487 est
1516 451 1606 499 quia
1630 450 1643 474 ζ
1667 451 1800 499 aliquis
1837 451 2036 488 intendens
2073 450 2284 487 diminuere
2322 450 2478 497 gloriam

1423 503 1574 540 alterius
1597 511 1661 540 aut
1678 511 1813 551 potest,
1831 511 1867 540 et
1885 504 1938 540 sic
1962 512 2018 540 est
2036 504 2214 540 exultatio
2234 504 2270 540 in
2291 503 2479 545 adversis,-

1422 565 1487 593 aut
1514 568 1592 592 non
1621 563 1765 604 potest,
1799 564 1835 592 et
1862 555 1915 592 sic
1943 564 1998 593 est
2025 557 2179 604 afflictio
2208 556 2244 592 in
2272 555 2476 603 prosperis.

1422 608 1626 645 Terminus
1655 616 1782 644 autem
1810 616 1866 645 est
1885 608 1922 644 in
1941 608 2024 657 ipso
2053 609 2160 645 odio.-
2188 609 2278 657 quia
2297 608 2391 644 sicut
2411 608 2479 643 bo-

1422 673 1514 697 num
1536 661 1754 698 delectaris⁷¹
1771 668 1898 698 causat
1917 673 2102 707 amorem,
2119 661 2167 698 ita
2187 660 2329 698 tristitia
2349 666 2478 696 causat

1422 714 1574 760 odium,
1603 721 1644 749 ut
1672 725 1786 762 supra
1803 712 1824 734 '¹‘
1844 713 1986 750 dictum
2016 721 2082 750 est.

1473 765 1639 802 Afflictio
1659 772 1787 802 autem
1807 765 1846 802 in
1863 765 2054 814 prosperis
2073 765 2237 814 proximi
2257 778 2335 802 uno
2356 764 2476 802 modo

1422 825 1477 854 est
1503 818 1585 866 ipsa
1613 818 1776 854 invidia:
1814 818 2038 866 inquantum
2076 818 2215 855 scilicet
2252 818 2385 866 aliquis
2417 817 2478 855 tri-

1420 877 1538 906 statur
1566 870 1612 906 de
1641 869 1833 918 prosperis
1860 870 2018 907 alicuius
2047 871 2258 907 secundum
2287 871 2393 919 quod
2411 871 2477 907 ha-

1421 923 1511 958 bent
1529 922 1722 970 quandam
1751 922 1922 969 gloriam.
1951 923 2036 959 Alio
2066 935 2158 959 vero
2188 923 2306 959 modo
2328 931 2382 959 est
2400 923 2478 959 filia

1420 973 1608 1011 invidiae:
1638 974 1851 1011 secundum
1880 975 1984 1022 quod
2003 987 2186 1023 prospera
2209 975 2371 1023 proximi
2391 988 2478 1012 eve-

1420 1026 1528 1063 niunt
1556 1033 1686 1063 contra
1715 1034 1894 1063 conatum
1932 1026 2145 1074 invidentis,
2171 1028 2235 1075 qui
2263 1027 2390 1064 nititur
2408 1028 2477 1064 im-

1420 1079 1563 1128 pedire.
1583 1100 1608 1107 -
1628 1079 1818 1116 Exultatio
1846 1086 1975 1116 autem
1994 1080 2032 1116 in
2052 1080 2222 1116 adversis
2250 1092 2328 1116 non
2350 1088 2405 1116 est
2423 1081 2477 1117 di-

1421 1139 1520 1169 recte
1549 1132 1652 1169 idem
1689 1132 1794 1180 quod
1830 1131 1990 1179 invidia,
2034 1132 2100 1169 sed
2131 1144 2175 1168 ex
2204 1144 2248 1168 ea
2285 1133 2475 1181 sequitur:

1421 1197 1510 1222 narn
1540 1196 1585 1221 ex
1613 1184 1757 1221 tristitia
1786 1184 1832 1221 de
1861 1185 1966 1222 bono
1994 1185 2178 1233 proximi,
2213 1197 2310 1234 quae
2340 1193 2395 1222 est
2422 1185 2477 1222 in-

1419 1238 1533 1284 vidia,
1563 1237 1732 1286 sequitur
1760 1237 1938 1274 exultatio
1967 1237 2014 1274 de
2043 1239 2145 1274 malo
2175 1237 2356 1275 eiusdem.

1471 1350 1499 1383 η)
1518 1350 1660 1376 delectans.
1677 1363 1697 1369 —
1714 1350 1866 1375 delectabile
1883 1350 1939 1381 BH,
1957 1350 2140 1376 delectationis
2156 1350 2188 1380 D,
2207 1350 2352 1375 delectatus
2369 1357 2413 1383 px,
2433 1351 2487 1375 de·-

1419 1386 1501 1411 lactat
1518 1388 1546 1411 et
1562 1386 1615 1414 Pa,·
1632 1386 1724 1411 abrasa
1741 1393 1786 1418 pn.
1804 1397 1807 1399 -

978 1498 1310 1533 Commenmfia
1332 1498 1581 1531 cardinalis
1603 1498 1802 1531 Caietam

65 1573 121 1608 ’Cf-
133 1589 196 1614 ¹⁸1²·
211 1584 241 1607 ιδ
254 1590 276 1614 3·
331 1591 352 1615 »1
362 1581 496 1614 articulo
507 1587 621 1622 quarto
633 1580 775 1612 eiusdem
787 1579 991 1621 quaestionis,
1000 1579 1081 1610 circa
1094 1578 1174 1610 filias
1188 1578 1361 1619 invidiae,
1334 1578 1352 1597 *

305 1560 459 1662 liidverte
482 1625 572 1666 quod
587 1622 667 1655 filias
690 1634 756 1654 non
773 1630 901 1664 oportet
923 1623 1066 1654 eiusdem
1081 1629 1137 1654 aut
1150 1615 1280 1654 alterius
1295 1632 1364 1663 spe-

299 1664 361 1704 cici
379 1671 447 1700 es'se
471 1678 545 1700 cum
568 1674 686 1706 matre,
711 1667 765 1699 sed
788 1674 926 1708 utroque
954 1667 1053 1698 modo
1084 1666 1247 1707 contingit.
1278 1667 1362 1697 Nam

298 1713 448 1744 efflatio
472 1713 505 1744 in
527 1712 665 1743 adversis
687 1712 831 1743 eiusdem
853 1719 902 1742 est
922 1711 1052 1742 rationis
1075 1721 1151 1742 curn
1173 1710 1301 1746 invidia,
1326 1717 1363 1741 ut

299 1764 397 1798 tutet.
418 1757 558 1788 Afflictio
580 1763 688 1788 autem
717 1756 752 1787 in
774 1756 953 1797 prosperis,
980 1762 1018 1786 ut
1047 1762 1094 1786 est
1115 1754 1195 1791 filia,
1222 1764 1288 1785 non
1317 1761 1364 1785 est

300 1801 444 1840 eiusdem
465 1801 597 1834 rationis
620 1811 696 1832 cum
726 1800 862 1839 invidia,
885 1800 941 1831 sed
963 1809 1040 1834 cum
1066 1799 1144 1830 vitio
1167 1799 1222 1830 ino
1254 1805 1364 1831 contra

1417 1578 1508 1609 cuius
1524 1584 1677 1609 conatum
1693 1577 1883 1618 prosperitas
1899 1584 1960 1608 est:
1982 1585 2027 1614 ut,
2044 1578 2068 1608 si
2085 1578 2198 1619 aliquis
2215 1585 2346 1609 conetur
2361 1578 2480 1608 famam

1417 1621 1552 1653 alienam
1575 1622 1770 1652 detrahendo
1802 1621 1934 1658 laedere,
1959 1628 1990 1652 et
2012 1622 2222 1652 nihilominus
2245 1622 2283 1652 ab
2306 1622 2376 1662 ipso
2400 1621 2479 1652 infa-

1417 1673 1521 1697 matus
1551 1666 1589 1696 ab
1615 1665 1683 1696 aliis
1705 1666 1820 1696 melior
1841 1666 2032 1702 aestimatur,
2051 1665 2174 1696 tristitia
2198 1666 2236 1696 de
2259 1665 2312 1696 illa
2335 1666 2479 1696 aestima-

1416 1710 1503 1740 tione
1527 1716 1635 1740 contra
1658 1716 1810 1740 conatum
1839 1709 2021 1741 detractoris
2043 1709 2233 1750 insurgentis
2256 1710 2297 1740 ad
2316 1710 2479 1740 detractio-

1416 1753 1464 1785 nis
1486 1754 1601 1785 vitium
1631 1761 1759 1794 spectat,
1789 1754 1829 1784 ad
1850 1754 1940 1794 quod
1967 1760 2136 1794 spectasset
2165 1754 2302 1794 gaudere
2332 1754 2371 1785 de
2393 1754 2478 1785 illius

1415 1797 1556 1835 infamia,
1580 1798 1608 1828 si
1629 1798 1795 1828 evenisset.

2603 447 2618 476 s<

2602 663 2616 686 η

2505 705 2569 752 ἐρα.
2582 710 2660 728 xxxiv.
2674 709 2715 727 art.
