2892 4056
184 2344 284 2370 ¹1³112¹⁶,
295 2351 334 2371 qu.
341 2351 394 2371 xxv,

199 2374 226 2392 rt.
242 2377 249 2392 ι
273 2377 294 2392 2.

310 2704 331 2725 v,
351 2701 393 2719 art·

447 190 522 236 234
1056 194 1320 239 QUAESTIO
1351 196 1525 244 XXVIII,

1239 313 1524 356 ARTICULU

1555 198 1851 235 ARTICULUS
1881 200 1944 247 111,
1965 201 2016 237 1v

1530 315 1556 355 S
1586 315 1814 356 TERTIUS

545 391 700 421 UTRUM
724 391 975 422 SPIRITUALE
1001 392 1200 425 GAUDlUM
1225 395 1347 435 QUOD
1372 399 1430 430 EX
1453 398 1675 430 CARITATE
1700 399 1934 433 CAUSATUR
1957 398 2105 432 POSSIT
2129 400 2171 432 IN
2194 401 2319 435 NOBIS
2343 403 2526 436 IMPLERI.

1307 487 1310 491 .
1336 468 1366 492 In
1387 468 1470 497 Ioan„
1490 475 1547 500 cap.
1565 475 1604 498 xv,
1624 468 1682 493 tect.
1699 476 1728 493 ιι.

496 542 503 549 «
526 539 535 553 2
558 547 606 574 :s
641 535 673 558 D
693 534 852 560 TERTmM
876 535 929 560 sm
949 536 1189 563 pnocemwn.
1210 527 1371 566 Videtur
1397 529 1500 577 quod

501 571 516 592 ·’
650 576 840 623 spirituale
861 577 1043 625 gaudium
1065 581 1170 629 quod
1187 593 1231 618 ex
1245 583 1398 620 ‚caritate
1416 595 1503 620 cau-

435 742 531 777 mus,
553 738 656 769 tanto
676 736 858 780 gaudium
878 737 959 773 eius
979 738 1016 774 in
1036 739 1148 776 nobis
1167 740 1288 788 magis
1308 741 1497 790 impletur.

436 784 511 819 Sed
541 796 738 835 nunquam
764 801 972 837 possumus
992 799 1138 829 tantum
1161 793 1207 830 de
1228 795 1313 831 Deo
1333 795 1498 842 gaudere

434 845 620 885 quantum
651 840 806 888 dignum
839 850 893 880 est
921 851 961 880 ut
994 845 1040 881 de
1070 858 1115 882 eo
1145 846 1375 894 gaudeatur:
1409 849 1498 897 quia
1523 861 1525 872 ²

433 902 587 937 semper
615 893 764 932 bonitas
794 896 894 943 eius,
933 910 1031 946 quae
1061 907 1117 936 est
1143 900 1312 947 infinita,
1351 903 1523 947 excedit,

432 943 611 990 gaudium
642 955 847 995 creaturae,
870 951 975 998 quod
1004 959 1059 988 est
1086 953 1249 997 finitum.
1281 955 1383 1002 Ergo
1408 967 1498 1003 gau-

433 996 538 1033 dium
569 1000 615 1034 de
645 1002 729 1037 Deo
760 1015 961 1050 nunquam
990 1013 1116 1052 potest
1143 1006 1303 1055 impleri.

485 1062 520 1086 2.
556 1052 799 1101 PRAETEREA,
830 1056 921 1092 illud
956 1058 1061 1106 quod
1099 1067 1155 1096 est
1182 1060 1383 1108 impletum
1417 1060 1523 1098 noni

428 1111 554 1150 potest
574 1118 655 1142 esse
676 1108 810 1145 maius.
843 1110 920 1147 Sed
949 1111 1130 1158 gaudium
1160 1113 1272 1150 etiam
1293 1115 1494 1151 beatorum

429 1165 554 1204 potest
574 1172 657 1196 esse
678 1162 819 1198 maius:
850 1163 940 1210 quia
959 1165 1072 1201 unius
1091 1166 1273 1213 gaudium
1297 1176 1352 1204 est
1371 1168 1495 1204 maius

429 1223 545 1258 quam
573 1213 735 1251 alterius.
767 1216 870 1262 Ergo
890 1217 1073 1263 gaudium
1099 1219 1146 1255 de
1167 1220 1251 1256 Deo
1272 1231 1349 1256 non
1369 1227 1495 1267 potest

427 1264 465 1301 in
495 1274 667 1303 creatura
696 1268 856 1317 impleri.
1380 1280 1393 1316 ’,

482 1319 516 1354 3.
545 1319 788 1367 PRAETEREA,
827 1321 917 1357 nihil
957 1322 1058 1359 aliud
1090 1323 1242 1360 videtur
1277 1336 1359 1361 esse
1389 1336 1494 1361 com-

427 1371 629 1418 prehensio
659 1386 776 1422 quam
806 1374 1032 1422 cognitionis
1060 1376 1269 1424 plenitudo.
1301 1377 1378 1414 Sed
1398 1378 1494 1414 sicut

425 1423 484 1461 vis
506 1426 764 1473 cognoscitiva
785 1436 979 1465 creaturae
1001 1437 1056 1466 est
1074 1429 1192 1477 finita,
1213 1430 1263 1467 ita
1292 1437 1329 1467 et
1350 1430 1408 1468 vis
1428 1443 1493 1479 ap-

426 1478 581 1526 petitiva
602 1480 785 1518 eiusdem.
822 1481 923 1518 Cum
944 1495 1033 1530 ergo
1063 1483 1169 1520 Deus
1198 1495 1276 1521 non
1303 1484 1423 1533 possit
1442 1485 1490 1521 ab

427 1531 553 1580 aliqua
582 1541 753 1571 creatura
782 1535 1072 1583 comprehendi,
1100 1537 1253 1574 videtur
1281 1537 1384 1585 quod
1413 1549 1492 1574 non

425 1586 546 1633 possit
565 1586 723 1624 alicuius
744 1596 938 1625 creaturae
958 1589 1139 1637 gaudium
1161 1590 1208 1628 de
1224 1591 1310 1627 Deo
1329 1590 1490 1639 impleri.

480 1639 555 1676 SED
575 1651 721 1678 CONTRA
740 1653 807 1678 1-:s·r
835 1642 940 1690 quod
963 1642 1154 1679 Dominus
1176 1643 1368 1692 discipulis
1389 1644 1488 1690 dixit,
1515 1657 1517 1668 ¹

425 1693 530 1729 Ioan.
550 1705 599 1729 xv
617 1694 653 1730 *z
687 1694 878 1731 Gaudium
906 1707 1032 1732 meum
1062 1696 1098 1732 in
1123 1696 1228 1736 vohis
1246 1697 1311 1743 sit,
1341 1703 1378 1733 et
1393 1709 1491 1746 gau-

424 1745 527 1781 dium
555 1753 720 1784 vestrum
748 1748 959 1796 impleatur.
1515 1749 1516 1764 ¹

477 1799 702 1838 RESPONDEO
724 1812 908 1838 DlCENDUM
933 1801 1036 1849 quod
1057 1801 1253 1849 plenitudo
1273 1801 1400 1850 gaudii
1421 1815 1489 1851 po-

422 1858 493 1888 test
521 1851 673 1901 intelligi
702 1853 910 1903 dupliciter.
945 1854 1032 1891 Uno
1062 1854 1194 1901 modo,
1226 1867 1271 1891 ex
1300 1862 1406 1903 parte
1435 1855 1489 1892 rei

423 1904 470 1941 de
501 1917 575 1953 qua
603 1907 810 1954 gaudetur:
847 1915 888 1944 ut
917 1907 1058 1944 scilicet
1093 1915 1240 1945 tantum
1278 1908 1490 1956 gaudeatur

423 1958 470 1995 de
500 1971 545 1995 ea
573 1969 759 2008 quantum
795 1968 851 1997 est
884 1960 1041 2008 dignum
1081 1961 1128 1997 de
1158 1974 1203 1998 ea
1231 1962 1400 2008 gauderi.
1440 1963 1489 1999 Et

422 2011 476 2048 sic
504 2013 629 2050 solum
659 2014 731 2050 Dei
764 2013 947 2060 gaudium
977 2021 1032 2051 est
1061 2015 1217 2062 plenum
1257 2014 1304 2051 de
1338 2017 1486 2064 seipso:

423 2065 512 2114 quia
531 2067 713 2113 gaudium
736 2066 814 2103 eius
835 2072 852 2088 ‘¹
872 2075 928 2103 est
947 2066 1150 2114 infinitum,
1173 2075 1209 2104 et
1228 2068 1302 2104 hoe
1323 2076 1378 2105 est
1398 2081 1487 2105 con·
1513 2113 1514 2122 ἵ

423 2119 578 2166 dignum
608 2120 777 2158 infinitae
809 2120 967 2157 bonitati
995 2120 1089 2167 Dei;
1129 2121 1326 2157 cuiuslibet
1358 2129 1487 2159 autern

423 2180 617 2210 creaturae
646 2173 828 2221 gaudium
859 2181 1010 2222 oportet
1039 2185 1120 2210 esse
1149 2174 1311 2212 finitum.

475 2226 560 2263 Alio
583 2227 703 2264 modo
733 2234 857 2275 potest
885 2227 1036 2275 intelligi
1065 2227 1260 2275 plenitudo
1290 2227 1416 2275 gaudii
1442 2240 1487 2264 ex

422 2287 528 2328 parte
553 2280 762 2327 gaudentis.
793 2280 987 2318 Gaudium
1018 2288 1146 2316 autem
1176 2288 1420 2328 comparatur
1439 2281 1487 2318 ad

422 2333 652 2370 desiderium
683 2334 779 2371 sicut
806 2333 911 2382 qules
931 2333 980 2370 ad
1001 2341 1167 2379 motum;
1197 2341 1238 2370 ut
1261 2345 1376 2382 supra
1394 2333 1414 2355 *
1434 2333 1487 2370 di-

423 2394 525 2424 ctum
546 2394 612 2433 est,
631 2399 719 2424 cum
741 2387 787 2423 de
807 2386 1047 2435 passionibus
1068 2394 1252 2434 ageretur.
1274 2388 1341 2423 Est
1359 2393 1485 2423 autem

422 2440 529 2488 quies
549 2441 661 2489 plena
681 2453 768 2477 cum
797 2440 887 2477 nihil
912 2447 1025 2476 restat
1048 2440 1095 2476 de
1115 2448 1236 2477 motu.
1266 2440 1377 2477 Unde
1397 2447 1487 2476 tunc

422 2501 478 2531 est
505 2494 687 2540 gaudium
715 2495 873 2542 plenum
913 2491 1070 2541 quando
1107 2492 1184 2529 iarn
1219 2493 1309 2530 nihil
1340 2493 1486 2530 deside-

422 2547 585 2584 randum
614 2554 738 2583 restat.
782 2547 963 2593 Quandiu
997 2553 1126 2583 autem
1164 2546 1202 2582 in
1230 2547 1306 2582 hoc
1337 2546 1485 2583 mundo

1526 577 1527 580 Ἰ
1554 530 1710 578 quando
1731 530 1807 568 iarn
1836 531 1885 569 ad
1919 531 2194 570 beatitudinem
2223 535 2430 582 perfectam
2456 547 2620 586 perven-

1525 610 1527 615 .
1553 589 1636 619 tum
1663 583 1786 631 fuerit,
1816 585 1906 622 nihil
1936 585 2232 623 desiderandum
2253 587 2422 626 restabit:
2453 588 2540 637 quia
2568 588 2620 626 ibi

1525 636 1527 665 Ι
1554 635 1623 672 erit
1650 637 1764 684 plena
1795 638 1868 675 Dei
1905 638 2051 686 fruitio,
2090 639 2127 676 in
2164 651 2240 687 qua
2274 641 2395 678 homo
2418 641 2621 679 ‘obtinebit

1553 689 1740 737 quidquid
1769 690 1882 728 etiam
1912 691 2010 728 circa
2038 691 2110 729 alia
2138 692 2241 729 bona
2265 693 2495 732 desideravit
2512 700 2540 742 ἵ,
2561 706 2619 731 se·
2743 706 2760 730 τ

1553 742 1722 779 cundum
1752 742 1842 781 illud
1871 745 2012 782 Psalm.
2033 745 2069 782 *t
2105 745 2179 787 Qui
2204 746 2322 795 replet
2338 747 2375 783 in
2396 748 2618 785 bonis'desi-
2646 757 2856 785 ’rs-mnven-s.

1552 795 1698 832 derium
1727 801 1843 834 tuum.
1883 798 1932 834 Et
1958 797 2046 835 ideo
2075 799 2245 848 quiescet
2278 798 2509 838 desiderium
2538 809 2618 840 non

1551 849 1678 886 solum
1706 861 1785 897 quo
1819 850 2083 889 desideramus
2111 853 2261 899 Deum,
2300 853 2369 890 sed
2405 853 2520 891 etiam
2548 850 2619 891 erit

1551 902 1728 940 omnium
1747 903 2023 942 desideriorum
2044 905 2164 953 quies.
2193 905 2305 942 Unde
2325 905 2509 953 gaudium
2528 906 2618 943 bea-

1550 962 1677 992 torum
1711 963 1768 992 est
1794 957 1961 1005 perfecte
1993 959 2170 1007 plenum,
2210 966 2247 995 et
2275 958 2389 995 etiam
2423 960 2617 1008 superple-

1522 1013 1535 1027 ’·
1550 1021 1666 1045 num:
1696 1009 1786 1057 quia
1805 1011 1889 1058 plus
1910 1011 2137 1048 obtinebunt
2165 1024 2282 1060 quam
2303 1012 2518 1049 desiderare
2542 1013 2617 1049 suf-

1549 1061 1726 1108 fecerint;
1755 1075 1830 1100 non
1860 1064 1958 1100 enim
1988 1065 2024 1100 in
2051 1077 2118 1101 cor
2138 1066 2299 1102 hominis
2326 1066 2493 1102 ascendit
2519 1077 2617 1114 quae

1520 1139 1522 1159 l
1542 1116 1795 1163 praeparavit
1818 1117 1923 1153 Deus
1955 1117 2192 1166 diligentibus
2218 1130 2275 1164 se,
2310 1126 2350 1155 ut
2379 1119 2513 1156 dicitur
2532 1120 2546 1156 I
2566 1119 2618 1156 ad

1520 1165 1522 1171 ⁴
1554 1168 1640 1205 Cor.
1662 1179 1685 1203 11
1704 1167 1735 1204 ²³.
1765 1169 1814 1204 Et
1841 1169 1930 1206 hinc
1949 1167 1963 1191 ὅ
1997 1178 2053 1206 est
2081 1171 2187 1219 quod
2210 1171 2351 1208 dicitur
2379 1173 2473 1209 Luc.
2497 1172 2613 1209 V1**:
2642 1176 2652 1192 ²
2667 1175 2734 1197 Vm·
2749 1181 2772 1204 ⁹·

1546 1220 1775 1256 Mensuram
1795 1221 1933 1258 bonam
1953 1227 1989 1258 et
2004 1224 2330 1272 supereffluentem
2351 1225 2494 1262 dabunt
2509 1225 2547 1262 in
2566 1227 2614 1262 si·
2641 1238 2662 1248 ⁸-
2677 1203 2794 1266 ver-,³3s.

1548 1285 1618 1308 nus
1644 1278 1798 1310 vestros.
1829 1274 1931 1320 Quia
1958 1282 2088 1312 tamen
2116 1277 2219 1312 nulla
2248 1284 2418 1314 creatura
2447 1285 2504 1325 est
2521 1283 2533 1300 ⁸
2553 1290 2614 1314 ca·
2742 1291 2754 1308 τ

1546 1337 1620 1373 pax
1657 1325 1785 1373 gaudii
1814 1326 1862 1363 de
1890 1328 1975 1364 Deo
2011 1327 2044 1365 ei
2073 1328 2270 1377 condigni,
2300 1329 2390 1367 inde
2426 1337 2485 1367 est
2503 1331 2614 1380 quod

1546 1378 1639 1415 illud
1667 1379 1852 1426 gaudium
1881 1380 2042 1418 omnino
2070 1381 2228 1430 plenum
2261 1394 2340 1420 non
2370 1381 2516 1432 capitur
2539 1381 2554 1408 ζ
2573 1383 2614 1423 in

1545 1431 1725 1480 homine,
1765 1432 1833 1470 sed
1860 1434 1987 1481 potius
2015 1434 2136 1472 homo
2165 1435 2278 1472 intrat
2310 1436 2349 1473 in
2377 1436 2524 1486 ipsum:
2556 1448 2615 1474 se-

1546 1485 1716 1522 cundum
1753 1484 1845 1523 illud
1874 1487 2010 1524 Matth.
2038 1499 2111 1525 xxv
2136 1487 2177 1526 *z
2205 1490 2314 1526 Intra
2351 1489 2389 1525 in
2425 1488 2612 1540 gaudiuni
2639 1497 2731 1520 wer..
2746 1503 2823 1537 ’513-

1544 1539 1705 1576 Domini
1730 1539 1795 1575 tui.
2605 1554 2610 1558 ’

1597 1593 1656 1628 Αι)
1684 1603 1822 1629 ramum
1845 1603 1945 1630 ERGO
1964 1605 2151 1631 DICENDUM
2179 1595 2284 1643 quod
2312 1595 2407 1632 ratio
2435 1595 2497 1632 illa
2523 1594 2612 1645 pro-

1544 1644 1644 1682 cedit
1672 1645 1719 1681 de
1747 1645 1983 1694 plenitudine
2011 1647 2138 1694 gaudii
2167 1659 2212 1684 ex
2240 1655 2347 1696 parte
2375 1647 2430 1685 rei
2459 1649 2506 1685 de
2534 1655 2612 1698 qua

1542 1697 1742 1745 gaudetur.
1999 1702 2003 1706 ’
2599 1747 2601 1749 ¹

1596 1753 1654 1787 AD
1689 1762 1879 1788 SECUNDUM
1909 1747 2094 1790 memnon
2123 1752 2227 1801 quod
2261 1765 2349 1790 curn
2380 1761 2611 1802 perventum

2739 1383 2755 1414 t

1514 1788 1516 1819 Ῑ
1541 1803 1652 1840 fuerit
1680 1803 1728 1840 ad
1758 1803 2046 1852 beatitudinem,
2066 1805 2331 1854 unusquisque
2360 1806 2515 1854 attinget
2538 1804 2611 1844 ter-

1514 1857 1516 1862 *
1542 1856 1691 1893 minum
1712 1855 1783 1893 sibi
1801 1857 2017 1904 praefixum
2039 1870 2083 1895 ex
2102 1858 2448 1907 praedestinatione
2468 1859 2610 1908 divina,

1542 1921 1614 1946 nec
1633 1909 1787 1946 restabit
1804 1910 1960 1948 ulterius
1984 1910 2127 1960 aliquid
2151 1923 2228 1960 quo
2251 1913 2448 1949 tendatur:
2477 1924 2610 1962 quam-
2661 1947 2667 1952 .
2698 1948 2713 1955 .,

1540 1962 1600 1999 vis
1627 1962 1666 1999 in
1693 1962 1756 2000 illa
1783 1963 2051 2001 terminatione
2085 1976 2185 2001 unus
2216 1965 2416 2014 perveniat
2453 1966 2502 2003 ad
2529 1961 2611 2004 m'n-

1541 2015 1664 2052 iorem
1683 2016 2008 2065 propinquitatem
2027 2018 2116 2065 Dei,
2137 2018 2234 2055 alius
2253 2019 2302 2057 ad
2322 2019 2526 2057 minorem.
2561 2018 2611 2057 Et

1539 2069 1627 2106 ideo
1648 2069 1947 2118 uniuscuiusque
1967 2070 2149 2118 gaudium
2172 2071 2241 2108 erit
2258 2073 2419 2121 plenum
2437 2082 2483 2109 ex
2501 2079 2608 2122 parte

1540 2122 1758 2170 gaudentis:
1790 2123 1878 2171 quia
1906 2123 2206 2173 uniuscuiusque
2236 2123 2467 2163 desiderium
2495 2124 2608 2174 plene

1540 2175 1780 2224 quietabitur.
1824 2175 1906 2212 Erit
1942 2183 2071 2214 tamen
2109 2177 2291 2225 gaudium
2333 2177 2446 2215 unius
2484 2179 2616 2217 maius

1541 2241 1658 2277 quam
1679 2228 1843 2276 alterius,
1863 2237 2020 2278 propter
2044 2230 2256 2279 pleniorem
2275 2231 2608 2281 participationem

1541 2281 1694 2319 divinae
1723 2281 1977 2319 beatitudinis.
2572 2285 2593 2327 “,’·

1593 2337 1652 2372 An
1677 2346 1838 2372 TERTmM
1865 2347 2050 2373 memnon
2080 2337 2183 2385 quod
2213 2337 2509 2386 comprehensio
2537 2332 2607 2376 im'-

1539 2395 1665 2436 portat
1692 2388 1967 2436 plenitudinem
2002 2389 2227 2437 cognitionis
2257 2401 2302 2427 ex
2327 2397 2434 2440 parte
2461 2392 2516 2428 rei
2545 2388 2608 2430 cd-

1539 2440 1685 2488 gnitae:
1714 2448 1756 2477 ut
1784 2441 1925 2478 scilicet
1947 2449 2094 2479 tantum
2124 2450 2376 2491 cognoscatur
2399 2455 2458 2480 res
2487 2451 2607 2494 quan*

1539 2501 1621 2530 tum
1643 2494 1822 2541 cognosci
1841 2502 1976 2543 potest.
2007 2495 2135 2533 Habet
2153 2503 2282 2533 tamen
2308 2496 2419 2534 etiam
2441 2494 2606 2546 cognitio

1539 2547 1707 2595 aliquam
1726 2548 2003 2596 plenitudinem
2025 2561 2070 2585 ex
2089 2557 2195 2598 parte
2216 2550 2492 2598 cognoscentis,
2512 2550 2607 2591 sicut

421 2612 570 2647 sumus,
601 2613 679 2637 non
708 2600 866 2649 quiescit
885 2598 900 2629 β
919 2600 957 2636 in
986 2599 1097 2636 nobis
1132 2598 1306 2636 desiderii
1335 2607 1485 2636 motus:

420 2653 509 2701 quia
529 2653 654 2691 adhuc
674 2661 789 2690 restat
816 2653 922 2702 quod
951 2654 1036 2689 Deo
1063 2652 1184 2700 magis
1204 2653 1486 2701 appropinque-

419 2719 507 2743 mus
535 2719 603 2755 per
630 2707 802 2755 gratiam,
831 2714 873 2744 ut
902 2719 946 2743 ex
975 2706 1200 2756 supradictis
1219 2705 1239 2728 '¹‘
1258 2713 1372 2755 patet.
1410 2705 1487 2742 Sed

1540 2608 1577 2636 et
1604 2600 1652 2637 de
1680 2600 1818 2648 gaudio
1857 2600 2001 2639 dictum
2031 2610 2087 2639 est
2109 2601 2140 2640 *.
2179 2603 2291 2640 Unde
2329 2611 2366 2640 et
2396 2605 2606 2654 Apostolus
2633 2612 2842 2641 ’heom-‚enda-

1541 2653 1645 2698 dicit,
1666 2654 1718 2690 ad
1749 2654 1887 2691 Coloss.
1909 2667 1919 2692 1
1939 2653 1974 2691 ²⁸²:
2003 2655 2247 2703 Impleamini
2263 2657 2457 2706 agnitione
2474 2656 2605 2697 volun·
2631 2665 2642 2675 ⁸
2656 2663 2723 2687 Ven-
2737 2671 2759 2693 9-

1539 2706 1623 2742 tatis
1641 2707 1720 2743 eius
1739 2707 1776 2743 in
1797 2708 1904 2744 omni
1918 2708 2102 2756 sapientia
2121 2715 2158 2746 et
2173 2709 2356 2747 intellectu
2374 2711 2571 2760 spirituali.

474 2821 500 2853 α)
521 2820 584 2845 eius.
602 2834 621 2839 -
641 2821 693 2845 Dei
710 2821 756 2845 Pa.

475 2855 500 2888 β)
520 2857 637 2888 quiescit.
656 2870 674 2875 -
691 2859 777 2881 cessat
796 2856 843 2881 Pa.

473 2893 500 2925 γ)
520 2892 690 2917 desideravit.
709 2906 727 2910 -
744 2891 938 2916 desideraverit
957 2891 1025 2916 Pea.

1592 2818 1617 2852 δ)
1636 2820 1706 2844 hinc.
1725 2833 1744 2839 -
1761 2821 1810 2846 hoc
1829 2821 1924 2847 PHLa.
1942 2835 1961 2841 -
1980 2822 2030 2846 Pro
2058 2823 2132 2847 sinus
2159 2826 2270 2853 vestros,
2294 2823 2367 2849 sinos
2385 2828 2487 2850 vestros
2513 2825 2554 2851 ed.
2577 2832 2603 2854 a,

1537 2855 1624 2880 sinum
1640 2859 1756 2882 vestrum
1778 2857 1806 2882 Ρ.

1589 2892 1611 2923 ε)
1632 2895 1749 2917 tamen...
1769 2895 1817 2918 est.
1834 2905 1853 2911 -
1870 2899 1958 2917 cum...
1976 2896 2016 2918 est
2034 2894 2075 2918 ed.
2093 2901 2118 2923 a,
2138 2901 2226 2918 cum...
2243 2894 2280 2919 sit
2298 2895 2326 2919 P.

1590 2926 1616 2959 ζ)
1635 2928 1751 2960 capitur.
1768 2941 1787 2947 -
1804 2928 1878 2960 capit
1895 2928 2082 2961 ABCDElpxn.
2102 2929 2176 2961 rapit
2192 2929 2222 2960 F,
2241 2930 2316 2955 cadit
2334 2930 2366 2955 G.

1126 3042 1518 3098 ARTICUL'US
1563 3056 1890 3106 QUARTUS
1929 3054 1942 3063 ⁸

1182 3140 1338 3170 UTRUM
1363 3139 1563 3171 GAUDlUM
1588 3141 1654 3171 SIT
1678 3141 1837 3172 V1RTUS

456 3232 497 3255 f.
537 3231 581 3257 μ»
634 3220 656 3244 D
677 3219 848 3250 QUARTUM
868 3220 920 3245 sm
940 3220 1180 3246 PROCEDlTUR.
1197 3209 1357 3247 Videtur
1376 3210 1482 3259 quod
1507 3220 1509 3251 5

453 3241 609 3319 βῗῖιη
633 3261 814 3308 gaudium
848 3261 893 3298 sit
920 3262 1049 3298 virtus.
1088 3262 1230 3299 Vitium
1261 3263 1362 3299 enim
1393 3276 1481 3300 con-

437 3295 807 3361 Wtrariatur
823 3314 959 3351 virtuti.
992 3316 1068 3352 Sed
1093 3315 1237 3352 tristitia
1257 3316 1411 3364 ponitur
1428 3316 1484 3353 vi-

477 3343 574 3401 3423)
589 3359 748 3404 &tiumz
778 3374 820 3403 ut
837 3375 941 3416 patet
969 3368 1015 3405 de
1044 3369 1175 3406 acedia
1196 3377 1231 3405 et
1250 3369 1297 3406 de
1326 3369 1481 3407 invidia.

423 3421 524 3468 Ergo
555 3420 668 3457 etiarn
696 3420 878 3468 gaudium
907 3421 1021 3458 debet
1048 3422 1139 3469 poni
1169 3422 1298 3459 virtus.
1508 3449 1510 3455 .

477 3486 511 3510 2.
542 3474 783 3521 PRAETEREA,
822 3474 917 3510 sicut
952 3486 1060 3510 amor
1097 3482 1133 3511 et
1161 3487 1248 3523 spes
1284 3483 1371 3512 sunt
1398 3458 1511 3524 pas-i

1535 3212 1662 3248 siones
1691 3213 1882 3260 quaedam
1922 3225 2084 3260 quarum
2114 3213 2307 3251 obiectum
2347 3223 2402 3252 est
2429 3215 2598 3263 bonum,

1535 3265 1585 3301 ita
1605 3272 1641 3301 et
1664 3265 1857 3313 gaudium.
1889 3266 1966 3302 Sed
1995 3278 2105 3303 amor
2133 3274 2168 3303 et
2197 3279 2283 3316 spes
2311 3276 2507 3316 ponuntur
2524 3268 2598 3306 vir·

1535 3325 1644 3354 tutes.
1675 3319 1777 3366 Ergo
1808 3326 1844 3355 et
1871 3319 2050 3367 gaudium
2082 3320 2196 3356 debet
2223 3321 2315 3369 poni
2341 3321 2473 3358 virtus.

1590 3371 1624 3407 3.
1651 3372 1891 3419 PRAETEREA,
1920 3381 2123 3422 praecepta
2151 3373 2241 3421 legis
2270 3374 2407 3411 dantur
2435 3374 2481 3411 de
2509 3374 2597 3411 acti-

1537 3424 1608 3459 bus
1641 3423 1834 3461 virtutum.
1875 3426 1952 3462 Sed
1989 3426 2218 3475 praecipitur
2254 3427 2366 3476 nobis
2406 3427 2512 3474 quod
2549 3427 2596 3464 de

1536 3477 1621 3512 Deo
1650 3477 1903 3524 gaudeamus:
1929 3479 2140 3516 secundum
2162 3479 2252 3516 illud
2271 3479 2594 3528 adei11Pp.1v*:
2625 3483 2717 3506 ’Vm-
2731 3492 2755 3511 4-
