2892 4056
991 134 1257 180 QUAESTIO
1287 135 1464 183 XXXIII,
1493 134 1788 171 ARTICULUS
1817 135 1884 171 VII
2447 136 2521 182 269

1023 251 1354 283 commentaria
1376 251 1627 284 Car-dinetus
1648 251 1850 284 Caietam

384 337 405 358 u
427 327 559 358 articulo
583 334 670 358 sexto
694 327 818 358 adverte
847 327 1094 367 imprudentiam
1125 337 1237 358 eorum
1261 327 1331 368 qui,
1354 328 1414 358 im·
1468 335 1588 359 cessant
1610 328 1712 358 verbis
1736 338 1790 359 eos
1813 339 1951 368 arguere.
1976 329 2182 359 Involvuntur
2214 329 2299 359 enim
2321 328 2429 369 potius
2453 339 2523 368 pec-

357 340 538 412 Ipatienter
559 370 692 402 ferentes
725 371 937 411 blasphemias
960 378 991 402 et
1013 371 1072 401 alia
1095 371 1170 402 vitia
1196 371 1337 402 filiorum
1359 378 1415 402 aut
1468 372 1607 402 cantium
1631 372 1754 408 erratis,
1784 373 1929 412 augendo
1959 373 2107 404 indirecte
2135 383 2247 403 eorum
2275 382 2433 408 excessus,
2458 382 2524 402 non

353 415 624 451 domesticorum,
650 422 680 446 et
703 415 820 455 experti
853 414 1047 445 monitiones
1082 425 1148 444 non
1175 416 1325 455 prodesse
1359 416 1414 445 sed
1468 423 1590 446 servato
1624 415 1752 446 rationis
1787 417 1916 453 ordine,
1952 426 2050 457 quam
2091 417 2223 447 caritatis
2257 422 2421 457 praecepta
2455 426 2524 446 exe-

354 459 474 496 obesse,
498 458 540 489 ita
563 465 599 488 ut
622 458 747 499 quoties
770 465 942 489 monentur
963 458 1054 498 peius
1070 458 1200 495 faciant;
1226 469 1292 489 non
1308 466 1414 490 tamen
1468 466 1618 500 quantur.

1127 590 1446 631 ARTICULUS
1476 590 1744 632 SEPTIMUS

589 684 745 715 UTRUM
768 684 812 714 IN
835 681 1147 714 CORRECTIONE
1170 683 1404 713 FRATERNA
1427 683 1615 719 DEBEAT,
1640 683 1696 713 EX
1719 683 2014 714 NECESSITATE
2037 683 2293 720 PRAECEPTI,

837 725 1085 757 ADMONITIO
1109 725 1307 757 SECRETA
1329 726 1614 757 PRAECEDERE
1638 727 2035 758 DENUNTIATIONEM

705 806 740 830 1v
758 805 842 834 Sent„
861 803 922 829 dist.
939 811 990 835 xix,
1009 812 1054 837 qu.
1073 812 1100 834 11,
1120 809 1168 829 art.
1188 804 1211 835 3,
1231 805 1280 837 qu*
1303 812 1328 834 ¹3
1353 805 1395 829 De
1412 805 1518 833 Vir-tut„
1537 813 1582 837 qu.
1601 812 1647 835 111,
1664 810 1711 830 art.
1732 812 1762 836 2;
1783 806 1880 836 Quodl.
1899 806 1917 835 1,
1937 813 1981 838 qu.
2000 813 2059 837 vm,
2079 811 2125 831 art.
2145 813 2175 837 25

1111 840 1154 869 XI.
1174 847 1219 872 qu.
1237 847 1267 869 ι,
1286 845 1334 864 art.
1357 848 1383 871 1,
1404 847 1417 864 2
1424 847 1431 870 ;
1452 841 1482 865 In
1502 840 1610 870 Matth„
1630 848 1686 872 cap.
1703 848 1775 865 xvm.

394 942 430 964 .„
439 943 451 957 s
469 933 524 960 μί
565 925 588 950 n
603 923 783 949 εΕΡτιΜυΜ
799 923 853 948 sm
869 922 1108 948 PROCEDl’rUR.
1129 911 1290 948 Videtur
1308 911 1415 958 quod

386 951 535 1026 §1²21ae
563 965 602 1002 in
630 963 866 1001 correctione
894 964 1059 1000 fraterna
1086 976 1166 1000 non
1194 963 1343 1010 debeat,
1370 975 1414 999 ex

371 1010 442 1063 ’,γ’
431 1035 491 1063 *⁷2
502 1004 534 1065 ’ἦ
548 1017 787 1053 necessitate
806 1016 1011 1065 praecepti,
1032 1016 1243 1053 admonitio
1270 1022 1415 1052 secreta

372 1048 507 1107 15:2²⁹&
523 1063 555 1106 K
572 1069 794 1106 raecedere
817 1068 1153 1106 denuntiationem.
1185 1069 1378 1128 Operibus
1398 1074 1415 1089 ²

351 1121 455 1160 enim
475 1121 639 1160 caritatis
661 1122 868 1171 praecipue
897 1123 1084 1159 debemus
1107 1123 1237 1159 Deum
1261 1121 1414 1158 imitari·

1466 911 1558 960 quid
1587 911 1656 948 scit
1683 912 1963 959 corrigendum,
1994 912 2026 948 ei
2056 912 2212 949 dicatur.
2246 914 2348 961 Ergo
2376 913 2528 951 videtur

1466 963 1572 1012 quod
1600 971 1801 1000 teneantur
1829 964 1863 1000 ei
1880 962 1893 986 ⁸
1914 964 2039 1001 dicere
2068 964 2181 1002 etiam
2218 973 2304 1002 ante
2341 974 2526 1004 secretam
2651 972 2666 996 ὃ

1467 1015 1784 1053 admonitionem.
1814 1018 1906 1053 Non
1927 1029 2015 1064 ergo
2037 1025 2092 1053 est
2112 1018 2158 1054 de
2178 1019 2401 1055 necessitate
2420 1032 2528 1068 prae-

1468 1069 1568 1117 cepti
1598 1076 1641 1105 ut
1668 1076 1812 1105 secreta
1849 1069 2057 1106 admonitio
2094 1071 2299 1118 praecedat
2332 1073 2526 1120 publicam

1468 1121 1808 1159 denuntiationem.

387 931 407 948 δ.
441 934 445 945 1

113 1177 206 1201 ’νη
221 1184 241 1205 ¹»
255 1183 276 1200 ³·
350 1174 566 1211 secundum
586 1175 678 1212 illud
696 1176 832 1223 Ephes.
853 1174 928 1212 v*:
956 1176 1083 1212 Estote
1107 1175 1312 1212 imitatores
1330 1174 1415 1220 Dei,

349 1227 448 1264 sicut
474 1227 556 1274 filii
582 1228 795 1277 carissimi,
837 1234 872 1264 et
907 1228 1098 1265 ambulate
1134 1228 1171 1264 in
1209 1227 1414 1265 dilectione.

228 1318 231 1320 ,
294 1313 298 1314 γ
346 1281 459 1317 Deus
494 1284 623 1317 autem
658 1281 849 1318 interdum
885 1281 1036 1330 publice
1073 1280 1183 1330 punit
1217 1280 1416 1317 hominem

211 1336 227 1371 β
349 1345 421 1382 pro
440 1340 600 1382 peccato
630 1334 732 1370 nulla
756 1340 901 1370 secreta
920 1333 1133 1370 monitione
1152 1331 1167 1362 β
1185 1333 1418 1381 praeceden-

349 1393 400 1422 te.
421 1385 523 1433 Ergo
542 1385 696 1423 videtur
715 1386 820 1435 quod
840 1397 918 1422 non
938 1385 984 1422 sit
1002 1386 1262 1423 necessarium
1282 1386 1417 1422 admo-

350 1437 536 1475 nitionem
556 1445 742 1475 secretam
761 1438 990 1487 praecedere
1011 1437 1349 1475 denuntiationem.

405 1501 441 1527 2.
465 1492 706 1538 PRAETEREA,
736 1491 832 1528 sicut
859 1491 1095 1538 Augustinus
1124 1490 1224 1538 dicit,
1253 1491 1291 1527 in
1318 1490 1416 1527 libro

110 1545 322 1602 2⁸9¹?va
354 1543 496 1580 Contra
523 1543 772 1581 Mendacium
774 1543 832 1596 *,
870 1555 921 1579 ex
955 1544 1071 1594 gestis
1107 1544 1332 1580 Sanctorum
1361 1544 1416 1580 in-

346 1595 470 1646 telligi
489 1601 613 1645 potest
638 1588 798 1645 qualiter
823 1601 912 1633 sunt
931 1602 1136 1645 praecepta
1163 1608 1298 1633 sacrae
1316 1597 1416 1633 Scri-

341 1653 483 1698 pturae
510 1649 765 1700 intelligenda.
795 1649 872 1686 Sed
899 1647 939 1686 in
966 1649 1080 1697 gestis
1110 1649 1370 1687 Sanctorum
1361 1661 1416 1686 1n-

347 1701 500 1739 venitur
527 1702 625 1739 facta
651 1701 806 1752 publica
839 1702 1074 1739 denuntiatio
1102 1702 1250 1750 peccati
1282 1702 1419 1739 occulti

348 1755 452 1801 nulla
472 1762 617 1792 secreta
635 1754 847 1792 monitione
872 1755 1140 1803 praecedente:
1166 1755 1262 1792 sicut
1284 1755 1418 1803 legitur

353 1807 446 1844 Gen.
466 1819 588 1845 xxxvu
606 1807 628 1830 *
646 1809 752 1858 quod
780 1808 920 1856 Ioseph
947 1808 1140 1845 accusavit
1159 1809 1303 1856 fratres
1329 1820 1417 1845 suos

349 1860 453 1910 apud
481 1866 632 1910 patrem
661 1859 820 1897 crimine
846 1860 1034 1909 pessimo‚·
1062 1868 1099 1897 et
1125 1862 1208 1898 Act.
1234 1873 1259 1897 v
1278 1860 1299 1882 *
1327 1860 1416 1897 dici-

348 1921 410 1950 tur
437 1913 544 1961 quod
570 1914 706 1950 Petrus
733 1913 925 1950 Ananiam
955 1921 992 1951 et
1025 1913 1238 1963 Saphiram,
1268 1914 1416 1950 occulte

349 1965 619 2004 defraudantes
647 1965 695 2003 de
722 1965 844 2015 pretio
873 1966 970 2014 agri,
998 1966 1149 2016 publice
1184 1966 1419 2004 denuntiavit

348 2019 454 2055 nulla
481 2026 627 2056 secreta
655 2018 916 2055 admonitione
943 2019 1166 2068 praemissa.
1197 2020 1281 2068 Ipse
1302 2019 1416 2056 etiarn

347 2071 541 2109 Dominus
561 2083 639 2109 non
665 2071 800 2119 legitur
827 2080 975 2108 secreto
1004 2071 1252 2109 admonuisse
1281 2072 1416 2109 Iudam

349 2123 556 2175 antequam
586 2136 676 2161 eum
703 2124 952 2162 denuntiaret.
983 2125 1075 2162 Non
1095 2137 1186 2173 ergo
1208 2132 1264 2161 est
1283 2125 1330 2162 de
1350 2138 1415 2162 ne—

349 2178 521 2215 cessitate
539 2177 732 2228 praecepti
752 2184 793 2213 ut
811 2185 955 2214 secreta
978 2177 1190 2214 admonitio
1213 2178 1418 2227 praecedat

348 2230 543 2281 publicam
572 2230 914 2267 denuntiationem.

403 2284 438 2320 3.
467 2284 707 2332 PRAETEREA,
736 2283 927 2320 accusatio
957 2290 1011 2319 est
1035 2282 1189 2330 gravior
1213 2294 1330 2332 quam
1351 2282 1416 2320 de-

349 2335 547 2374 nuntiatio.
578 2336 655 2373 Sed
684 2335 734 2372 ad
760 2335 954 2384 publicam
981 2335 1267 2372 accusationem
1291 2343 1418 2386 potest

207 2394 225 2420 Υ
348 2388 481 2439 aliquis
494 2389 842 2438 procederetnulla
861 2387 1125 2428 admonitione
1145 2396 1290 2425 secreta
1307 2401 1417 2438 prae-

312 2464 322 2475 ,
349 2441 528 2478 cedente:
565 2441 837 2479 determinatur
864 2441 966 2478 enim
994 2440 1032 2477 in
1059 2441 1250 2477 Decretali
1269 2440 1290 2462 ²¹⁸
1308 2442 1415 2489 quod

346 2495 627 2532 accusationem
663 2495 771 2532 debet
797 2494 1028 2544 praecedere
1065 2493 1268 2542 inscriptio.
1311 2494 1414 2542 Ergo

346 2547 500 2585 videtur
537 2547 642 2596 quod
679 2559 759 2600 non
796 2547 841 2584 sit
878 2547 925 2584 de
959 2546 1183 2583 necessitate
1219 2546 1415 2595 praecepti

347 2600 454 2659 quod
481 2608 626 2638 secreta
654 2591 866 2638 admonitio
895 2600 1099 2649 praecedat
1125 2600 1320 2648 publicam
1351 2600 1415 2636 de-

346 2653 639 2691 nuntiationem.

399 2719 436 2754 4.
458 2707 692 2752 Pmmam,
714 2718 792 2742 non
811 2705 964 2742 viderur
984 2718 1065 2742 esse
1090 2704 1288 2754 probabile
1309 2706 1414 2753 quod

347 2771 393 2796 ea
421 2771 519 2808 quae
548 2766 636 2796 sunt
661 2758 700 2795 in
730 2758 928 2795 communi
963 2757 1238 2795 consuetudine
1267 2757 1414 2806 religio-

347 2824 479 2849 sorum
513 2811 587 2849 sint
623 2819 754 2849 contra
790 2819 995 2860 praecepta
1023 2811 1173 2849 Christi.
1217 2811 1294 2848 Sed
1323 2823 1414 2848 con-

347 2873 498 2902 suetum
519 2872 575 2901 est
592 2865 631 2901 in
651 2864 895 2912 religionibus
920 2865 1025 2913 quod
1049 2864 1087 2900 in
1107 2863 1280 2912 capitulis
1299 2863 1413 2913 aliqui

346 2918 630 2966 proclamantur
650 2918 697 2954 de
718 2917 837 2965 culpis
862 2918 965 2954 nulla
985 2924 1130 2954 secreta
1149 2916 1411 2954 admonitione

346 2969 571 3018 praemissa.
600 2970 704 3017 Ergo
722 2970 876 3007 videtur
894 2970 1000 3019 quod
1018 2970 1093 3007 hoc
1113 2982 1192 3006 non
1213 2969 1258 3005 sit
1281 2969 1328 3006 de
1348 2982 1412 3007 ne-

348 3021 520 3060 cessitate
547 3022 753 3071 praecepti.

405 3075 438 3112 5.
466 3075 704 3122 PRAETEREA,
735 3074 898 3123 religiosi
925 3082 1101 3112 tenentur
1128 3074 1206 3111 suis
1233 3074 1410 3122 praelatis

347 3126 517 3165 obedire.
548 3127 625 3164 Sed
645 3127 878 3176 quandoque
896 3127 1054 3176 praelati
1078 3126 1326 3175 praecipiunt,
1346 3128 1410 3165 vel

347 3179 606 3218 communiter
633 3180 813 3217 omnibus
839 3181 903 3217 vel
930 3180 1042 3217 alicui
1069 3179 1291 3229 specialiter,
1311 3188 1352 3218 ut
1379 3180 1410 3218 si

135 1808 203 1832 Ven-
216 1814 239 1831 ι.

134 1861 204 1884 Vei-⁸.
214 1868 236 1891 3,
251 1868 275 1890 4,
285 1868 309 1890 9.

399 3311 427 3344 α)
451 3310 587 3343 Operibus.
604 3323 624 3332 -·
642 3310 673 3336 In
692 3310 815 3342 operibus
834 3310 976 3336 PDGILsK
995 3315 1021 3335 et
1038 3317 1082 3336 na.

399 3345 425 3380 β)
444 3346 596 3372 monitione.
613 3360 632 3365 -
649 3345 830 3371 admonitione
849 3345 992 3370 PCGHLR.

397 3381 424 3415 γ)
439 3382 594 3414 procedere.
612 3395 630 3400 —
647 3381 773 3407 accedere
791 3381 837 3406 Pa.

397 3416 423 3449 δ)
442 3420 583 3442 teneantur
601 3417 633 3442 ei.
651 3430 671 3436 -
687 3419 830 3442 teneantur
848 3416 880 3448 G,
899 3416 924 3441 ei
942 3415 990 3448 (eis
1008 3416 1038 3449 P)
1058 3419 1199 3441 teneantur
1218 3416 1265 3441 Pa.

1522 1175 1596 1211 SED
1616 1186 1762 1211 CONTRA
1781 1186 1847 1211 EST
1874 1175 1978 1223 quod
1997 1174 2233 1223 Augustinus
2253 1176 2352 1223 dicit,
2372 1177 2410 1213 in
2429 1177 2527 1213 libro

1467 1226 1514 1263 de
1546 1227 1677 1264 Verbis
1703 1228 1816 1265 Dom.
1837 1227 1869 1274 *,
1904 1240 2101 1276 exponens
2129 1228 2219 1266 illud
2238 1228 2290 1276 *²⁸⁷
2331 1245 2348 1262 e<
2369 1229 2528 1278 Corripe
2555 1231 2767 1306 ζῗὶῐφρξξξὲξν

1467 1279 1595 1328 ipsum
1614 1280 1709 1317 inter
1727 1287 1763 1317 te
1792 1288 1829 1317 et
1846 1280 1973 1329 ipsum
1993 1281 2119 1317 solum
2151 1294 2194 1317 »ε
2223 1281 2380 1318 studens
2403 1294 2528 1318 corre·
2555 1284 2644 1332 {VIM
2635 1290 2728 1332 '‘g-‚¹2

1467 1333 1592 1378 ctioni,
1606 1344 1771 1380 parcens
1791 1333 1945 1381 pudori.
1978 1335 2093 1370 Forte
2111 1334 2210 1370 enim
2232 1346 2332 1382 prae
2348 1346 2528 1371 verecun—
2555 1343 2629 1363 ”¹¹¹¹
2653 1343 2767 1365 vers·1·‘³·

1468 1385 1530 1421 dia
1549 1385 1678 1433 incipit
1703 1386 1902 1433 defendere
1912 1392 2111 1434 peccatum
2130 1399 2253 1432 suum,
2275 1393 2312 1423 et
2337 1399 2446 1435 quem
2475 1388 2530 1424 vis

1457 1438 1596 1484 facere
1623 1438 1837 1484 meliorem,
1854 1439 1961 1486 facis
1982 1439 2163 1488 peiorem.
2195 1439 2271 1476 Sed
2299 1440 2347 1476 ad
2375 1441 2451 1476 hoc
2475 1447 2529 1476 te-

1468 1502 1606 1527 nemur
1632 1503 1702 1539 per
1719 1498 1967 1540 praeceptum
1997 1492 2158 1528 caritatis
2177 1500 2219 1528 ut
2246 1504 2453 1528 caveamus
2482 1505 2529 1529 ne

1466 1542 1581 1579 frater
1608 1543 1774 1580 deterior
1801 1543 1995 1580 efficiatur.
2029 1545 2132 1591 Ergo
2160 1544 2255 1581 ordo
2285 1544 2530 1581 correctionis

1468 1595 1653 1632 fraternae
1683 1596 1782 1633 cadit
1810 1596 1880 1633 sub
1908 1605 2126 1645 praecepto.

1521 1649 1747 1686 Rnspoumzo
1775 1660 1960 1686 monimum
1987 1650 2092 1697 quod
2122 1649 2221 1686 eirca
2248 1649 2442 1698 publicam
2467 1649 2530 1687 de-

1467 1701 1746 1738 nuntiationem
1764 1709 2011 1750 peccatorum
2032 1702 2340 1750 distinguendum
2362 1709 2427 1738 est.
2453 1704 2532 1739 Aut

1468 1754 1572 1790 enim
1591 1762 1748 1803 peccata
1767 1762 1854 1791 sunt
1879 1754 2045 1803 publica,
2071 1763 2136 1791 aut
2163 1762 2249 1791 sunt
2268 1760 2280 1776 ²
2300 1754 2460 1791 occulta.
2491 1755 2531 1792 Si

1467 1806 1622 1854 quidem
1643 1807 1716 1844 sint
1733 1807 1898 1856 publica,
1919 1820 1997 1844 non
2026 1814 2082 1844 est
2099 1815 2247 1845 tantum
2268 1806 2530 1844 adhibendum

1469 1860 1682 1897 remedium
1711 1860 1746 1896 ei
1773 1859 1839 1910 qui
1874 1860 2069 1909 peccavit,
2105 1868 2147 1897 ut
2178 1860 2314 1897 melior
2340 1859 2425 1907 fiat,
2463 1860 2531 1898 sed

1469 1913 1583 1949 etiam
1612 1912 1705 1960 aliis,
1734 1913 1772 1950 in
1801 1925 1967 1962 quorum
1996 1913 2169 1949 notitiam
2198 1912 2364 1959 devenit,
2383 1920 2426 1949 ut
2452 1925 2531 1950 non

1468 1965 1781 2002 scandalizentur.
1811 1966 1861 2002 Et
1887 1966 1975 2002 ideo
1995 1965 2082 2002 talia
2100 1973 2256 2014 peccata
2275 1973 2363 2002 sunt
2379 1965 2531 2013 publice

1468 2018 1678 2066 arguenda:
1699 2018 1911 2055 secundum
1932 2018 2022 2055 illud
2041 2019 2232 2067 Apostoli,
2250 2019 2330 2055 lad
2347 2019 2442 2055 Tim.
2458 2031 2483 2055 v
2495 2019 2529 2055 *t

1467 2072 1687 2108 Peccantem
1707 2083 1837 2108 coram
1857 2072 2030 2108 omnihus
2056 2083 2198 2121 argue,
2235 2077 2275 2108 ut
2292 2072 2407 2108 ceteri
2423 2072 2529 2108 timo—

1467 2136 1547 2161 rem
1576 2125 1760 2168 habeant‚·
1794 2125 1899 2172 quod
1933 2124 2149 2172 intelligitur
2186 2124 2232 2161 de
2265 2123 2431 2172 peccatis
2461 2137 2530 2173 pu-

1467 2177 1595 2225 blicis,
1631 2185 1674 2213 ut
1701 2177 1934 2224 Augustinus
1972 2177 2079 2224 dicit,
2117 2177 2156 2214 in
2188 2177 2285 2214 libro
2322 2177 2368 2214 de
2401 2178 2531 2214 Verbis

1467 2231 1582 2266 Dom.
1601 2229 1622 2251 '¹‘

1522 2282 1562 2319 Si
1589 2293 1683 2319 vero
1713 2281 1787 2319 sint
1811 2288 1968 2331 peccata
2001 2283 2168 2329 occulta,
2204 2281 2257 2319 sic
2284 2281 2439 2318 videtur
2465 2282 2531 2319 ha-

1467 2335 1558 2372 bere
1578 2335 1708 2372 locum
1729 2334 1835 2384 quod
1858 2334 2052 2372 Dominus
2081 2334 2170 2371 dicit
2187 2335 2227 2371 *.
2257 2334 2299 2371 Si
2316 2335 2584 2389 peccaveritve
2557 2342 2665 2390 ‘Mratthae
2653 2348 2769 2369 capum,

1468 2388 1505 2424 in
1534 2394 1568 2425 te
1592 2389 1725 2437 frater
1751 2393 1856 2424 tuus:
1893 2388 2049 2435 quando
2078 2387 2180 2424 enim
2210 2395 2246 2424 te
2275 2387 2436 2424 offendit
2461 2399 2531 2436 pu-
2633 2375 2661 2396 ¹⁴⁵

1467 2441 1564 2477 blice
1594 2452 1726 2476 coram
1756 2440 1854 2487 aliis,
1883 2439 1959 2476 iam
1987 2453 2066 2477 non
2094 2441 2220 2477 solum
2248 2439 2287 2476 in
2315 2447 2350 2476 te
2378 2448 2528 2488 peccat,

1466 2493 1534 2530 sed
1555 2492 1669 2529 etiam
1698 2492 1736 2528 in
1765 2492 1870 2538 alios,
1901 2504 1999 2542 quos
2026 2494 2163 2530 turbat.
2193 2492 2271 2529 Sed
2299 2492 2389 2540 quia
2415 2493 2529 2530 etiarn

1466 2545 1504 2582 in
1534 2544 1691 2581 occultis
1710 2544 1875 2593 peccatis
1893 2552 2019 2593 potest
2036 2544 2160 2594 parari
2182 2544 2448 2594 proximorum
2475 2546 2530 2582 of-

1465 2598 1584 2644 fensa,
1606 2597 1693 2634 ideo
1714 2597 1840 2634 adhue
1860 2597 2168 2645 distinguendum
2189 2598 2339 2635 videtur
2357 2596 2380 2634 ἶ.
2402 2598 2529 2644 Quae·
2653 2605 2668 2633 ζ

1467 2652 1572 2688 dam.
1594 2651 1697 2687 enim
1730 2657 1887 2698 peccata
1933 2652 2081 2687 occulta
2117 2657 2205 2688 sunt
2240 2662 2339 2697 quae
2373 2657 2460 2686 sunt
2490 2651 2528 2687 in

1465 2711 1741 2741 nocumentum
1769 2702 2034 2751 proximorum
2057 2704 2120 2740 vel
2149 2703 2344 2751 corporale
2372 2703 2435 2739 vel
2454 2703 2527 2751 spi-

1465 2757 1618 2794 rituale:
1646 2763 1739 2805 puta
1767 2756 1797 2792 si
1830 2755 1966 2804 aliquis
1993 2756 2140 2793 occulte
2168 2762 2300 2792 tractet
2327 2756 2526 2803 quomodo

1465 2810 1595 2847 civitas
1628 2809 1797 2846 tradatur
1828 2809 2020 2854 hostibus3
2057 2809 2120 2845 vel
2147 2808 2177 2845 si
2211 2808 2422 2845 haereticus
2454 2809 2527 2857 pri-

1462 2863 1584 2900 vatim
1612 2862 1790 2899 homines
1822 2874 1844 2897 a
1871 2862 1950 2898 fide
1978 2869 2136 2899 avertat.
2179 2861 2228 2897 Et
2256 2860 2346 2909 quia
2377 2860 2439 2897 hie
2465 2860 2526 2897 ille

1464 2916 1529 2964 qui
1548 2921 1566 2943 ἢ
1587 2916 1736 2952 occulte
1763 2921 1898 2963 peccat
1924 2927 2003 2951 non
2029 2915 2155 2951 solum
2175 2913 2213 2950 in
2237 2921 2273 2950 te
2292 2920 2438 2962 peccat,
2459 2914 2525 2950 sed
2651 2931 2666 2953 η

1463 2969 1578 3006 etiam
1602 2968 1640 3005 in
1660 2968 1769 3012 alios;
1798 2974 1948 3015 oportet
1972 2967 2096 3004 statim
2123 2966 2172 3003 ad
2197 2966 2525 3004 denuntiationem

1462 3021 1684 3071 procedere,
1714 3028 1755 3057 ut
1786 3020 2006 3057 huiusmodi
2034 3027 2311 3056 nocumentum
2341 3019 2525 3068 impedia-

1462 3074 1572 3112 ται-*ε
1601 3074 1671 3111 nisi
1700 3074 1795 3110 forte
1824 3073 1957 3122 aliquis
1985 3072 2145 3110 firmiter
2173 3072 2390 3109 aestimaret
2419 3072 2524 3120 quod
2553 3082 2671 3110 ’0-988-

1463 3127 1588 3165 statim
1616 3139 1685 3175 per
1704 3133 1892 3164 secretam
1919 3126 2223 3164 admonitionem
2246 3131 2378 3174 posset
2394 3124 2523 3161 huius-

1462 3180 1570 3218 modi
1597 3180 1700 3217 mala
1727 3178 1926 3228 impedire.

2558 2030 2568 2040 ⁶
2583 2029 2650 2051 Vers.
2666 2036 2702 2051 20.

2557 2234 2769 2263 ’Loc.cit.,cap.vu.

1511 3311 1533 3343 ι)
1553 3313 1623 3336 sunt.
1641 3310 1740 3335 -Om.
1758 3310 1858 3335 ADKR.

1473 3355 1476 3358 ⁴
1509 3345 1534 3378 ζ)
1555 3345 1772 3378 distinguendum
1792 3345 1906 3370 videtur.
1923 3358 1942 3364 —
1960 3345 2067 3370 videtur
2090 3343 2308 3377 distinguendum
2328 3350 2383 3368 esse
2401 3342 2449 3367 Pa.

1508 3380 1536 3413 η)
1555 3381 1659 3441 hicKille
1676 3381 1762 3413 φυζ-
1743 3381 1818 3406 -ille
1841 3380 1887 3413 qui
1904 3381 1943 3406 sic
1966 3381 2042 3405 PsCx
2061 3385 2086 3405 et
2103 3387 2152 3409 na,
2174 3379 2218 3404 ille
2239 3379 2285 3411 qui
2311 3377 2459 3410 H1p=,h1·c
2478 3377 2522 3402 1¹11:

1456 3416 1502 3449 qui
1519 3416 1558 3441 sic
1577 3424 1589 3441 s
