2892 4056
446 163 555 187 XXVIII

438 228 599 268 exemplar
628 237 664 257 ex
695 237 760 267 quo
792 226 979 265 transumpti
1009 233 1082 255 sunt
1111 226 1202 265 plura
1232 226 1347 256 menda
1376 226 1504 256 retinuit

438 281 538 311 quam
562 271 702 302 correxit.
728 271 815 300 Idem
839 277 868 300 et
892 280 909 300 a
933 269 1054 301 fortiori
1078 269 1208 309 quidem
1233 270 1271 299 de
1295 269 1384 300 tertia
1406 270 1502 299 classe
1528 301 1529 304 ,

438 316 529 345 valet.
571 316 640 354 Ipse
663 314 899 349 Vincentiaster‚
925 320 1087 343 auctorem
1117 313 1283 349 simulans,
1308 315 1347 343 ad
1372 323 1501 343 sensum
1527 328 1529 349 3

437 360 610 389 verborum
634 358 796 396 diligenter
818 358 976 387 attendere
993 357 1114 392 debuit;
1141 357 1292 387 materiali
1316 358 1501 396 exemplaris
1527 352 1529 391 J
1555 363 1626 383 mae
1641 353 1745 383 classis
1762 362 1828 382 esse
1844 353 2000 383 dicuntur.
2021 353 2053 382 Si
2069 353 2171 392 prima
2187 355 2376 394 exemplaria
2391 356 2528 386 duarum
2543 358 2619 386 clas-

438 403 486 432 sui
518 402 647 432 dictioni
679 411 744 431 non
776 409 840 431 erat
864 401 1067 435 constrictus,
1101 407 1131 430 et
1162 401 1364 431 nihilosecius
1395 402 1500 431 minus
1526 424 1528 436 ,
1556 397 1639 427 sium
1656 397 1818 427 extiterent
1835 407 1870 426 ea
1894 396 1962 436 ipsa
1982 403 2156 436 utcumque
2180 397 2309 437 antiqua
2323 399 2403 429 inter
2422 399 2528 430 minus
2543 399 2618 430 fide-

436 446 577 477 imitatur
600 445 825 475 intermedium
848 454 945 484 quam
970 444 1110 484 primum
1134 444 1366 484 apographum.
1398 445 1433 474 In
1455 455 1501 475 re·
1526 445 1528 474 ἶ
1554 441 1599 470 les
1612 441 1906 476 adnumerarentur;
1923 441 2077 470 maiorem
2088 450 2163 470 vero
2176 440 2272 471 fldem
2285 452 2383 482 quam
2395 443 2505 483 primis
2518 453 2619 473 exem-

1526 480 1528 512 ἱ
1555 484 1694 524 plaribus
1711 485 1851 520 debetur,
1876 490 1942 515 tota
1965 484 2113 524 prosapia
2136 494 2202 514 non
2222 484 2351 517 affectat.
2383 487 2487 517 Nemo
2511 494 2619 517 autem

436 490 531 530 liquis
548 489 643 520 etiam
661 489 822 518 codicibus
842 488 944 518 maior
959 498 1031 527 pars
1051 498 1195 518 errorum
1214 495 1332 519 retenta
1348 489 1398 518 vel
1419 489 1500 519 male

436 540 574 564 correcta
590 540 645 568 est,
664 540 784 571 praeter
798 543 823 561 ω
840 539 870 562 et
889 532 926 561 55
954 530 997 573 (et
1012 532 1093 562 inter
1109 542 1301 573 papyraceos
1321 533 1358 562 25
1378 539 1408 562 et
1430 531 1498 574 36);
1525 555 1527 562 ,

436 577 516 607 inter
526 586 637 607 omnes
650 576 682 606 hi
697 576 851 606 excellunt
868 575 1008 605 bonitate
1022 583 1052 606 et
1064 575 1239 616 frequentia
1256 576 1498 612 correctionum,
1525 590 1527 622 g

434 621 563 659 vestigia
593 627 698 650 tamen
723 619 817 658 primi
848 619 1022 659 apographi
1054 629 1108 649 eos
1132 624 1274 659 premere
1302 620 1409 650 nullus
1433 630 1498 650 non
1525 650 1526 656 ,

434 665 534 699 videt;
559 674 656 703 quam
680 673 747 692 rem
764 663 948 693 diiudicanti
971 663 1072 693 malae
1090 664 1292 694 correctionis
1317 670 1347 694 et
1366 664 1499 694 aliarum
1524 657 1526 681 ⁴³

434 707 687 747 interpolationis
711 714 860 737 notarum
883 707 987 738 debita
1011 707 1090 737 ratio
1114 708 1258 737 habenda
1282 714 1338 738 est.
1362 708 1403 738 Et
1425 708 1498 738 ideo
1524 719 1526 746 ξ

1524 748 1525 770 ἰ
1553 748 1654 778 tinent
1684 747 1815 788 quidem
1846 748 1901 778 sed
1928 747 2181 787 interpolationis
2211 748 2422 779 condemnata
2444 756 2506 785 est;
2530 759 2618 789 prae-

435 751 672 787 concludimus,
703 751 898 791 ubicumque
929 761 987 791 pro
1013 761 1116 781 errore
1145 751 1239 791 primi
1268 751 1442 791 apographi
1465 752 1497 781 in

434 795 597 835 quibusvis
627 795 713 824 libris
744 795 802 825 alia
834 795 927 824 lectio
952 802 1110 831 occurrat,
1143 796 1203 825 hoc
1234 806 1299 825 non
1324 803 1498 835 spontanea

430 839 644 879 'descriptione
668 838 784 868 codicis
815 839 942 869 alterius
966 839 1102 869 familiae
1132 839 1252 869 factum
1277 849 1343 869 esse
1367 840 1421 869 sed
1446 840 1497 869 de-
1523 858 1525 868 ι

433 883 561 914 liberata
578 889 793 913 correctorum
807 883 980 919 voluntate,
1006 883 1174 923 proprium
1196 883 1305 913 lumen
1327 890 1356 913 et
1370 884 1497 914 libitum

433 937 465 957 se
490 934 646 957 nentium.

468 937 569 1001 qDein
589 971 628 1000 ad
643 970 784 1000 valorem
809 971 957 1001 codicum
973 970 1200 1001 Vaticanorum
1220 971 1495 1001 determinandum

433 1015 554 1045 elenchi
578 1015 750 1045 necessaria
767 1014 921 1045 elementa
945 1014 1157 1054 suppeditant.
1181 1014 1298 1045 Nullus
1319 1016 1418 1045 codex
1434 1016 1496 1046 Va·
1521 1051 1523 1056 ,

433 1059 554 1089 ticanus
586 1069 603 1088 a
627 1059 811 1089 correcturis
842 1069 971 1098 prorsus
993 1059 1147 1089 immunis
1177 1066 1236 1095 est;
1271 1059 1370 1089 modo
1401 1069 1495 1095 unus,
1521 1077 1523 1084 ι

433 1103 532 1133 modo
556 1103 662 1142 plures
687 1102 806 1143 aliquid
830 1113 847 1132 a
870 1102 1004 1133 lectione
1035 1103 1129 1142 primi
1153 1103 1328 1143 apographi
1357 1103 1496 1133 alienum
1521 1135 1522 1141 ἵ

432 1147 534 1187 legere
553 1146 701 1177 vidimus.
726 1147 869 1177 Tantum
891 1157 966 1176 vero
991 1147 1078 1176 abest
1101 1154 1136 1177 ut
1158 1146 1220 1176 hoc
1240 1146 1399 1177 Vaticanis
1424 1156 1496 1196 pro·
1521 1169 1522 1183 ³

432 1191 538 1231 prium
551 1191 720 1231 dicendum
737 1191 786 1227 sit,
804 1197 839 1220 ut
852 1201 963 1220 omnes
980 1191 1098 1240 absque
1111 1190 1176 1220 ulla
1190 1190 1382 1229 exceptione,
1400 1190 1495 1220 etiam
1520 1187 1522 1237 J
1548 1186 1687 1216 ferentiis
1721 1186 1981 1226 distinguendum
2014 1193 2070 1217 est.
2094 1186 2224 1216 Errores
2247 1187 2342 1226 primi
2364 1189 2540 1231 apographi
2563 1190 2617 1219 de-

432 1235 569 1265 maxime
584 1234 691 1265 fideles
708 1234 828 1274 primae
843 1234 958 1270 classis,
976 1234 1087 1264 seriem
1103 1234 1258 1264 librorum
1274 1233 1495 1273 insuperabilis
1520 1246 1522 1269 5

1520 1284 1522 1290 ’
1549 1273 1642 1303 toties
1672 1275 1757 1304 bona
1787 1273 1858 1304 crisi
1876 1273 1909 1303 id
1940 1273 2060 1304 factum
2083 1283 2151 1304 esse
2173 1283 2270 1304 nemo
2295 1275 2431 1314 negabit.
2454 1276 2530 1306 Non
2552 1286 2617 1307 cre-

431 1323 579 1353 derimus.
595 1340 616 1345 -
630 1323 656 1352 E
669 1329 777 1352 contra
794 1332 950 1352 consensu
968 1321 1195 1352 vaticanorum
1212 1321 1382 1352 lectionem
1399 1320 1495 1361 primi
1520 1342 1521 1347 ,

431 1279 640 1315 excellentiae,
654 1279 725 1318 plus
741 1279 790 1308 vel
806 1278 911 1308 minus
927 1277 1226 1317 interpolationibus
1241 1287 1352 1317 passos
1369 1287 1436 1307 esse
1450 1277 1495 1307 vi—

429 1367 605 1406 apographi
630 1375 795 1406 nunquam
820 1376 886 1396 non
910 1366 1148 1405 repraesentari,
1178 1375 1215 1395 ex
1239 1365 1376 1395 elenchis
1399 1365 1495 1396 etiam

430 1411 635 1451 perspicuum
659 1417 720 1446 est;
744 1410 821 1440 item
845 1410 975 1449 dempto
1000 1410 1027 1446 I,
1050 1411 1090 1439 ad
1114 1409 1239 1440 tertiam
1268 1410 1398 1440 classem
1423 1419 1493 1449 per-

429 1455 563 1491 tinente;
601 1455 678 1484 item
703 1454 839 1494 demptis
862 1454 989 1484 duobus
1012 1454 1063 1483 vel
1090 1454 1188 1484 tribus
1213 1453 1350 1494 antiquis
1373 1453 1423 1484 vel
1446 1463 1493 1483 re-

430 1499 582 1534 centibus,
601 1498 692 1529 ceteri
718 1508 792 1528 cum
815 1498 920 1537 primo
939 1498 1124 1538 apographo
1149 1498 1278 1528 faciunt.
1305 1497 1366 1528 Ubi
1384 1508 1401 1527 a
1419 1507 1494 1528 con-

430 1553 524 1574 sensu
542 1543 689 1573 codicum
712 1542 792 1572 ABF
815 1542 908 1573 ceteri
931 1543 1090 1578 recedunt,
1106 1541 1139 1572 hi
1156 1549 1216 1572 tres
1239 1552 1275 1572 ex
1298 1548 1384 1582 parte
1400 1541 1494 1581 primi

429 1587 605 1628 apographi
635 1597 667 1617 se
691 1593 814 1622 tenent,
845 1585 981 1625 exceptis
1005 1587 1148 1622 duobus,
1179 1586 1211 1616 ni
1236 1595 1390 1621 erramus,
1414 1585 1494 1616 locis

429 1631 502 1674 (148
527 1638 557 1661 et
586 1629 653 1673 15⁵)
678 1640 715 1660 ex
738 1637 866 1660 centum
890 1629 1137 1670 quinquaginta!
1169 1631 1240 1660 Hoc
1269 1629 1426 1660 fidelitatis
1450 1636 1493 1660 te·
1518 1647 1520 1655 ι

430 1676 617 1706 stimonium
648 1684 713 1704 non
744 1674 804 1704 alia
828 1684 921 1704 causa
951 1681 981 1703 et
1004 1674 1125 1704 ratione
1153 1674 1213 1703 illis
1237 1674 1335 1704 tribus
1361 1683 1493 1704 consen-

428 1720 578 1750 tientibus
602 1718 764 1758 competit,
790 1727 887 1758 quam
911 1717 986 1758 quia
1009 1717 1124 1757 singuli
1142 1717 1249 1748 fideles
1273 1717 1391 1748 inventi
1409 1724 1491 1748 sunt.

430 1765 504 1794 Ideo
529 1764 616 1804 quod
645 1763 684 1792 de
714 1761 774 1792 illis
805 1761 999 1791 affirmamus
1030 1762 1068 1791 de
1097 1762 1192 1792 nullis
1223 1761 1318 1792 ternis
1345 1761 1492 1791 fidelibus
1517 1790 1519 1798 ,

429 1818 591 1848 negamus.
616 1807 688 1837 Hoc
712 1807 791 1836 bene
815 1806 1070 1836 animadversum
1085 1806 1123 1836 iri
1144 1815 1317 1846 speramus.
1342 1806 1415 1836 Non
1433 1815 1492 1845 pro
1517 1819 1518 1845 2

429 1853 505 1883 solis
528 1851 608 1883 ABF
626 1860 700 1890 prae
720 1850 827 1880 ceteris
852 1850 1013 1880 codicibus
1027 1850 1176 1889 Europae
1194 1850 1393 1880 vindicamus
1415 1849 1491 1880 fide-

427 1896 522 1927 litatis
550 1894 761 1935 privilegium.
801 1894 834 1925 Si
856 1894 980 1924 Parisiis
1004 1894 1178 1924 editionem
1208 1895 1397 1924 curabamus
1421 1901 1451 1924 et
1474 1904 1492 1924 a

427 1941 513 1971 libris
540 1939 754 1970 Bibliothecae
781 1938 958 1969 Nationalis
989 1939 1158 1978 exploratis
1186 1938 1389 1969 collationem
1418 1948 1492 1968 cum

427 1985 513 2016 libris
537 1982 696 2015 Vaticanis
727 1982 859 2023 aliisque
881 1982 1141 2022 incoepissemus,
1166 1983 1252 2013 idem
1280 1983 1369 2023 quod
1391 1983 1491 2012 modo

429 2029 467 2059 de
490 2027 571 2059 ABF
597 2034 672 2058 tunc
697 2026 736 2057 de
760 2022 833 2057 θικ
861 2026 954 2057 nobis
978 2026 1149 2058 dicendum
1178 2027 1298 2058 fuisset.
1322 2026 1382 2058 Vel
1405 2026 1431 2056 si
1455 2036 1491 2056 ex

427 2072 542 2113 Anglia
575 2070 708 2111 profecti
739 2077 810 2110 post
841 2071 1086 2111 descriptionem
1115 2071 1304 2101 variantium
1343 2071 1490 2101 codicum

429 2116 650 2156 Collegiorum
686 2114 783 2145 libros
814 2114 1015 2145 Continentis
1053 2115 1318 2152 discusseramus,
1351 2115 1492 2155 primum

427 2160 650 2201 apographum
681 2168 736 2199 per
765 2169 845 2189 uvx
868 2160 918 2189 vel
941 2170 959 2189 z
980 2170 990 2189 1
1010 2169 1027 2189 2
1059 2160 1108 2190 vel
1133 2169 1372 2200 quamcumque
1404 2169 1490 2189 com—

427 2205 623 2236 binationem
647 2203 744 2233 trium
767 2202 909 2234 fidelium
940 2203 1058 2234 sincere
1081 2204 1170 2234 reddi
1193 2204 1390 2234 dixissemus.
1429 2203 1492 2234 Sed

392 2265 395 2268 >
428 2250 504 2290 quia
525 2249 559 2278 in
575 2248 659 2279 Urbe
676 2247 820 2287 degimus
837 2254 868 2277 et
883 2247 980 2278 libros
997 2248 1166 2278 Vaticanus
1186 2248 1309 2279 vicinos
1325 2248 1490 2283 habemus,

427 2293 608 2335 quinimmo
636 2297 672 2321 ut
695 2291 809 2322 maiori
832 2292 1007 2322 commodo
1031 2292 1162 2322 editioni
1189 2292 1369 2328 inserviant,
1402 2291 1490 2322 iussu

428 2345 459 2369 et
481 2335 701 2368 benevolentia
731 2335 857 2366 Summi
885 2335 1047 2366 Pontificis
1070 2336 1188 2367 Leonis
1211 2337 1298 2372 XIII,
1329 2336 1362 2366 in
1390 2336 1489 2366 domo

428 2380 618 2413 Generalitia
635 2379 724 2411 omni
748 2379 798 2410 die
814 2387 845 2410 et
865 2380 942 2410 hora
966 2380 1104 2411 revidere
1121 2381 1230 2411 datum
1253 2387 1308 2417 est,
1329 2390 1346 2410 e
1365 2390 1398 2410 re
1417 2387 1491 2410 nata

429 2433 494 2457 erat
523 2423 716 2466 positionem
747 2424 827 2454 ABF
852 2424 933 2454 inter
955 2423 1063 2455 fideles
1096 2425 1217 2465 primae
1245 2425 1351 2455 classis
1381 2424 1490 2465 aequi-

427 2470 566 2501 valentes
590 2468 756 2508 specialius
779 2468 926 2499 indicare.
965 2469 1014 2499 De
1037 2469 1113 2508 ipsis
1137 2469 1235 2499 editio
1253 2476 1362 2499 nostra
1385 2478 1491 2499 neces-

428 2515 510 2546 sario
535 2513 735 2553 dependeret,
760 2512 785 2542 si
809 2519 914 2543 tamen
939 2513 1074 2543 sincerae
1098 2513 1172 2543 fidei
1194 2513 1313 2544 inventi
1343 2513 1490 2548 fuissent;

427 2559 563 2598 ideoque
588 2557 667 2587 nihil
690 2556 870 2596 diligentius
893 2557 1112 2596 indagavimus
1128 2567 1226 2598 quarn
1242 2557 1319 2598 quid
1340 2557 1490 2587 omnibus

428 2602 591 2633 codicibus
622 2601 807 2640 compositis
837 2601 875 2630 de
906 2598 1018 2631 e'orfim
1048 2608 1133 2631 textu
1164 2602 1372 2632 iudicandum
1399 2607 1490 2631 esset.

428 2647 514 2684 Quid
538 2652 646 2676 autem
670 2646 734 2675 duo
758 2645 878 2675 elenchi
901 2646 1038 2684 probant
1062 2646 1120 2676 nisi
1145 2655 1257 2675 eorum
1278 2645 1491 2676 sinceritatem

426 2690 570 2722 lectionis
594 2689 687 2730 primi
718 2689 891 2729 apographi
919 2688 1082 2720 tenacem?
1122 2689 1256 2720 Clariori
1286 2690 1390 2720 adhuc
1419 2689 1490 2719 luce

427 2735 550 2766 bonitas
574 2733 703 2764 illorum
727 2734 875 2763 codicum
900 2734 1078 2773 splenderet
1101 2733 1127 2763 si
1145 2734 1205 2763 alia
1227 2734 1298 2764 loca
1321 2739 1443 2773 praeter
1458 2733 1490 2763 in

427 2778 564 2810 elenchis
583 2778 646 2808 iam
664 2785 781 2813 notata,
806 2777 913 2807 afferre
937 2788 993 2818 per
1015 2784 1142 2817 tempus
1165 2777 1319 2813 licuisset,
1347 2787 1404 2807 nec
1431 2777 1491 2806 nisi

428 2833 518 2863 aegre
542 2832 578 2852 ea
601 2821 789 2852 omittimus.

482 2867 668 2898 Consensus
689 2866 836 2896 codicum
858 2868 884 2896 A
896 2866 921 2896 B
939 2873 969 2896 et
985 2866 1008 2895 F
1025 2867 1220 2906 quandoque
1237 2865 1488 2904 interrumpitur;

426 2916 456 2943 A
479 2911 604 2951 saepius
634 2910 750 2940 recedit
773 2920 791 2939 a
813 2910 864 2940 BF
889 2919 987 2950 quam
1010 2910 1035 2940 B
1051 2911 1089 2940 ab
1105 2910 1159 2940 AF
1177 2917 1208 2940 et
1223 2910 1246 2939 F
1264 2910 1302 2939 ab
1319 2909 1388 2945 ΑΒ;
1418 2918 1489 2939 raro
1515 2923 1516 2928 ¹

925 2954 1103 2993 interrupto
1127 2963 1283 2984 consensu
1312 2953 1405 2983 ceteri
1428 2953 1490 2983 Va·
1515 2986 1517 2991 Ι

426 2966 540 2987 omnes
564 2953 711 2984 differunt
737 2953 884 2983 invicem.

427 2999 522 3032 ticani
545 2999 654 3031 locum
677 2997 849 3028 recedentis
867 3005 1034 3037 occupant,
1058 2997 1100 3028 ita
1124 3006 1159 3028 ut
1181 2997 1336 3028 rarissime
1357 2997 1490 3028 dubium

425 3045 507 3075 circa
522 3043 693 3074 lectionem
715 3041 810 3081 primi
833 3042 1008 3081 apographi
1026 3049 1131 3081 surgat
1151 3049 1205 3072 aut
1222 3041 1427 3082 interpolatio
1442 3042 1492 3072 vel

425 3087 670 3129 qualiscumque
694 3092 795 3116 textus
819 3085 954 3116 mutatio
972 3096 1037 3115 non
1054 3086 1265 3126 dignoscatur.
1290 3088 1439 3116 Attamen
1458 3093 1491 3116 ut

427 3132 530 3163 maior
554 3130 703 3161 securitas
733 3136 835 3160 textus
867 3137 1046 3169 appareret,
1078 3137 1108 3160 et
1131 3130 1225 3160 etiam
1249 3130 1324 3171 quia
1353 3131 1490 3160 secunda

427 3176 533 3207 classis
557 3185 575 3205 a
597 3174 757 3205 Vaticanis
781 3173 915 3204 omnino
939 3174 1068 3210 exsulat,
1092 3174 1181 3204 tertia
1203 3184 1278 3204 vero
1304 3184 1360 3214 per
1383 3174 1490 3204 solum

427 3221 439 3250 1
470 3225 735 3260 repraesentatur,
761 3217 883 3258 aliquot
913 3218 1036 3248 codices
1060 3218 1218 3249 Vaticanis
1249 3219 1362 3248 addere
1391 3218 1491 3249 inten-

427 3265 597 3298 debamus,
622 3269 715 3293 xeta
742 3271 775 3292 re
797 3271 870 3292 vera
899 3262 1063 3298 addimus;
1099 3263 1177 3292 alios
1208 3263 1246 3292 ad
1279 3263 1363 3292 hunc
1392 3262 1489 3292 finem

428 3308 544 3340 electos
560 3317 618 3338 nec
633 3313 739 3337 nostra
756 3316 813 3336 nec
830 3306 926 3336 ullius
943 3306 1131 3345 negligentia
1149 3314 1334 3346 opportuno
1346 3314 1490 3347 ternpore
1515 3333 1517 3337 ,

429 3363 495 3382 non
523 3358 611 3382 erant
633 3351 672 3380 ad
696 3360 839 3380 manum.
873 3350 1006 3390 Neganti
1036 3351 1141 3390 plures
1171 3351 1295 3381 codices
1325 3351 1489 3391 utriusque
1515 3375 1517 3384 .

429 3396 534 3427 classis
550 3396 616 3426 sine
636 3400 752 3434 magno
771 3395 888 3424 damno
905 3395 1022 3430 abesse,
1039 3395 1130 3434 plene
1147 3395 1287 3425 assentiri
1308 3395 1489 3435 nequimus,
1515 3417 1516 3424 κ

428 3441 494 3470 Nec
517 3440 602 3470 enim
626 3449 677 3469 eas
693 3438 821 3468 maximi
838 3438 987 3469 facimus:
1012 3449 1092 3469 nexu
1111 3439 1267 3479 propioris
1294 3438 1489 3479 cognationis

430 3494 495 3514 non
520 3483 716 3514 considerato
734 3490 764 3513 et
780 3483 926 3513 classium
944 3483 1200 3513 denominatione
1225 3483 1356 3519 sublata,
1380 3483 1489 3513 decem

1558 222 1681 252 codices
1698 222 1753 262 qui
1776 221 1875 251 modo
1897 222 2069 252 secundam
2092 223 2224 253 classem
2236 224 2444 255 constituunt
2464 231 2495 255 et
2510 225 2619 264 viginti

1557 272 1618 295 tres
1636 265 1764 295 ultimae
1782 275 1866 295 nunc
1889 265 2014 301 addicti,
2038 267 2209 296 secundam
2232 274 2366 299 aetatem
2385 275 2415 298 et
2438 267 2619 299 fidelitatem

1555 310 1665 340 locum
1682 309 1824 339 obtinent
1839 309 1926 338 iuxta
1942 309 2048 338 minus
2064 309 2202 340 sinceros
2216 310 2242 340 C
2255 307 2282 340 E
2299 318 2328 342 et
2343 312 2372 342 G
2384 312 2440 352 qui
2455 322 2541 343 nunc
2556 313 2618 352 pri-

1555 538 1648 558 sanae
1672 528 1787 558 mentis
1810 528 1934 568 putabit
1956 535 2050 558 testes
2073 528 2124 558 cui
2141 528 2252 558 debilis
2275 527 2353 560 fides
2377 537 2547 570 competat,
2572 531 2619 561 ni-

1554 572 1729 602 hilominus
1759 572 1860 602 audiri
1891 572 2004 602 debere
2027 572 2090 602 vubi
2119 571 2247 602 veridici
2271 579 2302 602 et
2324 580 2516 606 contestatae
2545 574 2619 605 fidei

1554 616 1666 646 adsint.
1707 616 1768 646 Ubi
1792 625 1865 656 ergo
1890 617 1928 646 de
1952 616 2087 646 lectione
2110 616 2204 655 primi
2228 617 2403 657 apographi
2429 618 2619 648 invenienda

1553 667 1663 699 agatur
1676 659 1816 690 securius
1832 666 1966 690 staretur
1978 660 2161 690 testimonio
2178 660 2351 690 recentium
2368 660 2510 691 fidelium
2523 672 2563 692 az
2574 672 2617 702 42

1553 713 1652 744 quam
1675 704 1773 734 totius
1797 704 1905 734 tertiae
1928 703 2034 734 classis
2055 714 2137 744 quae
2160 704 2400 743 antiquissimos
2422 705 2520 736 libros
2543 716 2620 736 con-

1552 791 1695 831 sumptio
1718 791 1875 822 fidelitatis
1898 792 1990 822 cessit
2012 792 2133 823 veritati
2157 793 2346 831 exploratae.
2377 792 2440 822 Pro
2463 800 2618 833 apparatu

1551 836 1739 866 variantium
1763 835 1894 876 aliquod
1909 836 2119 866 emolumenti
2142 843 2287 866 secutum
2302 836 2428 867 fuisset:
2453 846 2528 867 nam
2547 847 2617 868 mu-

1550 880 1711 910 tationum
1733 886 1835 910 textus
1858 880 1949 919 plura
1968 880 2141 919 specimina
2160 880 2378 910 continuisset.
2404 880 2519 911 Utrum
2541 890 2617 911 vero

1522 953 1524 964 ,
1550 924 1608 954 hac
1624 924 1720 954 etiam
1746 923 1779 954 in
1803 934 1836 954 re
1851 923 1973 954 elenchi
1989 924 2174 964 pauperiem
2197 933 2237 954 an
2259 924 2366 963 potius
2390 925 2618 955 abundantiam

1549 968 1725 998 lectionum
1745 968 1779 998 in
1794 968 1881 998 libris
1898 967 2056 998 Vaticanis
2073 974 2103 998 et
2118 968 2152 998 in
2168 968 2361 998 editionibus
2377 969 2532 1005 ostendat,
2549 968 2618 1008 ipse

1549 1012 1654 1042 videat
1675 1012 1785 1042 lector.

1604 1056 1652 1086 De
1675 1055 1827 1086 relatione
1850 1055 1931 1086 inter
1954 1055 2157 1086 traditionem
2185 1065 2283 1086 manu
2307 1056 2457 1096 scriptam
2481 1065 2512 1087 et
2533 1057 2617 1098 typis

1549 1099 1736 1138 impressam
1759 1109 1860 1138 pauca
1884 1099 2017 1129 dicenda
2040 1105 2124 1129 sunt.
2150 1100 2213 1129 Inc.
2232 1100 2331 1139 magis
2354 1100 2460 1139 primo
2484 1110 2618 1150 apogra—

1549 1143 1615 1181 pho
1646 1143 1794 1173 adhaeret
1817 1152 1915 1183 quam
1937 1152 1957 1172 a
1982 1150 2012 1173 et
2035 1143 2112 1172 haec
2135 1143 2234 1182 magis
2259 1153 2356 1193 quam
2379 1144 2412 1174 P.
2438 1147 2480 1174 At
2507 1145 2540 1174 in
2557 1145 2617 1175 dif-

1549 1239 1642 1260 cursu
1658 1230 1811 1269 temporis
1834 1239 1891 1269 per
1913 1230 2049 1260 editores
2073 1240 2197 1269 semper
2221 1230 2370 1261 diminuti
2393 1239 2468 1262 sunt
2490 1239 2521 1262 et
2534 1233 2617 1263 mul-

1549 1317 1654 1348 dimus
1685 1317 1818 1348 Pianam
1847 1318 1886 1348 ab
1917 1318 1985 1347 ullo
2014 1317 2123 1348 codice
2153 1311 2212 1348 sub
2235 1318 2299 1349 hoc
2326 1325 2472 1358 respectu
2495 1320 2617 1357 excelli3

1548 1363 1638 1402 quod
1667 1362 1699 1391 in
1722 1362 1852 1392 laudem
1881 1361 1967 1391 illius
1996 1362 2126 1392 editoris
2149 1362 2206 1402 qui
2235 1362 2358 1401 primus
2387 1364 2618 1394 correctionem

1547 1406 1699 1436 invenerit
1715 1406 1836 1436 dictum
1853 1415 1919 1435 esse
1934 1406 2096 1436 volumus.
2114 1406 2213 1436 Valde
2230 1406 2389 1446 siquidem
2405 1407 2616 1447 suspicamur,

1547 1457 1714 1490 sequentes
1737 1449 1872 1480 editores
1889 1450 2105 1480 conservando
2123 1450 2333 1480 correctiones
2347 1452 2615 1491 praecedentium,

1548 1493 1751 1524 correctionis
1782 1504 1846 1534 qua
1869 1493 1939 1524 talis
1969 1494 2115 1524 conscios
2139 1503 2204 1524 non
2229 1494 2336 1525 fuisse.
2370 1495 2540 1526 Erroribus
2570 1497 2616 1526 di·-

1547 1538 1764 1569 minuentibus
1795 1538 1996 1568 alterationes
2023 1539 2112 1569 nulla
2142 1538 2344 1575 necessitate,
2375 1539 2464 1569 nulla
2493 1540 2640 1576 ratione,

1547 1582 1715 1613 sufficienti
1744 1581 1931 1613 iustificatae
1961 1583 2151 1613 crescebant.
2176 1582 2386 1622 Comparatio
2409 1593 2486 1623 ergo
2513 1591 2617 1615 textus

1546 1626 1635 1656 Piani
1651 1627 1692 1656 ad
1706 1633 1828 1657 textum
1844 1626 2099 1666 manuscriptum
2115 1627 2197 1656 duos
2212 1633 2357 1666 aspectus
2373 1627 2479 1658 habet.
2497 1628 2616 1665 Quoad

1545 1671 1717 1710 puritatem
1739 1680 1758 1700 a
1772 1670 1897 1701 mendis
1921 1670 2015 1710 primi
2038 1671 2214 1710 apographi
2237 1678 2268 1701 et
2290 1681 2308 1701 a
2323 1671 2527 1702 librariorum
2540 1682 2615 1712 pro—

1544 1715 1621 1755 priis
1643 1715 1785 1755 lapsibus
1805 1721 1835 1745 et
1862 1714 2174 1751 hallucinationibus,
2189 1715 2287 1745 Plana
2309 1715 2360 1745 vel
2383 1715 2545 1755 optimum
2561 1725 2615 1747 co-

1545 1759 1649 1789 dicem
1671 1759 1778 1790 vincit.
1818 1759 1918 1795 Quod
1940 1759 2012 1799 quis
2042 1759 2121 1788 bene
2152 1759 2292 1789 attendat
2318 1766 2492 1800 antequam
2515 1761 2616 1791 detra-

1545 1803 1684 1834 ctoribus
1701 1803 1850 1834 editionis
1874 1803 1989 1833 Pianae
2011 1803 2248 1833 adhaerendum
2264 1810 2365 1844 putet.
2393 1803 2543 1835 Profecto
2558 1804 2616 1845 qui

1544 1848 1629 1877 mala
1647 1848 1801 1878 methodo
1818 1857 1896 1877 usus
1919 1854 2020 1878 errata
2042 1847 2157 1877 Pianae
2178 1857 2253 1878 cum
2276 1847 2438 1878 codicibus
2453 1848 2504 1878 vel
2518 1849 2616 1879 etiam

1544 1891 1736 1922 editionibus
1759 1891 1969 1922 anterioribus
1991 1892 2174 1931 componit,
2199 1892 2340 1922 multum
2363 1901 2434 1922 eam
2456 1892 2615 1933 vitupera·-

1544 1935 1604 1972 bit;
1643 1936 1705 1967 hoc
1736 1935 1799 1966 fere
1829 1935 1951 1966 faciunt
1980 1936 2019 1966 ab
2050 1935 2184 1976 antiquo
2215 1936 2476 1976 reprehensores,
2504 1946 2523 1966 a
2551 1936 2614 1967 fine

1544 1987 1680 2010 errantes
1703 1980 1808 2020 longe.
1833 1980 1938 2010 Totus
1957 1986 2059 2010 textus
2075 1980 2190 2010 Pianae
2214 1990 2288 2010 cum
2312 1987 2382 2011 toto
2399 1980 2508 2010 codice
2526 1990 2614 2011 com—

1543 2024 1703 2064 parandus
1719 2031 1774 2060 est,
1793 2031 1823 2054 et
1846 2023 1933 2064 prius
1956 2023 2112 2054 iudicium
2135 2034 2200 2054 non
2230 2024 2395 2054 ferendum
2420 2033 2519 2064 quam
2535 2025 2614 2065 quid

1545 2069 1694 2108 utrinque
1718 2074 1884 2108 peccatum
1908 2068 1948 2099 sit
1971 2068 2062 2108 quasi
2079 2079 2103 2098 a
2127 2069 2288 2108 completo
2305 2068 2480 2099 inventario
2503 2075 2614 2108 patue-

1543 2113 1593 2143 rit.
1619 2113 1726 2143 Liceat
1748 2122 1815 2143 rem
1839 2112 1935 2143 unico
1963 2113 2110 2152 exemplo
2138 2112 2308 2143 illustrare:
2331 2112 2358 2142 si
2381 2119 2551 2153 quaeratur
2570 2114 2614 2143 dn

1543 2157 1640 2188 Piana
1663 2155 1830 2188 meliorem
1853 2156 2072 2187 recensionem
2094 2157 2210 2187 habeat
2231 2166 2331 2197 quam
2354 2157 2453 2187 codex
2479 2158 2614 2192 Sam

1543 2201 1666 2232 iustum
1690 2207 1736 2231 est
1759 2207 1860 2231 tacere
1883 2201 1933 2231 vel
1956 2202 2076 2231 nescire
2097 2201 2161 2237 Qu.
2185 2205 2255 2231 ’ωαχ
2279 2207 2335 2231 art.
2361 2201 2388 2231 3.
2414 2200 2478 2230 Sed
2499 2206 2613 2241 contu

1544 2245 1575 2276 S.
1592 2246 1730 2277 Paulum
1745 2255 1763 2275 a
1778 2245 1887 2276 codice
1902 2245 2061 2275 introduci
2079 2254 2243 2276 carcerem
2259 2244 2490 2285 appellantem3
2514 2245 2570 2274 vel'
2587 2245 2614 2275 ui

1543 2290 1582 2320 de
1606 2289 1755 2320 anteriori
1785 2289 1924 2320 editione
1954 2299 2059 2319 sermo
2083 2295 2145 2325 est,
2170 2289 2232 2319 lnc.
2257 2297 2288 2319 et
2314 2298 2335 2318 a
2359 2298 2418 2328 pro
2447 2290 2636 2326 immutanti*

1541 2334 1644 2373 legere
1660 2334 1830 2364 incantari.
1851 2334 1920 2363 Hac
1934 2340 2043 2364 autem
2057 2333 2178 2363 ratione
2193 2333 2340 2363 instituto
2355 2333 2509 2372 periculo,
2518 2333 2613 2363 bon}

1541 2385 1640 2409 tatem
1653 2377 1802 2408 editionis
1813 2378 1929 2408 Pianae
1941 2387 2016 2417 prae
2026 2378 2141 2418 quovis
2153 2377 2278 2407 meliori
2290 2376 2508 2416 manuscripto
2519 2377 2612 2414 libro,

1542 2432 1609 2452 non
1633 2422 1742 2452 solum
1762 2422 1796 2452 in
1820 2422 1966 2452 Secunda
1989 2422 2153 2452 Secundae
2177 2421 2231 2451 sed
2255 2430 2352 2461 penes
2383 2421 2492 2451 omnia
2515 2430 2613 2461 opera

1541 2466 1708 2507 hucusque
1725 2476 1781 2506 per
1796 2476 1855 2496 nos
1871 2466 1962 2501 edita,
1980 2466 2176 2506 exploratam
2191 2465 2347 2496 habemus
2361 2471 2393 2495 et
2404 2464 2610 2495 affirmamus.

1542 2511 1603 2541 Sed
1628 2521 1694 2540 non
1717 2520 1836 2550 paucas
1858 2510 2133 2550 interpolationes,
2157 2509 2342 2559 praesertim
2364 2509 2538 2539 incisor-um
2560 2509 2612 2539 ad-

1543 2555 1690 2591 ditiones,
1714 2555 1747 2585 in
1771 2554 1867 2585 Piana
1891 2554 2089 2590 notavimus,
2114 2563 2196 2594 quae
2219 2553 2251 2584 in
2276 2553 2366 2583 nullo
2390 2553 2500 2583 codice
2518 2553 2610 2586 inve*-

1542 2599 1684 2635 niuntur,
1708 2599 1758 2629 vel
1782 2599 1888 2629 solum
1913 2598 1945 2628 in
1960 2598 2069 2638 aliquo
2093 2597 2228 2633 iuniore,
2252 2597 2303 2627 vel
2324 2597 2419 2628 etiam
2439 2607 2456 2627 a
2472 2597 2611 2628 secunda

1543 2653 1640 2674 manu
1664 2650 1798 2673 tantum.
1831 2642 1896 2672 Sub
1921 2642 1983 2672 hoc
2006 2641 2185 2681 particulari
2208 2649 2352 2681 respectu
2373 2641 2611 2682 comparatione

1542 2687 1703 2723 instituta,
1735 2686 1832 2716 Piana
1861 2686 1956 2716 etiam
1980 2686 2045 2722 hic,
2072 2686 2125 2716 ubi
2153 2692 2260 2716 tamen
2282 2685 2365 2715 vinci
2396 2685 2610 2725 praestitisset.

1542 2730 1791 2761 audacissimum
1815 2739 1977 2771 quemque
2001 2737 2211 2760 correctorem
2235 2736 2376 2769 superat,
2401 2729 2427 2759 si
2451 2739 2517 2759 non
2539 2739 2609 2769 gra—

1542 2775 1637 2806 vitate
1653 2784 1869 2814 peccatorum,
1893 2774 2005 2804 saltem
2029 2774 2214 2815 frequentia.
2239 2774 2363 2804 Tamen
2387 2773 2470 2804 sicut
2487 2774 2526 2804 de
2540 2782 2608 2804 cor-

1543 2819 1736 2850 rectionibus
1760 2828 1904 2849 errorum
1934 2819 2013 2848 bene
2036 2818 2125 2848 factis
2148 2818 2277 2848 Pianam
2309 2827 2374 2847 non
2399 2817 2514 2848 directe
2541 2817 2609 2848 lau-

1543 2863 1699 2899 davimus
1723 2863 1766 2894 ita
1783 2864 1820 2893 de
1837 2863 2096 2903 corruptionibus
2116 2872 2182 2892 non
2200 2862 2304 2902 ipsam
2320 2861 2538 2902 vituperamus
2553 2862 2609 2892 aed

1542 2918 1612 2938 eam
1636 2918 1717 2948 quae
1741 2907 1843 2948 piima
1867 2907 2053 2947 corrigendo
2078 2907 2228 2946 cor-rupit.
2254 2906 2353 2936 Solita
2375 2906 2435 2936 ista
2453 2905 2608 2936 methodo

1542 2953 1687 2983 ultimam
1714 2951 1887 2982 editionem
1911 2961 2013 2981 novae
2036 2951 2246 2981 fundamento
2270 2950 2411 2990 ponendi
2435 2957 2466 2980 et
2489 2950 2608 2991 absque

1543 2997 1693 3027 codicum
1722 2996 1881 3026 adiutorio
1905 3005 1996 3026 veros
2027 3002 2058 3026 et
2087 2995 2248 3035 putativos
2281 3003 2400 3024 errores
2430 2993 2608 3033 corrigendi

1541 3041 1608 3071 fieri
1633 3051 1698 3071 non
1727 3039 1832 3080 potuit
1855 3040 1933 3080 quin
1957 3040 2105 3070 omnium
2129 3038 2384 3079 praecedentium
2408 3038 2608 3069 alterationes

1543 3086 1642 3115 bonas
1666 3091 1696 3115 et
1719 3084 1834 3125 quovis
1857 3084 1950 3115 titulo
1975 3093 2121 3114 erroneas
2145 3084 2199 3114 sed
2223 3093 2316 3113 sensu
2341 3083 2412 3113 solo
2437 3082 2608 3112 verborum

1542 3140 1608 3160 non
1633 3128 1879 3169 cognoscibiles,
1904 3129 1936 3158 in
1961 3138 2079 3158 novam
2103 3127 2275 3158 editionem
2300 3127 2476 3158 transirent.
2501 3127 2547 3157 l'm
2563 3125 2606 3157 fa·

1543 3181 1630 3204 ctum
1661 3180 1707 3203 est
1731 3180 1767 3203 ut
1789 3173 1886 3203 Piana
1915 3172 2015 3203 totius
2043 3172 2161 3202 laboris
2185 3178 2257 3202 ante
2283 3171 2343 3203 acti
2367 3170 2460 3212 quasi
2481 3169 2605 3201 thesau—

1541 3228 1595 3248 rus
1617 3225 1775 3258 appareat,
1792 3217 1882 3247 cuius
1898 3217 1968 3247 laus
1990 3217 2040 3247 vel
2057 3215 2258 3257 reprehensio
2280 3215 2312 3246 in
2332 3214 2467 3255 'singulis
2482 3214 2605 3245 casibus

1543 3262 1646 3302 primo
1660 3262 1774 3302 quovis
1791 3261 1899 3292 critico
1917 3261 2056 3297 debetur,
2077 3270 2143 3291 non
2156 3260 2290 3301 posteris
2305 3259 2349 3290 rei
2362 3258 2483 3289 nesciis,
2505 3258 2606 3288 Muta—

1542 3308 1644 3337 tiones
1660 3306 1693 3336 in
1716 3305 1812 3336 Piana
1829 3313 2027 3336 occurrentes
2043 3315 2118 3346 qua*
2129 3305 2267 3335 editione
2281 3309 2356 3345 post
2370 3313 2391 3333 a
2409 3302 2606 3342 incoeperint

1543 3357 1573 3381 et
1589 3361 1626 3381 an
1651 3350 1747 3380 Piana
1765 3350 1813 3380 vel
1830 3359 1927 3380 unam
1946 3349 2149 3385 inchoaverit,
2166 3358 2232 3378 non
2250 3347 2480 3387 indagavimus.
2505 3346 2604 3377 Com-

1542 3402 1669 3435 pertum
1685 3401 1790 3425 tamen
1808 3402 1854 3424 est
1877 3395 1915 3424 ab
1932 3394 2051 3424 ultimis
2067 3392 2226 3424 decenniis
2241 3392 2355 3422 saeculi
2372 3391 2486 3422 decimi
2502 3390 2604 3431 quinti

1542 3446 1663 3469 textum
1686 3439 1770 3479 typis
1793 3438 1943 3469 traditum
1968 3439 2150 3468 absolutum
2175 3447 2232 3467 nec
2252 3445 2394 3476 unquam
2418 3435 2538 3475 integra
2557 3444 2604 3464 ra-

1542 3483 1627 3513 tione
1652 3484 1705 3513 sed
1731 3490 1764 3513 ut
1787 3482 1829 3512 ita
1844 3483 1946 3513 dicam
1967 3483 2112 3513 localiter
2127 3488 2251 3512 tantum
2275 3480 2412 3510 revisum
2436 3478 2542 3510 fuisse.
2574 3513 2590 3517 υ
