2892 4056
975 154 1240 200 QUAESTIO
1270 155 1319 201 11,
1348 154 1641 190 ARTlCULUS
1670 155 1737 190 Vll

344 242 388 283 =2.
418 231 658 278 Puer-rasi,
689 233 813 269 nullus
842 233 955 270 debet
989 233 1194 270 examinari
1229 233 1276 270 de
1310 244 1355 269 eo

297 282 403 331 quod
430 283 602 332 explicite
635 285 788 322 credere
822 298 900 322 non
931 293 1090 323 tenetur.
1129 286 1205 323 Sed
1238 297 1356 334 quan—

298 335 426 383 doque
446 335 558 372 etiam
580 342 597 358 ²
625 337 814 386 simplices
839 338 1101 375 examinantur
1124 339 1171 376 de
1191 337 1356 375 minimis

297 387 458 425 articulis
471 388 574 426 fidei.
591 390 692 437 Ergo
707 402 843 427 omnes
857 398 1032 428 tenentur
1047 391 1216 440 explicite
1228 391 1356 428 omnia

298 440 464 478 credere.

352 494 387 530 3.
417 494 650 541 PRAETEREA,
680 495 710 531 si
729 495 896 532 minores
915 506 993 531 non
1020 502 1193 532 tenentur
1216 496 1356 532 habere

296 545 414 582 fidem
444 546 668 595 explicitam,
697 548 766 585 sed
793 548 918 584 solum
945 547 1179 595 implicitam,
1209 555 1357 597 oportet

296 599 401 646 quod
428 599 595 636 habeant
611 599 732 637 fidem
750 600 971 648 implicitam
995 599 1033 636 in
1056 600 1133 637 fide
1153 601 1355 638 maiorum.

257 686 261 696 ,
297 651 374 688 Sed
402 652 478 689 hoc
504 652 656 690 videtur
683 665 765 690 esse
800 652 1077 701 periculosum:
1114 653 1202 701 quia
1228 662 1357 702 posset

297 703 513 753 contingere
533 705 639 753 quod
651 705 701 742 illi
714 705 878 742 maiores
893 712 1070 742 errarent.
1092 706 1194 754 Ergo
1209 707 1358 744 videtur

297 757 403 805 quod
420 758 589 795 minores
609 758 722 796 etiam
751 758 914 795 debeant
931 758 1074 794 habere
1102 759 1222 796 fidem
1241 760 1356 808 expli-

297 809 423 847 citam.
454 811 517 848 Sic
536 822 626 858 ergo
646 822 783 848 omnes
801 810 1008 859 aequaliter
1033 818 1208 848 tenentur
1227 812 1275 849 ad
1295 824 1355 849 ex-

295 862 420 911 plicite
449 863 695 901 credendum.

351 916 426 953 SED
440 927 586 953 CONTRA
599 927 666 953 Esr
684 916 790 965 quod
809 915 944 953 dicitur
962 917 1032 952 Iob
1047 916 1099 963 1*,
1120 916 1226 964 quod
1245 918 1357 954 hoves

295 969 459 1006 arabant
483 975 520 1005 et
536 969 667 1005 asinae
688 970 942 1017 pascebantur
960 969 1066 1005 iuxta
1084 981 1164 1006 eos:
1195 969 1283 1017 quia
1302 970 1356 1006 vi-

296 1020 430 1058 delicet
449 1022 629 1068 minores,
658 1022 724 1069 qui
752 1021 1010 1070 significantur
1035 1034 1104 1070 per
1122 1022 1263 1070 asinos,
1294 1023 1356 1060 de—

295 1074 387 1111 bent
408 1074 448 1111 in
467 1075 667 1112 credendis
695 1075 903 1112 adhaerere
923 1073 938 1104 β
965 1075 1184 1122 maioribus,
1204 1076 1270 1123 qui
1289 1088 1357 1124 per

294 1127 417 1164 boves
445 1127 719 1176 significantur;
752 1136 794 1165 ut
822 1128 1028 1176 Gregorius
1055 1128 1228 1177 exponit,
1257 1129 1295 1166 in
1324 1130 1355 1166 II

260 1193 267 1226 2
293 1180 440 1218 Moral.
460 1180 480 1202 ‘¹‘

348 1233 574 1271 Responnso
594 1245 779 1271 meramnum
807 1234 912 1282 quod
932 1233 1128 1283 explicatio
1149 1234 1358 1271 credendo-

294 1298 380 1323 rum
400 1287 443 1323 fit
461 1298 530 1336 per
549 1287 820 1325 revelationem
840 1286 1023 1324 divinam:
1044 1286 1235 1324 credibilia
1254 1288 1355 1324 enim

294 1341 506 1378 naturalem
540 1340 728 1378 rationem
762 1340 958 1377 excedunt.
997 1340 1195 1376 Revelatio
1229 1347 1355 1377 autem

295 1392 425 1431 divina
444 1393 579 1430 ordine
599 1394 771 1442 quodam
799 1393 849 1430 ad
867 1392 1062 1429 inferiores
1089 1393 1263 1440 pervenit
1290 1405 1358 1441 per

294 1446 527 1494 superiores:
557 1446 654 1483 sicut
680 1446 729 1482 ad
756 1445 934 1482 homines
961 1457 1030 1493 per
1049 1446 1216 1493 angelos,
1247 1453 1282 1482 et
1309 1445 1358 1482 ad

293 1496 489 1536 inferiores
521 1499 677 1546 angelos
713 1510 783 1547 per
818 1498 1053 1546 superiores,
1086 1506 1128 1535 ut
1161 1505 1264 1546 patet
1290 1510 1359 1546 per

259 1568 266 1580 ν
293 1551 536 1601 Dionysium,
555 1551 593 1588 in
617 1551 717 1589 Cael.
736 1552 847 1588 IIier.
867 1551 887 1573 ‘¹‘
911 1552 963 1588 Εἴ·
978 1550 1077 1597 ideo,
1098 1551 1181 1599 pari
1200 1551 1357 1598 ratione,

294 1605 492 1654 explicatio
519 1604 611 1642 fidei
647 1612 798 1652 oportet
829 1604 934 1652 quod
962 1604 1160 1653 perveniat
1190 1605 1239 1641 ad
1267 1604 1359 1640 infe-

293 1657 413 1696 riores
440 1658 619 1696 homines
645 1670 715 1707 per
742 1658 918 1694 maiores.
949 1658 998 1694 Et
1020 1657 1108 1694 ideo
1134 1657 1230 1694 sicut
1248 1669 1358 1705 supe-

292 1711 412 1749 riores
439 1711 582 1760 angeli,
620 1711 686 1759 qui
718 1710 914 1748 inferiores
948 1710 1179 1758 illuminant,
1217 1711 1359 1748 habent

293 1765 507 1814 pleniorem
535 1764 709 1802 notitiam
734 1765 782 1801 de
812 1765 926 1800 rebus
954 1764 1090 1801 divinis
1124 1776 1241 1812 quam
1272 1764 1366 1800 infe-

347 1896 374 1928 α)
394 1895 485 1921 etiam.
503 1909 522 1915 —
539 1895 601 1921 Om.
620 1896 714 1920 PCGa.
733 1910 753 1914 -
770 1895 892 1921 articulis
911 1903 965 1920 om.
983 1895 1033 1920 Dn.

347 1930 373 1964 β)
391 1932 549 1958 adhaerere.
566 1945 585 1950 -
603 1931 745 1957 cohaerere
763 1931 792 1956 P.

346 1969 373 2002 γ)
392 1967 430 1993 ad
446 1975 512 2001 quos
526 1967 646 1999 pertinet
663 1967 739 1992 alios.
756 1980 774 1985 -
793 1966 839 1999 qui
856 1965 924 1991 alios
944 1965 1015 2000 (illos
1032 1966 1066 2000 D)
1086 1966 1183 1991 habent
1201 1966 1250 1991 Da.

2421 155 2466 190 33

1410 231 1541 278 riores,
1569 240 1611 269 ut
1639 232 1725 269 dicit
1752 231 1976 280 Dionysius,
2005 243 2051 268 xu
2087 243 2168 280 cap.
2202 231 2302 268 Cael.
2335 232 2469 274 Hier.;

1408 285 1458 321 ita
1487 285 1600 321 etiam
1629 285 1841 333 superiores
1869 284 2065 330 homines,
2103 284 2152 321 ad
2180 296 2278 332 quos
2308 284 2470 332 pertinet

1409 337 1503 374 alios
1522 343 1537 365 Υ
1565 337 1733 384 erudire,
1763 345 1938 374 tenentur
1965 337 2106 374 habere
2135 336 2346 385 pleniorem
2374 337 2470 373 noti-

1409 390 1500 427 tiam
1530 390 1577 426 de
1607 390 1802 427 credendis
1831 398 1867 427 et
1894 390 2014 437 magis
2042 389 2211 438 explicite
2241 389 2406 426 credere.

1463 445 1521 479 AD
1541 454 1678 480 PmMUM
1697 455 1795 480 ERGO
1814 455 1999 480 DlCENDUM
2027 443 2134 491 quod
2162 442 2360 491 explicatio
2391 454 2469 478 cre-

1411 495 1626 532 dendorum
1655 508 1733 532 non
1753 496 1958 544 aequaliter
1985 503 2171 543 quantum
2191 495 2240 532 ad
2260 507 2395 532 omnes
2415 503 2470 531 est

1411 548 1458 585 de
1486 548 1705 585 necessitate
1734 549 1875 585 salutis:
1906 548 1995 597 quia
2022 549 2130 597 plura
2157 555 2331 584 tenentur
2357 549 2470 596 expli-

1411 601 1483 637 cite
1513 602 1666 638 credere
1695 602 1877 647 maiores,
1915 601 1980 650 qui
2008 602 2149 638 habent
2176 601 2348 638 officium
2377 601 2470 637 alios

1410 654 1632 701 instruendi,
1662 666 1779 702 quam
1808 654 1879 690 alii.

1463 709 1521 743 Ao
1541 718 1731 744 secunnum
1750 718 1934 743 memnon
1953 706 2058 754 quod
2077 706 2267 754 simplices
2286 719 2365 743 non
2384 713 2470 743 sunt

1411 759 1651 796 examinandi
1680 759 1728 796 de
1747 759 2011 796 subtilitatibus
2029 758 2120 795 fidei
2139 759 2210 795 nisi
2229 760 2384 806 quando
2403 759 2470 795 ha-

1411 812 1520 848 betur
1540 812 1703 860 suspicio
1731 811 1836 860 quod
1861 811 1934 848 sint
1961 812 2008 848 ab
2036 811 2233 848 haereticis
2262 812 2469 860 depravati,

1411 864 1476 911 qui
1508 864 1547 900 in
1575 864 1633 900 his
1671 876 1768 913 quae
1801 864 1851 900 ad
1879 864 2120 901 subtilitatem
2157 863 2248 901 fidei
2283 865 2471 913 pertinent

1410 918 1532 953 solent
1560 917 1678 953 fidem
1699 916 1925 965 simplicium
1946 917 2169 965 depravare.
2201 916 2239 952 Si
2268 924 2397 954 tamen
2416 917 2470 953 in—

1409 969 1616 1006 veniuntur
1652 982 1730 1006 non
1764 970 2003 1018 pertinaciter
2038 981 2242 1017 perversae
2278 970 2469 1006 doctrinae

1410 1022 1629 1068 adhaerere,
1659 1022 1690 1059 si
1717 1022 1755 1059 in
1783 1022 1918 1059 talibus
1947 1035 1991 1058 ex
2017 1022 2253 1070 simplicitate
2281 1023 2468 1069 deficiant,

1410 1087 1487 1112 non
1519 1075 1572 1111 eis
1599 1075 1816 1124 imputatur.

1462 1130 1521 1164 An
1537 1140 1697 1165 TERTIUM
1717 1139 1900 1165 DICENDUM
1921 1127 2025 1175 quod
2045 1126 2213 1163 minores
2233 1139 2311 1163 non
2330 1128 2471 1164 habent

1410 1180 1528 1217 fidem
1557 1181 1777 1230 implicitam
1807 1181 1844 1218 in
1873 1180 1949 1217 fide
1969 1180 2160 1216 maiorum
2188 1179 2257 1215 nisi
2285 1188 2470 1227 quatenus

1411 1234 1575 1271 maiores
1612 1234 1820 1271 adhaerent
1856 1233 2050 1270 doctrinae
2088 1232 2260 1270 divinae:
2298 1233 2400 1269 unde
2436 1241 2471 1270 et

1410 1288 1619 1335 Apostolus
1657 1287 1762 1333 dicit,
1793 1288 1805 1323 I
1835 1287 1887 1323 ad
1915 1287 2000 1323 Cor.
2028 1298 2063 1322 1v
2087 1285 2123 1322 *τ
2160 1285 2372 1323 Imitatores
2399 1287 2474 1323 mei

1410 1346 1532 1385 estote,
1557 1340 1653 1376 sicut
1668 1347 1704 1377 et
1720 1352 1791 1390 ego
1816 1340 1962 1376 Christi.
1992 1339 2102 1376 Unde
2120 1340 2288 1376 humana
2309 1340 2471 1387 cognitio

1410 1405 1489 1429 non
1517 1392 1560 1428 fit
1587 1394 1715 1440 regula
1742 1393 1853 1439 fidei,
1893 1393 1960 1429 sed
1987 1392 2127 1429 veritas
2155 1391 2295 1429 divina.
2334 1395 2367 1428 A
2396 1405 2472 1440 qua

1411 1445 1442 1482 si
1461 1444 1576 1493 aliqui
1595 1446 1785 1482 maiorum
1806 1445 1995 1491 deficiant,
2025 1458 2103 1482 non
2122 1445 2355 1493 praeiudicat
2383 1446 2472 1482 fidei

1411 1498 1653 1546 simplicium,
1670 1498 1736 1545 qui
1756 1510 1822 1534 eos
1842 1506 1983 1535 rectam
2004 1499 2122 1535 fidem
2142 1499 2282 1535 habere
2303 1498 2471 1544 credunt,

1411 1551 1482 1588 nisi
1500 1551 1737 1599 pertinaciter
1756 1563 1891 1588 eorum
1912 1551 2100 1588 erroribus
2120 1551 2158 1588 in
2177 1551 2389 1600 particulari
2409 1552 2473 1588 ad-

1411 1602 1616 1641 haereant⁶
1636 1599 1767 1641 contra
1782 1603 2005 1642 universalis
2020 1604 2212 1641 Ecclesiae
2227 1605 2357 1651 fidem,
2374 1617 2472 1652 quae

1412 1669 1491 1694 non
1510 1664 1636 1706 potest
1655 1657 1830 1704 deficere,
1851 1658 2021 1695 Domino
2042 1656 2202 1703 dicente,
2233 1659 2325 1695 Luc.
2346 1670 2416 1695 xxn
2434 1659 2471 1695 *z

1411 1712 1513 1760 Egoae
1529 1722 1604 1758 pro
1633 1716 1667 1747 te
1698 1711 1854 1760 rogavi,
1883 1712 1992 1747 Petre
2015 1717 2042 1756 ε,
2078 1717 2119 1747 ut
2148 1723 2222 1747 non
2256 1712 2405 1759 deficiat
2418 1713 2472 1759 fi-

1412 1764 1476 1800 des
1504 1769 1580 1800 tua.

1465 1894 1489 1927 ὃ)
1508 1895 1683 1920 adhaereant.
1702 1909 1721 1914 -
1738 1895 1887 1920 adhaerent
1905 1896 2071 1926 ABCEFHL,
2090 1896 2268 1921 adhaererent
2285 1896 2381 1920 DKLx.

1466 1931 1488 1962 ε)
1508 1931 1594 1956 Petre.
1612 1944 1631 1950 -
1649 1931 1710 1956 Om.
1729 1931 1762 1956 G.

969 2036 1302 2070 Commentariis.
1324 2037 1576 2069 Oardinalis
1597 2036 1798 2069 Caietam·

323 2127 344 2149 u
367 2115 500 2147 articulo
516 2122 604 2147 sexto
621 2115 764 2146 eiusdem
783 2115 978 2157 quaestionis
997 2122 1082 2152 nota,
1098 2114 1131 2145 in
1150 2115 1357 2155 responsione

297 2131 364 2192 Iud
387 2161 574 2197 secundum,
598 2167 633 2191 tu
654 2160 710 2202 qui
724 2160 757 2190 in
774 2161 873 2200 patria
896 2159 1127 2191 haereticorum
1151 2159 1269 2191 Christi
1288 2169 1357 2200 par-

292 2212 340 2239 tes
362 2206 438 2246 agis,
458 2206 548 2248 quod
570 2204 739 2245 simplices,
756 2211 794 2235 ut
807 2204 966 2242 mulieres,
982 2204 1100 2236 idiotae
1116 2210 1146 2234 et
1162 2204 1357 2240 huiusmodi,

292 2251 320 2282 ei
341 2250 464 2282 seducti
485 2256 590 2281 errant
618 2250 738 2291 absque
767 2250 938 2289 pertinacia
959 2251 994 2281 in
1017 2249 1243 2281 subtilitatibus
1268 2249 1357 2285 fidei,

293 2295 384 2336 quod
406 2305 480 2326 non·
495 2294 661 2326 incurrunt
682 2294 915 2326 haereticorum
939 2295 1067 2334 culpam
1090 2301 1144 2325 aut
1166 2304 1296 2335 poenas.

349 2339 386 2370 In
407 2339 616 2379 responsione
645 2338 686 2369 ad
709 2338 838 2370 tertium
860 2339 1001 2371 eiusdem
1031 2338 1154 2370 articuli
1181 2346 1257 2370 nota
1281 2339 1357 2368 duo.

292 2378 412 2422 Primo,
437 2383 527 2426 quod
549 2383 691 2414 humana
719 2382 860 2422 cognitio
890 2393 956 2414 non
980 2388 1027 2413 est
1049 2383 1157 2423 regula
1183 2383 1271 2419 fidei,
1303 2382 1358 2412 sed

294 2427 399 2460 divina
422 2428 576 2459 doctrina.
600 2428 648 2457 Ac
670 2436 727 2467 per
748 2427 820 2462 hoc,
838 2428 984 2467 quamvis
998 2426 1183 2458 universalis
1202 2427 1359 2458 Ecclesiae

294 2472 435 2514 cognitio
458 2471 532 2504 fidei
554 2482 622 2502 non
644 2470 747 2511 possit
769 2480 885 2508 errare,
909 2481 975 2502 non
998 2477 1105 2502 tamen
1127 2471 1196 2511 ipsa
1219 2477 1266 2502 est
1286 2471 1359 2501 fidei

293 2519 418 2558 regu1a;
442 2517 498 2548 sed
521 2516 663 2548 doctrina
687 2515 794 2546 divina
816 2515 868 2546 cui
890 2515 1044 2547 innititur.
1072 2517 1114 2547 Et
1131 2515 1265 2557 quilibet
1287 2515 1360 2546 fidei

294 2564 359 2594 sive
382 2562 543 2594 maiorum
565 2561 630 2592 sive
645 2560 803 2591 Ecclesiae
816 2560 954 2592 innitens
976 2560 1055 2591 nihil
1070 2561 1157 2592 aliud
1174 2559 1248 2591 facit
1262 2570 1358 2600 quam

294 2607 385 2650 quod
408 2607 570 2640 doctrinae
593 2605 716 2637 divinae
731 2605 885 2637 innititur.
911 2606 997 2638 Cum
1019 2605 1078 2636 hac
1096 2613 1202 2636 tamen
1218 2603 1359 2635 differen-

294 2652 348 2690 tia,
365 2658 402 2683 ut
415 2655 538 2684 Auctor
554 2651 638 2686 dicit,
655 2650 745 2692 quod
763 2650 838 2681 fidei
852 2650 1023 2686 maiorum,
1038 2657 1116 2689 puta
1136 2650 1360 2690 episcoporum

294 2697 344 2728 vel
367 2697 537 2728 doctorum
560 2695 727 2738 Ecclesiae,
751 2694 852 2725 homo
875 2694 966 2725 inniti
989 2701 1094 2734 potest
1111 2694 1192 2725 bene
1208 2700 1238 2724 et
1261 2693 1358 2723 male:

1411 2116 1490 2146 bene
1514 2115 1661 2157 quidem,
1694 2116 1838 2147 absolute
1862 2116 1906 2146 eis
1929 2115 2110 2152 innitendo;
2135 2115 2217 2146 male
2241 2122 2363 2152 autem,
2395 2115 2475 2146 inni-

1410 2161 1508 2191 tendo
1537 2160 1580 2191 eis
1604 2160 1699 2191 etiam
1723 2160 1748 2190 si
1772 2167 1880 2191 contra
1903 2160 2076 2191 Ecclesiam
2099 2166 2250 2190 tenerent.
2281 2160 2344 2199 Ipsi
2368 2167 2475 2191 autem

1411 2204 1579 2235 universali
1612 2204 1769 2235 Ecclesiae
1796 2215 1862 2235 non
1893 2212 1998 2245 potest
2027 2205 2127 2235 homo
2157 2204 2239 2234 male
2262 2204 2370 2235 inniti:
2401 2205 2475 2245 quia

1410 2250 1606 2291 promissum
1630 2256 1676 2280 est
1698 2249 1744 2280 illi
1758 2249 1978 2280 indefectibilis
2001 2249 2112 2280 veritas
2127 2249 2287 2280 doctrinae
2303 2249 2427 2279 divinae
2442 2249 2475 2279 in

1411 2294 1461 2325 his
1483 2304 1566 2334 quae
1590 2301 1664 2324 sunt
1687 2293 1772 2324 fidei.

1466 2339 1551 2369 Nota
1571 2338 1722 2374 secundo,
1739 2338 1828 2379 quod
1846 2340 1968 2369 Auctor
1984 2337 2074 2378 quasi
2097 2347 2275 2378 synonyme
2292 2337 2390 2368 utitur
2406 2337 2475 2367 uni-

1411 2383 1539 2413 versalis
1562 2382 1719 2413 Ecclesiae
1744 2390 1774 2413 et
1797 2382 1879 2413 Petri
1903 2381 2103 2413 nominibus:
2131 2381 2206 2422 quia
2228 2381 2310 2412 Petri
2333 2380 2365 2410 in
2389 2391 2421 2412 se
2445 2389 2476 2411 et

1413 2427 1647 2458 successoribus
1678 2427 1743 2457 suis
1774 2425 1852 2457 fides
1882 2434 1928 2458 est
1955 2426 2034 2456 fides
2062 2436 2159 2466 quam
2189 2433 2314 2456 tenetur
2336 2426 2475 2456 Ecclesia

1412 2477 1479 2502 tota
1502 2471 1670 2511 suscipere.
1694 2471 1735 2501 Et
1759 2477 1805 2501 est
1820 2480 1925 2501 sermo
1949 2480 2015 2501 non
2030 2471 2068 2501 de
2083 2469 2145 2502 fide
2160 2471 2246 2501 illius
2265 2470 2404 2501 hominis
2420 2470 2475 2511 qui

1412 2515 1551 2546 succedit
1574 2515 1684 2545 Petro:
1708 2515 1764 2544 sed
1787 2516 1826 2544 de
1849 2514 1910 2545 fide
1933 2516 2122 2547 successoris
2145 2523 2181 2546 ut
2203 2515 2360 2546 definitive
2384 2515 2476 2545 docet

1412 2559 1492 2599 quid
1505 2559 1538 2589 in
1554 2558 1692 2590 Ecclesia
1708 2559 1882 2590 tenendum
1898 2559 1936 2589 de
1951 2559 2022 2591 fide.
2048 2560 2192 2591 Christus
2209 2560 2293 2590 enim
2309 2569 2474 2600 nunquam

1412 2603 1555 2644 permisit
1573 2610 1628 2634 aut
1642 2603 1801 2644 permittet
1824 2613 1899 2634 eum
1923 2603 1966 2634 sic
1989 2613 2105 2635 errare:
2129 2614 2195 2634 non
2209 2612 2339 2644 propter
2361 2615 2403 2641 se,
2420 2603 2475 2634 sed

1413 2654 1543 2693 propter
1574 2647 1747 2678 Ecclesiam
1771 2647 1996 2685 universalem,
2028 2659 2108 2689 quae
2141 2655 2264 2679 tenetur
2287 2648 2475 2679 sententiam

1413 2692 1498 2722 illius
1521 2692 1620 2733 sequi.

1077 2829 1395 2872 ARTICULUS
1425 2828 1692 2871 SEPTIMUS

333 2915 490 2948 UTRUM
512 2914 740 2947 EXPLICITE
765 2915 965 2946 CREDERE
989 2915 1243 2946 MYSTERIUM
1267 2914 1439 2946 CHR1s=r1
1463 2914 1529 2944 SIT
1554 2914 1610 2944 DE
1634 2913 1927 2944 NECESSITATE
1952 2912 2128 2944 SALUTIS
2147 2914 2262 2944 APUD
2287 2914 2432 2945 OMNES

457 2993 488 3018 111
509 2994 594 3022 Sent„
613 2994 671 3018 dist.
690 3001 746 3024 xxv,
766 3001 811 3026 qu.
828 3001 856 3022 n,
875 2998 921 3018 art.
942 3000 966 3023 2,
985 2993 1035 3025 qu*
1056 3000 1079 3023 2,
1101 2992 1128 3022 3;
1147 2993 1243 3025 Expos.
1262 2993 1335 3023 Litt.;
1355 2992 1397 3022 IV,
1417 2993 1476 3017 dist.
1494 2999 1530 3022 vi,
1550 2999 1594 3024 qu.
1614 2999 1646 3022 11,
1666 2996 1713 3015 art.
1734 2998 1756 3020 2.
1776 2991 1825 3023 qu·
1848 2998 1876 3020 1;
1896 2991 1937 3016 De
1959 2991 2049 3020 Ver-it„
2069 2999 2115 3024 qu.
2133 2999 2183 3022 x1V,
2203 2997 2250 3016 art.
2274 3000 2316 3022 ¹¹3

1183 3036 1227 3061 Aa
1245 3036 1336 3064 Hebr„
1356 3043 1412 3068 cap.
1430 3043 1464 3066 xi,
1486 3036 1542 3060 lect.
1562 3043 1590 3060 u.

332 3122 398 3159 ζίφει
420 3129 489 3169 μᾷ(
512 3119 535 3144 ι)
554 3119 734 3145 sarmium
753 3119 806 3145 sm
822 3119 1060 3145 PROCEDITUR.
1079 3107 1238 3144 Videtur
1257 3107 1360 3156 quod
1416 3107 1512 3143 catio
1545 3106 1635 3143 fidei
1672 3106 1715 3142 fit
1746 3118 1814 3154 per
1845 3106 2114 3143 revelationem
2149 3106 2339 3153 divinam,
2375 3119 2473 3155 quae

352 3159 375 3215 'U'
430 3150 481 3221 {jo
513 3160 667 3198 credere
709 3161 879 3210 explicite
921 3160 1144 3209 mysterium
1182 3157 1361 3197 Christi‘
1413 3160 1586 3208 pervenit
1614 3159 1662 3196 ad
1690 3159 1868 3196 homines
1894 3159 2146 3197 mediantibus
2170 3159 2322 3207 angelis,
2351 3167 2391 3195 ut
2419 3160 2472 3196 di-

416 3261 423 3266 ἱ
512 3225 591 3250 non
619 3213 665 3250 sit
698 3213 745 3251 de
779 3213 1000 3251 necessitate
1034 3213 1162 3250 salutis
1190 3213 1291 3262 apud
1320 3226 1360 3249 ο-
1414 3219 1516 3250 ctum
1541 3221 1596 3249 est
1619 3212 1650 3248 ²³⁶.
1682 3212 1758 3249 Sed
1779 3212 1891 3249 etiam
1914 3212 2035 3260 angeli
2055 3212 2278 3261 mysterium
2300 3214 2472 3249 Incarna-

359 3261 415 3299 fif*
435 3278 445 3290 >¹
470 3259 634 3304 mnes.
668 3267 761 3303 Non
789 3266 892 3304 enim
924 3273 1072 3304 tenetur
1097 3267 1218 3304 homo
1247 3266 1360 3315 expli·
1413 3266 1524 3303 tionis
1538 3265 1824 3313 ignoraverunt:
1844 3265 1946 3303 unde
1970 3266 2204 3314 quaerebant
2222 3266 2259 3301 in
2280 3266 2418 3302 Psalm.
2435 3265 2470 3301 *ε

297 3319 367 3356 cite
396 3318 549 3356 credere
579 3332 624 3356 ea
652 3332 750 3368 quae
771 3319 892 3367 angeli
911 3319 1105 3368 ignorant:
1136 3319 1224 3369 quia
1244 3319 1359 3368 expli·
1384 3333 1387 3367 Ι
1417 3320 1508 3361 Quis
1526 3325 1580 3356 est
1606 3319 1671 3356 iste
1697 3320 1784 3356 Rex
1806 3318 1990 3356 Gloriae?
2019 3326 2054 3355 et
2079 3319 2195 3355 Isaiae
2214 3318 2348 3355 LX111*:
2382 3318 2472 3360 Quis

350 3451 377 3484 α)
400 3450 508 3476 Gnristi.
525 3464 544 3470 -
562 3450 756 3476 incarnationis
777 3450 876 3475 Christi
895 3451 923 3476 P.

439 3503 548 3528 Sunius
568 3502 668 3527 Timor.
689 3503 719 3527 D.
734 3503 848 3527 Tuomst-2
867 3503 899 3527 T.
918 3503 949 3527 V.
2312 3501 2324 3525 5

2498 1299 2507 1309 *
2523 1298 2590 1321 Vei-s.
2605 1299 2638 1320 16.

2500 1667 2509 1677 ⁸
2525 1667 2591 1690 Vers.
2606 1673 2638 1694 32-

2501 3214 2709 3241 ‘Art.praec.;Part.

2499 3240 2515 3266 1,
2527 3246 2567 3268 qu.
2577 3245 2622 3266 cxi,
2637 3244 2679 3261 art,
2693 3246 2709 3261 1.

2500 3278 2506 3284 ¹
2516 3276 2553 3297 Ps.
2567 3282 2635 3301 xxm,
2649 3282 2707 3297 vers.

2500 3303 2521 3328 ὃ,
2537 3308 2570 3323 ιο.

2500 3338 2510 3348 “
2524 3337 2591 3358 Vers.
2607 3343 2622 3358 ι.
