2892 4056
198 994 246 1014 ‘De
253 994 318 1020 Odio,
334 1000 372 1021 qu.
383 1000 405 1016 x,

197 1020 224 1041 ad
254 1027 300 1047 arg.
329 1024 406 1041 contra

196 1048 297 1068 conclus.
313 1053 334 1074 7.

193 1658 202 1667 ⁸
223 1657 272 1677 Art.
293 1664 312 1684 ι,
332 1657 359 1678 ad
379 1663 404 1686 3;

192 1687 232 1704 art.
248 1689 268 1704 2.

191 2363 200 2371 ⁸
211 2362 266 2382 Loc.
281 2361 319 2382 cit.
334 2367 397 2382 num⁴

190 2388 293 2414 praeced.

190 2762 199 2769 ·
215 2760 252 2781 Cf.
266 2764 308 2781 art.
324 2760 346 2781 6.

194 3023 204 3031 ¹·
229 3023 311 3042 contra
335 3023 402 3042 natu—

195 3054 245 3068 ram
261 3048 314 3069 ΡΛιι.

449 262 524 308 276

441 339 510 369 1)εο
533 338 566 368 in
591 347 706 374 amore,
731 337 878 374 aufertur,
903 343 1059 377 quantum
1083 342 1129 366 est
1151 344 1188 365 ex
1211 342 1298 375 parte
1314 334 1500 365 huiusmodi

442 382 586 418 amantis,
607 391 624 412 a
646 382 715 412 Deo
733 387 843 412 natura
862 390 927 416 sua,
948 390 1028 420 quae
1048 379 1197 410 omnibus
1221 378 1434 419 praeponitur.
1459 378 1500 408 Et

441 425 466 456 si
489 425 550 456 hoc
573 435 639 456 non
662 432 820 464 penetras,
845 430 1005 454 memento
1037 423 1125 463 quod
1155 422 1216 453 hoe
1247 423 1335 463 quod
1358 422 1432 453 facit
1455 421 1498 451 af-

439 467 574 499 firmatio
594 468 642 498 vel
665 466 789 508 negatio
808 468 840 498 in
864 467 1034 503 intellectu,
1052 465 1125 496 facit
1147 466 1327 506 prosecutio
1351 465 1402 496 vel
1424 465 1498 504 fuga

438 513 472 542 in
493 512 665 542 voluntate.
690 514 737 542 Ac
752 520 808 552 per
824 511 894 547 hoc,
920 510 1000 541 sicut
1022 510 1198 540 intellectus
1219 509 1376 540 affirmans
1399 509 1498 539 alium

438 556 553 592 Deum,
578 562 632 586 aut
655 563 771 594 negans
795 554 1020 594 proprietatem
1051 554 1126 590 Dei,
1151 553 1253 584 aufert
1276 564 1293 584 a
1315 554 1385 584 Deo
1409 553 1498 593 quod

437 600 477 631 sit
498 600 600 635 Deus;
624 599 667 629 ita
685 599 832 629 voluntas
851 599 962 628 nolens
982 599 1088 628 Deum
1111 604 1147 628 ut
1170 597 1340 637 optimum,
1358 603 1414 628 aut
1430 603 1497 627 ten—

438 644 514 673 dens
537 643 569 673 in
593 642 679 672 aliud
698 649 733 673 ut
755 642 879 678 melius,
900 641 1001 673 aufert
1017 651 1034 672 a
1057 642 1126 673 Deo
1146 641 1236 681 quod
1252 641 1291 672 sit
1309 641 1406 672 Deus.
1425 641 1498 670 Hoc

437 693 544 717 autem
567 685 601 716 fit
630 686 662 716 in
696 685 785 716 omni
813 692 943 726 peccato
971 685 1108 717 mortali.
1138 685 1180 716 Et
1206 691 1372 726 propterea
1401 694 1497 716 omne

436 737 601 770 peccatum
617 730 704 770 quod
721 736 851 759 vocatur
870 729 1002 760 mortale
1018 739 1089 759 vere
1106 727 1238 769 dignum
1254 735 1357 759 morte
1374 734 1498 758 aeterna

436 781 491 809 est,
509 779 620 813 utpote
635 772 796 803 offendens
812 774 917 804 Deum
933 782 999 803 non
1022 772 1305 813 qualitercumque,
1323 773 1378 802 sed
1399 772 1497 802 hosti-

433 817 513 853 liter,
537 817 577 846 ad
600 816 812 847 deiiciendum
835 817 952 848 scilicet
974 817 1078 847 Deum
1102 827 1120 847 a
1141 825 1199 847 sua
1223 816 1346 847 deitate.
1368 833 1389 839 -
1405 815 1446 846 Et
1461 825 1497 846 ex

433 861 481 891 his
504 866 590 900 patet
612 870 723 891 sensus
747 860 868 892 articuli
899 859 1010 892 huius:
1034 870 1132 901 quare
1163 861 1280 891 scilicet
1302 860 1414 890 odium
1437 859 1496 891 Dei

432 904 472 934 sit
489 904 720 943 gravissimum,
737 911 768 935 et
781 905 948 945 quomodo
960 905 1138 936 inveniatur
1155 905 1189 935 in
1205 904 1348 945 quolibet
1359 904 1496 935 mortali.

488 948 539 979 111.
568 948 603 978 In
623 949 738 979 eodem
761 949 892 980 articulo
916 949 1067 986 secundo,
1087 949 1120 980 in
1143 949 1348 990 responsione
1372 949 1412 979 ad
1434 948 1497 988 pri-

432 1001 532 1028 mum,
550 991 684 1022 dubium
698 1003 735 1023 ex
749 992 884 1023 Martino
897 993 935 1023 de
948 992 1103 1034 Magistris
1116 992 1274 1023 occurrit*
1291 999 1399 1024 contra
1414 992 1496 1023 hanc

431 1035 671 1075 responsionem
683 1037 830 1067 Auctoris
845 1043 1005 1077 arguente,
1018 1037 1168 1068 dicendo:
1193 1051 1208 1066 ‹
1224 1036 1285 1067 Ista
1299 1036 1417 1067 solutio
1430 1046 1496 1067 non

430 1080 537 1110 solvit:
563 1081 638 1121 quia
661 1087 884 1120 argumentum
906 1081 1049 1121 procedit
1070 1081 1110 1112 de
1133 1082 1264 1121 peccato
1287 1082 1320 1111 in
1343 1080 1496 1123 Spiritum

431 1124 583 1155 Sanctum
597 1124 820 1160 irremissibili:
845 1125 965 1157 solutio
980 1132 1087 1156 autem
1103 1125 1247 1166 procedit
1263 1126 1301 1155 de
1318 1132 1448 1166 peccato
1463 1125 1497 1155 in

430 1168 584 1208 Spiritum
607 1168 758 1200 Sanctum
782 1169 959 1201 remissibili
974 1181 1003 1200 ».

484 1212 536 1242 Ad
558 1212 621 1244 hoc
643 1213 816 1245 dicendum
839 1214 937 1254 quod,
963 1223 1038 1244 cum
1061 1223 1157 1244 omne
1181 1219 1347 1253 peccatum
1369 1212 1402 1242 in
1425 1212 1495 1252 Spi—

429 1255 527 1287 ritum
543 1256 697 1287 Sanctum
713 1255 751 1287 sit
765 1256 987 1293 irremissibile,
1012 1252 1148 1287 obiectio
1164 1256 1253 1287 istius
1269 1263 1316 1287 est
1331 1255 1429 1286 nulla.
1452 1258 1496 1285 At

429 1299 455 1329 si
478 1306 608 1340 propter
630 1300 790 1331 diversum
812 1302 948 1332 modum
970 1299 1256 1336 irremissibilitatis,
1281 1298 1356 1340 quia
1379 1298 1497 1329 scilicet

429 1343 560 1384 aliquod
583 1350 750 1384 peccatum
774 1345 807 1375 in
830 1345 983 1385 Spiritum
1013 1344 1169 1375 Sanctum'
1197 1344 1310 1374 dicitur
1332 1342 1495 1373 irremissi-

428 1387 491 1418 bile
515 1388 660 1425 omnino,
685 1395 721 1419 ut
741 1388 845 1420 finalis
873 1388 1126 1429 impoenitentia,
1151 1394 1182 1418 et
1205 1388 1337 1428 aliquod
1359 1387 1494 1417 irremis-

429 1431 520 1462 sibile
543 1442 580 1462 ex
603 1433 653 1463 sui
676 1433 807 1471 merito,
831 1439 867 1464 ut
889 1433 1020 1473 reliqua,
1051 1441 1185 1472 arguens
1215 1432 1388 1471 distinguat
1419 1431 1494 1462 irre-

429 1475 581 1506 missibile
608 1477 742 1507 omnino
770 1487 787 1507 a
813 1476 1012 1510 remissibiliz,
1031 1476 1241 1518 respondetur
1262 1476 1351 1517 quod
1373 1485 1494 1507 assum-

428 1526 520 1560 ptum
545 1527 591 1551 est
613 1520 746 1557 falsum,
780 1518 898 1551 scilicet
920 1521 1010 1562 quod
1032 1527 1258 1561 argumentum
1281 1520 1432 1561 loquatur
1456 1519 1494 1550 de

428 1570 558 1604 peccato
573 1563 607 1594 in
624 1564 778 1605 Spiritum
803 1565 955 1595 Sanctum
978 1563 1184 1597 irremissibili
1208 1563 1353 1601 omnino,
1370 1564 1432 1595 hoc
1449 1570 1495 1594 est

428 1608 467 1638 de
482 1607 569 1638 finali
583 1608 835 1649 impoenitentia.
850 1609 1015 1646 Quoniam
1029 1609 1092 1640 tale
1107 1615 1282 1649 peccatum,
1300 1616 1336 1639 ut
1350 1617 1446 1648 supra
1461 1606 1494 1638 in

426 1662 483 1693 qu.
506 1662 559 1683 xiv
572 1652 590 1671 *
612 1659 708 1692 patet,
733 1662 799 1684 non
823 1660 869 1684 est
891 1653 1026 1693 speciale
1047 1662 1148 1693 genus
1164 1653 1294 1693 peccati,
1308 1653 1367 1683 sed
1386 1658 1495 1692 potest

429 1697 541 1726 odium
565 1697 624 1727 Dei
647 1706 678 1727 et
700 1698 929 1738 quodcumque
952 1698 1039 1728 aliud
1062 1708 1130 1728 esse
1151 1697 1185 1727 in
1208 1707 1276 1738 quo
1296 1697 1370 1738 quis
1392 1696 1493 1728 finali—

427 1747 474 1771 ter
497 1741 728 1780 poenitentiam
750 1752 817 1772 non
840 1749 990 1772 assumet.
1012 1741 1074 1773 Sed
1097 1748 1321 1782 argumentum
1349 1741 1494 1781 procedit

428 1783 466 1814 de
480 1791 620 1824 'peccato
643 1783 676 1815 in
693 1782 846 1825 Spiritum
870 1786 1022 1816 Sanctum
1041 1792 1077 1816 ut
1096 1792 1143 1816 est
1156 1784 1290 1826 speciale
1305 1795 1405 1826 genus
1420 1796 1494 1826 pec-

428 1828 502 1858 cati:
527 1835 563 1858 ut
586 1835 672 1868 patet
690 1835 755 1858 tam
777 1830 951 1868 arguendo,
969 1839 1041 1860 cum
1059 1827 1182 1866 dicitur,
1198 1828 1272 1863 Non
1287 1833 1492 1870 computatur

427 1873 511 1902 inter
532 1874 653 1912 species
669 1875 796 1912 peccati
818 1874 849 1903 in
873 1874 1028 1914 Spiritum
1053 1874 1226 1911 Sanctum,·
1247 1882 1345 1914 quam
1361 1881 1491 1914 respon—

427 1917 551 1952 dendo,
577 1926 651 1946 cum
683 1917 804 1956 generis
829 1924 859 1947 et
883 1918 996 1958 speciei
1020 1918 1182 1955 meminit,
1213 1924 1244 1948 et
1275 1918 1436 1949 doctrinae
1457 1918 1491 1948 in

426 1961 531 2000 primo
555 1961 687 1991 articulo
703 1961 802 1991 dictae
826 1961 1020 2002 quaestionis
1036 1962 1176 1999 traditae,
1194 1962 1283 2002 quod
1307 1962 1425 1993 scilicet
1439 1972 1491 2002 ge-

426 2015 487 2035 nus
511 2004 630 2044 peccati
652 2005 685 2034 in
709 2005 862 2045 Spiritum
895 2006 1046 2036 Sanctum
1069 2006 1155 2037 iuxta
1178 2006 1302 2036 tertiam
1333 2006 1490 2046 acceptio-

426 2058 498 2078 nem
530 2049 667 2079 sumitur
689 2059 785 2089 penes
809 2059 938 2090 peccare
968 2060 1010 2080 ex
1036 2051 1188 2081 electione
1206 2050 1300 2088 mali,
1326 2051 1416 2091 quod
1439 2049 1501 2081 hit

425 2100 557 2123 vocatur
573 2103 701 2132 peccare
717 2103 758 2123 ex
772 2094 1000 2125 deliberatione
1007 2102 1019 2132 ;
1042 2095 1130 2135 quod
1150 2101 1197 2125 est
1216 2094 1487 2135 distinguendum,

424 2137 535 2167 vel'ex
556 2137 682 2167 habitus
705 2137 919 2176 inclinatione,
934 2139 984 2168 vel
1008 2139 1243 2169 contemnendo
1263 2138 1489 2179 impeditivum

424 2181 560 2221 peccati,
585 2181 666 2212 sicut
693 2181 740 2217 ibi,
767 2182 969 2221 distinguitur
991 2184 1128 2223 peccare
1150 2192 1186 2213 ex
1210 2183 1362 2213 electione
1393 2183 1488 2221 mali;

424 2226 509 2255 idem
524 2225 610 2255 enim
626 2232 672 2256 est
690 2225 845 2256 iudicium
861 2226 899 2257 de
914 2236 1044 2267 peccare
1063 2237 1100 2257 ex
1119 2227 1279 2258 electione·
1293 2234 1324 2258 et
1339 2228 1488 2258 delibera·

424 2269 513 2300 tione
537 2269 623 2300 mali.
1426 2271 1429 2277 '
1477 2269 1487 2274 ”

478 2313 530 2344 IV.
556 2314 591 2343 In
615 2313 729 2343 eodem
752 2314 885 2344 articulo
909 2315 1067 2351 secundo,
1091 2315 1123 2344 in
1148 2315 1355 2356 responsione
1378 2315 1418 2345 ad
1442 2324 1488 2346 se-

425 2358 577 2393 cundum,
595 2357 729 2387 dubium
754 2368 790 2387 ex
809 2358 924 2388 eodem
946 2358 1083 2389 Marrino
1108 2358 1274 2389 occurrit*
1289 2366 1397 2390 contra
1419 2362 1487 2390 Au-

425 2408 545 2432 ctorem
570 2401 619 2431 hic
643 2408 802 2440 arguente.
827 2402 914 2432 Haec
946 2402 1078 2439 solutio,
1101 2402 1219 2443 inquit,
1245 2403 1349 2434 deficit
1370 2403 1403 2434 in
1426 2404 1488 2434 hoc

425 2445 514 2490 quod
538 2437 612 2475 dicit
634 2445 914 2486 quodsinfidelitas
939 2444 1090 2486 quaeest
1113 2447 1205 2487 culpa
1232 2456 1356 2488 semper
1379 2457 1487 2479 causa-

425 2494 477 2520 tur
499 2498 536 2519 ex
560 2489 637 2519 odio
660 2489 730 2520 Dei.
754 2489 826 2519 Hoc
842 2490 927 2520 enim
944 2497 1070 2521 constat
1092 2500 1158 2520 esse
1175 2490 1306 2521 faisurn:
1330 2500 1405 2521 nam
1421 2499 1488 2522 non

425 2534 549 2564 credere
572 2533 678 2563 Deum
699 2533 819 2564 trinum
844 2538 875 2564 et
897 2542 998 2564 unum
1021 2534 1054 2564 in
1079 2534 1186 2564 multis
1210 2535 1339 2575 paganis
1362 2534 1488 2566 aliunde

424 2577 579 2618 procedit,
604 2583 642 2607 ut
663 2584 759 2617 patet.
930 2592 933 2596 ·

477 2621 626 2652 Secundo
643 2621 747 2651 deficit
763 2621 794 2651 in
810 2621 874 2651 ho'c
889 2622 977 2661 quod
993 2621 1098 2652 innuit
1113 2623 1201 2662 quod
1218 2629 1383 2662 peccatum
1400 2623 1489 2664 quod

424 2671 470 2696 est
492 2674 587 2696 causa
614 2675 740 2705 semper
772 2672 818 2696 est
840 2665 964 2705 gravius
996 2676 1034 2696 eo
1065 2667 1154 2706 quod
1182 2676 1218 2696 ex
1251 2666 1306 2696 illo
1331 2673 1486 2699 causatur.-

424 2710 507 2739 Nam
537 2709 648 2739 odium
678 2709 779 2740 oritur
804 2710 984 2749 frequenter
1005 2719 1042 2740 ex
1066 2710 1120 2746 ira,
1149 2716 1180 2740 et
1205 2711 1380 2741 secundum
1397 2710 1487 2741 Tho-

425 2753 537 2783 mam*
555 2763 591 2783 ex
614 2753 745 2784 invidia:
769 2760 800 2784 et
823 2760 928 2784 tamen
945 2759 991 2784 est
1013 2753 1138 2793 gravius
1157 2761 1300 2795 utraque.
1324 2754 1365 2785 Et
1387 2755 1488 2785 multa

425 2797 571 2828 mortalia
601 2798 748 2828 oriuntur
776 2808 812 2828 ex
837 2798 1021 2828 venialibus,
1048 2799 1151 2828 Immo
1178 2798 1256 2828 haec
1286 2798 1396 2838 opinio
1420 2808 1486 2829 non

426 2842 598 2872 concordat
627 2842 715 2872 dictis
745 2841 887 2872 eiusdem
911 2842 1073 2878 Thomae,
1104 2848 1159 2872 art.
1179 2844 1193 2872 5
1222 2842 1365 2873 eiusdem
1390 2852 1487 2884 quae-

425 2885 550 2921 stionis,
575 2885 640 2922 ubi,
664 2887 831 2926 probando
855 2886 942 2926 quod
967 2886 1079 2917 odium
1104 2880 1168 2916 non
1193 2893 1240 2917 est
1265 2886 1379 2917 vitium
1403 2887 1487 2928 capi-

425 2930 496 2965 tale,
512 2930 646 2960 assumit
668 2930 730 2960 hoc
745 2930 953 2971 principium:
978 2930 1018 2960 In
1041 2931 1090 2961 his
1104 2938 1186 2971 quae
1204 2936 1316 2961 contra
1337 2935 1487 2962 naturam

425 2978 511 3011 sunt,
529 2972 710 3003 cuiusmodi
727 2981 802 3004 sunt
820 2974 934 3004 omnia
949 2974 1032 3010 vitia,
1044 2974 1217 3015 paulatim,
1235 2981 1266 3006 et
1288 2984 1354 3005 non
1369 2973 1487 3011 subito,

427 3017 509 3047 illud
530 3017 615 3057 qu'od
641 3023 687 3048 est
719 3023 856 3048 naturae
877 3018 895 3037 *
917 3019 1152 3059 corrumpitur;
1176 3025 1207 3049 et
1230 3029 1267 3049 ex
1289 3019 1352 3049 hoc
1373 3019 1487 3059 probat

425 3060 541 3091 odium
563 3068 639 3101 non·
661 3070 726 3091 esse
748 3062 862 3092 vitium
886 3062 1026 3102 capitale.
1052 3061 1099 3093 Ex
1122 3072 1188 3103 quo
1210 3062 1359 3093 videntur
1381 3063 1488 3093 inferri

428 3105 505 3135 duo.
529 3105 673 3135 Primum
697 3112 743 3135 est
765 3106 854 3146 quod
877 3115 913 3136 ex
929 3106 1003 3136 odio
1028 3106 1087 3137 Dei
1110 3116 1176 3137 non
1193 3107 1296 3137 oritur
1306 3105 1486 3138 infidelitas,

426 3149 611 3179 Secundum
627 3155 673 3179 est
688 3149 777 3189 quod
796 3159 832 3180 ex
848 3150 908 3180 hoc
924 3150 1011 3191 quod
1036 3151 1147 3181 odium
1171 3150 1230 3181 Dei
1254 3155 1300 3181 est
1323 3156 1417 3181 causa
1438 3150 1486 3181 in-

427 3191 584 3223 fidelitatis
608 3201 674 3223 non
698 3199 803 3233 potest
830 3192 935 3224 inferri
959 3195 1047 3235 quod
1075 3195 1187 3226 odium
1209 3194 1268 3225 Dei
1292 3194 1332 3225 sit
1354 3194 1487 3226 infideli-

426 3243 490 3267 tate
513 3236 648 3276 gravius.
1096 3259 1098 3262 v

482 3280 521 3311 V.
546 3281 597 3311 Ad
619 3280 697 3311 haec
719 3280 832 3310 dicitur
854 3281 943 3321 quod
967 3289 1151 3321 argumenta
1172 3282 1318 3313 laborant
1339 3282 1430 3324 quasi
1453 3282 1486 3312 in

429 3325 614 3366 aequivoco.
646 3324 810 3362 Quoniam
839 3335 942 3355 sermo
973 3326 1093 3356 litterae
1125 3326 1241 3367 partim
1272 3332 1319 3357 est
1349 3326 1388 3356 de
1411 3325 1486 3357 odio

427 3368 643 3409 participative
673 3378 728 3399 seu
759 3369 934 3399 secundum
963 3369 1120 3406 effectum;
1153 3377 1184 3401 et
1205 3369 1319 3410 partim
1347 3370 1386 3400 de
1409 3370 1485 3400 odio

429 3412 555 3452 speciali
577 3419 707 3452 peccato
732 3419 762 3443 et
785 3412 959 3443 secundum
984 3413 1139 3444 affectum.
1165 3413 1249 3445 Cum
1265 3413 1349 3445 enim
1372 3413 1486 3444 dicitur

429 3457 518 3497 quod
540 3456 652 3487 odium
682 3463 728 3487 est
757 3456 835 3487 ratio
864 3457 974 3496 culpae
1003 3467 1056 3487 seu
1085 3458 1203 3497 peccati
1230 3456 1263 3488 in
1293 3456 1485 3494 infidelitate,

428 3509 532 3530 sermo
549 3507 596 3531 est
611 3501 649 3531 de
664 3500 739 3531 odio
756 3499 970 3541 participative
985 3507 1016 3531 et
1031 3501 1207 3532 secundum
1226 3501 1385 3533 effectum:
1411 3511 1485 3532 cum

429 3550 536 3574 autem
559 3544 671 3575 dicitur
694 3545 782 3585 quod
811 3544 922 3575 odium
951 3550 996 3575 est
1019 3545 1143 3584 gravius
1171 3551 1351 3585 peccatum,
1381 3554 1484 3575 sermo

1102 256 1368 303 QUAESTIO
1396 255 1576 302 XXXIV,
1606 251 1900 291 ARTICULUS
1930 254 1962 289 ΙΙ

1554 339 1602 363 est
1624 332 1663 362 de
1678 331 1754 362 odio
1771 330 1947 361 secundum
1969 339 2003 360 se
2018 339 2074 360 seu
2098 329 2273 360 secundum
2290 329 2448 361 affectum.
2472 329 2539 359 Nec
2552 327 2615 359 hoc

1555 383 1601 406 est
1624 375 1833 415 sophisticum
1856 380 1887 405 et
1901 373 2071 413 indignum
2093 373 2247 404 doctrina:
2271 374 2326 405 sed
2342 383 2379 405 ex
2402 383 2440 404 eo
2463 373 2554 414 quod
2569 375 2616 403 est

1553 430 1610 460 per
1632 418 1906 459 participationem
1929 417 2094 448 ostendere
2125 416 2267 457 seipsum
2295 417 2472 456 secundum
2506 424 2552 452 se;
2577 416 2615 446 si-

1554 470 1607 494 cut
1621 462 1648 493 si
1664 473 1700 494 ex
1722 461 1827 502 ignitis
1843 461 2061 492 ostenderetur
2076 467 2187 491 natura
2202 460 2292 500 ignis.
2317 458 2352 491 In
2369 459 2514 502 quolibet
2529 459 2615 490 enim

1552 513 1682 547 peccato
1706 506 1842 543 mortali,
1866 512 1902 536 ut
1924 505 1988 535 iam
2009 504 2027 524 *
2050 510 2215 535 ostensum
2238 511 2293 540 est,
2318 503 2475 535 clauditur
2503 501 2615 533 odium

1552 551 1611 582 Dei
1635 557 1670 581 ut
1699 550 1780 581 ratio
1810 549 1929 591 peccati
1957 547 2099 579 mortalis
2122 547 2155 578 in
2181 547 2254 579 ino:
2286 549 2377 589 quod
2403 548 2490 578 iuxta
2519 546 2615 577 huius

1551 593 1768 635 responsionis
1791 594 1824 624 in
1845 594 1948 624 littera
1970 601 2155 633 processum
2177 591 2294 622 iterum
2315 592 2463 632 aperitur,
2486 597 2524 621 ut
2547 599 2614 620 ma-

1550 639 1596 679 gis
1621 639 1715 670 etiam
1738 639 1815 669 haec
1838 638 1939 668 littera
1958 643 2072 678 pateat.
2096 636 2286 677 Infidelitas,
2310 634 2423 678 inquit,
2445 635 2540 666 habet
2561 643 2615 664 ra-

1551 684 1667 714 tionem
1691 683 1804 724 culpae
1819 692 1860 713 ex
1881 682 1941 712 hoc
1955 681 2039 722 quod
2061 685 2108 711 est
2130 680 2326 717 voluntaria,
2341 681 2417 721 q‘uia
2430 685 2492 715 etc.
2521 678 2615 716 Quod

1550 732 1656 757 autem
1675 727 1716 757 sit
1739 724 1934 764 voluntaria,
1951 724 2063 766 supple
2086 722 2270 760 mortaliter,
2290 722 2383 758 habet
2405 719 2447 753 ex
2465 722 2548 760 odio,
2566 731 2615 752 se-

1551 772 1693 801 cundum
1713 768 1868 806 effectum,
1885 774 1998 800 contra
2014 769 2177 799 veritatem
2191 766 2285 808 fidei.
2309 766 2400 798 Patet
2413 766 2498 796 enim
2512 765 2546 796 in
2569 765 2615 796 in-

1547 814 1697 845 fidelitate
1712 813 1845 845 inveniri
1860 813 2073 844 voluntariam
2089 811 2315 842 refutationem
2327 809 2467 841 veritatis
2478 809 2613 845 divinae,

1549 868 1631 900 quae
1654 865 1702 889 est
1724 858 1838 889 odium
1859 858 2038 888 secundum
2061 855 2208 887 effectum
2230 855 2331 895 ipsius
2354 854 2480 885 divinae
2498 853 2615 884 verita-

1548 904 1604 940 tis;
1628 913 1665 933 ex
1681 911 1885 943 quacumque
1899 911 1994 932 causa
2007 900 2174 931 infidelitas
2190 899 2320 930 oriatur.
2343 898 2385 929 Et
2397 904 2485 939 patet
2506 897 2615 928 huius-

1548 947 1638 978 modi
1662 947 1774 978 odium
1797 946 1831 977 in
1854 956 1890 976 ea
1907 946 2074 976 inventum
2097 954 2164 975 esse
2187 943 2344 987 rationem
2358 941 2529 984 voluntarii
2545 950 2616 982 pec-

1549 990 1608 1022 cati
1631 989 1773 1022 mortalis
1796 990 1829 1020 in
1852 988 1922 1020 illa:
1946 989 2102 1031 quoniam
2117 989 2178 1019 tale
2194 984 2305 1018 odium
2329 993 2376 1018 est
2394 992 2481 1026 actus
2499 984 2615 1015 volun-

1547 1033 1619 1067 tatis
1642 1034 1846 1076 participatus
1869 1034 1902 1064 in
1925 1032 2118 1069 infidelitate,
2142 1041 2208 1073 quo
2225 1038 2312 1062 actus
2333 1024 2447 1060 dicitur
2467 1029 2614 1060 volunta-

1547 1078 1632 1109 rium
1654 1078 1799 1110 mortale.
1828 1078 1928 1115 Quod
1951 1076 2149 1108 convincitur
2179 1085 2215 1106 ex
2239 1085 2278 1106 eo
2300 1075 2390 1116 quod
2413 1073 2447 1104 in
2462 1072 2615 1114 'quolibet

1547 1130 1678 1163 peccato
1702 1122 1831 1154 mortali
1858 1128 1986 1162 oportet
2013 1120 2147 1151 inveniri
2175 1119 2351 1150 formaliter
2373 1118 2424 1148 vel
2445 1116 2613 1158 participu-

1546 1167 1609 1198 tive
1632 1174 1720 1198 actus
1742 1165 1942 1198 voluntarius
1963 1164 2141 1195 contrarius
2167 1163 2331 1194 dilectioni
2353 1162 2429 1198 Dei,
2460 1166 2614 1203 quaeest

1547 1211 1672 1242 caritas:
1696 1210 1841 1251 alioquin
1862 1215 2031 1250 peccatum
2052 1208 2188 1239 mortale
2211 1217 2278 1238 non
2301 1213 2398 1242 essen
2422 1215 2498 1237 nam
2521 1204 2613 1246 quod

1547 1254 1667 1286 caritati
1690 1263 1757 1284 non
1781 1253 1990 1283 contrariatur
2019 1261 2092 1282 cum
2122 1250 2175 1281 illa
2202 1258 2263 1282 stat
2285 1257 2315 1282 et
2337 1250 2472 1280 mortale
2502 1256 2612 1290 pecca-

1545 1304 1616 1328 tum
1640 1307 1707 1328 non
1724 1302 1779 1328 est.
1804 1293 1852 1327 Ex
1869 1296 1932 1327 hoc
1954 1301 2062 1326 autern
2078 1295 2303 1336 quod‘odium
2322 1294 2382 1324 Dei
2395 1290 2612 1334 participative

1545 1352 1601 1373 seu
1625 1341 1802 1372 secundum
1827 1338 1974 1371 effectum
1998 1346 2046 1370 est
2067 1338 2146 1370 ratio
2170 1338 2341 1368 voluntarii
2357 1337 2477 1377 peceati
2495 1339 2612 1371 morta-

1544 1386 1583 1417 lis
1605 1386 1640 1416 in
1653 1384 1838 1416 infidelitate
1861 1390 1893 1415 et
1914 1384 1948 1415 in
1970 1382 2100 1424 reliquis
2115 1382 2251 1422 peccatis
2272 1382 2474 1418 mortalibus,
2489 1380 2612 1421 optim

1543 1430 1680 1461 infertur
1709 1429 1799 1471 quod
1827 1428 1943 1459 odium
1971 1427 2032 1458 Dei
2055 1426 2233 1458 secundum
2262 1435 2312 1462 se,
2337 1426 2515 1467 secundum
2535 1424 2612 1463 'affo-

1545 1481 1649 1511 ctum,
1675 1481 1706 1505 et
1728 1473 1820 1515 quod
1847 1479 1897 1503 ¹est
1919 1472 2031 1504 odium
2054 1471 2114 1502 Dei
2142 1477 2180 1502 ut
2202 1477 2249 1501 est
2270 1467 2611 1512 speciale-,peccaturis

1545 1525 1591 1549 est
1613 1517 1740 1559 gravius
1772 1516 1894 1548 ceteris:
1926 1516 2008 1547 sicut
2037 1515 2069 1545 id
2093 1514 2182 1556 quod
2212 1520 2259 1545 est
2287 1524 2344 1555 per
2373 1510 2542 1555 essentiam
2564 1512 2613 1544 e's't

1544 1561 1647 1593 maius
1671 1570 1709 1593 eo
1733 1560 1823 1603 quod
1855 1567 1901 1591 est
1923 1568 1979 1601 per
2002 1558 2295 1600 participationem,
2327 1552 2612 1594 sicut''esse'ntia1is

1545 1616 1639 1638 causa
1661 1604 1821 1647 gravitatis
1837 1604 1956 1646 peccati
1971 1610 2019 1635 est
2031 1603 2209 1634 secundum
2221 1612 2254 1632 se
2269 1602 2396 1642 gravior
2408 1607 2473 1632 suo·
2602 1624 2611 1632 .

1599 1650 1653 1682 Vi.
1676 1651 1729 1681 Ad
1751 1649 1893 1690 primum
1908 1658 1983 1688 ergo
2006 1648 2039 1679 in
2053 1647 2244 1688 oppositum
2257 1647 2276 1666 '⁸‘
2291 1646 2406 1678 dicitur.
2417 1646 2512 1687 quod
2523 1645 2612 1678 eliud

1543 1702 1591 1726 est
1610 1694 1832 1726 infidelitatem
1854 1693 1976 1724 causari
1999 1700 2037 1723 ex
2060 1692 2136 1723 odio
2159 1691 2234 1728 Dei;
2259 1697 2290 1722 et
2311 1689 2612 1732 aliudculpabiiitg-

1541 1746 1608 1770 tem
1623 1746 1655 1770 et
1672 1745 1840 1780 peccatum
1858 1737 1892 1767 in
1913 1735 2098 1769 infidelitate
2115 1735 2236 1767 causari
2251 1745 2288 1766 ex
2303 1734 2379 1773 odio
2395 1734 2464 1777 Dei.
2480 1732 2612 1782 Auctor

1542 1794 1609 1814 non
1633 1782 1711 1813 dixit
1732 1781 1884 1823 primurn,
1909 1780 1965 1812 sed
1987 1780 2175 1812 secundum.
2199 1777 2241 1810 Et
2260 1776 2611 1821 'tamenvss‘rgume'ttt'tim

1542 1827 1647 1868 primo
1670 1827 1770 1857 modo
1793 1824 1948 1867 procedit.
1965 1842 1985 1847 —
2001 1822 2042 1855 Et
2065 1829 2173 1855 rursus
2188 1824 2311 1854 Auctor
2329 1816 2610 1864 nonw'loqfiitur'de

1541 1869 1702 1902 odio-Dei
1725 1869 1903 1901 secundum
1926 1877 1970 1905 se,
1994 1868 2050 1898 sed
2073 1867 2252 1904 secundum
2275 1866 2443 1898 effiectum.-

1596 1915 1648 1946 Ad
1670 1914 1848 1945 secundum
1871 1913 1987 1944 dicitur
2003 1913 2091 1953 quod
2111 1914 2233 1942 Auctor
2247 1921 2416 1952 nunquam
2438 1909 2612 1941 somniavit

1541 1960 1630 2000 quod
1642 1969 1777 1999 arguens
1790 1957 1898 1994 sumit,
1914 1956 2033 1987 scilicet
2053 1956 2143 1997 quod
2158 1961 2326 1996 peccatum
2341 1955 2431 1998 quod
2447 1961 2501 1993 est,
2515 1963 2611 1993 causa

1541 2013 1667 2044 semper
1690 2003 1730 2033 sit
1752 2002 1878 2043 gravius
1899 2007 2029 2041 peccato
2050 2000 2138 2041 quod
2162 2006 2323 2030 causatur:
2349 1999 2405 2030 sed
2427 2005 2464 2029 ut
2487 1996 2610 2030 dietum

1527 2048 1620 2084 -est*,
1631 2054 1665 2078 et
1678 2047 1713 2077 in
1726 2047 1831 2078 litoera
1846 2051 1944 2086 patet,
1957 2044 2033 2075 dicit
2047 2045 2136 2085 quod
2152 2050 2320 2084 peccatum
2335 2043 2426 2084 quod
2441 2049 2488 2073 est
2503 2047 2608 2080 causa,

1540 2092 1655 2132 supple
1665 2101 1729 2132 per
1743 2101 1777 2122 se
1797 2095 1828 2121 et
1844 2089 2033 2127 essentialis,
2048 2087 2229 2124 voluntarii,
2250 2086 2521 2132 culpabilitatis'et
2534 2095 2609 2127 pec-

2643 508 2652 517 ·
2665 507 2690 530 Iu
2704 513 2815 535 ,πωροι-ες
2830 511 2852 529 et

2641 539 2707 556 num.
2722 539 2748 555 u.

2637 1652 2648 1662 '⁴
2662 1651 2734 1674 Nun.
2744 1656 2777 1673 tv.

2635 2051 2646 2062 ¹*
2659 2050 2731 2074 Num.
2741 2051 2845 2080 praeced.

1540 2136 1600 2167 eati
1613 2136 1646 2166 in
1662 2140 1736 2166 actu
1760 2134 1890 2175 peccati,
1908 2138 1945 2164 ex
1961 2141 2021 2164 suo
2040 2139 2154 2175 genere
2170 2136 2218 2162 est
2231 2131 2363 2174 gravius
2371 2135 2540 2173 peceato⁴q

1539 2187 1586 2211 est
1604 2180 1688 2216 eius,
1711 2180 1877 2220 quantum*
1893 2178 1934 2208 ad
1958 2177 2052 2215 haec,
2071 2176 2215 2207 effectus.
2246 2175 2341 2206 Haec·
2357 2176 2464 2207 autem
2488 2131 2610 2250 pr&
2650 2207 2651 2210 ,
2727 2179 2730 2192 ³

1538 2224 1610 2262 sitio
1632 2231 1682 2254 est
1705 2223 1857 2262 ev’idens:
1876 2218 2046 2259 Quoniam
2066 2227 2103 2251 ex
2126 2225 2205 2262 quo‘¹
2223 2225 2398 2261 utrumque
2414 2224 2469 2249 est
2482 2221 2537 2262 ”pe

1540 2272 1625 2304 turm
1651 2272 1681 2298 et
1696 2267 1765 2298 ¹hoc
1788 2267 1883 2297 habet
1909 2265 2065 2296 rationem
2088 2264 2208 2306 peccari
2229 2263 2400 2294 uoluntarii
2427 2262 2504 2303 quia
2524 2263 2609 2294 illud

1540 2318 1587 2343 est
1608 2315 1774 2352 peccatum
1798 2309 2029 2350 voluntarium:
2053 2314 2184 2349 oportet
2201 2308 2338 2348 utillud
2354 2307 2395 2338 sit
2414 2307 2608 2348 maiuspw»

1540 2362 1647 2387 catum
1669 2360 1701 2386 et
1723 2354 1824 2395 magis
1845 2353 2076 2389 voluntarium,
2093 2362 2128 2383 ac
2143 2361 2201 2393 per
2218 2352 2281 2382 hoc
2298 2351 2446 2392 2gmv3us;
2466 2351 2608 2383 iuxwss

1539 2400 1607 2438 lam
1624 2399 1811 2430 maximam:
1830 2398 1967 2439 Pr0pter
1980 2397 2066 2438 quod
2079 2395 2438 2437 unumquodque,=ftm
2459 2394 2606 2437 mamb,

1540 2446 1570 2476 et'
1594 2447 1701 2474 rursus
1721 2443 1810 2474 >iuxta
1832 2443 1937 2473 illam:
1965 2441 2060 2479 Quod
2080 2447 2128 2472 est
2149 2444 2209 2482 p'er
2226 2441 2401 2472 essentiam*
2420 2441 2607 2487 maeatas&

1540 2489 1615 2520 dum
1632 2497 1676 2525 se,
1691 2490 1738 2518 est
1751 2487 1858 2517 maius
1865 2487 2072 2527 participatis
2083 2485 2110 2516 *.
2131 2485 2173 2515 Et
2187 2484 2297 2516 hocin
2309 2485 2486 2526 proposito>
2496 2484 2607 2525 locum

1538 2533 1641 2563 habet.
1667 2531 1753 2569 Quia
1775 2531 1922 2572 'quamvis
1946 2531 1984 2560 de
2008 2529 2092 2560 facto
2115 2529 2606 2570 participammseusecu'nduffl

1539 2576 1686 2606 effectum
1702 2575 1816 2605 odium
1831 2574 2010 2605 inveniatur
2023 2574 2090 2604 sine
2107 2574 2168 2604 hoc
2191 2573 2282 2614 quod
2297 2573 2457 2604 derivetur
2466 2573 2508 2604 ab
2518 2572 2606 2604 ἶτ’)ίεΙιίὀ

1539 2620 1718 2651 secundum
1740 2630 1774 2650 se
1798 2625 1829 2650 et
1852 2619 2030 2649 secundum
2045 2618 2210 2654 affectum;
2232 2618 2413 2648 secundum
2426 2618 2607 2657 tamen-⁴13²

1539 2665 1718 2695 bitudinem
1737 2672 1851 2694 eorum
1870 2663 1952 2694 inter
1967 2673 2000 2693 se
2021 2662 2135 2693 odium
2154 2663 2334 2693 secundum
2349 2661 2608 2702 effectum‘habet

1541 2719 1599 2749 pro
1622 2708 1752 2749 propria
1776 2716 1870 2738 causa
1893 2707 2007 2737 odium
2029 2707 2208 2737 secundum
2231 2706 2395 2742 affectum;
2426 2713 2458 2736 et
2476 2705 2605 2747 estin&

1538 2752 1766 2793 imperfectius,
1790 2752 1854 2782 hoc
1875 2757 1924 2782 est
1946 2751 2053 2781 minus
2077 2749 2209 2786 malum,
2233 2757 2347 2790 utpote
2360 2749 2606 2790 effeems‘;parti2

1539 2797 1664 2837 cipatus
1688 2806 1745 2826 sua
1774 2804 1868 2825 causa
1899 2795 2077 2825 secundum
2100 2804 2143 2825 se.
2175 2795 2217 2825 Et
2238 2794 2300 2824 hoc
2328 2794 2466 2825 intendit
2491 2793 2604 2826 latera.

1540 2840 1633 2871 Unde
1657 2849 1723 2870 non
1745 2845 1875 2879 oportet
1895 2839 2018 2869 obiecta
2041 2838 2130 2869 aliter
2150 2836 2287 2869 solvere:
2311 2838 2387 2879 quia
2406 2845 2472 2868 non
2495 2830 2605 2878 conda

1539 2884 1625 2915 hunc
1649 2885 1782 2924 planum
1805 2892 1934 2913 sensum
1964 2883 2085 2914 litterae
2108 2882 2302 2923 procedunt;
2333 2883 2388 2913 sed
2413 2880 2604 2921 contra-fini*

1539 2929 1679 2969 positam
1700 2938 1719 2958 a
1742 2927 1848 2968 seipso
1871 2925 2008 2958 Martino
2032 2927 2245 2967 phantasiam,
2269 2931 2311 2957 ut*
2322 2926 2525 2967 praedictum
2546 2928 2604 2958 esf.

1594 2971 1662 3004 VII.
1687 2970 1730 3003 Et
1750 2971 1830 3002 scito
1860 2972 1949 3012 quod
1979 2971 2061 3002 inter
2088 2970 2307 3002 infidelitatem
2330 2978 2362 3002 et
2383 2971 2444 3002 alia
2466 2972 2604 3012 peceant,

1540 3017 1649 3057 quoad
1672 3016 1792 3048 causari
1816 3025 1854 3046 ex
1876 3015 1951 3046 odio
1975 3015 2034 3046 Dei
2057 3015 2164 3056 quoad
2194 3015 2339 3056 culpam,
2364 3021 2433 3052 etc„
2457 3015 2606 3058 haece&

1539 3060 1722 3096 differentia,
1746 3060 1835 3101 quod
1858 3059 2026 3090 infidelitas
2050 3066 2198 3090 causatur
2221 3067 2256 3091 ut
2271 3058 2398 3090 effectus
2421 3054 2602 3099 proximus&

1538 3108 1666 3146 peccata
1688 3111 1765 3135 vero
1790 3110 1899 3134 contra
1921 3103 2115 3144 proximum,
2131 3110 2168 3135 ut
2182 3103 2334 3134 iniustitia
2357 3109 2390 3134 et
2407 3102 2598 3134 huiusmodi

1541 3152 1710 3180 causantur
1731 3155 1768 3191 pt
1791 3147 1918 3178 effectus
1941 3147 2066 3180 remoti.
2097 3148 2139 3179 Et
2159 3148 2240 3179 ratio
2265 3154 2312 3179 est
2338 3147 2413 3189 quia
2436 3126 2604 3178 infidelia&

1540 3201 1571 3224 et
1593 3193 1705 3224 odium
1727 3192 1786 3223 Dei
1810 3192 2051 3224 communicant
2073 3193 2106 3223 in
2130 3192 2266 3229 obiecto,
2283 3191 2402 3223 scilicet
2422 3191 2518 3222 Deot'
2533 3190 2604 3229 inii*

1540 3237 1649 3268 deliras
1673 3237 1758 3268 enim
1773 3243 1883 3268 contra
1904 3237 2067 3267 veritatem
2083 3236 2233 3273 divinam,
2258 3245 2341 3277 quae
2355 3236 2445 3267 Deus
2459 3229 2515 3273 est,
2528 3238 2604 3277 pee—

1540 3289 1603 3318 cat;
1628 3288 1660 3312 et
1682 3281 1826 3312 similiter
1841 3281 1954 3312 odium
1970 3281 2029 3313 Dei
2054 3287 2163 3312 contra
2185 3281 2292 3312 Deum
2308 3286 2365 3312 est.
2389 3278 2511 3312 Odium
2527 3284 2603 3320 ergo

1538 3325 1676 3356 veritatis
1692 3325 1814 3356 divinae
1834 3326 2011 3356 secundum
2028 3324 2174 3357 effectum
2193 3325 2226 3356 in
2247 3323 2432 3356 infidelitate
2455 3321 2604 3360 convenit

1540 3378 1614 3400 cum
1629 3370 1705 3400 odio
1723 3369 1782 3400 Dei
1805 3369 1982 3400 secundum
1999 3369 2146 3400 affectum
2157 3368 2175 3389 ⁸¹
2189 3369 2222 3399 in
2239 3366 2375 3400 obiecto.
2395 3365 2444 3398 'Et
2456 3366 2601 3411 propter-

1539 3423 1575 3444 ea
1598 3412 1765 3444 infidelitas
1789 3421 1922 3453 cognata
1945 3420 1991 3444 est
2014 3413 2091 3444 odio
2112 3412 2181 3444 Dei.
2205 3412 2340 3454 Reliqua
2363 3412 2499 3452 peccata,
2520 3411 2602 3452 quae

1539 3466 1605 3487 non
1629 3456 1746 3488 habent
1768 3457 1873 3488 Deum
1897 3466 1955 3498 pro
1979 3458 2115 3494 obiecto,
2139 3457 2212 3488 licet
2227 3455 2339 3488 odium
2354 3453 2413 3487 Dei
2427 3454 2600 3491 includant,

1539 3508 1576 3532 ut
1597 3501 1684 3541 prius
1697 3500 1715 3520 ¹*
1730 3501 1922 3532 declaratum
1947 3508 2002 3537 est,
2027 3500 2198 3532 remotiora
2220 3505 2294 3532 sunt
2310 3510 2328 3531 a
2349 3499 2409 3531 Dei
2425 3497 2510 3536 odio,
2527 3507 2601 3541 pro—

1539 3551 1607 3585 pter
1631 3545 1787 3576 alietatem
1811 3545 1934 3576 obiecti.
2588 3542 2591 3545 ’

2633 2397 2690 2428 {Ari
2692 2399 2747 2420 etot.
2752 2397 2845 2420 Foster.

2625 2424 2844 2475 iratast-a:

2633 2486 2643 2496 ⁸
2653 2485 2688 2508 Cf.
2701 2485 2799 2508 Arium.
2813 2484 2845 2507 E-

2633 2511 2786 2561 atita}
2799 2517 2844 2560 43:

2631 2571 2665 2587 Vl·

2628 3376 2639 3386 ¹⁵
2653 3375 2755 3403 effecum
2770 3375 2794 3397 Ρ.

2627 3503 2638 3513 ”
2652 3501 2723 3524 Num.
2738 3508 2763 3524 n.
