2892 4056
328 224 396 264 tes,
426 229 561 254 omnes
589 216 809 255 huiusmodi
837 225 942 255 actus
970 219 1018 254 ab
1043 230 1120 254 una
1139 218 1275 254 virtute
1303 229 1391 266 pro-

327 269 486 317 cedunt,
526 282 596 306 nec
628 270 771 307 habent
814 270 948 319 singuli
983 270 1147 318 singulas
1175 270 1330 307 virtutes
1368 282 1390 306 a

303 347 305 349 -
326 322 464 371 quibus
488 322 707 370 procedant.
728 324 778 361 Ut
797 332 899 372 patet
919 324 957 360 in
976 324 1092 371 rebus
1111 323 1389 372 corporalibus:

327 375 416 424 quia
450 375 553 412 enim
587 375 682 423 ignis
712 377 968 414 calefaciendo
1005 375 1196 424 liquefacit
1228 383 1267 412 et
1293 387 1390 412 rare-

325 427 428 475 facit,
458 439 536 464 non
565 435 621 465 est
648 429 685 465 in
715 429 800 477 igne
833 429 905 466 alia
932 429 1051 466 virtus
1085 429 1326 477 liquefactiva
1354 436 1391 465 et

325 481 399 518 alia
426 481 668 528 rarefacfiva,
707 482 775 519 sed
803 493 938 519 omnes
971 488 1077 518 actus
1110 482 1181 518 hos
1210 482 1389 530 operatur

323 533 419 580 ignis
438 546 507 582 per
525 545 643 571 unam
663 547 773 572 suam
793 535 972 572 virtutem
992 534 1264 572 calefactivam.
1287 535 1387 574 Cum

323 585 434 633 igitur
459 583 534 635 pax
562 595 738 624 causetur
765 599 811 624 ex
839 587 992 624 caritate
1021 587 1235 623 secundum
1263 587 1384 635 ipsam

323 638 511 676 rationem
531 639 741 678 dilectionis
768 639 842 677 Dei
865 646 902 676 et
924 639 1100 687 proximi,
1123 647 1166 676 ut
1189 646 1385 676 ostensum

84 702 160 723 ·Art-
176 700 280 729 praeced·
324 699 380 729 est
402 693 432 739 *,
462 705 542 730 non
570 700 627 731 est
653 693 727 730 alia
753 692 872 731 virtus
900 691 1007 729 cuius
1034 704 1110 741 pax
1137 692 1183 729 sit
1210 693 1385 741 proprius

324 752 429 782 actus
465 745 537 782 nisi
575 745 734 783 caritas:
777 744 873 782 sicut
901 752 938 781 et
975 744 1022 783 de
1063 745 1202 792 gaudio
1242 744 1384 782 dictum

266 814 272 827 ·
323 805 380 845 est
406 797 438 835 ¹⁸¹.
1074 825 1079 828 .

375 852 434 887 AD
463 862 600 888 PRIMUM
627 861 726 887 ERGO
754 861 939 887 mcENDUM
968 849 1072 898 quod
1111 849 1198 886 ideo
1231 862 1385 898 praece-

327 1096 329 1100 ,
349 1067 372 1099 ‚u
395 1058 528 1090 articulo
551 1065 676 1099 quarto,
697 1058 824 1091 omissis
847 1059 988 1094 secundo
1011 1065 1042 1089 et
1064 1059 1168 1095 tertio,
1192 1065 1268 1089 nota
1296 1059 1386 1098 quod

323 1069 428 1145 Icum
451 1101 565 1134 dicitur
586 1103 676 1145 quod
698 1113 760 1144 pax
778 1110 825 1135 est
847 1109 936 1134 actus
960 1102 1105 1140 caritatis,
1120 1102 1228 1143 potius
1252 1102 1385 1133 causalis

320 1155 419 1189 quam
442 1145 584 1178 formalis
602 1146 782 1188 propositio
806 1154 861 1178 est.
886 1147 950 1178 Pax
972 1157 1111 1188 namque
1130 1145 1303 1187 significare
1322 1146 1385 1178 for-

34 1221 39 1226 ,
311 1189 445 1230 ᾗωιΙίῒετ
465 1190 590 1222 videtur
604 1191 832 1232 perfectionem
857 1197 1105 1232 consequentem
1127 1198 1234 1222 actum
1251 1190 1385 1222 caritatis

34 1246 37 1254 ³
56 1243 78 1260 't
136 1249 138 1252 ·
200 1231 202 1234 ’
314 1239 393 1276 'quo'
410 1234 498 1266 Deus
520 1235 750 1277 proximusque
765 1242 898 1267 amatur.
923 1236 966 1266 Et
982 1236 1058 1276 quia
1081 1235 1232 1277 perfectio
1247 1235 1302 1276 illa
1318 1245 1384 1266 non

56 1282 58 1285 '
315 1285 369 1310 ot
389 1280 599 1323 regrnbsoluta
611 1280 760 1311 'distincta
781 1281 821 1310 ab
835 1286 908 1311 actu
931 1280 1080 1317 caritatis,
1105 1280 1159 1310 sed
1179 1286 1226 1311 est
1243 1280 1294 1310 vel
1316 1280 1384 1320 ipse

78 1647 80 1650 ’
106 1659 137 1674 ,οι
155 1656 173 1676 ,⁵¹
206 1653 257 1674 mf‘
278 1654 285 1661 '
308 1651 322 1682 ’Δ

991 139 1257 186 QUAESTIO
1287 139 1429 186 XXIX,
1458 138 1755 176 ARTICULUS
1784 137 1836 174 IV

2427 137 2504 185 239

1443 223 1551 264 ptum
1577 216 1686 252 datur
1705 215 1752 252 de
1780 227 1875 264 pace
1903 214 2094 261 habenda,
2120 213 2210 262 quia
2235 221 2291 250 est
2317 221 2420 250 actus
2446 227 2506 251 ca-

1443 269 1571 305 ritatis.
1602 270 1650 304 Et
1668 276 1823 316 propter
1842 269 1917 305 hoc
1937 267 2050 304 etiam
2071 274 2128 303 est
2146 274 2251 303 actus
2277 266 2504 304 meritorius.

1443 322 1491 359 Et
1509 321 1597 358 ideo
1615 321 1772 370 ponitur
1785 321 1881 359 inter
1895 320 2159 367 beatitudines,
2180 332 2279 368 quae
2295 328 2382 356 sunt
2401 328 2504 357 actus

1440 373 1587 411 virtutis
1614 374 1816 422 perfectae,
1845 382 1887 411 ut
1905 386 2019 423 supra
2037 373 2057 395 ²⁸
2085 373 2228 410 dictum
2250 380 2317 409 est.
2346 373 2506 410 Ponitur

1427 427 1554 464 *etiam
1574 427 1672 464 inter
1691 428 1832 464 fructus
1850 427 1886 464 *z
1912 427 2138 476 inquantum
2166 433 2221 463 est
2245 425 2442 474 quoddam
2460 427 2504 463 fi-

1441 481 1526 517 nale
1555 480 1702 516 bonum
1731 480 1962 528 spiritualem
1993 479 2234 517 dulcedinem
2263 479 2423 516 habens.

1493 534 1543 570 Et
1569 545 1638 581 per
1666 533 1740 569 hoc
1768 540 1870 581 patet
1898 533 2035 570 solutio
2064 533 2113 570 ad
2141 532 2369 569 secundum.

1492 587 1551 622 Ao
1579 597 1739 623 TERTIUM
1777 598 1962 623 manDUM
1989 586 2096 634 quod
2127 585 2193 622 uni
2220 585 2349 622 virtuti
2387 585 2504 621 multa

1438 638 1528 675 vitia
1553 646 1811 687 opponuntur,
1841 639 2052 676 secundum
2083 638 2255 675 diversos
2280 645 2385 675 actus
2409 638 2502 675 eius.

1439 692 1488 728 Et
1515 692 1727 729 secundum
1756 693 1831 729 hoc
1859 692 2002 728 caritati
2029 703 2107 728 non
2137 692 2263 729 solum
2297 691 2505 740 opponitur

1438 744 1585 791 odium,
1606 745 1752 781 ratione
1773 752 1880 782 actus
1897 745 2125 791 dilectionis;
2146 745 2214 782 sed
2234 744 2347 781 etiam
2371 744 2504 782 acedia

1409 799 1412 844 Ι
1436 798 1499 834 vel
1527 797 1682 844 invidia,
1712 797 1857 835 ratione
1885 798 2030 845 gaudii;
2060 805 2096 834 et
2124 798 2326 846 dissensio,
2356 797 2502 835 ratione

1442 862 1557 898 pacls.

998 961 1328 995 Commentaria
1343 962 1600 994 Cardinalis
1622 962 1821 995 Caietam'

1437 1065 1526 1089 actus
1542 1065 1578 1088 ut
1590 1058 1702 1088 uniens
1719 1058 1928 1099 appetitiones
1942 1058 1974 1088 in
1990 1068 2103 1095 unum,
2119 1059 2170 1089 vel
2185 1059 2360 1099 proprietas
2375 1059 2504 1091 relativa

1437 1112 1636 1143 consequens
1651 1102 1775 1142 ipsum:
1791 1120 1813 1126 —
1837 1109 1868 1133 et
1882 1102 1945 1133 hoc
1960 1102 2061 1142 magis
2079 1103 2204 1133 videtur
2218 1112 2346 1140 verum;
2371 1110 2402 1135 et
2425 1114 2502 1135 con-

1437 1154 1530 1178 sonat
1553 1147 1773 1183 fundamento‚
1797 1146 1915 1177 scilicet
1937 1147 2050 1177 unioni
2073 1147 2289 1187 appetituum;
2314 1155 2344 1179 et
2366 1149 2502 1179 auctori-

1437 1236 1580 1277 quillitas
1602 1236 1742 1266 ordinis:
1763 1253 1782 1258 -
1806 1236 1983 1266 secundum
2013 1235 2075 1266 hoc
2098 1245 2159 1276 pax
2182 1242 2228 1266 est
2251 1242 2339 1266 actus
2368 1236 2502 1267 caritatis

1436 1280 1609 1316 causaliter,
1633 1279 1709 1320 quia
1731 1280 1770 1310 ab
1793 1279 1863 1320 ipso
1887 1286 1924 1310 ut
1945 1279 2073 1320 propria
2097 1290 2191 1310 causa
2214 1280 2353 1311 resultat.

2534 381 2568 402 ‘1²
2574 381 2627 407 11³⁶,
2634 389 2673 410 qu.
2679 389 2742 410 uix,

2531 411 2573 429 art.
2590 414 2605 434 ι,
2620 415 2640 436 3.

2533 444 2541 451 ·
2558 442 2593 464 Cf.
2612 443 2680 470 ibid.,
2702 450 2742 471 qu.

2530 475 2584 495 Lxx,
2599 473 2641 490 art.
2655 476 2675 498 3.

1437 1191 1491 1222 tati
1515 1191 1687 1231 Augustini
1710 1191 1784 1222 XIX
1805 1191 1845 1222 de
1870 1191 1939 1222 Civ.
1954 1191 2017 1222 Dei
2035 1190 2063 1228 *,
2096 1190 2214 1222 scilicet
2236 1192 2324 1232 quod
2344 1198 2390 1222 est
2413 1197 2501 1223 tran·
2525 1200 2540 1211 ⁹
2554 1199 2612 1227 cap.
2626 1205 2678 1222 xm.
