2892 4056
125 673 186 694 Ἧι).
193 672 334 700 andinus,

123 1035 133 1045 ⁸
146 1034 213 1056 vers.
227 1040 264 1056 πο.

119 1348 272 1399 ὲῗῦῐῖἷὲἓῖ·
277 1355 330 1398 ,²2⁷⁸

118 1619 192 1648 Ὀφ.
201 1621 250 1648 vni,
259 1626 282 1643 n.
293 1627 328 1644 22.

119 1717 131 1728 ⁴
141 1715 209 1739 ven.
223 1722 246 1744 7.

115 1986 196 2010 *Lod
211 1987 248 2009 cit.

118 2599 126 2608 '
136 2597 178 2619 Vel
192 2597 262 2619 sollo.
271 2596 325 2618 Vid.

116 2623 178 2646 Fest.
184 2623 214 2655 ας
221 2623 285 2645 Verb-
293 2623 321 2645 Si
325 2637 330 2641 -

115 2650 234 2724 §55:2¹3-

1025 153 1290 199 QUAESTIO
1320 154 1474 201 XLVII,
1503 154 1797 191 ARTICULUS
1828 156 1878 191 IX

2461 157 2534 204 357

1176 277 1492 320 ARTICULUS
1523 279 1722 321 NONUS

886 370 1040 400 UTRUM
1064 369 1356 400 SOLLlClTUDO
1380 370 1627 400 PERTINEAT
1651 371 1709 401 AD
1733 371 2017 403 PRUDENTIAM

393 462 422 492 ln

387 466 454 505 „zi-„⁵
475 464 545 497 ‘a‘
573 459 595 484 D
624 459 750 484 Nonum
778 460 831 484 Sic
859 459 1096 484 PROCEDrrUR.
1130 447 1288 484 Videtur
1316 448 1422 496 quod

387 489 541 559 ἧξὲᾼὲἲο
573 500 786 537 sollicitudo
802 512 881 537 non
899 500 1086 549 pertineat
1105 501 1151 536 ad
1167 500 1421 548 prudentiam.

380 542 425 606 if,
438 568 497 595 v,
516 543 539 592 ’ᾗ
554 550 798 604 Sollicitudo
829 552 930 590 enim
967 552 1271 601 inquietudinem
1308 565 1424 601 quan-

437 599 455 612 Ἴ,

360 657 455 694 libro
482 658 648 706 Etymol.
668 658 700 706 ³⁸,
730 658 836 706 quod
855 657 1031 694 sollicitus
1050 657 1185 694 dicitur
1207 659 1272 706 qui
1288 664 1342 694 est
1368 657 1422 694 in-

360 710 515 758 quietus.
546 711 624 748 Sed
652 711 772 748 motio
802 710 968 747 maxime
995 710 1157 758 pertinet
1185 710 1234 747 ad
1253 710 1333 747 vim
1356 722 1421 758 ap-

359 762 569 811 petitivam.
590 764 693 811 Ergo
714 771 751 800 et
768 762 997 800 sollicitudo.
1025 763 1101 799 Sed
1120 763 1323 811 prudentia
1342 775 1421 799 non

361 822 417 852 est
443 815 481 852 in
509 815 548 852 vi
576 816 804 865 appetitiva,
842 815 911 852 sed
938 814 977 851 in
1006 815 1169 862 ratione,
1198 823 1240 851 ut
1268 827 1382 863 supra
1401 815 1421 836 '¹‘

359 868 532 905 habitum
567 875 635 905 est.
682 869 786 916 Ergo
815 866 1029 904 sollicitudo
1066 879 1144 904 non
1180 867 1344 916 pertinet
1372 867 1421 904 ad

358 921 617 970 prudentiam.

412 985 448 1010 2.
469 974 702 1020 Pmmznm,
731 971 973 1009 sollicitudini
997 971 1150 1009 videtur
1173 972 1319 1020 opponi
1343 983 1421 1007 cer-

358 1025 479 1063 titudo
507 1025 699 1063 veritatis:
740 1025 845 1062 unde
874 1024 1011 1062 dicitur
1039 1025 1053 1060 I
1081 1025 1236 1074 Reg.1x
1268 1023 1288 1046 ’⁵‘
1316 1024 1421 1073 quod

359 1078 515 1115 Samuel
535 1077 628 1115 dixit
646 1078 695 1115 ad
715 1079 822 1115 Saul:
842 1079 902 1114 De
915 1078 1032 1115 asinis
1046 1089 1140 1125 quas
1155 1077 1422 1114 nudiustertius

349 1131 549 1179 perdidisti
565 1143 613 1168 ne
629 1131 807 1169 sollicitus
824 1131 891 1168 sis.-
914 1131 1003 1180 quia
1035 1131 1208 1167 inventae
1224 1135 1321 1167 sunt.
1343 1130 1420 1167 Sed

357 1183 543 1221 certitudo
571 1184 740 1221 veritatis
765 1183 930 1233 pertinet
957 1184 1006 1221 ad
1033 1183 1294 1232 prudentiam:
1333 1195 1420 1219 cum

355 1236 402 1273 sit
420 1236 540 1274 virtus
560 1237 832 1275 intellectualis.
857 1237 960 1285 Ergo
980 1236 1193 1273 sollicitudo
1214 1235 1422 1284 opponitur

354 1289 593 1339 prudentiae,
622 1290 744 1338 magis
771 1301 890 1339 quam
920 1290 968 1327 ad
997 1301 1083 1326 eam
1111 1288 1308 1338 pertineat.

411 1343 446 1380 3.
467 1343 700 1390 PRAETEREA‚
721 1342 980 1392 Philosophus
1000 1341 1101 1389 dicit,
1121 1342 1160 1379 in
1179 1342 1231 1378 IV
1247 1341 1368 1378 Ethic.
1386 1343 1418 1388 ²⁸,

356 1395 462 1445 quod
499 1395 550 1433 ad
577 1395 869 1444 magnanimum
897 1394 1061 1444 pertinet
1088 1395 1248 1444 pigrum
1276 1406 1359 1430 esse
1387 1400 1424 1431 et

355 1449 528 1485 otiosum.
575 1448 750 1496 Pigritiae
788 1455 918 1485 autem
958 1447 1166 1496 opponitur
1194 1446 1419 1484 sollicitudo.

356 1500 458 1538 Cum
487 1512 577 1548 ergo
613 1500 818 1551 prudentia
854 1511 934 1537 non
971 1506 1190 1549 opponatur
1226 1499 1422 1546 magnani-

354 1552 496 1600 mitati,
525 1553 615 1602 quia
651 1555 800 1590 bonum
828 1565 908 1590 non
937 1559 994 1589 est
1019 1553 1132 1600 *bono
1162 1552 1418 1600 contra—rium,

353 1613 396 1644 ut
415 1605 550 1644 dicitur
567 1606 605 1643 in
623 1606 795 1643 Praedic.
811 1605 848 1652 *;
873 1605 1025 1643 videtur
1045 1610 1062 1627 α
1082 1605 1187 1654 quod
1207 1605 1420 1642 sollicitudo

354 1671 433 1696 non
459 1659 645 1709 pertineat
671 1659 721 1696 ad
747 1658 1004 1708 prudentiam.

407 1712 483 1758 SED
503 1723 650 1749 CONTRA
676 1723 743 1750 EST
758 1711 863 1761 quod
892 1710 1027 1748 dicitur
1047 1712 1060 1747 I
1081 1711 1162 1747 Pet.
1184 1722 1220 1747 ιν
1233 1709 1269 1746 *ε
1294 1711 1421 1747 Estote

346 1765 564 1814 prudentes,
584 1770 621 1801 et
636 1765 791 1815 vigilate
810 1765 847 1801 in
867 1763 1111 1801 orationibus.
1133 1763 1211 1800 Sed
1228 1762 1420 1810 vigilantia

354 1825 410 1855 est
429 1818 533 1855 idem
550 1814 804 1855 sollicitudini.
833 1818 936 1865 Ergo
956 1816 1170 1854 sollicitudo
1190 1816 1353 1865 pertinet
1372 1816 1420 1853 ad

352 1870 610 1920 prudentiam.

406 1924 632 1961 Responnso
652 1920 837 1960 montinum
857 1923 974 1970 quod,
1005 1922 1102 1959 sicut
1125 1922 1217 1959 dicit
1240 1921 1419 1968 Isidorus,

351 1977 392 2014 in
423 1976 521 2014 libro
549 1977 715 2025 Etymol.
736 1977 775 2023 ⁴²,
804 1976 983 2013 sollicitus
1001 1975 1138 2012 dicitur
1164 1975 1275 2024 quasi
1303 1974 1421 2011 solers

460 597 665 642 v-fflKdam
694 605 891 654 importat:
922 604 1010 642 dicit
1039 604 1141 641 enim
1175 605 1354 651 Isidorus,
1384 605 1422 641 in
1447 608 1448 624 ³

1477 456 1564 484 sunt
1584 449 1742 495 agenda.
1772 451 1858 486 Hoc
1881 458 2008 486 autem
2028 451 2189 499 pertinet
2207 451 2255 487 ad
2279 451 2533 499 prudentiam,

1477 500 1582 536 cuius
1602 501 1828 550 praecipuus
1845 510 1949 539 actus
1966 511 2021 539 est
2037 504 2134 540 circa
2150 504 2297 551 agenda
2317 504 2533 552 praecipere

1477 552 1523 589 de
1551 554 1849 601 praeconsiliatis
1874 563 1910 591 et
1928 555 2111 593 iudicatis.
2140 556 2251 593 Unde
2279 556 2534 605 Philosophus

1477 605 1576 653 dicit,
1597 605 1636 642 in
1654 606 1705 642 VI
1728 608 1847 644 Ethic.
1867 607 1899 655 ⁹¹²,
1930 609 2032 656 quod
2053 614 2197 656 oportet
2217 610 2371 658 operari
2386 610 2533 658 quidem

1474 658 1650 694 velociter
1681 660 1895 706 consiliata,
1934 662 2127 698 consiliari
2159 668 2283 698 autem
2322 663 2438 699 tarde.
2487 663 2535 699 Et

1475 710 1562 747 inde
1592 718 1647 747 est
1675 712 1780 759 quod
1808 713 2020 750 sollicitudo
2049 714 2202 762 proprie
2225 715 2274 751 ad
2293 715 2533 763 prudentiam

1474 763 1646 811 pertinet.
1676 765 1725 800 Et
1743 772 1899 813 propter
1916 766 1991 802 hoc
2009 767 2242 815 Augustinus
2262 767 2360 814 dicit,
2381 768 2419 804 in
2438 768 2533 805 libro

1475 816 1521 851 de
1539 816 1718 852 Moribus
1740 817 1879 854 Eccles.
1900 817 1931 865 ²¹³,
1961 819 2066 866 quod
2074 820 2302 867 prudentiae
2319 826 2406 857 sunt
2421 833 2534 858 excu·
2562 834 2571 842 ·

1475 868 1559 904 biae
1586 874 1697 915 atque
1715 869 1998 918 diligentissima
2015 871 2211 921 vigilantia
2231 885 2289 919 ne,
2314 875 2534 921 subrepente

1471 920 1656 967 paulatim
1685 922 1787 957 mala
1814 923 1998 968 suasione,
2012 924 2216 971 fallamur.

1529 974 1586 1008 Αι)
1607 984 1743 1009 Panium
1768 985 1865 1011 ERGO
1886 986 2068 1012 DICENDUM
2094 978 2198 1024 quod
2221 985 2348 1014 motus
2373 979 2535 1026 pertinet

1475 1023 1632 1071 quidem
1661 1025 1710 1062 ad
1738 1026 1818 1062 vim
1839 1028 2084 1076 appetitivam
2110 1029 2205 1066 sicut
2231 1030 2279 1067 ad
2308 1031 2534 1080 principium

1476 1089 1663 1114 movens:
1692 1085 1819 1115 tamen
1847 1081 2060 1118 secundum
2090 1082 2337 1119 directionem
2368 1091 2402 1120 et
2427 1097 2535 1133 prae-

1476 1137 1630 1179 ceptum
1658 1131 1830 1179 rationis,
1860 1133 1898 1170 in
1927 1146 2003 1182 quo
2033 1135 2200 1172 consistit
2234 1136 2327 1172 ratio
2357 1137 2534 1174 sollicitu-

1476 1182 1586 1219 dinis.

1528 1237 1587 1272 An
1624 1247 1814 1274 SECUNDUM
1844 1249 2027 1276 mcENDUM
2054 1240 2171 1288 quod,
2205 1241 2414 1278 secundum
2447 1242 2535 1278 Phi-

1474 1289 1702 1337 losophum,
1732 1290 1770 1326 in
1799 1291 1812 1326 1
1841 1291 1960 1328 Ethic.
1980 1291 2015 1338 ²¹³,
2045 1293 2224 1330 certitudo
2253 1306 2327 1331 non
2355 1300 2410 1330 est
2433 1294 2534 1331 simi-

1475 1341 1558 1377 liter
1585 1343 1801 1389 quaerenda
1835 1343 1872 1380 in
1902 1345 2095 1391 omnibus,
2131 1346 2197 1383 sed
2231 1346 2268 1383 in
2307 1358 2534 1395 unaquaque

1475 1395 1634 1430 materia
1661 1395 1864 1432 secundum
1886 1398 2086 1447 proprium
2115 1399 2280 1436 modum.
2311 1399 2412 1446 Quia
2439 1412 2534 1437 vero

1474 1446 1655 1482 materiae
1683 1448 1906 1495 prudentiae
1935 1457 2022 1486 sunt
2049 1450 2250 1498 singularia
2269 1452 2534 1499 contingentia,

1472 1499 1572 1535 circa
1590 1511 1690 1547 quae
1710 1508 1797 1536 sunt
1821 1502 2062 1549 operationes
2087 1504 2292 1551 humanae,
2313 1517 2392 1541 non
2411 1513 2536 1553 potest

1473 1551 1659 1588 certitudo
1681 1553 1905 1600 prudentiae
1924 1562 2027 1591 tanta
2047 1568 2130 1592 esse
2150 1557 2255 1605 quod
2281 1557 2441 1594 omnino
2463 1559 2535 1595 sol-

1472 1604 1628 1641 licitudo
1646 1605 1820 1642 tollatur.

1524 1659 1583 1694 AD
1603 1669 1765 1696 TERTIUM
1785 1670 1970 1697 monimum
1990 1662 2095 1708 quod
2115 1662 2382 1709 magnanimus
2402 1663 2536 1701 dicitur

1474 1722 1556 1746 esse
1578 1711 1694 1760 piger
1719 1717 1756 1748 et
1781 1712 1928 1758 otiosus,
1958 1725 2037 1750 non
2065 1714 2155 1762 quia
2184 1715 2230 1751 de
2259 1716 2363 1752 nullo
2393 1715 2439 1753 sit
2461 1718 2533 1754 sol-

1471 1762 1615 1799 licitus:
1645 1764 1713 1800 sed
1741 1763 1832 1812 quia
1859 1777 1938 1802 non
1967 1773 2023 1802 est
2050 1766 2242 1815 superflue
2277 1768 2457 1806 sollicitus
2486 1770 2532 1806 de

1472 1816 1610 1863 multis,
1632 1817 1699 1854 sed
1720 1817 1879 1854 confidit
1897 1819 1935 1854 in
1955 1819 2013 1855 his
2033 1819 2080 1856 de
2099 1819 2238 1869 quibus
2258 1822 2532 1859 confidendum

1471 1876 1543 1916 est,
1574 1876 1610 1906 et
1639 1870 1739 1907 circa
1766 1869 1828 1907 illa
1857 1883 1936 1907 non
1964 1873 2155 1920 superflue
2183 1874 2413 1912 sollicitatur.
2463 1875 2532 1912 Su-

1471 1921 1665 1970 perfluitas
1691 1922 1794 1959 enim
1819 1923 1965 1960 timoris
1986 1933 2022 1961 et
2042 1925 2274 1964 diffidentiae
2298 1927 2386 1964 facit
2404 1940 2534 1977 super-

1471 1974 1656 2012 fluitatem
1684 1975 1961 2014 sollicitudinis:
1992 1978 2081 2026 quia
2107 1978 2223 2016 timor
2249 1980 2336 2017 facit
2364 1981 2534 2018 consilia-

351 2029 467 2067 citus:
495 2029 722 2078 inquantum
752 2029 894 2066 scilicet
921 2028 1056 2078 aliquis
1086 2040 1130 2065 ex
1159 2028 1328 2076 quadam
1360 2040 1420 2064 so·
1471 2027 1572 2064 tivos
1591 2026 1617 2075 β,
1646 2036 1688 2064 ut
1715 2041 1830 2077 supra
1848 2029 1869 2051 *
1905 2029 2048 2067 dictum
2076 2039 2131 2068 est
2159 2044 2247 2069 cum
2276 2033 2324 2070 de
2351 2033 2531 2082 passione

351 2081 455 2119 lertia
484 2082 603 2120 animi
629 2083 744 2119 velox
765 2089 821 2119 est
844 2082 894 2119 ad
919 2081 1236 2130 prosequendum
1257 2092 1303 2117 ea
1321 2092 1419 2128 quae

406 2214 433 2246 α)
453 2214 568 2239 videtur.
586 2227 606 2234 -
623 2213 732 2239 videtur
751 2214 837 2247 igitur
854 2214 888 2245 H,
907 2220 972 2247 ergo
991 2214 1099 2239 videtur
1117 2213 1206 2238 PCx-ta.

1472 2080 1618 2117 timoris
1647 2089 1830 2129 ageretur.

1527 2210 1552 2244 β)
1572 2213 1763 2238 consiliativos.
1781 2227 1800 2232 -
1817 2214 1957 2239 commari
1973 2222 2021 2240 nos
2039 2215 2086 2240 Pa.

1025 2291 1358 2325 Commenta-ia.
1381 2289 1633 2322 cardinalis
1654 2291 1855 2324 Caietam·

382 2383 403 2404 κ
426 2372 559 2403 articulo
583 2381 682 2406 none,
699 2371 820 2402 omisso
836 2378 960 2407 octavo,
977 2372 1113 2407 adverte,
1130 2378 1165 2401 ut
1180 2377 1325 2410 penetres
1340 2379 1415 2409 pro-

355 2385 490 2457 lprium
513 2414 724 2456 significatum
747 2415 977 2451 sollicitudinis,
995 2415 1085 2456 quod
1107 2415 1272 2451 sollicitus,
1289 2414 1372 2443 sicut
1386 2420 1417 2443 et

351 2461 499 2498 sollicito,
523 2460 686 2496 sollicitas,
712 2470 728 2489 a
753 2461 819 2490 cieo
843 2459 1011 2497 derivatur,
1036 2459 1213 2489 secundum
1236 2457 1416 2497 grammati-

353 2515 433 2541 cam,
457 2504 614 2534 mediante
631 2505 691 2534 cito
707 2510 737 2533 et
752 2505 843 2534 citus.
867 2503 908 2534 Et
925 2503 1007 2534 sicut
1022 2502 1233 2532 diversimode
1249 2501 1416 2531 inveniun-

352 2556 404 2580 tur
427 2548 615 2589 composita‚
633 2555 669 2578 ut
684 2549 799 2584 exciw,
816 2548 948 2584 concito,
964 2548 1093 2583 suscito,
1112 2553 1184 2582 etc.;
1201 2546 1243 2576 ita
1258 2545 1417 2575 invenitur

352 2593 487 2624 sollicito
504 2602 521 2622 a
537 2592 605 2623 solo
618 2591 636 2611 '⁴‘
652 2597 683 2622 et
697 2593 769 2629 cito,
795 2597 919 2622 mutato
943 2601 961 2621 ο
984 2590 1017 2621 in
1033 2591 1055 2628 i,
1078 2590 1170 2631 quasi
1187 2600 1229 2620 ex
1240 2590 1319 2627 solo,
1336 2589 1417 2620 idest

353 2636 468 2679 quietis
491 2637 575 2672 loco,
600 2645 719 2666 moveo.
751 2635 813 2666 Sed
837 2636 991 2676 quoniam
1014 2645 1080 2665 non
1105 2635 1211 2664 solum
1242 2634 1274 2664 in
1306 2633 1416 2669 activa,

352 2682 408 2712 sed
423 2681 549 2721 passiva
564 2679 792 2720 significatione
808 2679 1013 2710 inveniuntur
1029 2679 1206 2718 composita
1220 2678 1416 2714 huiusmodi,

352 2733 388 2757 ut
410 2731 497 2766 patet
520 2725 559 2755 de
572 2725 693 2755 accitus
699 2731 712 2761 ,·
735 2724 817 2760 ideo,
834 2723 962 2764 proprie
978 2723 1153 2763 loquendo,
1173 2722 1329 2753 sollicitus
1345 2733 1414 2762 pas—

352 2770 454 2800 sivam
470 2769 565 2800 habet
580 2767 854 2808 significationem,
871 2767 960 2808 quasi
976 2768 1044 2798 solo
1059 2768 1166 2804 citum,
1183 2766 1264 2796 idest
1279 2773 1416 2803 motum,

353 2813 393 2844 ad
415 2813 656 2844 similitudinem
686 2811 841 2843 commoti
866 2822 903 2842 ex
925 2821 985 2842 suo
1009 2812 1092 2847 loco,
1117 2810 1296 2851 inquietum
1323 2810 1417 2851 signi-

351 2857 434 2889 ficut.
458 2858 580 2888 Verum
603 2856 679 2898 quia
701 2857 742 2887 ad
764 2855 1020 2897 inquietudinem
1043 2855 1158 2885 mentis
1183 2854 1263 2885 circa
1286 2856 1416 2894 agenda,

353 2902 500 2938 cavenda,
524 2907 730 2941 eventusque,
754 2900 944 2941 impositum
967 2906 1014 2930 est
1036 2909 1155 2930 nornen
1185 2898 1416 2936 sollicitudinis,

352 2946 426 2976 ideo
456 2945 584 2986 proprie
614 2944 788 2985 significare
827 2944 952 2975 videtur
989 2945 1160 2984 inquietam
1196 2944 1418 2974 attentionem:

352 2989 494 3031 quandiu
518 2999 659 3030 namque
673 2988 799 3019 solliciti
818 2998 941 3025 sumus,
964 2988 1104 3028 inquiete
1124 2987 1329 3023 attendimus;
1354 2994 1384 3018 et
1400 2998 1416 3018 e

353 3043 506 3065 converso
530 3033 673 3074 quandiu
696 3033 836 3074 inquiete
859 3032 1063 3069 attendimus,
1090 3031 1215 3062 solliciti
1231 3041 1353 3062 sumus·
1377 3032 1417 3062 Et

352 3078 439 3108 iuxta
461 3078 543 3108 hanc
566 3076 831 3117 significationem
855 3076 961 3107 omnis
984 3083 1158 3112 oratorum,
1191 3083 1358 3116 poetarum
1382 3086 1417 3107 ac

352 3121 448 3153 etiam
471 3131 575 3152 sacrae
599 3118 776 3161 Scripturae
796 3131 873 3151 usus
897 3131 1058 3151 consonus
1084 3120 1252 3150 invenitur.
1276 3120 1317 3150 Et
1331 3120 1416 3151 iuxta

352 3166 434 3197 hanc
449 3164 710 3206 significationem
722 3165 844 3205 optime
859 3171 979 3205 spectat
990 3165 1030 3195 ad
1044 3164 1259 3205 prudentiam:
1276 3164 1416 3204 inquieta

353 3210 510 3251 siquidem
533 3209 664 3240 attentio
679 3209 719 3239 ad
735 3209 1004 3250 praecipiendum,
1020 3209 1060 3238 ad
1079 3209 1265 3244 cavendum,
1282 3208 1415 3239 circum-

353 3253 561 3294 spiciendum‚
578 3253 774 3290 discendum,
787 3259 856 3290 etc„
870 3253 1008 3284 maxime
1019 3253 1059 3283 ad
1074 3253 1274 3293 prudentiam
1287 3259 1414 3292 spectat.

1469 2369 1562 2399 Unde
1592 2371 1767 2410 Apostolus
1797 2373 2039 2403 sollicitudinem
2063 2375 2203 2403 omnium
2237 2383 2269 2403 se
2297 2374 2410 2404 habere
2434 2375 2530 2406 eccle—

1467 2414 1590 2444 siarum
1606 2422 1800 2446 contestatur
1809 2416 1835 2451 *,
1853 2416 1909 2456 qui
1923 2416 2063 2457 inquiete
2079 2418 2259 2461 attendebat
2274 2419 2440 2458 quomodo
2457 2429 2529 2458 pro-

1467 2456 1622 2494 ficiebant,
1647 2458 1679 2488 in
1703 2469 1769 2499 quo
1793 2459 1971 2496 deficerent,
1995 2470 2060 2500 quo
2085 2468 2221 2500 egerent,
2246 2468 2304 2492 etc.

1521 2502 1586 2532 Nec
1607 2502 1640 2531 id
1664 2502 1798 2533 dicimus
1822 2510 1857 2534 ut
1880 2504 2036 2534 Isidorum
2060 2505 2342 2543 reprehendamus:
2373 2506 2528 2546 quoniam

1467 2545 1519 2575 ille
1553 2555 1618 2575 non
1648 2546 1891 2583 derivationem,
1926 2548 1980 2578 sed
2011 2549 2237 2588 etymologiam
2271 2550 2418 2579 vocabuli
2451 2549 2528 2580 dixit

1467 2589 1552 2619 iuxta
1567 2589 1612 2620 rei
1634 2589 1823 2629 significatae
1838 2591 1888 2621 vel
1910 2591 2083 2622 litterarum
2098 2591 2348 2623 similitudinem.
2373 2593 2478 2630 Quem
2494 2593 2527 2624 in

1467 2633 1611 2673 pluribus
1634 2634 1713 2664 locis
1736 2634 1824 2665 affert
1845 2637 1976 2671 Auctor,
1993 2642 2083 2666 utens
2106 2636 2200 2666 etiam
2223 2637 2272 2667 his
2288 2636 2427 2667 minimis
2448 2637 2527 2668 locis

1467 2684 1649 2708 sanctorum
1660 2678 1788 2709 Patrum
1806 2679 1846 2708 ad
1862 2678 2093 2709 clarificandam
2108 2690 2175 2710 rem
2194 2680 2242 2710 his
2257 2680 2431 2720 specialiter
2445 2691 2527 2721 quos

1467 2732 1630 2752 sacrorum
1653 2722 1831 2753 Doctorum
1853 2723 1946 2754 lectio
1970 2730 2098 2754 exercet.
2115 2741 2136 2747 —
2152 2724 2345 2764 Explanatur
2368 2724 2527 2755 nihilomi-

1468 2777 1527 2797 nus
1543 2776 1580 2796 ex
1595 2766 1648 2796 illa
1665 2766 1859 2807 etymologia
1881 2767 1969 2807 quod
1986 2767 2139 2798 sollicitus
2163 2775 2209 2799 est
2228 2768 2325 2799 active
2341 2768 2430 2804 citus,
2446 2768 2528 2799 idest

1468 2810 1610 2842 festinus.
1647 2810 1711 2848 Qui
1735 2810 1820 2840 enirn
1842 2810 1981 2852 inquiete
2004 2811 2136 2843 attendit
2159 2812 2251 2842 alicui
2268 2812 2378 2843 festine
2401 2813 2527 2853 exequi-

1467 2862 1527 2891 tur,
1553 2864 1625 2885 cum
1649 2862 1775 2894 tempus
1799 2861 1846 2885 est
1868 2862 1900 2886 et
1921 2862 2039 2895 potest:
2064 2855 2207 2896 alioquin
2231 2866 2296 2886 non
2320 2856 2459 2897 inquiete
2480 2863 2525 2887 at-

1467 2899 1627 2934 tendebat;
1653 2899 1775 2939 quaerit
1798 2898 1883 2929 enim
1904 2899 1956 2930 hic
1979 2899 2150 2940 quiescere.

1522 2943 1558 2974 11.
1584 2943 1619 2972 In
1642 2942 1847 2983 responsione
1870 2943 1909 2973 ad
1932 2942 2072 2984 primum
2087 2944 2212 2974 adverte
2231 2944 2319 2984 quod
2335 2943 2524 2980 sollicitudo,

1467 2997 1523 3018 seu
1546 2987 1687 3027 inquieta
1709 2986 1850 3022 attentio,
1874 2986 1934 3017 nisi
1958 2987 1998 3018 sit
2019 2987 2140 3018 ratione
2155 2987 2305 3028 regulata,
2322 2998 2387 3018 non
2407 2994 2527 3028 spectat

1467 3032 1507 3061 ad
1531 3031 1740 3071 prudentiam.
1764 3031 1805 3061 Et
1828 3037 1993 3071 propterea
2017 3034 2151 3068 Auctor,
2184 3031 2403 3062 sollicitudinis
2431 3041 2524 3062 voca-

1467 3075 1580 3106 bulum
1604 3075 1643 3105 ad
1666 3076 1790 3105 bonum
1813 3075 2023 3106 determinans
2046 3074 2205 3118 (quamvis
2236 3076 2328 3106 multi
2349 3076 2393 3106 ad
2421 3075 2524 3116 effun-

1466 3119 1604 3150 dendum
1633 3120 1823 3160 sanguinem
1840 3118 1857 3138 *
1871 3119 1996 3150 solliciti
2012 3118 2098 3161 sint),
2117 3120 2193 3150 dixit
2215 3120 2303 3160 quod
2327 3119 2469 3150 consistit
2491 3120 2523 3149 in

1461 3168 1634 3204 praecepto
1661 3169 1691 3193 et
1719 3163 1892 3194 directione
1913 3165 2058 3194 rationis.
2091 3164 2174 3194 Puto
2197 3170 2302 3194 autem
2333 3163 2394 3193 hoc
2417 3163 2524 3203 ipsum

1467 3207 1579 3237 dixisse
1603 3207 1687 3248 quia,
1705 3207 1776 3237 licet
1798 3207 1979 3238 sollicitudo
1995 3208 2139 3238 absolute
2155 3208 2195 3238 ad
2210 3208 2333 3238 bonum
2349 3214 2380 3237 et
2402 3206 2523 3237 malum

1467 3251 1516 3287 sit,
1534 3251 1566 3281 in
1582 3251 1693 3281 morali
1706 3258 1812 3282 tamen
1827 3251 1955 3282 scientia
1969 3252 2009 3281 ad
2025 3252 2147 3282 bonum
2163 3258 2285 3282 tantum
2302 3257 2450 3291 usurpata
2466 3258 2523 3281 est.

1308 3355 1570 3362 -VWSWQN

2562 621 2611 641 ’Ca
2632 628 2771 643 ‚1x.n.2.-

2562 646 2586 668 S.
2621 649 2642 667 Ιι.
2657 648 2707 668 lect.
2723 654 2770 669 νιιι.

2586 833 2641 860 Cap.
2658 840 2707 854 xxix

2562 1295 2635 1343 'Caqf
2646 1302 2680 1316 ιιι.
2693 1302 2714 1316 ιι.
2725 1302 2738 1318 ι,
2748 1304 2771 1322 4.

2560 1322 2606 1343 -S.
2636 1323 2656 1343 Ιι.
2675 1323 2724 1343 lect.
2737 1329 2770 1344 ιιι.

2559 2069 2569 2076 ·
2588 2067 2611 2088 1²
2627 2068 2686 2090 ΠΜ.
2709 2073 2749 2093 qu.

2558 2100 2620 2119 κων,
2636 2099 2677 2116 ιιι-ι.
2694 2100 2713 2117 2,

2556 2426 2594 2446 ’Π
2605 2426 2639 2447 ad
2649 2427 2702 2448 Cor.
2714 2434 2765 2455 cap.

2557 2458 2588 2474 xl.
2603 2459 2660 2474 vers.
2676 2455 2711 2475 28.

2551 3126 2560 3134 ⁸
2569 3125 2604 3146 Ps.
2612 3131 2661 3148 xut.
2671 3133 2728 3148 vers.
2739 3134 2759 3155 3.
