2892 4056
84 347 95 355 ⁶
109 345 165 367 can.
179 345 261 374 Igitur.

85 373 106 382 ⁸·
122 373 233 398 Quartus.

84 876 94 886 ·
107 874 176 897 Vere.
190 880 225 903 3²·

85 1829 298 1904 &param

85 2173 101 2190 a
86 2140 166 2196 33le
169 2140 254 2189 14,ng
226 2145 298 2188 laetfi-

89 2462 100 2472 ⁸
108 2460 168 2484 Cod.

97 2486 218 2515 nullst«

88 2514 248 2567 xxtzlrgffiffxv),
254 2538 301 2561 Ne-

89 2555 301 2615 wa...

92 2913 102 2924 ⁶
113 2913 183 2935 Caua.
193 2911 257 2939 XXI,
264 2917 304 2940 qu.

94 2968 116 2978 ⁴·
129 2966 199 2988 Caus-
213 2964 290 2987 xxm
298 2981 304 2991 ‚

93 3000 132 3020 qu.
143 2998 194 3019 vin,
204 2997 246 3020 per
255 2991 306 3019 plu-

93 3026 130 3042 res
145 3025 196 3041 can.

91 3047 103 3060 ·
118 3046 184 3068 Vere.
198 3051 223 3072 4.

1021 157 1287 203 QUAESTIO
1315 157 1400 204 XL,
1430 156 1724 193 ARTICULUS
1753 157 1785 192 II

321 235 443 272 sumit.
482 235 583 281 Ergo
615 235 789 283 praelatis
818 242 854 271 et
881 235 1024 272 clericis
1056 235 1198 272 licitum
1227 242 1283 271 est
1309 247 1378 283 pu-

347 295 450 325 nare.

322 300 346 336 g
377 351 412 377 2.
441 341 674 386 PRAETEREA,
704 341 840 388 XXIII,
870 353 933 389 qu.
957 352 1017 377 vin
1045 340 1077 387 ²¹²,
1102 341 1182 376 Leo
1203 341 1308 388 Papa
1336 339 1377 361 ³⁸*

323 393 470 430 scribit:
504 394 599 430 Cum
626 405 737 442 saepe
759 394 919 430 adversa
937 405 962 430 a
985 394 1264 430 Saracenorum
1286 404 1379 440 par·
1404 392 1406 432 ἒ

322 447 418 484 tibus
439 447 682 494 pervenerint
709 451 724 467 α
758 447 900 492 nuntia,
933 446 1085 493 quidam
1118 446 1155 482 in
1187 446 1379 482 Romano-

323 511 408 536 rum
432 505 586 547 portum
614 500 824 536 Saracenos
851 498 949 535 clam
971 498 1186 545 furtiveque
1204 503 1381 534 venturos

322 563 401 588 esse
423 552 604 588 dicebant.
633 553 710 588 Pro
737 563 811 600 quo
835 556 1003 587 nostrum
1023 551 1255 599 congregari
1266 562 1379 598 prae-

321 657 410 694 dere
440 658 683 694 decrevimus.
719 657 820 704 Ergo
858 654 1048 703 episcopis
1085 655 1171 692 licet
1207 656 1255 692 ad
1283 655 1380 692 bella

322 710 544 759 procedere.

378 764 411 800 3.
443 764 684 808 Pam-mm,
719 760 890 797 eiusdem
927 759 1083 796 rationis
1115 771 1199 796 esse
1230 760 1382 797 videtur

323 815 428 864 quod
455 817 576 853 homo
604 813 745 862 aliquid
772 812 894 858 faciat,
924 820 960 848 et
983 812 1088 859 quod
1113 812 1262 848 facienti
1291 825 1382 849 con-

323 867 478 906 sentiat:
508 867 720 905 secundum
739 866 831 902 illud
849 865 962 901 Rom.
983 876 993 900 1
1012 864 1048 900 *ε
1077 864 1167 900 Νοη
1187 864 1308 901 solum
1328 866 1382 901 di-

321 922 394 972 gni
408 926 495 958 sunt
511 925 631 956 morte
648 919 715 967 qui
728 917 894 966 faciunt,
921 917 987 953 sed
1013 922 1049 953 et
1065 917 1131 964 qui
1151 918 1385 953 consentiunt

311 974 554 1023 facientibus.
584 971 751 1008 Maxime
779 977 907 1006 autem
937 969 1123 1006 consentit
1149 968 1214 1017 qui
1242 970 1290 1006 ad
1318 969 1381 1006 ali-

323 1026 416 1076 quid
433 1024 649 1062 faciendum
679 1023 772 1060 alios
799 1022 954 1059 inducit.
984 1022 1144 1058 Licitum
1172 1028 1299 1058 autem
1327 1029 1384 1058 est

323 1078 512 1128 episcopis
539 1083 575 1113 et
594 1076 737 1113 clericis
757 1073 936 1113 inducere
957 1075 1052 1111 alios
1071 1074 1120 1111 ad
1139 1075 1381 1112 bellandum:

84 1140 167 1163 *can
183 1140 295 1162 mmm
323 1131 458 1168 dicitur
490 1129 591 1167 enim
626 1130 764 1174 XXIII,
799 1140 862 1177 qu.
891 1140 951 1164 viii
971 1127 1002 1175 ²¹⁸,
1036 1127 1140 1176 quod
1168 1128 1316 1164 hortatu
1350 1133 1387 1164 et

317 1183 493 1234 precibus
528 1181 694 1219 Adriani
723 1158 925 1219 Romanae
963 1181 1065 1217 urbis
1090 1180 1278 1228 Episcopi,
1313 1181 1383 1217 Ca-

322 1236 426 1274 rolus
454 1235 589 1272 bellum
618 1240 750 1271 contra
775 1234 1051 1283 Longobardos
1081 1234 1251 1281 suscepit.
1280 1234 1382 1281 Ergo

265 1331 267 1333 ,
324 1289 440 1327 etiam
468 1289 522 1325 eis
550 1288 635 1324 licet
662 1299 843 1336 pugnare.

375 1354 413 1389 4.
434 1343 669 1400 PRAETEREA,
684 1340 774 1377 illud
794 1339 898 1388 quod
914 1346 969 1375 est
984 1339 1196 1376 secundum
1211 1350 1251 1375 se
1265 1325 1384 1376 hone-

324 1403 425 1432 stum
449 1402 486 1431 et
504 1393 739 1431 meritorium
768 1405 847 1429 non
875 1400 931 1428 est
953 1391 1120 1428 illicitum
1149 1391 1324 1439 praelatis
1349 1400 1386 1428 et

324 1447 478 1485 clericis.
509 1446 585 1483 Sed
615 1445 754 1482 bellare
783 1453 837 1481 est
864 1444 1096 1492 quandoque
1117 1451 1154 1480 et
1180 1445 1385 1481 honestum

85 1509 167 1559 :gg-
185 1509 298 1532 o-uits-
325 1508 362 1538 et
393 1499 650 1537 meritorium:
694 1497 829 1535 dicitur
866 1497 967 1533 enim
1004 1497 1140 1542 XXIII,
1171 1508 1234 1544 qu.
1263 1509 1324 1534 vui
1352 1497 1384 1543 ³¹²,

325 1552 431 1603 quod
457 1552 492 1590 si
522 1551 658 1600 aliquis
688 1562 762 1598 pro
798 1550 954 1586 veritate
978 1549 1078 1597 fidei
1111 1554 1147 1585 et
1179 1549 1386 1586 salvatione

317 1606 471 1657 patriae
495 1616 542 1641 ac
559 1603 774 1652 defensione
804 1603 1103 1640 Christianorum
1131 1607 1301 1639 mortuus
1315 1604 1388 1651 su-

324 1659 406 1705 erit,
425 1669 449 1695 a
471 1658 553 1695 Deo
577 1657 732 1694 caeleste
752 1656 970 1704 praemium
990 1660 1248 1703 consequetur.
1283 1656 1385 1703 Ergo

323 1711 466 1749 licitum
495 1717 551 1748 est
578 1709 767 1758 episcopis
795 1715 831 1745 et
859 1707 1001 1745 clericis
1029 1708 1182 1744 bellare.

379 1764 454 1802 SED
483 1774 630 1801 coum
657 1774 723 1799 Esr
750 1760 854 1810 quod
882 1761 1018 1808 Petro,
1048 1760 1086 1797 in
1114 1772 1278 1808 persona
1311 1761 1387 1810 epi-

291 1828 532 1866 sscoporum
570 1822 607 1852 et
644 1814 882 1860 clericorum,
921 1813 1055 1851 dicitur
1082 1813 1216 1850 Matth.
1244 1825 1328 1850 xxvi
1346 1813 1387 1850 *z

330 1870 514 1908 Converte
539 1868 711 1918 gladium
738 1866 862 1903 tuum*
872 1867 909 1903 in
937 1867 1132 1916 vaginam.
1180 1865 1270 1903 Non
1298 1878 1386 1915 ergo

323 1922 411 1960 licet
439 1921 493 1958 eis
521 1932 704 1970 pugnare.

378 1976 605 2012 Rizsponnno
624 1983 810 2010 niceunuia
844 1971 949 2020 quod
965 1971 1014 2008 ad
1028 1972 1181 2008 *bonurn
1199 1971 1389 2009 societatis

323 2029 517 2065 humanae
543 2027 652 2075 plura
671 2032 759 2062 sunt
777 2023 1003 2061 necessaria.
1031 2024 1195 2061 Diversa
1219 2032 1346 2061 autem
1368 2038 1390 2062 a

325 2080 485 2118 diversis
526 2078 662 2116 melius
691 2085 728 2114 et
756 2077 966 2126 expeditius
998 2084 1160 2125 aguntur
1195 2089 1311 2125 quam
1340 2078 1388 2115 ab

324 2145 421 2181 uno;
448 2139 491 2169 ut
513 2138 617 2182 patet
634 2142 704 2179 per
722 2129 1075 2178 Philosophum,'1n
1094 2141 1164 2166 sua
1181 2131 1338 2167 Politica
1356 2130 1387 2166 ²¹⁸.

324 2177 375 2223 Et
393 2185 584 2245 quaedam
605 2182 757 2232 negotia
776 2189 863 2219 sunt
882 2182 980 2219 adeo
996 2181 1068 2218 sibi
1083 2183 1332 2231 repugnantia
1350 2191 1391 2219 ut

327 2238 599 2276 convenienter
618 2237 730 2273 simul
750 2235 918 2272 exerceri
941 2247 1021 2271 non
1047 2235 1205 2284 possint.
1235 2236 1284 2272 Et
1301 2236 1389 2272 ideo

325 2290 490 2340 illisqui
516 2288 726 2327 maioribus
768 2288 998 2336 deputantur
1030 2288 1279 2336 prohibentur
1321 2289 1391 2325 mi—

326 2356 443 2381 nora:
473 2343 569 2380 sicut
596 2340 809 2378 secundum
836 2340 939 2387 leges
966 2341 1156 2377 humanas
1188 2341 1389 2388 militibus,

326 2396 391 2446 qui
421 2395 650 2445 deputantur
667 2394 716 2430 ad
745 2392 919 2429 exercitia
946 2392 1092 2439 bellica,
1117 2393 1391 2440 negotiationes

290 2449 600 2491 interdicuntur
612 2446 633 2468 ‘¹‘
636 2445 801 2483 ‚Bellica
820 2452 948 2482 autern
965 2445 1140 2482 exercitia
1154 2446 1320 2482 maxime
1335 2459 1392 2482 re-

294 2527 300 2534 ·
326 2509 499 2552 pugnant
526 2501 596 2538 illis
615 2499 748 2536 officiis
767 2497 906 2547 quibus
935 2498 1104 2546 episcopi
1130 2506 1166 2534 et
1185 2497 1308 2535 clerici
1328 2499 1391 2535 de-

327 2562 523 2605 putantur,
551 2559 708 2602 propter
736 2551 826 2588 dm).
862 2550 992 2587 Primo
1021 2550 1193 2598 quidem,
1227 2551 1391 2599 generali
1416 2581 1418 2586 .

328 2607 491 2645 ratione:
521 2605 610 2655 quia
639 2604 772 2642 bellica
792 2603 967 2640 exercitia
995 2603 1180 2640 maximas
1205 2604 1390 2652 inquietu-

329 2661 437 2698 dines
464 2660 626 2703 habent3
655 2657 757 2694 unde
787 2657 949 2693 multum
979 2656 1191 2704 impediunt
1219 2657 1390 2693 animum

329 2726 352 2751 a
389 2711 711 2761 contemplatione
753 2709 971 2746 divinorum
1015 2717 1051 2746 et
1086 2709 1198 2746 laude
1240 2709 1312 2746 Dei
1356 2718 1391 2746 et

329 2767 501 2804 oratione
529 2777 598 2813 pro
627 2763 785 2812 populo,
807 2774 904 2810 quae
931 2763 978 2799 ad
1007 2762 1175 2798 officium
1205 2762 1391 2810 pertinent

331 2819 567 2856 clericorum.
610 2817 658 2854 Et
685 2816 772 2852 ideo
799 2815 895 2851 sicut
922 2815 1206 2863 negotiationes,
1235 2822 1391 2864 propter

330 2873 405 2909 hoc
425 2871 530 2919 quod
558 2869 670 2906 nimis
698 2868 891 2917 implicant
910 2868 1094 2914 animum,
1121 2867 1392 2904 interdicuntur

333 2924 476 2961 clericis
490 2923 521 2968 ²⁸,
538 2923 588 2959 ita
609 2921 795 2958 etbellica
815 2920 1054 2957 exercitia&
1075 2921 1286 2957 secundum
1302 2920 1391 2958 illud

333 2978 364 3014 11
394 2977 446 3013 ad
476 2976 570 3012 Tim.
593 2987 614 3011 11
636 2974 673 3011 *τ
702 2974 828 3011 Nemo
856 2973 1019 3011 militans
1046 2975 1128 3010 Deo
1157 2973 1324 3022 implicat
1352 2985 1392 3010 se

331 3028 587 3067 saecularibus
614 3027 781 3076 negotiis.

2410 158 2482 194 315

1486 234 1683 280 Secundo,
1721 241 1875 283 propter
1912 234 2113 283 specialem
2151 234 2348 271 rationem.
2383 235 2485 272 Nam

1433 299 1569 323 omnes
1602 286 1824 323 clericorum
1852 287 2004 324 ordines
2037 287 2260 324 ordinantur
2286 287 2333 324 ad
2366 287 2487 324 altaris

1431 339 1693 391 ministerium,
1715 339 1752 376 in
1771 352 1849 389 quo
1870 340 1940 376 sub
1962 341 2210 376 Sacramento
2230 347 2488 388 repraesenta·

1432 400 1491 429 tur
1509 391 1636 440 passio
1643 368 1790 428 Christi
1803 392 1834 429 *ε
1856 393 2068 429 secundum
2083 393 2174 430 illud
2189 394 2202 429 I
2218 393 2270 429 ad
2286 393 2373 429 Cor.
2388 405 2448 429 xi·
2435 393 2486 428 ²³2:
2516 398 2525 434 ζ

1436 445 1747 492 Quotiescumque
1774 446 2045 482 manducabitis
2066 457 2208 493 panem
2235 447 2335 482 hunc
2361 451 2397 482 et
2429 457 2490 482 ca-

1432 497 1539 534 licem
1564 498 1701 542 bibetis,
1722 503 1877 534 mortem
1897 498 2053 534 Domini
2076 498 2352 558 annuntiabitis,
2373 498 2490 535 donec

1405 564 1407 603 g
1432 550 1568 587 veniat.
1616 551 1664 586 Et
1691 550 1778 587 ideo
1815 562 1894 587 non
1923 551 2102 599 competit
2140 551 2192 587 eis
2226 551 2399 588 occidere
2426 551 2489 587 vel

322 604 487 652 cepimus
510 604 704 652 populum,
726 604 1031 650 maritimumque
1049 603 1101 639 ad
1117 602 1215 639 littus
1233 603 1380 639 descen·
1406 607 1407 610 ’

1434 602 1629 639 effundere
1650 602 1892 661 sanguinem:
1921 604 1987 640 sed
2016 604 2154 659 magis
2161 616 2242 640 esse
2270 610 2422 652 paratos
2442 603 2491 640 ad

1433 655 1627 714 propriam
1662 655 1854 703 sanguinis
1891 655 2119 693 effusionem
2153 669 2224 715 pro
2255 656 2421 703 Christo,
2450 663 2492 692 ut

1432 708 1622 744 imitentur
1640 720 1757 766 opere
1777 708 1882 756 quod
1909 716 2042 756 gerunt
2070 709 2291 746 ministerio.
2333 710 2382 746 Et
2403 721 2492 757 pro-

1433 768 1517 808 pter
1534 762 1608 797 hoc
1629 769 1684 797 est
1701 760 1910 797 institutum
1935 769 1976 797 ut
1997 761 2234 798 effundentes
2253 762 2490 809 sanguinem,

1435 813 1548 849 etiam
1568 813 1647 849 sine
1667 820 1837 862 peccato,
1854 813 1926 850 sint
1945 813 2167 861 irregulares
2181 814 2212 851 2.
2241 815 2344 851 Nulli
2364 822 2491 851 autem

1435 865 1500 913 qui
1536 872 1592 901 est
1620 865 1820 913 deputatus
1856 866 1904 903 ad
1932 866 2088 914 aliquod
2129 867 2298 904 officium
2341 867 2428 903 licet
2455 867 2492 904 id

1434 930 1503 966 per
1521 917 1627 965 quod
1655 929 1724 953 suo
1754 918 1881 954 officio
1909 918 2140 966 incongruus
2168 919 2348 956 redditur.
2381 919 2492 957 Unde

1436 969 1578 1006 clericis
1607 969 1765 1006 omnino
1794 982 1872 1006 non
1900 971 1985 1007 licet
2011 972 2109 1007 bella
2136 984 2277 1018 gerere,
2307 984 2405 1020 quae
2435 985 2493 1009 or-

1436 1022 1615 1059 dinantur
1643 1022 1692 1058 ad
1720 1022 1912 1069 sanguinis
1941 1023 2178 1060 effusionem.

1489 1077 1547 1113 Αι)
1566 1086 1703 1111 Paruum
1722 1086 1820 1111 ERGO
1843 1087 2026 1112 DicENDuM
2046 1077 2150 1124 quod
2173 1077 2328 1125 praelati
2355 1077 2495 1114 debent

1437 1127 1614 1164 resistere·
1637 1139 1715 1164 non
1743 1128 1867 1164 solum
1896 1128 1994 1176 lupis
2023 1129 2086 1177 qui
2119 1129 2358 1178 spiritualiter
2386 1130 2495 1166 inter-

1436 1180 1567 1217 ficiunt
1590 1192 1756 1228 gregem,
1786 1180 1852 1217 sed
1883 1181 1995 1217 etiarn
2022 1182 2235 1230 raptoribus
2265 1190 2301 1218 et
2328 1183 2495 1230 tyrannis

1437 1234 1502 1281 qui
1529 1233 1773 1281 corporaliter
1791 1241 1950 1270 vexant:
1981 1246 2059 1271 non
2088 1242 2214 1271 autem
2241 1235 2495 1272 materialibus

1437 1286 1552 1323 armis
1585 1286 1623 1322 in
1650 1286 1803 1334 propria
1836 1299 2000 1334 persona
2037 1288 2197 1334 utendo,
2226 1288 2293 1324 sed
2327 1288 2495 1336 spiritua-

1437 1339 1556 1384 libus;
1589 1339 1800 1375 secundum
1829 1339 1919 1376 illud
1947 1341 2133 1388 Apostoli,
2164 1342 2195 1376 II
2224 1341 2275 1377 ad
2306 1341 2394 1377 Cor.
2417 1354 2440 1377 x
2458 1341 2493 1377 *z

1437 1392 1560 1428 Arma
1584 1391 1737 1428 militiae
1761 1397 1910 1428 nostrae
1933 1404 2006 1429 non
2025 1399 2111 1429 sunt
2132 1393 2315 1438 carnalia,
2338 1394 2404 1430 sed
2424 1395 2496 1442 spi-

1438 1444 1590 1481 ritualia
1609 1442 1635 1480 β.
1683 1444 1794 1490 Quae
1822 1444 1977 1492 quidem
2010 1453 2097 1482 sunt
2124 1446 2292 1482 salubres
2325 1447 2497 1483 admoni-

1439 1497 1576 1543 tiones,
1607 1496 1769 1533 devotae
1799 1497 2003 1543 orationes,
2034 1506 2165 1534 contra
2197 1498 2408 1546 pertinaces
2436 1511 2498 1535 ex-

1440 1556 1797 1587 communicationis
1825 1557 2018 1586 sententia.

1492 1604 1551 1639 An
1579 1613 1769 1639 SECUNDUM
1796 1614 1980 1639 DICENDUM
2000 1602 2105 1651 quod
2123 1603 2279 1662 praelati
2303 1610 2340 1640 et
2363 1604 2498 1651 clerici,

1440 1668 1485 1692 ex
1513 1654 1732 1692 auctoritate
1753 1655 1966 1714 superioris,
1985 1663 2147 1714 possunt
2177 1655 2356 1693 interesse
2380 1657 2498 1704 bellis,

1440 1720 1518 1745 non
1546 1707 1703 1756 quidem
1730 1715 1772 1743 ut
1798 1708 1869 1756 ipsi
1895 1708 2049 1756 propria
2077 1721 2194 1745 manu
2222 1717 2402 1757 pugnent,
2431 1710 2498 1746 sed

1439 1769 1480 1798 ut
1503 1761 1599 1797 iuste
1627 1760 1881 1809 pugnantibus
1910 1761 2147 1809 spiritualiter
2166 1762 2396 1799 subveniant
2422 1763 2499 1799 suis

1441 1813 1762 1850 exhortationibus
1797 1821 1832 1849 et
1859 1814 2158 1851 absolutionibus
2187 1822 2223 1851 et
2251 1815 2329 1851 aliis
2371 1815 2500 1852 huius-

1441 1866 1547 1904 modi
1583 1866 1835 1914 spiritualibus
1872 1867 2201 1904 subventionibus.
2250 1867 2355 1904 Sicut
2391 1876 2427 1904 et
2461 1868 2499 1905 in

1440 1919 1560 1956 veteri
1596 1920 1677 1966 lege
1715 1919 1987 1966 mandabatur,
2016 1920 2091 1956 Ios.
2111 1931 2146 1956 vi
2173 1919 2211 1967 *,
2242 1921 2347 1968 quod
2379 1933 2500 1958 sacer·
2527 1938 2537 1947 ·

1443 1973 1550 2009 dotes
1587 1971 1703 2008 sacris
1730 1971 1830 2008 tubis
1849 1976 1864 1999 Υ
1891 1971 1929 2008 in
1957 1972 2063 2009 bellis
2101 1973 2327 2020 clangerent.

1441 2026 1516 2062 hoc
1552 2025 1676 2073 primo
1718 2024 1786 2061 fuit
1823 2036 2048 2062 concessum
2086 2026 2192 2072 quod
2234 2026 2402 2075 episcopi
2438 2027 2500 2063 vel

1443 2077 1566 2115 clerici
1594 2077 1643 2114 ad
1671 2077 1768 2114 bella
1795 2078 2055 2125 procederent.
2087 2079 2203 2124 Quod
2231 2086 2359 2115 autem
2389 2079 2501 2127 aliqui

1441 2130 1595 2179 propria
1624 2142 1742 2166 manu
1769 2138 1947 2178 pugnent,
1978 2130 2171 2167 abusionis
2200 2139 2265 2168 est.

1495 2185 1554 2220 AD
1568 2194 1729 2225 TER’riuM
1748 2194 1932 2220 DICENDUM
1961 2184 2076 2231 quod,
2097 2184 2192 2220 sicut
2224 2196 2339 2232 supra
2357 2184 2377 2206 '¹‘
2395 2184 2500 2221 habi·
2528 2199 2537 2207 ·

1442 2244 1524 2273 tum
1541 2243 1608 2282 est,
1625 2235 1750 2272 omnis
1765 2235 1932 2283 potentia
1946 2237 2007 2272 vel
2023 2249 2082 2273 ars
2100 2237 2162 2273 vel
2176 2237 2295 2274 virtus
2314 2237 2364 2274 ad
2383 2250 2500 2286 quam
2545 2240 2550 2250 ⁷

1442 2288 1604 2338 pertinet
1630 2288 1718 2324 finis
1755 2288 1870 2325 habet
1897 2289 2098 2337 disponere
2128 2289 2174 2326 de
2203 2290 2260 2326 his
2288 2302 2387 2339 quae
2415 2298 2503 2327 sunt

1444 2342 1493 2378 ad
1520 2341 1651 2378 finem.
1681 2341 1786 2377 Bella
1813 2349 1941 2378 autern
1971 2342 2133 2387 carnalia
2160 2342 2199 2379 in
2226 2343 2370 2391 populo
2399 2343 2502 2380 fideli

1444 2402 1530 2431 sunt
1558 2393 1774 2440 referenda,
1805 2394 1899 2430 sicut
1925 2395 1975 2431 ad
2002 2395 2142 2441 finem,
2172 2395 2221 2431 ad
2254 2396 2400 2433 bonum
2429 2396 2503 2445 spi-

1444 2447 1574 2483 rituale
1604 2446 1789 2492 divinum,
1820 2447 1878 2482 cui
1906 2446 2027 2483 clerici
2057 2447 2295 2495 deputantur.
2338 2449 2387 2484 Et
2413 2449 2500 2486 ideo

1445 2499 1494 2535 ad
1523 2498 1678 2534 clericos
1714 2498 1875 2545 pertinet
1902 2499 2101 2547 disponere
2131 2509 2166 2536 et
2193 2501 2372 2537 inducere
2408 2502 2501 2538 alios

1445 2552 1493 2588 ad
1522 2551 1740 2587 bellandum
1769 2551 1866 2587 bella
1894 2551 2000 2588 iusta.
2031 2553 2122 2588 Non
2146 2553 2247 2589 enim
2272 2553 2503 2590 interdicitur

1446 2604 1498 2640 eis
1517 2604 1656 2640 bellare
1676 2603 1764 2651 quia
1788 2611 1988 2652 peccatum
2013 2604 2078 2641 sit:
2107 2605 2174 2641 sed
2195 2605 2283 2653 quia
2306 2606 2378 2642 tale
2399 2619 2502 2643 exer-

1445 2656 1572 2693 citium
1603 2668 1736 2692 eorum
1764 2668 1951 2704 personae
1980 2669 2057 2693 non
2088 2658 2269 2705 congruit.

1496 2711 1554 2746 AD
1576 2720 1747 2751 QUARTUM
1767 2721 1949 2746 DICENDUM
1969 2711 2085 2758 quod,
2106 2710 2191 2747 licet
2210 2723 2384 2747 exercere
2404 2712 2501 2748 bella

1443 2762 1540 2799 iusta
1559 2761 1605 2798 sit
1623 2761 1871 2807 meritorium,
1899 2769 2026 2798 tamen
2050 2762 2217 2800 illicitum
2245 2763 2412 2800 redditur
2431 2765 2502 2800 cle-

1444 2814 1528 2852 ricis
1557 2821 1712 2862 propter
1731 2815 1805 2850 hoc
1824 2815 1928 2862 quod
1957 2822 2044 2851 sunt
2067 2815 2115 2851 ad
2135 2828 2252 2864 opera
2280 2816 2400 2864 magis
2420 2829 2501 2853 me-

1444 2867 1572 2904 ritoria
1597 2867 1774 2915 deputati.
1806 2867 1909 2904 Sicut
1938 2867 2223 2905 matrimonialis
2247 2876 2351 2906 actus
2379 2877 2503 2917 potest

1445 2933 1527 2957 esse
1547 2919 1770 2965 meritorius,
1797 2928 1831 2956 et
1850 2929 1977 2957 tamen
1996 2921 2249 2968 virginitatem
2272 2922 2502 2958 voventibus

1446 2972 1669 3010 damnabilis
1698 2972 1876 3019 redditur,
1906 2981 2060 3021 propter
2078 2974 2346 3021 obligationem
2369 2987 2502 3011 eorum

1447 3026 1495 3063 ad
1524 3025 1646 3062 maius
1666 3026 1822 3062 bonum.

387 3141 414 3172 α)
430 3140 610 3172 pervenerint.
627 3153 646 3158 —
660 3139 820 3171 perveniant
833 3139 863 3170 D,
874 3139 1037 3170 proveniunt
1049 3139 1078 3169 E,
1088 3141 1268 3170 pervenerunt
1285 3138 1318 3167 H,
1326 3145 1392 3170 pro-

333 3176 443 3200 veniant
461 3176 498 3199 Pa
505 3183 514 3204 ;
532 3182 580 3207 pro
599 3175 790 3203 Romanorum,
810 3174 961 3198 Romanum
981 3174 1008 3198 P.

1499 3137 1526 3170 β)
1545 3138 1706 3170 spiritualia.
1723 3152 1742 3156 -
1756 3138 1879 3169 potentia
1899 3138 1956 3163 Deo
1975 3138 2003 3163 Ρ.

1498 3175 1524 3207 γ)
1545 3174 1622 3198 tubis.
1640 3187 1659 3192 -
1677 3173 1791 3198 buccinis
1810 3173 1838 3198 P.

1014 3238 1344 3271 commentaria
1368 3238 1618 3271 Cardinalis
1641 3238 1840 3270 Caietam

337 3322 384 3385 IN
409 3311 540 3342 articulo
557 3311 707 3347 secundo,
724 3310 803 3341 circa
823 3309 941 3340 calcem
956 3309 1097 3350 corporis
1111 3309 1241 3346 articuli,
1259 3309 1392 3340 dubium

1446 3310 1563 3349 tingere
1580 3315 1683 3349 potest
1698 3309 1730 3339 in
1754 3310 1852 3340 bello:
1876 3309 1980 3350 primo
1997 3310 2123 3346 scilicet,
2141 3311 2308 3347 defensive,
2329 3318 2364 3342 ut
2378 3311 2503 3348 scilicet,

366 3356 510 3391 occurrit,
527 3366 565 3385 an
587 3354 678 3386 liceat
705 3354 822 3385 clericis
838 3354 870 3384 in
891 3354 1022 3384 articulo
1036 3353 1225 3384 necessitatis
1251 3363 1392 3394 pugnare
1446 3353 1504 3384 nisi
1530 3353 1630 3384 clerici
1660 3353 1757 3394 aliqui
1788 3361 1945 3394 pugnent,
1971 3353 2076 3385 civitas
2105 3354 2151 3384 vel
2175 3355 2325 3386 exercitus
2357 3355 2503 3386 evertitur

335 3410 432 3430 manu
457 3399 584 3440 propria
607 3399 639 3429 in
663 3398 759 3429 bello.

390 3445 440 3474 Ad
457 3444 518 3474 hoc
534 3443 646 3474 dicitur
661 3443 749 3483 quod
764 3442 913 3473 articulus
932 3441 1122 3472 necessitatis
1137 3441 1303 3481 dupliciter
1318 3451 1392 3472 con-

1446 3398 1484 3427 ab
1508 3397 1614 3433 hoste;
1640 3398 1789 3433 secundo,
1806 3398 1928 3428 ratione
1950 3398 2107 3434 victoriae,
2125 3399 2198 3438 quia
2218 3399 2342 3435 scilicet,
2359 3399 2418 3430 nisi
2441 3399 2502 3430 cle-

1445 3441 1499 3472 rici
1523 3442 1620 3481 aliqui
1643 3448 1794 3481 pugnent,
1815 3452 1880 3472 non
1901 3442 2066 3479 haberetur
2089 3442 2218 3473 victoria
2245 3450 2320 3474 tunc
2344 3450 2442 3483 parta.
2467 3444 2501 3473 In

2541 398 2568 418 Ι).
2584 398 2637 425 964.

2528 426 2536 434 ⁴
2574 431 2618 445 ers.

2519 822 2529 831 ⁸
2553 821 2609 843 can.

2636 821 2728 848 Miror,

2519 854 2580 876 sqq.‚
2595 847 2648 869 dist.
2664 847 2688 868 L.

2522 1348 2533 1357 ⁸
2547 1347 2613 1369 Vers.
2628 1353 2651 1374 φ

2375 1974 2424 2011 Et
2451 1974 2500 2011 ad
2527 1970 2563 2010 v¹⁴
