2892 4056
88 441 99 451 ·
111 441 168 467 Arg.
182 445 203 468 3.

81 1225 279 1289 {53:5³3

985 146 1251 192 QUAESTIO
1279 145 1438 193 XXVII,
1465 146 1759 183 ARTICULUS
1787 146 1838 182 VI

378 225 452 260 SED
472 234 618 259 CONTRA
637 233 703 258 EST
730 222 836 270 quod
864 224 1081 261 Bernardus
1110 224 1208 271 dicit,
1230 224 1268 261 in
1287 224 1383 261 libro

324 277 370 314 de
387 275 591 324 Diligendo
610 275 734 311 Deum
751 276 783 321 *,
800 276 905 323 quod
925 288 1040 313 causa
1059 276 1241 326 diligendi
1259 276 1383 314 Deum

323 330 428 366 Deus
455 333 529 372 est‚·
557 327 706 373 modus,
734 329 815 365 sine
843 329 954 366 modo
982 329 1150 379 diligere.

377 382 603 418 Responnsso
632 392 815 418 DICENDUM
844 381 972 429 quod,
1002 382 1098 419 sicut
1124 389 1228 430 patet
1257 394 1302 418 ex
1330 381 1384 418 in-

324 435 438 471 ducta
464 433 485 454 *
513 432 733 469 auctoritate
767 433 993 482 Augustini,
1030 435 1170 471 modus
1207 434 1386 482 importat

324 485 517 535 quandam
545 497 749 522 mensurae
779 486 1144 523 determinationem.
1189 487 1295 523 Haec
1319 498 1384 523 au-

321 546 400 576 tem
430 538 695 575 determinatio
725 538 916 576 invenitur
944 545 980 576 et
1007 538 1044 575 in
1074 551 1254 575 mensura
1283 547 1319 576 et
1345 538 1384 575 in

323 599 563 628 mensurato:
602 591 708 628 aliter
738 599 867 629 tamen
900 598 937 628 et
965 590 1081 628 aliter.
1130 593 1172 628 In
1205 603 1384 628 mensura

322 644 427 681 enim
445 644 635 681 invenitur
654 643 911 690 essentialiter,
931 643 1020 692 quia
1047 655 1226 681 mensura
1250 656 1384 681 secun-

323 697 416 734 dum
445 697 610 745 seipsam
645 703 701 733 est
734 696 1025 733 determinativa
1057 704 1095 733 et
1121 697 1385 734 modificativa

322 750 506 787 aliorum:
539 750 576 786 in
605 749 832 786 mensuratis
860 755 988 785 autem
1016 748 1206 786 invenitur
1233 762 1384 787 mensu-

321 814 362 839 ra
387 803 600 840 secundum
633 801 735 839 aliud
754 805 790 847 Υ,
820 801 916 838 idest
944 801 1169 849 inquantum
1199 802 1384 850 attingunt

320 866 554 892 mensuram.
584 855 634 891 Et
660 854 749 891 ideo
778 853 816 890 in
844 865 1024 890 mensura
1052 853 1142 890 nihil
1169 862 1295 902 potest
1323 867 1383 891 ac—

322 907 395 957 cipi
424 907 762 944 immodificatum:
796 906 863 943 sed
892 918 951 943 res
985 914 1203 943 mensurata
1231 914 1288 943 est
1315 906 1383 943 im—

319 961 539 998 modificata
567 959 638 996 nisi
667 969 888 996 mensuram
916 959 1092 1007 attingat,
1121 959 1201 995 sive
1231 959 1384 996 deficiat

321 1013 401 1051 sive
431 1012 599 1049 excedat.

319 1079 323 1082 ·
373 1067 416 1102 In
445 1064 623 1101 omnibus
656 1071 784 1100 autem
818 1063 1082 1114 appetibilibus
1117 1069 1155 1101 et
1182 1064 1381 1111 agibilibus

319 1126 501 1155 mensura
529 1122 585 1163 est
610 1116 718 1154 finis:
754 1117 842 1166 quia
870 1129 1005 1154 eorum
1033 1128 1133 1166 quae
1165 1117 1382 1166 appetimus

316 1175 356 1208 et
374 1170 521 1219 agimus
549 1174 701 1218 oportet
726 1169 922 1218 propriam
951 1169 1136 1207 rationem
1157 1182 1202 1207 ex
1220 1171 1298 1207 fine
1322 1182 1382 1207 ac-

249 1231 291 1254 ⁵··
319 1223 455 1272 cipere,
481 1228 522 1260 ut
539 1229 643 1272 patet
669 1234 739 1271 per
765 1223 1058 1271 Philosophum,
1083 1223 1121 1259 in
1146 1222 1382 1271 11H1ysic.*

317 1273 369 1314 Et
390 1276 478 1319 ideo
506 1276 598 1313 finis
619 1275 832 1312 secundum
861 1275 1030 1324 seipsum
1057 1276 1174 1312 habet
1200 1277 1380 1313 modum:

319 1339 366 1366 ea
391 1340 488 1367 vero
509 1341 606 1378 quae
635 1336 722 1365 sunt
749 1328 799 1365 ad
827 1329 945 1365 finem
978 1329 1120 1365 habent
1148 1329 1308 1365 modum
1335 1340 1380 1365 ex

319 1386 367 1419 eo
395 1382 501 1432 quod
528 1388 616 1418 sunt
642 1381 709 1418 fini
725 1381 1036 1441 proportionata.
1071 1381 1119 1417 Et
1147 1381 1255 1428 ideo,
1285 1381 1382 1418 sicut

268 1446 292 1484 ‘j
316 1434 573 1483 Philosophus
602 1433 702 1481 dicit,
723 1433 761 1470 in
790 1435 805 1470 I
833 1434 940 1470 Polit.
960 1433 991 1479 *,
1021 1434 1203 1482 appetitus
1218 1434 1315 1481 finis
1342 1435 1379 1470 in

317 1488 491 1525 omnibus
517 1486 662 1534 artibus
693 1492 749 1523 est
778 1486 919 1534 absque
948 1487 1030 1532 fine
1056 1491 1094 1522 et
1109 1486 1291 1522 termino.-
1319 1497 1378 1522 eo

317 1542 403 1577 rum
422 1542 548 1577 autem
576 1549 677 1588 quae
699 1544 786 1576 sunt
812 1539 864 1575 ad
879 1540 1001 1586 finem
1022 1544 1076 1575 est
1092 1539 1228 1587 aliquis
1255 1540 1380 1576 termi-

311 1600 398 1630 nus.
428 1593 521 1629 Non
541 1591 642 1629 enim
670 1591 843 1629 medicus
871 1591 1035 1640 imponit
1062 1591 1227 1640 aliquem
1253 1592 1380 1628 termi—

311 1647 412 1683 num
439 1645 599 1693 sanitati,
619 1645 688 1682 sed
715 1644 803 1682 facit
830 1656 916 1681 eam
939 1645 1146 1695 perfectam
1177 1652 1380 1693 quantum—

315 1702 483 1750 cumque
497 1705 640 1747 potest:
661 1698 729 1735 sed
743 1697 956 1735 medicinae
971 1698 1138 1747 imponit
1154 1697 1379 1744 terminum;

309 1754 396 1788 non
416 1751 518 1788 enim
548 1751 613 1789 dat
629 1758 777 1788 tantum
807 1751 854 1788 de
882 1751 1073 1788 medicina
1102 1758 1287 1799 quantum
1312 1762 1381 1799 po-

315 1811 399 1851 test,
429 1804 496 1842 sed
525 1804 737 1842 secundum
765 1804 1055 1854 proportionem
1085 1804 1133 1841 ad
1161 1803 1379 1849 sanitatem;

316 1867 433 1907 quam
459 1857 617 1906 quidem
645 1857 935 1906 proportionem
956 1856 986 1894 si
1005 1856 1194 1894 medicina
1222 1857 1381 1893 excede—

317 1911 467 1956 ret-,vel
486 1911 534 1947 ab
555 1922 600 1947 ea
620 1910 812 1958 deficeret,
834 1918 932 1948 esset
949 1909 1215 1947 immoderata.

335 1979 339 1984 ’
369 1962 472 2000 Finis
509 1970 637 2000 autem
670 1963 847 2000 omniurn
888 1961 1082 2000 actionum
1122 1964 1380 2000 humanarum

327 2072 344 2082 “’
367 2086 369 2089 ·
385 2086 395 2119 )
414 2085 498 2112 aliud.
516 2098 536 2104 -
554 2084 658 2118 aliquid
674 2085 723 2110 Pa.

324 2123 328 2128 '
413 2122 494 2154 quod.
509 2132 527 2141 -
546 2126 613 2154 quae
631 2121 749 2146 PDFHa.

2423 156 2498 193 229

1438 230 1474 260 et
1494 224 1740 261 affectionum
1762 232 1817 261 est
1835 224 1907 261 Dei
1927 224 2088 271 dilectio,
2107 236 2177 272 per
2196 235 2310 272 quam
2332 224 2498 260 maxime

1436 276 1652 324 attingimus
1680 277 1856 314 ultimum
1882 277 2013 324 finem,
2034 283 2075 312 ut
2095 288 2208 324 supra
2226 275 2247 297 *
2267 276 2408 313 dictum
2430 283 2495 312 est.
2526 286 2565 314 ‘Q

1437 330 1486 366 Et
1513 329 1600 366 ideo
1630 329 1667 366 in
1698 329 1898 367 dilectione
1926 329 1998 366 Dei
2026 341 2104 365 non
2131 336 2255 378 potest
2275 329 2395 376 accipi
2414 341 2497 365 mo-

1438 381 1509 418 dus
1537 381 1633 418 sieut
1660 381 1698 418 in
1727 395 1766 418 re
1795 389 2025 428 mensurata,
2054 389 2096 418 ut
2123 381 2169 418 sit
2192 381 2230 417 in
2251 393 2296 418 ea
2325 381 2496 429 accipere

1436 435 1522 483 plus
1561 441 1596 470 et
1631 434 1775 471 minus:
1819 435 1887 471 sed
1924 434 2019 471 sicut
2054 433 2244 471 invenitur
2281 433 2421 470 modus
2459 433 2498 470 in

1436 498 1634 533 mensura,
1664 487 1703 523 in
1731 499 1807 535 qua
1835 499 1913 524 non
1940 494 2065 535 potest
2092 497 2174 523 esse
2203 497 2398 533 excessus,
2429 487 2496 523 sed

1437 546 1579 587 quanto
1607 539 1692 588 plus
1729 539 1918 587 attingitur
1946 539 2093 587 regula,
2122 546 2227 576 tanto
2255 537 2391 575 melius
2427 546 2495 575 est.

1437 592 1486 628 Et
1513 591 1563 628 ita
1591 599 1734 640 quanto
1762 593 1847 641 plus
1867 594 1972 629 Deus
2001 592 2175 640 diligitur,
2192 598 2297 628 tanto
2325 596 2384 628 est
2404 588 2495 629 dile-

1437 644 1510 681 ctio
1538 644 1684 681 melior.

1489 699 1548 733 Ao
1567 708 1705 733 PRIMUM
1724 708 1822 734 ERGO
1841 708 2025 734 mesanum
2052 697 2158 746 quod
2185 696 2277 733 illud
2305 696 2411 744 quod
2441 703 2497 732 est

1436 761 1505 797 per
1532 761 1572 785 se
1600 750 1727 798 potius
1753 757 1807 786 est
1831 762 1878 786 eo
1906 750 2012 798 quod
2033 756 2088 786 est
2109 761 2179 798 per
2197 749 2310 786 aliud.
2340 750 2389 786 Et
2407 748 2495 785 ideo

1437 801 1585 838 bonitas
1614 812 1837 848 mensurae,
1872 814 1971 850 quae
1999 814 2068 850 per
2095 814 2134 838 se
2168 802 2283 838 habet
2311 802 2494 848 modum,

1435 854 1560 901 potior
1588 862 1643 890 est
1661 865 1779 901 quam
1809 855 1957 891 bonitas
1985 854 2203 901 mensurati,
2225 854 2330 903 quod
2349 853 2362 876 ὅ
2381 855 2497 891 habet

1436 905 1598 942 modum
1634 918 1705 954 per
1733 907 1845 942 aliud.
1885 907 1934 942 Et
1961 907 2014 942 sic
2053 907 2165 943 etiam
2204 907 2358 953 caritas,
2397 918 2495 955 quae

1434 958 1550 994 habet
1584 958 1744 995 modum
1782 959 1877 995 sicut
1913 970 2114 1006 mensura,
2151 959 2387 1007 praeeminet
2415 959 2495 996 aliis

1433 1010 1647 1057 virtutibus,
1664 1022 1763 1059 quae
1782 1012 1926 1048 habent
1945 1012 2107 1048 modum
2127 1012 2224 1048 sicut
2242 1019 2494 1049 mensuratae.

1488 1065 1546 1100 An
1574 1074 1765 1100 SECUNDUM
1794 1075 1977 1100 mesanum
2010 1064 2114 1112 quod
2133 1069 2145 1085 ²
2165 1065 2398 1112 Augustinus
2426 1064 2496 1101 ibi-

1435 1116 1525 1152 dem
1546 1117 1566 1137 *
1586 1116 1778 1164 subiungit
1796 1117 1900 1165 quod
1929 1117 2069 1154 modus
2095 1117 2272 1165 diligendi
2291 1118 2419 1154 Deum
2440 1124 2497 1154 est

1433 1176 1475 1206 ut
1495 1180 1539 1205 ex
1558 1176 1638 1205 toto
1668 1169 1783 1206 corde
1809 1169 1992 1217 diligatur,
2014 1170 2110 1207 idest
2127 1177 2169 1206 ut
2189 1170 2359 1218 diligatur
2378 1180 2496 1218 quan—

1433 1229 1684 1270 tumcumque
1713 1230 1838 1271 potest
1860 1222 1973 1270 diligi.
2004 1223 2053 1259 Et
2070 1223 2145 1259 hoc
2164 1223 2327 1271 pertinet
2346 1225 2392 1260 ad
2413 1234 2496 1259 mo-

1434 1275 1526 1311 dum
1555 1275 1620 1324 qui
1650 1275 1830 1312 convenit
1853 1287 2068 1312 mensurae.

1486 1330 1545 1364 An
1573 1339 1734 1365 Tannum
1768 1338 1953 1365 mcENDUM
1985 1329 2091 1376 quod
2119 1328 2270 1365 affectio
2299 1328 2362 1365 illa
2389 1329 2496 1366 cuius

1433 1380 1628 1417 obiectum
1665 1381 1836 1417 subiacet
1871 1380 2011 1417 iudicio
2041 1381 2216 1428 rationis,
2261 1389 2316 1418 est
2351 1382 2496 1418 ratione

1432 1433 1702 1470 mensuranda.
1743 1434 1820 1470 Sed
1849 1433 2042 1470 obiectum
2077 1434 2229 1471 divinae
2264 1434 2496 1482 dilectionis,

1432 1485 1538 1534 quod
1559 1493 1614 1521 est
1631 1487 1751 1532 Deus,
1773 1486 1919 1522 excedit
1937 1486 2120 1523 iudicium
2146 1487 2311 1523 rationis.
2342 1488 2390 1523 Et
2409 1487 2496 1523 ideo

1433 1549 1511 1575 non
1531 1545 1774 1575 mensuratur
1801 1539 1959 1586 ratione,
1981 1539 2049 1576 sed
2073 1539 2258 1576 rationem
2293 1540 2452 1576 excedit.
2471 1559 2496 1568 —

1433 1592 1518 1628 Nec
1542 1597 1598 1627 est
1625 1591 1747 1628 simile
1775 1592 1822 1628 de
1851 1587 2018 1628 interiori
2047 1599 2132 1628 actu
2162 1592 2323 1629 caritatis
2343 1600 2379 1629 et
2397 1599 2497 1629 exte—

1433 1643 1595 1681 rioribus
1615 1643 1772 1681 actibus.
1802 1645 1905 1681 Nam
1925 1644 2082 1681 interior
2108 1652 2214 1682 actus
2242 1645 2403 1682 caritatis
2431 1646 2496 1682 ha-

1433 1698 1498 1734 bet
1516 1697 1704 1734 rationem
1723 1697 1828 1734 finis:
1858 1697 1946 1746 quia
1965 1697 2142 1734 ultimum
2163 1699 2308 1735 bonum
2329 1698 2497 1735 hominis

1434 1750 1603 1786 consistit
1630 1749 1669 1786 in
1697 1750 1771 1786 hoc
1799 1750 1905 1798 quod
1933 1751 2060 1787 anima
2089 1752 2174 1788 Deo
2203 1751 2409 1798 inhaereat,
2439 1764 2496 1788 se-

1434 1802 1603 1840 cundum
1631 1802 1722 1839 illud
1751 1804 1891 1840 Psalm.
1911 1803 1947 1840 *ε
1976 1804 2080 1840 Mihi
2104 1804 2312 1841 adhaerere
2330 1805 2413 1840 Deo
2433 1805 2497 1841 bo-

1433 1867 1524 1892 num
1553 1860 1616 1904 est.
1655 1855 1871 1892 Exteriores
1905 1863 2034 1893 autem
2067 1863 2172 1893 actus
2205 1864 2293 1894 sunt
2324 1857 2421 1894 sicut
2448 1858 2497 1894 ad

1433 1910 1564 1945 finem.
1585 1909 1635 1946 Et
1652 1908 1741 1946 ideo
1761 1916 1848 1946 sunt
1868 1910 2206 1952 commensurandi
2227 1918 2264 1947 et
2283 1910 2496 1947 secundum

1434 1961 1628 1998 caritatem
1658 1968 1695 1998 et
1722 1962 1934 1999 secundum
1962 1962 2162 1999 rationem.

1485 2084 1507 2116 ε)
1526 2084 1605 2116 quod.
1623 2098 1642 2103 -·
1659 2085 1728 2109 sicut
1746 2085 1843 2109 addunt
1862 2085 1914 2113 Pa,·
1932 2089 2045 2117 sequens
2064 2085 2137 2117 quod
2154 2093 2209 2110 om.
2227 2085 2257 2111 P.

990 2197 1323 2230 Commentario.
1344 2197 1596 2230 cardinalis
1618 2197 1821 2231 Caietani

335 2280 372 2310 'ir
390 2277 523 2309 articulo
546 2282 648 2313 sexto,
673 2277 706 2307 in
729 2285 879 2316 corpore,
913 2282 988 2307 nota
1018 2276 1174 2306 rationem
1201 2284 1299 2317 quare
1327 2286 1380 2316 ap-

318 2292 464 2364 Ipetitus
492 2321 565 2353 finis
587 2328 637 2353 est
661 2320 817 2351 infinitus:
846 2321 922 2360 quia
944 2320 1062 2351 scilicet
1090 2319 1162 2351 finis
1191 2331 1258 2352 non
1286 2321 1383 2351 habet

315 2367 475 2400 rationem
489 2365 673 2401 mensurati,
690 2365 746 2395 sed
762 2372 944 2401 mensurae3
968 2365 1002 2394 in
1023 2374 1172 2396 mensura
1190 2372 1298 2396 autem
1314 2375 1380 2396 non

316 2418 423 2453 potest
445 2420 513 2441 esse
536 2419 679 2440 excessus
703 2415 758 2439 aut
780 2408 935 2445 defectus;
959 2408 1103 2449 alioquin
1118 2419 1284 2440 mensurae
1300 2416 1381 2440 esset

317 2456 377 2488 alia
401 2464 567 2490 mensura,
593 2460 623 2483 et
653 2453 705 2483 sic
720 2453 943 2493 procederetur
974 2452 1007 2482 in
1030 2451 1200 2485 infinitum.
1231 2453 1274 2483 Et
1295 2459 1382 2492 patet

317 2499 459 2541 sequela.
491 2499 567 2539 quia
590 2507 733 2528 excessus
756 2497 806 2527 vel
829 2496 968 2527 defectus
1001 2497 1172 2528 attenditur
1205 2506 1302 2536 penes
1326 2496 1381 2526 ali-

317 2554 415 2586 quam
439 2552 621 2573 mensuram
645 2551 726 2582 quae
750 2541 908 2571 exceditur
930 2541 980 2571 vel
1004 2551 1022 2571 a
1045 2551 1108 2582 qua
1130 2541 1251 2581 aliquid
1267 2540 1379 2571 deficit.

316 2590 358 2620 Et
380 2589 442 2618 hoc
464 2587 711 2617 fundamentum
734 2587 814 2616 bene
831 2592 941 2616 notato
964 2585 997 2615 in
1020 2585 1244 2626 appetibilibus
1265 2593 1295 2616 et
1317 2585 1379 2624 agi-

315 2633 448 2665 bilibus:
473 2631 628 2672 quoniam
661 2630 808 2661 omnium
838 2639 986 2660 mensura
1010 2637 1056 2661 est
1078 2629 1161 2668 finis,
1185 2630 1259 2669 quia
1283 2639 1380 2669 penes

315 2677 414 2709 finem
437 2676 574 2707 sumitur
604 2675 752 2705 omnium
782 2674 899 2704 horum
923 2674 1014 2704 ratio.
1045 2674 1086 2704 Et
1108 2673 1226 2714 pluries
1255 2681 1382 2714 oportet

315 2721 375 2752 hac
398 2719 619 2762 propositione
642 2719 699 2749 uti.

352 2765 468 2796 ⁷11.1n
493 2764 608 2794 eodem
631 2769 718 2793 sexto
743 2761 886 2798 articulo,
903 2762 935 2791 in
956 2762 1165 2801 responsione
1182 2762 1221 2792 ad
1240 2762 1379 2797 tertium,

317 2808 398 2840 cirea
419 2808 474 2839 illa
501 2808 610 2838 verba:
640 2808 740 2838 Actus
763 2807 898 2837 interior
924 2806 1071 2837 caritatis
1101 2806 1195 2837 habet
1222 2807 1378 2837 rationem

306 2851 401 2894 finis,
426 2853 502 2894 quia
526 2853 671 2882 ultimum
695 2852 810 2882 bonum
833 2850 971 2881 hominis
993 2851 1136 2881 consistit
1160 2852 1192 2880 in
1215 2851 1274 2880 hoc
1296 2850 1381 2891 quod

316 2897 426 2928 anima
449 2896 519 2927 Deo
542 2896 719 2934 inhaereat,
743 2894 871 2925 adverte
894 2895 983 2936 quod
1006 2897 1128 2925 Auctor
1144 2901 1307 2945 comparat
1330 2893 1381 2925 hic

316 2946 424 2972 actum
455 2936 638 2970 interiorem
668 2939 802 2970 caritatis
826 2940 865 2970 ad
891 2946 979 2970 actus
1002 2939 1168 2970 exteriores
1197 2938 1380 2978 imperatos,

317 2983 374 3026 qui
395 2990 470 3015 sunt
492 2983 532 3014 ad
554 2980 670 3019 finem,
695 2990 725 3015 et
748 2990 891 3025 respectu
925 2993 1037 3014 eorum
1067 2983 1142 3014 dicit
1171 2983 1259 3024 quod
1293 2989 1380 3013 actus

316 3027 448 3058 interior
470 3034 516 3058 est
538 3026 629 3058 finis:
654 3034 685 3058 et
707 3037 773 3058 non
797 3035 962 3068 comparat
990 3034 1096 3059 actum
1124 3027 1308 3058 interiorem
1332 3037 1381 3057 ca-

316 3070 415 3102 ritatis
438 3070 478 3102 ad
501 3078 618 3108 actum,
642 3081 708 3102 non
729 3072 931 3113 imperatum,
956 3073 1010 3103 sed
1033 3072 1219 3108 naturalem,
1235 3071 1267 3102 in
1291 3071 1381 3102 intel-

316 3115 400 3147 lectu
416 3115 498 3146 beati
521 3121 686 3146 causatum
701 3126 720 3146 a
737 3116 807 3147 Deo
822 3123 984 3157 praesente
1000 3117 1059 3147 sub
1079 3114 1162 3147 claro
1177 3117 1299 3147 lumine
1313 3116 1380 3156 glo-

316 3159 389 3191 riae.
413 3159 501 3190 Tum
517 3157 592 3201 quia
606 3160 675 3191 talis
691 3167 789 3197 actus,
806 3170 880 3191 cum
899 3161 939 3192 sit
958 3161 1119 3192 obiectum
1135 3161 1263 3197 amoris,
1286 3160 1380 3191 habet

317 3203 417 3244 magis
440 3203 596 3235 rationem
618 3203 690 3234 finis
713 3214 811 3245 quam
826 3205 894 3246 ipse
917 3212 1005 3236 actus
1021 3205 1162 3242 amandi3
1187 3205 1248 3242 cui,
1266 3215 1302 3236 ex
1317 3205 1379 3236 hoe

1432 2276 1504 2316 ipso
1529 2277 1618 2317 quod
1641 2283 1688 2307 est
1710 2283 1799 2307 actus
1820 2273 2005 2312 voluntatis
2025 2277 2132 2307 minus
2155 2277 2304 2308 convenit
2319 2277 2399 2307 ratio
2415 2276 2497 2314 finis,

1433 2321 1509 2361 quia
1531 2320 1610 2351 ratio
1633 2320 1704 2351 finis
1727 2328 1775 2352 est
1796 2321 1877 2352 ratio
1901 2321 2016 2352 obiecti
2037 2321 2221 2352 voluntatis.

1487 2366 1576 2396 Tum
1598 2365 1675 2406 quia
1696 2368 1819 2396 Auctor
1832 2365 1977 2406 loquitur
2001 2365 2039 2395 de
2053 2372 2125 2396 actu
2149 2375 2215 2406 quo
2233 2365 2338 2395 anima
2355 2365 2499 2396 inhaeret

1433 2409 1548 2440 ultimo
1572 2409 1638 2446 fini,
1662 2408 1780 2440 scilicet
1802 2409 1883 2446 Deo,
1907 2417 1943 2440 ut
1965 2416 2052 2450 patet
2073 2410 2107 2440 111
2128 2409 2245 2446 littera,
2270 2417 2306 2440 ut
2329 2409 2497 2449 distingui·

1432 2460 1484 2483 tur
1502 2452 1541 2483 ab
1565 2453 1686 2483 actibus
1709 2453 1826 2494 quibus
1849 2463 1915 2484 non
1939 2448 2151 2490 inhaeremus,
2175 2452 2230 2484 sed
2254 2453 2433 2484 accedimus
2456 2454 2497 2483 ad

1432 2497 1548 2527 Deum.
1573 2497 1662 2527 visio
1686 2503 1793 2527 autem
1816 2497 1876 2527 Dei
1898 2497 1931 2527 in
1947 2497 2047 2537 patria
2070 2508 2136 2528 non
2163 2498 2339 2528 excluditur
2361 2498 2399 2527 ab
2423 2504 2496 2528 actu

1432 2541 1605 2571 voluntatis
1629 2551 1696 2581 quo
1720 2541 1826 2571 anima
1848 2541 1990 2571 inhaeret
2003 2542 2083 2578 Deo,
2107 2543 2163 2572 sed
2185 2542 2320 2572 includit
2341 2542 2445 2582 ipsam
2461 2548 2498 2572 ut

1432 2585 1595 2624 propriam
1617 2585 1717 2625 ipsius
1741 2595 1880 2616 causam.
1904 2586 1946 2615 Et
1967 2591 2135 2625 propterea
2158 2586 2338 2616 attribuitur
2358 2585 2410 2616 hic
2428 2595 2496 2616 esse

1432 2629 1583 2659 ultimum
1599 2630 1683 2660 actui
1705 2629 1889 2665 voluntatis,
1907 2636 1937 2660 et
1955 2637 2121 2670 propterea
2136 2640 2204 2661 esse
2219 2638 2402 2660 mensuram
2418 2629 2496 2660 alio-

1432 2683 1513 2709 rum,
1539 2683 1604 2703 non
1627 2681 1663 2705 ut
1685 2674 1822 2704 excludit
1844 2674 2000 2704 visionem
2023 2673 2055 2703 in
2079 2675 2188 2714 patria,
2213 2675 2267 2704 sed
2291 2681 2327 2705 ut
2346 2674 2495 2704 claudens

1430 2717 1520 2747 illam
1541 2717 1575 2748 in
1598 2728 1641 2749 se.
1665 2718 1711 2748 Ita
1734 2725 1770 2748 ut
1787 2718 1893 2748 totalis
1923 2718 2072 2748 adhaesio
2097 2718 2136 2748 ad
2159 2719 2278 2755 Deum,
2310 2718 2400 2749 cuius
2430 2729 2495 2748 una

1432 2771 1504 2802 pars
1527 2769 1615 2793 actus
1644 2762 1834 2799 voluntatis,
1860 2772 1896 2792 ex
1919 2773 1984 2792 una
2011 2769 2156 2793 sumatur
2184 2769 2287 2803 parte,
2317 2762 2434 2793 scilicet
2458 2773 2495 2793 ex

1432 2811 1519 2847 parte
1542 2805 1629 2842 finis;
1654 2807 1775 2848 reliqua
1798 2817 1835 2836 ex
1858 2813 1944 2846 parte
1967 2806 2035 2836 eius
2058 2807 2146 2847 quod
2171 2813 2217 2837 est
2239 2807 2279 2837 ad
2294 2806 2401 2837 finem.
2426 2808 2494 2838 To—

1431 2858 1502 2882 tum
1525 2850 1610 2881 enirn
1633 2851 1722 2887 illud,
1747 2857 1777 2881 et
1800 2851 1942 2891 singulae
1965 2851 2032 2881 eius
2055 2858 2168 2891 partes,
2189 2851 2265 2891 quia
2288 2858 2363 2882 sunt
2385 2860 2494 2882 conse-

1431 2894 1518 2926 cutio
1541 2894 1646 2925 ultimi
1668 2894 1750 2932 finis,
1775 2895 1842 2925 sine
1869 2905 2018 2925 mensura
2034 2902 2065 2926 et
2080 2896 2180 2926 modo
2204 2896 2421 2936 appetendum
2437 2902 2492 2933 est,

1431 2940 1474 2970 ita
1497 2940 1586 2981 quod
1616 2947 1737 2980 quanto
1767 2939 1855 2980 plus,
1881 2946 1970 2970 tanto
2001 2939 2130 2970 melius:
2162 2940 2284 2981 reliqua
2314 2946 2494 2971 mensurata

1432 2990 1560 3025 oportet
1582 2994 1659 3015 esse.

1487 3028 1528 3059 Et
1550 3029 1627 3058 haec
1643 3027 1724 3058 dicta
1747 3027 1809 3058 sint
1823 3037 1862 3057 ne
1885 3033 1977 3067 putes
1993 3027 2087 3058 verba
2103 3028 2250 3058 Auctoris
2267 3028 2351 3058 sibi
2343 3028 2403 3068 ipsi
2419 3037 2494 3058 con—

1432 3072 1551 3103 trariari
1565 3072 1596 3108 *;
1623 3073 1677 3102 sed
1694 3081 1866 3112 cognoscas
1889 3073 1991 3112 quod,
2017 3081 2091 3102 cum
2107 3082 2144 3103 ex
2159 3073 2303 3112 pluribus
2322 3073 2530 3112 integretur
2520 3106 2550 3128 qu
2536 3074 2604 3127 ucfi}
2609 3075 2660 3122 1³:
2676 3074 2709 3127 141³
2711 3076 2729 3101 ⁸,

2469 3117 2493 3147 l-

1433 3117 1617 3147 consecutio
1642 3117 1745 3147 ultimi
1768 3116 1855 3153 finis,
1887 3116 1943 3157 qui
1966 3117 2053 3147 Deus
2077 3124 2137 3153 est,
2169 3117 2287 3147 scilicet
2309 3124 2379 3148 actu
2402 3117 2467 3148 inte

1431 3161 1531 3192 lectus
1555 3167 1586 3192 et
1607 3161 1795 3197 voluntatis,
1820 3140 1904 3191 iliius
1927 3167 2052 3191 tantum
2080 3159 2176 3201 partis
2200 3164 2321 3192 Auctor
2348 3161 2494 3192 meminit

1433 3205 1575 3246 explicite
1598 3215 1680 3245 quae
1703 3205 1858 3245 praesenti
1881 3205 1975 3236 servit
1998 3205 2175 3245 proposito.

2568 293 2590 308 u.
2598 293 2652 313 xvn,
2659 291 2701 309 art.
2711 288 2734 313 6;

2526 318 2564 340 qu.
2578 319 2643 339 xxm,
2659 317 2700 335 art.
2713 314 2736 335 6.

2522 1120 2533 1131 ⁸
2547 1119 2604 1147 Cap.
2618 1124 2667 1141 vm.

2524 1805 2534 1815 '⁵
2544 1804 2581 1826 Ps.
2592 1810 2663 1831 um,
2674 1811 2734 1826 vers.
