2892 4056
2413 159 2416 162 ⁴
2431 145 2514 171 XXXI

473 213 555 264 Qu.
579 224 605 259 1,
640 218 714 252 art.
740 225 778 252 2.
836 231 848 247 ‹
870 213 925 252 Et
959 212 1056 253 ideo
1090 218 1317 266 utrumque
1361 214 1442 266 (sc.
1479 213 1694 253 obiectum
1728 213 1827 253 fidei
1861 225 1956 253 esse
1989 212 2326 266 incomplexum,
2361 227 2514 268 nempe

349 288 438 315 rem
473 273 694 321 creditam,
731 280 772 314 et
805 286 899 314 esse
933 275 1205 328 complexum
1244 287 1320 327 per
1351 273 1529 314 modum
1563 274 1846 327 enuntiabilis)
1880 287 1981 314 vere
2019 273 2238 327 opinatum
2283 274 2360 314 fuit
2401 276 2515 329 apud

348 336 559 389 antiquos.
580 353 593 370 ›
650 335 772 375 Iuvat
793 335 926 375 verba
948 336 1099 375 referre
1132 335 1366 375 Innocentii
1389 335 1442 383 V,
1467 335 1536 376 lib.
1560 336 1617 375 III
1639 336 1767 383 Seni„
1793 335 1887 375 dist.
1910 347 2028 382 XXIV,
2063 340 2137 374 art.
2162 336 2211 375 3:
2253 352 2267 370 α
2288 336 2411 376 Circa
2433 337 2515 377 hoc

349 397 536 451 quidam,
561 402 606 436 ut
629 397 915 436 Cancellarius
947 396 1210 444 parisiensis,
1246 396 1442 436 dixerunt
1464 396 1583 450 quod
1615 410 1693 445 res,
1729 403 1770 437 et
1793 410 1879 436 non
1904 396 2189 443 enuntiabilia,
2223 403 2323 436 sunt
2354 398 2513 438 articuli

350 458 403 499 de
426 458 582 512 quibus
613 463 676 498 est
698 457 844 498 fides...
879 457 965 497 Alii
997 470 1115 505 vero,
1150 463 1196 497 ut
1217 458 1423 512 Magister
1444 458 1833 506 Altissiodorensis,
1868 457 1988 511 quod
2021 457 2294 498 enuntiabilia
2316 458 2514 500 determi-

349 525 465 567 nata,
500 525 541 559 et
574 532 661 559 non
694 532 773 567 res,
807 524 907 559 sunt
938 518 1099 558 articuli
1132 518 1290 559 fidei».

472 580 591 628 Ibid.‚
627 586 699 620 art.
725 582 765 628 6,
800 593 888 634 arg.
924 581 963 619 3.
1005 596 1020 614 «
1046 579 1166 619 Sicut
1199 594 1223 619 a
1252 579 1510 633 quibusdam
1545 580 1706 627 dicitur,
1742 580 1940 620 articulus
1975 585 2040 619 est
2067 579 2335 620 indivisibilis
2359 582 2514 622 Veritas

350 642 404 682 de
437 643 534 682 Deo
569 647 734 682 arctans
767 654 848 681 nos
881 640 935 680 ad
959 640 1231 680 credendum.
1258 658 1272 677 2
1313 641 1560 681 Alexander
1582 641 1793 689 Halensis,
1825 642 1943 681 Sum.
1975 641 2113 681 Theol.
2143 655 2182 695 p.
2207 642 2275 690 III,
2301 655 2370 695 qu.
2395 655 2511 691 LXIX,

350 703 507 743 memb.
532 716 565 751 1,
595 703 639 744 S.
658 703 974 749 Bonaventura,
999 702 1055 741 III
1078 702 1204 749 Sent„
1231 702 1324 742 dist.
1348 714 1466 751 XXIV,
1495 708 1569 743 art.
1594 705 1634 751 3,
1658 716 1728 756 qu.
1759 715 1792 750 1,
1822 708 1864 742 et
1885 702 1952 742 alii
1975 702 2207 742 Ricardum
2229 716 2254 742 a
2276 703 2320 744 S.
2340 704 2514 745 Victore

349 770 555 818 tanquam
597 763 722 804 huius
765 762 1023 803 definitionis
1065 769 1283 803 auctorem
1325 764 1533 804 indicant:
1588 764 1703 818 apud
1745 776 1875 817 quem
1916 770 2058 803 tamen
2096 763 2248 804 frustra
2287 766 2512 818 quaeritur.

351 826 588 866 Gulielmus
610 824 1001 871 Altissiodorensis,
1027 824 1145 864 Sum.
1172 825 1285 865 Aur.
1320 825 1390 865 lib.
1415 825 1483 872 ΙΙΙ,
1506 831 1554 865 tr.
1577 838 1633 872 111,
1658 838 1747 878 cap.
1773 837 1812 872 2,
1837 838 1906 878 qu.
1930 838 1964 872 1,
1988 825 2045 864 ita
2073 825 2294 865 articulum
2317 827 2512 880 explicat:

357 905 371 924 ‹
394 887 612 928 Articulus
647 885 798 926 dicitur
829 885 883 925 ab
917 885 1135 933 arctando,
1172 886 1273 938 quia
1304 892 1436 926 arctat
1468 899 1549 926 nos
1582 886 1636 926 ad
1670 885 1930 926 credendum
1955 903 1988 926 ».

475 947 602 996 Ibid.‚
637 960 726 1002 arg.
761 946 853 986 Sed
888 949 1055 994 contra,
1091 946 1135 987 S.
1170 946 1336 986 Isidoro
1380 947 1633 987 adscribitur
1672 947 1803 987 altera
1843 947 2002 987 articuli
2048 946 2259 996 definitio,
2293 948 2511 998 videlicet,

355 1026 370 1046 ‹
394 1009 593 1049 articulus
623 1014 688 1048 est
718 1008 935 1062 perceptio
970 1007 1141 1048 divinae
1173 1008 1362 1048 Veritatis
1396 1008 1577 1048 tendens
1610 1009 1652 1048 in
1686 1009 1822 1061 ipsam
1848 1026 1879 1047 ›.
1916 1008 2017 1047 Non
2050 1007 2107 1047 ita
2139 1008 2336 1049 absolute
2363 1010 2410 1050 B.
2429 1011 2513 1051 Al-

349 1070 494 1110 bertus
528 1071 726 1125 Magnus,
751 1069 823 1123 qui
858 1069 899 1109 in
932 1070 989 1109 III
1012 1069 1138 1117 Sent.,
1175 1069 1270 1109 dist.
1304 1082 1422 1117 XXIV,
1452 1075 1526 1110 art.
1560 1081 1598 1121 4,
1629 1069 1793 1110 scribit:
1836 1088 1849 1104 ‹
1875 1069 2064 1109 Isidorus
2097 1075 2238 1110 autem
2273 1070 2422 1111 dicitur
2453 1072 2514 1112 sic

350 1131 526 1172 definire
556 1149 571 1168 ι
620 1137 696 1172 etc.
732 1131 943 1179 Halensis,
979 1131 1098 1171 Sum.
1128 1131 1280 1178 Theol„
1314 1144 1353 1184 p.
1380 1131 1448 1179 III,
1482 1144 1552 1184 qu.
1579 1143 1694 1179 LX1x,
1720 1130 1875 1171 memb.
1911 1143 1943 1179 1,
1979 1130 2180 1184 Hugonis
2213 1145 2238 1171 a
2271 1131 2315 1172 S.
2338 1132 2514 1173 Victore

349 1193 487 1247 ipsam
521 1205 616 1233 esse
650 1192 811 1233 asserit.
1215 1228 1217 1230 ,

295 1290 299 1291 γ
331 1254 557 1306 »ψ’ῼυ.
581 1266 725 1301 XXXII,
760 1259 834 1294 art.
866 1266 899 1293 1.
962 1271 975 1289 «
1002 1252 1129 1294 Unde
1163 1253 1354 1306 quidam,
1389 1253 1640 1293 definientes
1674 1253 2015 1306 eleemosynam,
2056 1253 2201 1293 dicunt
2242 1254 2361 1307 quod
2401 1256 2512 1295 elee-

350 1329 535 1369 mosyna
567 1321 632 1356 est
664 1328 774 1368 opus
808 1328 896 1368 quo
930 1314 1053 1354 datur
1085 1314 1245 1367 aliquid
1278 1314 1485 1368 indigenti
1519 1327 1572 1354 ex
1604 1315 1904 1368 compassione
1936 1320 2110 1368 propter
2141 1316 2334 1362 Deum.»
2385 1316 2456 1356 Sic
2489 1330 2514 1356 a

350 1376 568 1432 Magistris
592 1376 800 1423 definitur,
830 1381 938 1415 teste
960 1375 1142 1415 Alberto
1166 1376 1342 1430 Magno,
1366 1376 1427 1415 IV
1455 1375 1582 1422 Sent„
1615 1375 1707 1415 dist.
1731 1388 1803 1424 XV,
1836 1382 1909 1415 art.
1942 1375 2005 1416 15.
2042 1376 2279 1417 Gulielmus
2311 1377 2512 1418 Altissio-

350 1438 558 1485 dorensis,
593 1438 710 1477 Sum.
745 1437 858 1476 Aur.
893 1436 964 1476 lib.
987 1437 1055 1484 III,
1090 1442 1138 1476 tr.
1162 1449 1232 1483 VII,
1268 1449 1357 1490 cap.
1383 1447 1421 1489 7,
1456 1450 1526 1490 qu.
1558 1449 1600 1476 1:
1643 1455 1655 1471 ‹
1681 1437 1970 1490 Eleemosyna
2004 1443 2067 1477 est
2098 1437 2304 1492 indigenti
2342 1445 2515 1492 propter

349 1499 494 1539 Deum
528 1498 587 1538 rei
620 1498 886 1538 necessariae
920 1497 1114 1552 erogatio
1138 1514 1171 1537 ».
1206 1498 1262 1537 Et
1294 1498 1506 1546 Halensis,
1543 1498 1661 1538 Sum.
1693 1498 1832 1538 Theol.
1866 1511 1904 1551 p.
1935 1498 2008 1546 IV,
2043 1511 2112 1551 qu.
2138 1511 2255 1546 XX1x,
2291 1500 2446 1540 memb.
2478 1513 2512 1540 1:

355 1577 372 1596 ι
394 1559 607 1600 Definitur
639 1559 699 1599 sic
722 1573 748 1599 a
769 1559 1002 1614 Magistris:
1038 1559 1328 1612 Eleemosyna
1350 1565 1414 1599 est
1448 1573 1558 1613 opus
1595 1559 1687 1599 sive
1720 1559 1887 1614 largitio
1922 1559 1980 1599 rei
2013 1561 2277 1601 necessariae
2310 1561 2419 1601 facta
2450 1561 2513 1601 in-

351 1621 513 1677 digenti
546 1626 721 1675 propter
753 1621 897 1660 Deum
931 1626 972 1660 et
1005 1633 1058 1660 ex
1091 1620 1392 1674 compassione
1415 1638 1448 1661 ».

473 1682 593 1731 Ibid.‚
627 1688 701 1722 art.
729 1692 766 1735 7,
801 1681 869 1722 ad.
901 1695 934 1722 1.
995 1698 1010 1717 <⁴
1035 1681 1117 1722 Vel
1152 1681 1360 1735 (iniquum
1393 1694 1641 1722 mammona
1673 1682 1837 1735 dicitur)
1877 1682 1978 1735 quia
2016 1682 2058 1722 in
2101 1683 2293 1736 pluribus
2335 1684 2513 1737 praede-

351 1744 615 1792 cessoribus,
652 1743 808 1797 quibus
850 1743 1107 1797 patrimonio
1141 1743 1356 1791 succedis,
1395 1743 1547 1797 aliquis
1580 1743 1784 1798 reperitur
1816 1742 1889 1796 qui
1927 1743 2080 1784 iniuste
2114 1744 2333 1798 usurpavit
2364 1746 2512 1795 aliena,

350 1806 548 1860 quamvis
581 1811 626 1846 tu
660 1805 838 1852 nescias,
873 1810 919 1845 ut
950 1805 1133 1845 Basilius
1167 1804 1278 1844 dicit.
1310 1822 1325 1841 ›
1380 1805 1466 1846 Ubi
1505 1810 1648 1846 autem
1680 1805 1723 1844 in
1757 1803 1900 1845 Basilii
1944 1805 2109 1859 scriptis
2142 1805 2225 1845 hoc
2263 1805 2512 1855 inveniatur,

349 1868 572 1921 hucusque
606 1879 734 1907 nemo
769 1866 980 1906 indicavit.
1016 1867 1062 1906 In
1092 1866 1252 1906 Calena
1284 1866 1448 1914 Aurea,
1495 1880 1622 1920 super
1654 1867 1758 1906 Luc.
1783 1878 1872 1919 cap.
1896 1878 1992 1914 XVI,
2027 1879 2137 1906 vers.
2168 1879 2208 1918 9,
2254 1867 2298 1907 S.
2322 1867 2513 1908 Thomas

351 1929 534 1970 eandem
575 1928 829 1968 sententiam
870 1928 914 1968 S.
943 1927 1102 1968 Basilio
1136 1927 1349 1967 adscribit.

474 1990 557 2042 Qu.
581 2001 716 2038 XXXV,
750 1995 824 2030 art.
850 2002 883 2029 1.
925 2006 939 2025 x
965 1990 1007 2029 A
1030 1989 1290 2042 quibusdam
1314 1989 1465 2029 dicitur
1486 1988 1606 2043 quod
1637 1988 1785 2029 acedia
1807 1994 1871 2029 est
1891 1994 2040 2043 torpor
2061 1989 2214 2029 mentis
2236 1989 2352 2029 bona
2379 1990 2514 2045 negli-

349 2051 490 2107 gentis
523 2051 736 2091 inchoare.
768 2069 782 2087 ι»
822 2051 870 2091 B.
895 2050 1099 2091 Albertus
1133 2051 1331 2105 Magnus,
1367 2051 1485 2091 Sum.
1518 2050 1656 2090 Theol.
1681 2064 1720 2104 p.
1748 2051 1796 2098 II,
1825 2055 1873 2090 tr.
1901 2063 2018 2098 XVIII,
2044 2063 2113 2104 qu.
2138 2061 2283 2098 CXVIII,
2308 2052 2463 2092 memb.
2487 2065 2513 2100 1,

350 2119 393 2154 et
413 2112 661 2154 Alexander
692 2112 904 2160 Halensis,
939 2112 1058 2152 Sum.
1102 2112 1240 2152 Theol.
1264 2125 1303 2166 p.
1326 2113 1376 2160 II,
1411 2126 1479 2165 qu.
1505 2123 1602 2160 CXL,
1637 2112 1792 2152 memb.
1828 2124 1866 2160 2,
1900 2111 2085 2152 Ricardo
2119 2125 2144 2151 a
2177 2111 2222 2152 S.
2242 2111 2416 2152 Victore
2439 2112 2514 2153 de-

349 2174 586 2215 finitionem
619 2174 853 2222 vindicant;
908 2174 950 2213 in
985 2173 1104 2214 cuius
1137 2179 1279 2214 tamen
1313 2173 1515 2227 operibus
1558 2173 1704 2213 nullibi
1746 2173 1928 2227 reperire
1962 2179 2036 2213 est.
2072 2173 2277 2213 Rabanus
2309 2174 2379 2214 De
2398 2175 2513 2215 Eccl.

347 2236 528 2290 Discipl.
551 2236 622 2276 lib.
646 2236 715 2283 III,
749 2235 941 2276 acediam
965 2235 1167 2275 describit
1193 2235 1276 2275 hoc
1299 2234 1456 2275 modo:
1497 2252 1511 2271 ιι
1531 2234 1707 2283 Acedia,
1726 2242 1817 2288 ‘per
1839 2248 1968 2288 quam
1996 2241 2119 2288 tepor
2150 2234 2341 2276 mentis..
2365 2235 2513 2284 oritur;

351 2310 462 2351 quae
494 2297 714 2337 hominem
746 2297 802 2337 ad
836 2310 965 2337 omne
999 2310 1109 2350 opus
1142 2297 1306 2337 bonum
1339 2296 1530 2337 inutilem
1563 2295 1702 2336 reddit
1730 2314 1762 2336 ».

473 2358 592 2405 Ibida,
618 2364 692 2398 art.
718 2370 757 2409 4,
781 2372 870 2412 arg.
896 2360 935 2399 3.
977 2375 991 2393 <4
1021 2357 1212 2398 Isidorus
1246 2358 1288 2398 in
1321 2358 1430 2398 libro
1463 2358 1515 2398 de
1547 2358 1725 2398 Summo
1756 2359 1875 2397 Bono
1908 2357 2129 2412 distinguit
2160 2357 2309 2397 vitium
2343 2358 2514 2398 acediae

350 2434 376 2460 a
407 2420 512 2460 vitio
546 2419 757 2467 tristitiae,
802 2419 947 2459 dicens
989 2419 1198 2459 tristitiam
1231 2432 1327 2460 esse
1370 2420 1622 2473 inquantum
1660 2419 1820 2459 recedit
1851 2432 1876 2458 a
1906 2418 2094 2474 graviori
2118 2413 2169 2459 'et
2209 2418 2427 2459 laborioso
2460 2418 2514 2459 ad

351 2481 470 2535 quod
503 2487 681 2528 tenetur,
705 2480 896 2520 acediam
919 2486 1061 2520 autem
1084 2480 1337 2533 inquantum
1369 2493 1416 2520 se
1440 2481 1649 2520 convertit
1671 2480 1726 2520 ad
1757 2481 1945 2533 quietem
1972 2480 2204 2520 indebitam
2234 2497 2267 2520 2.
2302 2480 2512 2528 Halensis,

350 2543 469 2584 Sum.
502 2542 643 2582 Theol.
668 2556 707 2596 p.
743 2543 792 2589 ΙΙ,
817 2555 888 2595 qu.
921 2553 1065 2589 CXLIV,
1099 2541 1256 2581 memb.
1282 2553 1320 2592 4,
1346 2541 1400 2581 de
1433 2541 1600 2581 filiabus
1633 2541 1807 2581 acediae
1840 2547 2033 2589 tractans,
2057 2541 2118 2581 sic
2150 2541 2295 2581 habet:
2342 2558 2356 2576 «
2387 2541 2513 2581 Ratio

349 2617 455 2645 vero
490 2603 666 2650 numeri,
690 2603 926 2643 secundum
962 2603 1232 2657 Gregorium,
1257 2603 1362 2642 haec
1396 2608 1476 2642 est:
1512 2616 1608 2643 cum
1637 2602 1748 2642 enim
1781 2602 1930 2642 acedia
1960 2602 2015 2642 sit
2035 2602 2204 2642 aversio
2238 2616 2263 2641 a
2294 2602 2513 2643 laborioso

350 2673 392 2707 et
423 2665 546 2721 gravi
580 2678 677 2705 cum
711 2665 995 2705 conversione
1028 2664 1083 2704 ad
1117 2664 1320 2717 quietem,
1356 2676 1409 2703 ex
1442 2669 1559 2717 parte
1593 2664 1887 2704 conversionis
1920 2663 1975 2703 ad
2009 2663 2195 2716 quietem
2230 2669 2407 2717 generat
2435 2677 2513 2704 va-

345 2728 565 2781 gationem
598 2727 714 2767 circa
747 2726 896 2766 illicita
930 2732 1034 2766 etc...
1070 2725 1318 2766 Secundum
1351 2725 1563 2765 Isidorum
1595 2731 1739 2765 autern
1772 2725 2043 2779 assignantur
2064 2725 2170 2764 aliae
2193 2724 2303 2764 filiae
2326 2725 2515 2765 tristitiae

351 2795 393 2830 et
413 2789 522 2829 aliae
555 2788 748 2828 acediae:
784 2788 993 2828 tristitiam
1027 2794 1170 2827 autem
1205 2787 1304 2827 dicit
1336 2787 1587 2840 inquantum
1621 2786 1779 2827 recedit
1810 2800 1835 2826 a
1857 2786 1977 2840 gravi
2012 2792 2053 2826 et
2074 2786 2291 2826 laborioso
2319 2785 2374 2825 ad
2396 2786 2514 2839 quod

349 2856 528 2898 tenetur,
562 2849 754 2890 acediam
789 2862 894 2889 Vero
929 2849 1179 2902 inquantum
1213 2862 1260 2888 se
1294 2848 1504 2888 convertit
1536 2848 1590 2887 ad
1623 2848 1810 2901 quietem
1843 2847 2074 2887 indebitam
2109 2853 2185 2887 etc.
2212 2865 2245 2887 ».
2287 2847 2511 2895 Attamen,

352 2911 452 2965 quia
486 2911 722 2966 Gregorius
765 2911 866 2951 nihil
901 2910 954 2950 de
987 2911 1203 2964 praedicta
1236 2909 1482 2950 definitione
1524 2909 1665 2963 ponit,
1710 2922 1788 2949 nec
1831 2909 1944 2963 apud
1977 2908 2187 2948 Isidorum
2229 2908 2418 2948 invenire
2452 2914 2516 2948 est

352 2972 668 3013 distinctionem
701 2972 767 3012 hic
800 2973 953 3012 factam
986 2972 1093 3012 inter
1114 2971 1323 3012 tristitiam
1357 2977 1399 3011 et
1420 2971 1623 3019 acediam,
1658 2983 1744 3010 non
1777 2970 1868 3010 sine
1901 2970 2064 3010 ratione
2095 2969 2381 3010 coniecturare
2413 2983 2515 3023 pos-

351 3047 500 3088 sumus
533 3034 768 3074 Halensem
802 3047 890 3073 non
924 3034 1058 3073 verba
1096 3033 1174 3073 sed
1207 3046 1382 3073 sensum
1419 3032 1571 3072 Isidori
1605 3032 1756 3072 referre
1789 3032 1914 3079 velle,
1950 3037 1991 3071 et
2024 3031 2068 3072 S.
2091 3031 2306 3071 Thomam
2342 3031 2396 3070 ab
2431 3031 2514 3079 illo,

351 3102 555 3149 tanquam
588 3094 740 3135 Isidori
768 3101 943 3143 textum,
967 3095 1101 3135 verba
1131 3094 1255 3134 citata
1277 3094 1614 3148 deprompsisse:
1649 3106 1700 3133 eo
1725 3093 1793 3133 vel
1826 3093 1964 3147 magis
1987 3093 2105 3146 quod
2128 3092 2287 3132 ibidem
2316 3092 2515 3132 Halensis

352 3157 526 3198 acediae
559 3156 666 3196 filias
689 3156 743 3196 ab
766 3156 933 3197 Isidoro
957 3162 1210 3203 numeratas,
1249 3155 1476 3196 Comment.
1499 3156 1543 3195 in
1564 3156 1704 3201 Deut„
1741 3167 1829 3208 cap.
1853 3166 1940 3202 XVI,
1975 3154 2126 3194 iisdem
2149 3155 2233 3193 fere
2254 3153 2515 3193 variantibus

352 3219 509 3272 quibus
544 3217 588 3258 S.
607 3217 811 3265 Thomas,
846 3218 1003 3258 recitat.
1051 3217 1138 3258 Ubi
1173 3217 1285 3257 enim
1318 3218 1372 3257 ab
1406 3216 1573 3257 Isidoro
1597 3222 1908 3263 enumerantur,
1949 3232 1964 3251 α
1985 3215 2191 3262 otiositas,
2219 3214 2515 3265 somnolentia,

351 3279 660 3334 importunitas,
697 3279 960 3332 inquietudo,
995 3279 1259 3334 pervagatio,
1295 3278 1545 3318 instabilitas
1578 3277 1731 3318 mentis
1765 3283 1806 3317 et
1839 3276 2049 3330 corporis,
2084 3275 2335 3322 verbositas,
2370 3281 2411 3315 et
2443 3288 2516 3315 cu-

352 3341 521 3382 riositas
545 3359 578 3387 »,
614 3340 814 3380 Halensis
847 3340 996 3380 habet:
1037 3357 1051 3376 ε
1078 3340 1284 3385 otiositas,
1319 3339 1616 3387 somnolentia,
1652 3338 1947 3392 importunitas
1978 3338 2130 3378 mentis
2164 3343 2204 3377 et
2228 3336 2428 3390 corporis,
2453 3336 2516 3376 in-

351 3402 570 3456 quietudo,
605 3402 868 3450 instabilitas,
904 3402 1157 3448 verbositas,
1193 3401 1416 3441 curiositas
1447 3415 1488 3449 »;
1536 3401 1727 3440 Thomas
1761 3412 1883 3440 vero:
1940 3417 1952 3434 ι
1973 3399 2181 3446 otiositas,
2216 3397 2514 3446 somnolentia,

350 3464 648 3518 importunitas
683 3463 848 3511 mentis,
883 3462 1134 3516 inquietudo
1169 3462 1372 3516 corporis,
1407 3462 1667 3510 instabilitas,
1702 3460 1955 3507 verbositas,
1991 3460 2211 3500 curiositas
2242 3476 2274 3499 ›.
