2892 4056
178 899 188 910 ⁸
204 898 274 919 Num.
290 905 303 920 1.

170 2177 196 2198 ·S
203 2177 317 2199 .Th.1ect.
324 2183 382 2199 xxn.

424 205 498 241 308

421 289 516 313 tatem
539 283 621 314 hanc
637 293 703 314 esse
722 283 868 314 effectum
887 283 1037 319 caritatis,
1062 290 1092 313 et
1113 290 1220 314 tamen
1236 283 1389 323 possideri
1405 294 1479 314 cum

421 333 550 366 peccato
575 328 710 358 mortali.
742 328 783 358 Et
806 334 865 358 stat
888 327 1027 368 aliquem
1051 327 1137 356 nolle
1167 326 1327 358 caritatem
1357 337 1423 358 esse
1446 328 1479 357 in

421 380 453 400 se
476 371 525 401 vel
549 371 581 401 in
605 371 678 407 alio,
703 378 733 402 et
756 381 821 401 non
845 381 910 401 esse
934 370 1185 401 schismaticum:
1210 371 1270 401 nisi
1286 371 1325 401 ad
1347 371 1409 402 hoc
1426 372 1479 401 de-

419 414 539 445 veniret
567 415 656 455 quod
679 414 778 445 nollet
807 414 891 445 hunc
915 414 1061 444 effectum
1092 414 1226 445 caritatis
1257 424 1323 445 esse
1353 414 1409 455 qui
1433 421 1479 445 est

420 458 523 488 unitas
538 458 706 489 Ecclesiae.
730 458 770 488 Et
788 465 864 488 tunc
888 457 982 488 etiarn
1005 464 1085 488 esset
1102 458 1370 498 distinguendum.
1396 459 1479 496 Quia

420 502 506 532 aliud
527 509 573 532 est
595 502 681 532 nolle
703 501 856 532 unitatem
882 501 1039 532 Ecclesiae
1067 511 1144 538 esse,
1171 509 1202 532 et
1224 502 1310 532 aliud
1335 509 1382 533 est
1404 503 1477 533 sub-

418 546 538 576 trahere
554 556 586 576 se
602 546 708 576 animo
725 545 763 575 ab
779 545 897 575 unitate
920 545 1094 575 Ecclesiae:
1118 546 1200 576 sicut
1215 545 1300 576 aliud
1325 553 1371 577 est
1393 546 1479 576 nolle

418 589 514 619 fidem
538 589 653 620 Christi
677 599 753 625 esse,
778 596 808 619 et
830 589 915 619 aliud
940 596 986 619 est
1009 599 1075 619 non
1098 591 1222 620 credere
1245 599 1281 620 ea
1304 600 1386 630 quae
1405 597 1479 620 sunt

419 632 500 663 fidei.
530 633 706 673 Utrobique
737 633 822 662 enim
845 633 986 672 primum
1016 640 1135 673 spectat
1158 634 1196 664 ad
1229 633 1341 664 odium
1370 643 1476 664 rerum

418 677 644 716 spiritualium:
669 677 846 707 secundum
868 683 975 707 autem
998 677 1038 706 ad
1062 677 1190 717 propria
1205 677 1280 707 vitia
1303 677 1478 707 schismatis

418 728 448 751 et
471 720 614 750 haeresis.
639 738 660 743 —
683 720 733 750 Ad
762 720 795 750 id
818 730 893 750 vero
924 721 1013 761 quod
1043 721 1081 750 de
1112 721 1291 751 obedientia
1320 721 1476 757 obiicitur,

417 763 530 794 dicitur
558 764 647 804 quod
676 763 762 794 nolle
789 764 987 804 pertinaciter
1015 765 1143 795 obedire
1167 765 1302 796 Summo
1332 764 1478 795 Pontifici

417 817 482 838 non
513 814 558 838 est
581 807 733 838 schisma:
765 808 819 838 sed
844 808 929 838 nolle
957 809 1085 839 subesse
1115 809 1173 839 sibi
1197 815 1233 840 ut
1255 809 1351 849 capiti
1379 810 1477 840 totius

416 851 584 887 Ecclesiae,
608 858 654 882 est
677 852 825 888 schisma;
850 852 931 883 sicut
953 862 1019 882 non
1043 853 1166 884 credere
1191 860 1237 884 est
1258 853 1403 884 haeresis.

471 895 523 926 IV.
548 895 599 926 Ad
621 895 749 926 tertium
777 902 884 927 autem
909 896 1044 927 dubium
1065 896 1084 916 ’¹‘
1107 897 1221 928 dicitur
1249 897 1337 938 quod
1368 904 1476 928 contra

416 938 569 970 unitatem
592 939 750 971 Ecclesiae
774 940 940 981 dupliciter
962 941 1116 981 contingit
1134 951 1273 981 peccare.
1298 941 1417 978 Primo,
1434 952 1478 972 se-

415 983 558 1014 cundum
580 983 786 1021 intellectum,
811 984 928 1015 scilicet
950 995 1015 1015 non
1041 985 1196 1016 credendo
1213 985 1388 1017 Ecclesiam
1412 996 1478 1017 esse

414 1038 512 1058 unam
535 1027 636 1068 capite
657 1028 708 1059 vel
727 1028 923 1060 collectione.
947 1029 988 1060 Et
1003 1029 1065 1060 hoc
1080 1036 1161 1060 esset
1182 1037 1348 1069 peccatum
1366 1029 1477 1061 infide-

412 1071 517 1102 litatis.
533 1090 554 1095 —
571 1071 729 1109 Secundo,
746 1073 923 1103 secundum
941 1073 1154 1104 voluntatem:
1175 1080 1205 1104 et
1220 1074 1282 1104 hoc
1301 1074 1476 1114 dupliciter.

413 1116 531 1152 Primo,
556 1117 734 1147 secundum
763 1117 989 1148 intentionem:
1021 1128 1095 1148 cum
1119 1117 1235 1149 scilicet
1257 1119 1381 1159 aliquis,
1405 1119 1477 1149 licet

413 1160 518 1191 credat
540 1160 715 1191 Ecclesiam
738 1170 805 1191 esse
828 1171 936 1198 unam,
952 1161 1087 1192 intendit
1109 1168 1216 1199 tamen
1231 1162 1298 1192 eius
1321 1163 1476 1193 unitatem

413 1205 582 1241 destruere,
599 1204 676 1235 odio
698 1205 748 1235 vel
764 1205 809 1235 ira
833 1205 1007 1236 concitatus
1026 1206 1059 1235 in
1083 1205 1180 1242 illam,
1201 1206 1250 1236 vel
1269 1206 1398 1247 Papam,
1416 1213 1475 1237 etc.

413 1249 576 1286 Secundo,
601 1249 779 1280 secundum
809 1249 913 1290 operis
935 1248 1150 1280 Voluntatem:
1183 1259 1256 1280 cum
1280 1249 1398 1281 scilicet
1421 1249 1474 1280 ali-

413 1292 483 1334 quis
506 1293 576 1324 vult
597 1292 705 1333 potius
720 1292 822 1323 taliter
844 1303 877 1323 se
899 1303 1005 1333 gerere
1028 1303 1064 1323 ac
1088 1293 1113 1324 si
1137 1303 1203 1324 non
1224 1300 1305 1324 esset
1327 1303 1398 1334 pars
1417 1294 1476 1324 Ec-

412 1337 524 1368 clesiae
553 1347 651 1377 quam
675 1347 693 1367 a
717 1337 884 1377 proposito
915 1337 1071 1368 desistere.
1096 1337 1137 1368 Et
1159 1337 1221 1368 hoc
1248 1337 1372 1368 videtur
1399 1347 1475 1368 con-

410 1382 529 1421 tingere
557 1381 606 1411 his
635 1381 691 1422 qui
721 1387 930 1421 praesumunt
956 1381 1097 1422 synodos
1126 1381 1318 1412 universales
1346 1392 1476 1422 congre-

411 1435 501 1466 gare,
527 1425 577 1455 vel
610 1431 813 1465 congregatas
844 1426 898 1456 sed
928 1424 1096 1456 dissolutas
1126 1432 1242 1456 tenere.
1273 1426 1314 1456 Et
1336 1433 1474 1467 utroque

411 1470 511 1500 modo
536 1469 672 1500 schisma
701 1469 882 1502 incurritur:
911 1469 993 1500 sicut
1015 1469 1228 1501 homicidium
1255 1470 1386 1501 incurrit
1408 1480 1474 1501 non

411 1515 518 1545 solum
542 1513 597 1554 qui
621 1513 736 1544 directe
759 1513 894 1545 intendit
916 1514 1068 1550 occidere,
1092 1514 1147 1544 sed
1170 1514 1265 1545 etiam
1288 1515 1344 1555 qui
1368 1514 1475 1555 potius

410 1558 480 1589 vult
501 1568 584 1598 opus
607 1568 698 1598 agere
721 1558 806 1588 unde
829 1568 916 1588 mors
939 1557 1079 1588 hominis
1102 1559 1244 1599 sequitur
1269 1569 1367 1599 quam
1392 1569 1475 1600 opus

411 1603 473 1634 tale
495 1602 682 1642 relinquere.

466 1646 595 1686 Duplici
610 1653 718 1677 autem
733 1645 934 1679 distinctione
954 1656 1037 1686 opus
1052 1654 1098 1678 est
1113 1654 1149 1678 ut
1172 1646 1379 1688 perspiciatur
1394 1658 1475 1688 quo-

410 1691 511 1721 modo
531 1690 668 1720 schisma
691 1690 775 1720 tollit
797 1689 951 1720 unitatem
974 1690 1148 1721 Ecclesiae:
1169 1692 1264 1722 altera
1287 1698 1334 1722 est
1357 1692 1395 1722 de
1419 1702 1475 1722 au-

410 1734 490 1765 ferre
510 1734 687 1765 secundum
710 1733 866 1770 affectum,
889 1733 936 1764 vel
956 1733 1118 1771 effectum;
1144 1735 1239 1765 altera
1262 1742 1309 1765 est
1332 1735 1370 1766 de
1394 1746 1432 1766 eo
1457 1746 1475 1766 a

410 1788 476 1819 quo
507 1777 663 1814 aufertur,
695 1777 812 1808 scilicet
834 1778 873 1807 ab
897 1777 1037 1808 Ecclesia
1064 1779 1115 1808 vel
1138 1789 1156 1808 a
1179 1779 1293 1819 seipso.
1319 1779 1474 1810 Schisma-

409 1823 489 1853 ticus
513 1822 598 1852 enim
614 1821 791 1852 secundum
815 1820 962 1852 affectum
978 1822 1063 1852 tollit
1086 1822 1241 1853 unitatem
1264 1823 1303 1853 ab
1326 1823 1395 1864 ipsa
1414 1824 1474 1854 Ec-

410 1866 517 1897 clesia:
543 1866 624 1896 sicut
646 1865 721 1896 odio
751 1865 869 1895 habens
893 1866 999 1896 Deum
1028 1866 1113 1897 tollit
1141 1867 1318 1898 bonitatem
1341 1868 1379 1898 ab
1403 1868 1474 1908 ipso

408 1917 566 1952 quantum
589 1910 621 1940 in
637 1920 670 1940 se
689 1916 744 1940 est.
762 1909 946 1940 Secundum
970 1916 1078 1941 autem
1097 1910 1244 1941 effectum
1267 1911 1350 1943 tollit
1373 1912 1474 1943 unita-

408 1962 474 1986 tem
497 1954 654 1985 Ecclesiae
681 1964 699 1984 a
722 1953 843 1994 seipso:
868 1954 907 1984 ad
934 1953 996 1984 hoc
1020 1954 1105 1984 enirn
1130 1954 1295 1986 efficaciter
1326 1963 1475 1996 operatur

409 2006 445 2030 ut
466 1999 499 2029 in
523 1999 594 2038 ipso
613 2008 679 2028 non
703 1997 742 2028 sit
765 1997 869 2028 unitas
900 1998 1076 2034 Ecclesiae,
1101 2005 1137 2029 ut
1158 1999 1226 2040 ipse
1250 2010 1316 2030 non
1341 2000 1380 2031 sit
1401 2011 1473 2041 pars

408 2042 604 2074 collectionis
629 2041 810 2073 catholicae.

463 2087 502 2118 V.
527 2087 562 2117 In
586 2086 700 2116 eodem
723 2086 856 2117 articulo
881 2086 1007 2117 adverte
1029 2087 1128 2126 quod,
1154 2087 1229 2127 quia
1257 2087 1374 2118 bonum
1398 2098 1472 2119 con-

407 2132 517 2172 surgit
541 2140 584 2161 ex
598 2140 697 2161 causa
714 2131 853 2171 integra,
875 2131 960 2170 apud
980 2130 1184 2171 Dionysium,
1203 2142 1236 2161 1v
1255 2141 1323 2172 cap.
1344 2132 1384 2163 de
1396 2133 1471 2164 Div.

407 2176 501 2206 Nom.
518 2174 544 2211 *‚
565 2175 685 2205 malum
711 2179 818 2205 autem
835 2184 877 2205 ex
891 2175 1032 2215 singulis
1046 2175 1240 2216 defectibus;
1261 2175 1336 2207 ideo
1362 2177 1402 2207 ad
1417 2177 1471 2208 ha—

408 2220 549 2250 bendum
568 2219 630 2249 hoc
646 2219 769 2249 bonum
785 2219 875 2259 quod
898 2225 945 2249 est
959 2229 1025 2249 esse
1049 2220 1231 2250 membrum
1248 2220 1407 2252 Ecclesiae
1424 2232 1473 2252 ca-

407 2263 544 2295 tholicae
575 2263 743 2302 exiguntur
772 2263 855 2293 duo:
889 2262 1008 2303 primo,
1033 2264 1122 2304 quod
1145 2273 1177 2293 se
1201 2263 1314 2295 habeat
1342 2271 1379 2295 ut
1401 2276 1472 2306 pars

407 2307 491 2338 illius
514 2307 547 2337 in
572 2307 745 2343 credendo,
777 2307 944 2347 sperando,
969 2307 1117 2343 amando,
1140 2307 1375 2345 sanctificando,
1398 2316 1471 2347 etc.;

408 2351 559 2388 secundo,
577 2351 668 2392 quod
691 2350 791 2381 subsit
806 2351 954 2381 Romano
975 2351 1120 2382 Pontifici
1144 2359 1181 2382 ut
1196 2352 1289 2392 capiti
1313 2353 1471 2385 Ecclesiae

408 2396 591 2427 catholicae.
614 2395 748 2435 Propter
763 2395 852 2435 quod
875 2394 908 2425 in
931 2395 1033 2425 littera
1050 2395 1164 2426 dicitur
1179 2397 1269 2437 quod
1293 2397 1397 2428 unitas
1411 2398 1471 2429 Ec-

408 2440 519 2471 clesiae
542 2439 686 2470 consistit
699 2440 731 2469 in
748 2440 973 2470 commixtione
991 2439 1219 2478 membrorum,
1236 2447 1267 2471 et
1285 2440 1347 2471 hoc
1371 2452 1471 2482 quan-

407 2491 478 2515 tum
501 2479 541 2514 ad
563 2484 705 2524 primum
729 2481 778 2525 (fit
801 2483 886 2513 enim
910 2484 972 2513 hoc
994 2493 1051 2524 per
1072 2483 1134 2514 hoc
1153 2485 1242 2525 quod
1266 2494 1377 2515 omnes
1397 2493 1472 2517 sunt

408 2534 587 2568 compartes
611 2525 719 2569 unius)
728 2536 735 2563 ;
761 2533 792 2557 et
815 2528 847 2557 in
871 2527 982 2558 ordine
1005 2529 1147 2558 omnium
1172 2529 1216 2558 ad
1239 2538 1338 2559 unum
1363 2536 1470 2571 caput,

408 2579 438 2603 et
461 2573 523 2602 hoc
546 2578 703 2612 quantum
727 2571 766 2601 ad
790 2571 975 2602 secundum.
1008 2571 1069 2602 Sed
1093 2572 1132 2602 ad
1155 2572 1382 2603 incurrendum
1408 2574 1471 2606 hoc

407 2616 530 2647 malurn
553 2616 642 2656 quod
672 2621 718 2646 est
741 2625 807 2646 esse
837 2615 1072 2646 schismaticum
1101 2616 1215 2647 sufficit
1242 2617 1377 2648 alterum
1400 2618 1470 2649 illo-

406 2669 494 2691 rum:
519 2660 636 2690 scilicet
664 2659 714 2689 vel
742 2658 873 2690 deficere
897 2670 915 2690 a
938 2659 1133 2691 subiectione
1162 2660 1286 2701 capitis,
1310 2662 1360 2693 vel
1384 2673 1470 2693 corn-

407 2705 561 2735 munione
586 2713 660 2734 cum
683 2703 847 2734 universis.
872 2703 913 2734 Et
928 2710 1095 2744 propterea
1118 2704 1151 2735 in
1166 2705 1268 2735 littera
1291 2706 1471 2738 subduntur

406 2749 484 2779 haec
508 2749 572 2779 duo
597 2757 710 2789 genera
733 2747 1017 2785 schismaticorum,
1042 2755 1079 2779 ut
1101 2748 1144 2779 ibi
1168 2755 1263 2789 patet.

460 2793 513 2823 VI.
538 2793 574 2822 In
590 2792 704 2823 eodem
721 2792 852 2823 articulo
868 2792 1003 2823 dubium
1016 2793 1164 2830 occurrit,
1187 2803 1226 2823 an
1243 2803 1379 2834 persona
1394 2794 1469 2831 veri,

406 2837 481 2867 certi
497 2843 527 2867 et
541 2836 708 2867 indubitati
730 2837 834 2877 Papae
850 2836 952 2876 possit
974 2847 1040 2867 esse
1060 2837 1268 2868 schismatica.
1293 2837 1334 2869 Et
1346 2838 1472 2870 videtur

406 2881 495 2922 quod
519 2890 593 2912 non.
619 2880 783 2918 Quoniam
799 2881 838 2911 ab
855 2881 974 2911 unitate
991 2881 1100 2921 capitis
1120 2880 1252 2912 deficere
1267 2892 1334 2912 non
1350 2889 1469 2924 potest:

407 2925 482 2966 quia
496 2924 564 2964 ipse
583 2931 629 2955 est
645 2931 749 2964 caput.
766 2942 787 2948 -
802 2925 852 2955 Ab
868 2925 987 2955 unitate
1011 2935 1143 2966 quoque
1165 2925 1324 2957 Ecclesiae
1339 2926 1471 2958 deficere

407 2978 473 2999 non
496 2975 615 3008 potest:
639 2968 795 3009 quoniam
817 2969 957 3000 Ecclesia
980 2976 1026 3000 est
1041 2969 1074 2999 in
1097 2970 1179 3010 ipso,
1195 2970 1281 3001 iuxta
1303 2970 1382 3001 illud
1405 2970 1470 3012 Cy-

408 3012 519 3053 priani,
536 3012 603 3048 VII,
621 3022 674 3053 qu.
691 3023 711 3048 1,
729 3013 819 3043 Scire
833 3013 935 3051 debes,
953 3013 1008 3044 ubi
1030 3014 1158 3044 dicitur:
1182 3014 1274 3045 Scire
1288 3014 1380 3046 debes
1394 3015 1470 3056 Epi-

407 3066 536 3097 scopum
561 3057 593 3086 in
609 3056 753 3087 Ecclesia
777 3066 858 3095 esse,
883 3062 914 3088 et
935 3057 1110 3088 Ecclesiam
1131 3059 1163 3089 in
1187 3058 1365 3099 Episcopo;
1391 3064 1422 3089 et
1442 3060 1471 3090 si

407 3101 479 3142 quis
502 3110 573 3131 cum
597 3101 754 3141 Episcopo
778 3110 840 3130 non
863 3102 914 3139 sit,
940 3102 971 3131 in
995 3102 1140 3133 Ecclesia
1164 3111 1227 3133 non
1251 3111 1329 3134 esse.

464 3144 499 3174 In
524 3144 712 3185 oppositum
727 3151 834 3175 autem
850 3151 896 3175 est
915 3146 1069 3185 quoniam
1084 3147 1170 3187 Papa
1191 3152 1297 3187 potest
1312 3146 1470 3177 incurrere

407 3188 440 3219 in
463 3188 627 3225 haeresim,
645 3195 676 3219 et
691 3195 920 3230 consequenter
935 3189 967 3220 in
984 3190 1135 3221 schisma:
1156 3190 1232 3232 quia
1245 3191 1351 3222 omnis
1366 3191 1471 3222 haere-

407 3233 487 3264 ticus
510 3240 557 3263 est
579 3233 806 3270 schismaticus,
829 3233 902 3264 licet
924 3244 990 3264 non
1013 3245 1030 3265 e
1053 3244 1218 3265 converso.

1085 205 1351 251 QUAESTIO
1379 206 1561 254 XXXIX,
1591 205 1887 243 ARTICULUS
1917 207 1931 242 I

1586 284 1637 314 Ad
1659 283 1721 314 hoc
1745 283 1859 314 dicitur
1881 284 1979 324 quod,
2001 284 2074 316 licet
2095 285 2233 317 diversae
2256 287 2319 319 sint
2340 288 2391 319 hic
2414 288 2592 329 opiniones,

1533 328 1652 367 absque
1683 327 1782 357 dubio
1813 333 1919 358 tamen
1947 334 2034 366 patet
2063 329 2152 368 quod
2181 330 2285 370 Papae
2314 341 2451 372 persona
2474 333 2593 364 crimen

1533 370 1719 407 schismatis,
1738 371 1832 401 etiarn
1856 370 1923 402 sine
1945 371 2076 408 haeresi,
2091 371 2248 404 incurrere
2271 382 2385 415 potest.
2410 376 2508 414 Quod
2522 386 2595 417 pro-

1533 415 1625 445 batur
1655 424 1691 444 ex
1715 424 1753 444 eo
1783 415 1872 455 quod
1899 415 2067 446 adunatio
2081 415 2221 456 partium
2243 417 2310 448 sine
2341 419 2457 460 quibus
2488 426 2594 451 totum

1532 458 1643 489 salvari
1667 464 1772 498 potest
1802 468 1876 489 cum
1905 459 1976 499 ipso
2006 465 2077 489 toto
2106 469 2172 490 non
2197 466 2244 491 est
2265 461 2502 494 indissolubilis.
2532 463 2594 494 Sed

1532 502 1682 533 adunatio
1699 511 1852 543 personae
1868 503 1971 543 Papae
1995 513 2070 534 cum
2086 509 2165 539 toto,
2182 503 2263 535 idest
2280 506 2430 543 Ecclesia,
2447 513 2495 537 est
2507 507 2593 537 talis:

1531 546 1648 577 scilicet
1677 546 1766 586 quod
1795 545 1862 577 sine
1892 547 1961 588 ipsa
1983 547 2123 578 Ecclesia
2153 547 2291 580 salvatur
2318 549 2352 581 in
2375 560 2432 581 sua
2463 551 2593 583 unitate.

1532 591 1616 630 Ergo
1641 599 1776 630 persona
1791 591 1896 631 Papae
1918 597 2024 632 potest
2039 591 2210 622 dissolvere
2233 602 2266 623 se
2289 593 2328 624 ab
2343 594 2501 625 Ecclesiae
2524 595 2594 626 uni-

1531 641 1603 665 tate.
1629 634 1701 664 Hoc
1724 641 1831 665 autem
1855 641 1902 665 est
1924 645 1991 665 esse
2014 635 2260 667 schismaticum.
2281 654 2302 659 -
2321 636 2427 668 Minor
2448 645 2534 678 patet
2557 649 2594 669 ex

1532 689 1570 708 eo
1595 678 1693 718 quod,
1718 679 1791 708 sede
1805 685 1945 716 vacante,
1969 679 2110 709 Ecclesia
2134 686 2180 710 est
2195 689 2259 710 una
2282 679 2348 711 sine
2371 681 2436 711 ulla
2458 692 2595 722 persona

1531 723 1645 762 Papae.
1942 735 1945 738 >

1586 766 1794 806 Contingeret
1809 772 1916 796 autem
1938 766 2001 797 hoc
2017 766 2049 796 in
2073 767 2181 797 animo
2206 767 2337 807 quidem
2352 768 2466 808 Papae,
2483 769 2509 799 si
2524 770 2594 800 nol-

1531 810 1574 840 let
1596 810 1834 841 communicare
1857 819 1930 841 cum
1954 810 2092 841 Ecclesia
2118 818 2152 842 ut
2175 821 2246 851 pars
2268 811 2364 848 illius,
2389 818 2425 843 ut
2448 820 2543 853 caput
2557 813 2594 844 il-

1530 854 1592 884 lius
1621 854 1654 884 in
1678 854 1913 895 spiritualibus;
1944 855 1999 885 sed
2027 855 2142 886 habere
2171 865 2204 885 se
2234 861 2360 886 tantum
2390 862 2426 887 ut
2444 856 2595 888 dominus

1531 898 1725 939 temporalis.
1756 899 1792 929 In
1822 908 1919 939 opere
1949 908 2042 935 vero,
2074 899 2099 929 si
2130 898 2213 930 facto
2244 899 2306 930 hoc
2334 899 2463 936 faceret;
2494 900 2545 931 vel
2567 901 2594 932 ai

1530 942 1805 974 excommunicare
1834 949 2048 983 praesumeret
2076 943 2261 974 Ecclesiam.
2292 943 2427 975 Constat
2455 954 2595 985 namque

1530 987 1620 1028 quod
1643 988 1676 1018 in
1699 987 1886 1017 huiusmodi
1910 987 1994 1017 mala
2017 994 2126 1027 posset
2148 997 2283 1028 persona
2306 988 2410 1028 Papae
2439 988 2592 1019 incidere:

1530 1041 1566 1062 ac
1589 1041 1646 1072 per
1668 1032 1730 1062 hoc
1752 1041 1824 1062 vere
1848 1030 2066 1062 schismaticus
2089 1038 2179 1062 esset.

1588 1076 1639 1107 Ad
1662 1075 1803 1116 primum
1827 1081 1935 1105 autem
1956 1075 1990 1105 in
2013 1076 2200 1115 oppositum
2218 1075 2331 1107 dicitur
2353 1077 2442 1117 quod
2459 1086 2595 1117 persona

1529 1120 1634 1160 Papae
1658 1125 1763 1159 potest
1785 1128 1916 1149 renuere
1939 1119 2068 1149 subesse
2090 1119 2196 1150 officio
2220 1121 2333 1160 Papae,
2357 1121 2447 1161 quod
2469 1130 2527 1161 per
2545 1131 2594 1152 ac-

1530 1163 1637 1194 cidens
1660 1169 1707 1193 est
1729 1171 1787 1202 pro
1811 1169 1888 1193 tunc
1911 1162 1944 1192 in
1966 1163 2048 1202 ipso.
2072 1163 2113 1194 Et
2136 1163 2161 1194 si
2185 1163 2247 1195 hoc
2269 1164 2302 1194 in
2325 1165 2434 1195 animo
2457 1165 2593 1205 pertina-

1529 1207 1605 1238 citer
1627 1212 1762 1246 gereret,
1788 1212 1869 1236 esset
1895 1206 2115 1237 schismaticus
2143 1217 2200 1248 per
2219 1209 2451 1248 separationem
2481 1209 2530 1240 sui
2554 1209 2593 1240 ab

1529 1251 1649 1282 unitate
1665 1250 1785 1290 capitis.
1808 1250 1939 1289 Ligatur
1955 1250 2113 1291 siquidem
2128 1261 2264 1291 persona
2287 1262 2344 1283 sua
2357 1252 2482 1293 legibus
2498 1252 2594 1284 officii

1528 1295 1578 1326 sui
1602 1294 1710 1335 quoad
1726 1294 1842 1331 Deum,
1859 1300 1895 1324 ut
1917 1293 1950 1324 in
1965 1294 2165 1334 praecedenti
2182 1295 2280 1326 Libro
2294 1295 2313 1315 ⁸
2326 1295 2520 1328 declaratum
2537 1304 2592 1329 est.

1582 1339 1634 1369 Ad
1649 1338 1828 1370 secundum
1844 1338 1959 1369 dicitur
1980 1338 2070 1379 quod
2084 1338 2224 1370 Ecclesia
2243 1346 2290 1370 est
2311 1339 2344 1370 in
2358 1340 2445 1381 Papa
2462 1337 2593 1382 quando

1526 1383 1595 1423 ipse
1619 1392 1652 1413 se
1675 1382 1770 1413 habet
1792 1388 1828 1413 ut
1849 1382 1945 1423 Papa,
1969 1389 2006 1413 ut
2029 1389 2124 1423 caput
2139 1383 2307 1415 Ecclesiae.
2330 1383 2470 1421 Quando
2487 1389 2595 1416 autem

1527 1428 1595 1468 ipse
1618 1427 1718 1458 nollet
1733 1436 1766 1457 se
1789 1427 1904 1457 habere
1920 1433 1957 1457 ut
1979 1433 2076 1467 caput
2090 1427 2167 1463 eius,
2185 1437 2288 1469 neque
2307 1427 2448 1459 Ecclesia
2462 1428 2495 1458 in
2511 1428 2594 1470 ipso,

1528 1481 1632 1513 neque
1655 1471 1723 1512 ipse
1741 1471 1775 1502 in
1797 1471 1938 1502 Ecclesia
1962 1478 2052 1502 esset.
2581 1493 2594 1498 α

1583 1515 1651 1547 VII.
1685 1516 1721 1546 In
1751 1515 1959 1556 responsione
1989 1516 2029 1545 ad
2058 1515 2237 1546 secundum
2267 1516 2393 1546 adverte
2428 1516 2595 1556 diligenter

1528 1561 1618 1601 quod
1647 1569 1790 1590 recusare
1820 1566 2027 1600 praeceptum
2056 1559 2106 1590 vel
2129 1559 2283 1590 iudicium
2312 1560 2417 1600 Papae
2440 1560 2596 1601 contingit

1527 1604 1706 1645 tripliciter:
1731 1604 1854 1644 primo,
1885 1614 1921 1634 ex
1944 1610 2031 1644 parte
2061 1603 2106 1634 rei
2129 1604 2285 1635 iudicatae
2314 1605 2370 1634 seu
2393 1610 2592 1645 praeceptae;

1527 1648 1680 1684 secundo,
1706 1657 1743 1679 ex
1766 1654 1854 1688 parte
1877 1658 2032 1688 personae
2055 1647 2239 1685 iudicantis;
2262 1647 2365 1685 tertio,
2385 1658 2423 1679 ex
2441 1655 2529 1689 parte
2545 1648 2593 1679 of-

1527 1692 1590 1723 ficii
1614 1692 1715 1733 ipsius
1738 1692 1861 1723 iudicis.
1886 1692 1918 1723 Si
1943 1692 2014 1733 quis
2038 1691 2133 1728 enim,
2159 1691 2254 1723 etiam
2277 1692 2492 1732 pertinaciter,
2517 1702 2592 1724 con-

1527 1743 1648 1768 temnat
1680 1736 1870 1767 sententiam
1897 1736 2017 1776 Papae,
2041 1735 2116 1776 quia
2145 1736 2263 1767 scilicet
2292 1746 2359 1767 non
2388 1737 2459 1768 vult
2480 1738 2594 1779 exequi

1527 1791 1609 1821 quae
1625 1780 1797 1816 mandavit,
1814 1787 1892 1820 puta
1908 1780 2063 1811 abstinere
2087 1790 2105 1810 a
2127 1780 2182 1811 tali
2200 1780 2294 1816 bello,
2310 1781 2474 1812 restituere
2496 1782 2594 1813 talem

1527 1831 1654 1861 statum,
1676 1831 1749 1860 etc.;
1780 1824 1853 1855 licet
1868 1824 2051 1863 gravissime
2067 1831 2157 1861 erret,
2174 1834 2242 1855 non
2269 1831 2377 1855 tamen
2397 1832 2444 1856 est
2471 1834 2508 1856 ex
2530 1826 2593 1857 hoc

1527 1868 1755 1900 schismaticus.
1787 1868 1955 1909 Contingit
1984 1878 2140 1909 namque,
2169 1875 2200 1900 et
2229 1878 2336 1908 saepe,
2365 1869 2450 1900 nolle
2480 1869 2594 1912 exequi

1526 1919 1694 1954 praecepta
1715 1912 1897 1953 superioris,
1921 1919 2040 1944 retenta
2063 1919 2169 1943 tamen
2192 1913 2408 1953 recognitione
2437 1913 2538 1954 ipsius
2555 1913 2594 1944 'in

1527 1957 1736 1998 superiorem.

1582 2002 1614 2032 Si
1634 2001 1705 2042 quis
1729 2010 1804 2031 vero
1829 2010 1999 2042 personam
2028 2001 2132 2042 Papae
2164 2003 2345 2042 suspectam
2367 2001 2595 2033 rationabiliter

1526 2045 1630 2082 habet,
1647 2052 1679 2076 et
1693 2051 1862 2086 propterea
1878 2054 1944 2075 non
1965 2045 2072 2076 solum
2088 2045 2300 2086 praesentiam
2321 2045 2400 2082 eius,
2416 2046 2473 2076 sed
2495 2045 2592 2077 etim

1525 2090 1749 2121 immediatum
1777 2089 1933 2120 iudicium
1962 2096 2100 2126 recusat,
2131 2095 2260 2129 paratus
2282 2090 2322 2119 ad
2345 2096 2592 2130 non—suspectos

1524 2134 1645 2165 iudices
1662 2134 1700 2165 ab
1724 2133 1840 2164 eodem
1855 2133 2074 2174 suscipiendos
2080 2142 2087 2170 ;
2112 2142 2170 2163 nec
2193 2132 2369 2164 schismatis
2385 2143 2444 2164 nec
2462 2133 2592 2166 alterius

1524 2178 1592 2209 vitii
1616 2178 1734 2209 crimen
1763 2177 1903 2208 incurrit.
1928 2177 2079 2208 Naturale
2102 2186 2241 2218 namque
2265 2183 2312 2208 est
2340 2177 2456 2209 evitare
2478 2178 2592 2209 nociva

1525 2229 1556 2253 et
1579 2232 1686 2253 cavere
1710 2232 1727 2252 a
1755 2221 1917 2262 periculis:
1943 2227 2111 2262 potestque
2134 2230 2270 2261 persona
2297 2221 2401 2262 Papae
2428 2222 2592 2262 tyrannice

1523 2267 1716 2306 gubernare3
1742 2272 1773 2296 et
1787 2272 1875 2296 tanto
1900 2265 2022 2296 facilius
2037 2272 2159 2306 quanto
2180 2265 2343 2306 potentior
2366 2271 2413 2296 est
2436 2272 2467 2296 et
2490 2266 2592 2297 nemi-

1525 2320 1599 2341 nem
1621 2310 1654 2340 in
1677 2309 1767 2341 terris
1797 2309 1888 2340 timet
1918 2310 2068 2340 ultorem.

1578 2354 1665 2385 Cum
1688 2354 1759 2395 quis
1784 2360 1891 2384 autem
1920 2354 2025 2393 Papae
2056 2358 2266 2397 praeceptum
2285 2352 2336 2383 vel
2365 2353 2522 2384 iudicium
2551 2363 2590 2385 ex

1523 2405 1611 2438 parte
1630 2397 1679 2428 sui
1699 2397 1795 2428 officii
1819 2404 1951 2433 recusat,
1968 2407 2034 2427 non
2050 2406 2282 2437 recognoscens
2299 2406 2375 2427 eum
2393 2403 2429 2428 ut
2448 2397 2591 2438 superio·

1523 2452 1606 2478 rem,
1631 2441 1778 2483 quamvis
1808 2441 1870 2471 hoc
1894 2441 2012 2476 credat;
2037 2447 2115 2472 tunc
2137 2440 2265 2481 proprie
2289 2441 2509 2472 schismaticus
2531 2448 2590 2474 est.

1523 2486 1564 2516 Et
1582 2486 1668 2516 iuxta
1692 2485 1778 2527 hunc
1794 2495 1923 2515 sensum
1939 2484 2143 2524 intelligenda
2158 2491 2233 2515 sunt
2246 2485 2341 2516 verba
2359 2485 2480 2516 litterae
2494 2485 2591 2519 huius

1523 2537 1553 2561 et
1576 2529 1740 2560 similium.
1763 2529 1983 2560 inobedientia
2006 2529 2101 2566 enim,
2117 2535 2416 2570 quantumcumque
2435 2530 2589 2570 pertinax,

1522 2584 1589 2605 non
1622 2573 1786 2604 constituit
1809 2573 1945 2604 schisma
1961 2573 2021 2604 nisi
2045 2574 2085 2604 sit
2107 2573 2236 2604 rebellio
2260 2573 2301 2604 ad
2320 2573 2462 2604 officium
2485 2574 2589 2615 Papae

1521 2619 1572 2649 vel
1593 2618 1762 2654 Ecclesiae,
1778 2617 1822 2648 ita
1845 2624 1882 2648 ut
1903 2624 2015 2648 renuat
2029 2617 2075 2648 illi
2098 2617 2237 2654 subesse,
2254 2617 2346 2648 illum
2365 2627 2590 2659 recognoscere

1523 2669 1560 2694 ut
1582 2662 1789 2702 superiorem,
1815 2668 1874 2692 etc.
2579 2668 2586 2671 ”

1577 2707 1660 2738 VIII.
1683 2706 1719 2736 In
1738 2705 1867 2746 reliquis
1883 2705 2027 2736 eiusdem
2050 2705 2244 2746 quaestionis
2260 2705 2398 2736 articulis
2421 2706 2500 2736 nihil
2515 2705 2588 2737 scti-

1522 2751 1663 2781 bendum
1687 2749 1825 2780 occurrit
1847 2749 1906 2779 nisi
1930 2750 2020 2790 quod
2041 2749 2075 2779 in
2098 2749 2190 2780 tertio
2214 2749 2348 2780 articulo
2371 2756 2501 2781 notetur
2523 2750 2588 2781 dis·

1522 2794 1632 2826 tinctio
1663 2793 1827 2834 potestatis
1851 2793 1970 2824 ordinis
1994 2799 2025 2824 et
2046 2793 2271 2824 iurisdictionis
2300 2794 2410 2834 quoad
2432 2793 2589 2834 originem

1523 2845 1554 2870 et
1575 2837 1842 2879 permanentiam:
1867 2837 1957 2878 quod
1978 2837 2032 2867 illa
2055 2847 2111 2877 per
2134 2836 2415 2874 consecrationem,
2432 2837 2510 2868 haec
2532 2847 2589 2879 per

1523 2882 1700 2923 simplicem
1715 2881 1855 2913 hominis
1871 2881 2104 2912 iniunctionem
2126 2880 2176 2918 fit;
2201 2887 2233 2912 et
2254 2881 2328 2911 ideo
2343 2881 2397 2912 illa
2411 2881 2588 2913 indelebilis

1523 2933 1578 2964 est,
1602 2927 1661 2958 ista
1685 2933 1791 2957 autem
1815 2936 1830 2956 a
1854 2926 2018 2956 voluntate
2041 2925 2180 2956 hominis
2203 2925 2331 2966 pendet.

1579 2971 1614 3001 In
1629 2977 1743 3012 quarto
1760 2969 1891 3001 autem*
1907 2969 2084 3001 advertatur
2099 2969 2198 3011 quod,
2214 2969 2295 3000 sicut
2309 2976 2421 3010 petens
2435 2976 2588 3002 mutuum

1523 3016 1562 3046 ab
1585 3015 1730 3046 usurario
1753 3020 1884 3055 propter
1906 3023 1998 3044 suam
2021 3013 2239 3045 necessitatem
2268 3023 2335 3044 non
2365 3020 2488 3054 peccat,
2513 3013 2589 3056 quia

1523 3059 1602 3100 petit
1625 3069 1708 3100 opus
1731 3059 1856 3090 bonum
1879 3069 1897 3088 a
1920 3064 2049 3098 potente
2078 3058 2158 3089 illud
2180 3058 2260 3088 bene
2290 3058 2434 3089 exhibere
2456 3058 2482 3089 si
2504 3058 2587 3096 vult;

1522 3103 1565 3134 ita
1581 3110 1690 3144 petens
1706 3103 1739 3133 in
1763 3102 1956 3134 necessitatis
1976 3102 2109 3133 articulo
2125 3102 2321 3143 baptismum
2344 3112 2362 3133 a
2385 3102 2586 3134 schismatico

1523 3154 1698 3179 excusatur.
1721 3147 1802 3179 Petit
1815 3157 1955 3188 namque
1969 3147 2094 3177 bonum
2110 3157 2128 3177 a
2143 3152 2273 3188 potente
2296 3146 2376 3178 illud
2398 3147 2478 3177 bene
2502 3146 2587 3178 exhi-

1523 3192 1595 3223 bere
1619 3192 1644 3223 si
1669 3191 1745 3223 vult.

2620 1297 2629 1307 ⁵
2636 1296 2683 1324 Qu·
2693 1301 2756 1324 xmv
2762 1300 2805 1319 m·
2810 1302 2830 1324 5·

2619 1322 2753 1371 &tamenn
2765 1329 2830 1345 num.

2614 2979 2624 2991 ¹·
2638 2978 2665 3001 Ia
2678 2984 2740 3007 resp.
2754 2978 2783 3000 ad
2799 2985 2815 3000 ι.
