2892 4056
178 682 187 692 ⁸
203 682 239 703 Cf.
263 687 300 708 qu.
325 687 388 707 xxiii,

178 707 263 729 Introd.

205 1672 282 1699 Topic.
302 1672 332 1693 lb
359 1672 379 1693 Π

176 1704 227 1726 cap.
243 1705 274 1720 vu
331 1706 345 1724 4

176 1889 305 1916 ’Quacum
314 1888 386 1910 art-6.

174 2100 183 2109 ⁸
199 2098 265 2120 Vers.
280 2105 312 2125 ¹4·

175 2627 234 2654 ‘Qu.
243 2630 385 2652 Lxxx,nrt.2.

177 2728 185 2736 ⁸
199 2726 226 2748 D.
243 2727 290 2748 228.

178 2895 187 2904 ⁸
202 2894 228 2915 D.
243 2900 291 2922 ²29·

175 2943 185 2953 ⁸
200 2943 227 2964 D.
242 2948 291 2971 ²30-

422 157 493 193 174

1097 146 1362 193 QUAESTIO
1392 147 1532 194 XXIV,
1561 146 1856 183 ARTICULUS
1885 147 1898 182 l

910 342 1320 419 QUAESTIO
1357 341 2100 419 VIGESIMAQUARTA

1118 452 1202 493 DE
1236 452 1558 516 CARITATIS
1592 451 1889 493 SUBIECTO

1186 550 1221 575 IN
1250 550 1437 576 DUODECIM
1463 549 1666 575 ARTICULOS
1694 549 1811 575 DIVlSA

498 638 604 663 EINDE
633 624 952 662 considerandum
984 632 1039 661 est
1066 625 1114 662 de
1135 625 1286 663 caritate
1306 626 1344 663 in
1373 638 1476 662 com-

417 637 692 727 Dparatione
720 678 769 714 ad
797 677 1008 714 subiectum
1027 677 1058 714 ³⁸.

416 733 464 768 Et
492 731 589 767 circa
617 732 691 767 hoc
719 737 954 778 quaeruntur
982 730 1198 767 duodecim.

468 783 616 820 Primo:
645 790 774 820 utrum
794 783 928 820 caritas
948 782 993 820 sit
1011 783 1050 820 in
1068 785 1264 820 voluntate
1292 791 1474 832 tanquam
1500 775 1502 782 ’

520 836 559 873 in
587 835 769 874 subiecto.

468 889 664 926 Secundo:
703 897 831 926 utrum
870 889 1004 926 caritas
1039 898 1215 927 causetur
1250 889 1289 926 in
1317 890 1473 927 homine

521 954 565 979 ex
594 942 740 979 actibus
767 942 1096 991 praecedentibus,
1125 943 1188 980 vel
1212 955 1257 979 ex
1285 944 1472 980 infusione

523 995 662 1032 divina.

467 1048 614 1085 Tertio:
643 1055 771 1085 utrum
799 1048 1016 1086 infundatur
1044 1049 1256 1086 secundum
1290 1049 1472 1098 capacita-

520 1109 597 1138 tem
625 1101 864 1138 naturalium.

468 1153 629 1200 Quarto:
659 1163 785 1191 utrum
814 1162 996 1202 augeatur
1028 1154 1066 1190 in
1093 1154 1420 1209 habentebipsam.
1477 1160 1479 1162 ’

1583 625 1746 672 Quinto:
1775 633 1903 662 utrum
1931 633 2112 674 augeatur
2139 637 2209 674 per
2236 625 2481 665 additionem.

1584 679 1715 716 Sexto:
1745 686 1873 716 utrum
1903 678 2072 728 quolibet
2101 686 2186 715 actu
2215 686 2406 726 augeatur.

1583 731 1772 780 Septimo:
1802 739 1928 768 utrum
1958 739 2138 780 augeatur
2165 731 2205 768 in
2232 731 2432 768 infinitum.

1582 784 1756 822 Octavo:
1781 792 1908 822 utrum
1948 785 2081 823 caritas
2113 783 2200 822 viae
2231 784 2351 833 possit
2387 797 2468 821 esse
2505 797 2589 834 per-

1633 837 1740 874 fecta.

1579 891 1714 927 Nono:
1744 891 1791 927 de
1821 890 1979 927 diversis
2007 889 2186 938 gradibus
2216 890 2388 927 caritatis.

1546 940 1548 942 ’
1580 943 1759 980 Decimo:
1788 950 1916 980 utrum
1946 943 2079 980 caritas
2106 942 2226 991 possit
2255 943 2428 980 diminui.

1579 996 1808 1034 Undecimo:
1837 1003 1965 1032 utrum
1994 996 2127 1032 caritas
2164 997 2281 1032 semel
2310 996 2437 1033 habita
2472 997 2591 1045 possit

1636 1049 1767 1085 amitti.

1579 1101 1837 1138 Duodecimo:
1868 1108 1995 1138 utrum
2024 1101 2215 1138 amittatur
2232 1113 2301 1150 per
2320 1114 2442 1139 unum
2463 1110 2589 1140 actum

1635 1153 1781 1201 peccati
1809 1153 1988 1190 mortalis.

1225 1275 1542 1318 ARTICULUS
1574 1275 1779 1317 PRIMUS
1815 1311 1818 1314 Α

985 1360 1140 1391 UTRUM
1163 1359 1397 1391 VOLUNTAS
1421 1359 1487 1390 slr
1511 1359 1760 1391 SUBIECTUM
1784 1358 2016 1390 CARITATIS

852 1438 875 1462 1⁸
895 1438 950 1467 11⁸⁶,
970 1445 1015 1471 qu.
1034 1445 1085 1470 nvi,
1104 1443 1150 1463 art.
1170 1437 1201 1470 ὃς
1221 1439 1252 1463 ΙΙΙ
1271 1438 1355 1469 Sent.‚
1376 1438 1434 1462 dist.
1453 1445 1527 1469 xxvn,
1547 1446 1593 1471 qu.
1611 1445 1639 1469 11,
1659 1443 1706 1463 art.
1726 1437 1754 1468 3;
1774 1438 1816 1462 De
1837 1437 1943 1466 virtut„
1963 1445 2009 1470 qu.
2027 1445 2044 1467 1,
2064 1442 2110 1463 art.
2131 1437 2156 1462 5.

466 1533 492 1556 ρ
533 1528 601 1569 fif<
626 1521 647 1545 D
672 1521 808 1546 PRIMUM
834 1521 887 1546 SIC
913 1521 1153 1546 PROCEDITUR.
1183 1509 1342 1546 Videtur
1370 1509 1475 1557 quod
1501 1508 1504 1559 l
1527 1516 1586 1545 tus
1620 1509 1842 1556 sensitivus,
1873 1509 1941 1546 sed
1977 1509 2164 1558 appetitus
2197 1498 2467 1557 intellectivus,
2496 1510 2592 1548 idest

451 1537 802 1620 &Qvoluntas
839 1574 917 1599 non
959 1562 1005 1599 sit
1045 1562 1258 1599 subiectum
1301 1562 1474 1599 caritatis.

431 1614 435 1621 ’
465 1620 472 1642 7
516 1628 553 1659 Vq
573 1618 595 1658 ἦ
627 1615 770 1652 Caritas
813 1615 914 1652 enim
952 1627 1061 1652 amor
1088 1615 1243 1664 quidam
1287 1623 1353 1653 est.
1398 1615 1474 1652 Sed

446 1615 470 1661 ,ἵ
490 1628 513 1652 *-
543 1660 546 1663 ⁴
591 1658 593 1660 ,

348 1715 353 1720 .
381 1688 387 1699 ι
432 1641 446 1670 ²
470 1640 568 1699 ἑὼ)
583 1657 747 1714 amor,
777 1668 988 1705 secundum
1008 1669 1288 1717 Philosophum
1308 1668 1339 1716 ²⁸,
1362 1676 1417 1705 est
1435 1669 1474 1705 in

414 1719 708 1768 concupiscibili.
739 1721 841 1768 Ergo
872 1729 908 1757 et
937 1721 1068 1758 caritas
1098 1728 1153 1758 est
1180 1723 1218 1758 in
1243 1721 1476 1770 concupisci-

413 1773 487 1817 bili,
519 1779 555 1808 et
583 1784 661 1810 non
690 1773 728 1810 in
755 1774 963 1810 voluntate.

467 1838 501 1862 2.
533 1827 764 1873 PRAETEREA,
787 1827 919 1863 caritas
953 1833 1008 1863 est
1025 1826 1340 1875 principalissima
1358 1826 1474 1863 virtu—

412 1887 506 1924 tum,
534 1886 576 1915 ut
604 1891 718 1928 supra
736 1879 756 1901 ⁸¹⁸
776 1879 918 1916 dictum
947 1887 1013 1916 est.
1045 1879 1121 1916 Sed
1151 1879 1363 1916 subiectum
1400 1879 1475 1916 vir-

412 1931 499 1970 tutis
529 1940 584 1969 est
612 1932 718 1969 ratio.
749 1933 851 1981 Ergo
879 1932 1031 1970 videtur
1059 1932 1164 1980 quod
1203 1933 1334 1970 caritas
1364 1932 1410 1969 sit
1436 1933 1474 1970 in

413 1985 570 2032 ratione,
602 1993 637 2022 et
665 1997 743 2022 non
774 1986 811 2023 in
839 1986 1047 2023 voluntate.

468 2039 501 2075 3.
532 2039 774 2085 Pmermm,
815 2039 946 2076 caritas
975 2051 1016 2075 se
1050 2038 1215 2076 extendit
1252 2038 1300 2075 ad
1338 2051 1474 2076 omnes

413 2099 518 2128 actus
546 2092 753 2128 humanos:
785 2093 995 2129 secundum
1016 2092 1107 2128 illud
1134 2093 1147 2128 Ι
1172 2092 1223 2128 ad
1245 2092 1331 2128 Cor.
1351 2092 1416 2128 ult.
1436 2091 1472 2128 *ε

417 2144 552 2182 Omnia
590 2150 712 2182 vestra
749 2145 785 2181 in
815 2146 972 2182 caritate
987 2146 1102 2192 fiant.
1141 2145 1217 2182 Sed
1246 2144 1474 2194 principium

412 2198 669 2234 humanorum
698 2205 852 2234 actuum
873 2206 928 2235 est
947 2198 1109 2234 liberum
1136 2197 1341 2234 arbitrium.
1372 2199 1474 2246 Ergo

411 2250 563 2287 videtur
592 2250 697 2298 quod
727 2251 860 2287 caritas
889 2251 1052 2288 maxime
1091 2250 1136 2287 sit
1163 2250 1201 2287 in
1229 2251 1348 2287 libero
1378 2251 1474 2288 arbi-

412 2303 483 2340 trio
513 2303 608 2340 sicut
635 2303 673 2340 in
703 2304 886 2350 subiecto,
917 2311 952 2340 et
980 2316 1058 2340 non
1087 2303 1125 2340 in
1152 2304 1361 2340 voluntate.

468 2357 540 2393 SED
571 2368 715 2393 CONTRA
753 2368 818 2393 EST
855 2357 960 2404 quod
994 2357 1186 2394 obiectum
1224 2357 1382 2393 caritatis
1421 2354 1502 2393 est'

413 2410 571 2456 bonum,
588 2409 693 2457 quod
714 2410 826 2446 etiam
848 2418 902 2446 est
921 2410 1112 2447 obiectum
1131 2409 1349 2446 voluntatis.
1371 2410 1473 2457 Ergo

414 2462 547 2498 caritas
577 2470 632 2499 est
659 2462 696 2498 in
724 2463 918 2499 voluntate
951 2463 1046 2500 sicut
1073 2462 1111 2499 in
1139 2462 1321 2499 subiecto.

467 2516 693 2552 REsposm-:o
730 2527 914 2552 DICENDUM
956 2515 1082 2564 quod,
1122 2527 1210 2551 cum
1252 2515 1392 2563 duplex
1429 2514 1475 2551 sit

413 2568 611 2617 appetitus,
642 2567 781 2605 scilicet
809 2568 1008 2605 sensitivus
1043 2575 1078 2605 et
1106 2568 1375 2616 intellectivus,
1409 2567 1474 2616 qui

415 2621 548 2658 dicitur
582 2622 780 2667 voluntas,
819 2629 859 2658 ut
895 2622 932 2658 in
969 2621 1099 2658 Primo
1129 2621 1149 2642 *
1187 2620 1359 2657 habiturn
1396 2627 1472 2666 est;

413 2674 607 2723 utriusque
637 2674 832 2711 'obiectum
872 2682 927 2711 est
955 2675 1124 2721 bonum,
1154 2674 1222 2710 sed
1251 2673 1474 2711 diversimo-

415 2727 462 2764 de
480 2726 511 2764 *.
542 2728 646 2764 Nam
676 2727 868 2764 obiectum
903 2727 1091 2776 appetitus
1127 2726 1294 2764 sensitivi
1324 2734 1379 2763 est
1407 2726 1474 2762 bo-

414 2792 506 2816 num
535 2792 603 2828 per
631 2792 785 2817 sensum
823 2781 1123 2829 apprehensum:
1154 2779 1346 2816 obiectum
1378 2791 1472 2815 vero

415 2833 602 2881 appetitus
634 2833 863 2880 intellectivi,
894 2834 956 2870 vel
983 2832 1207 2879 voluntatis,
1238 2840 1293 2869 est
1326 2832 1473 2868 bonum
1499 2870 1502 2886 ὶ

1500 2888 1501 2891 ’
1528 2884 1680 2932 eligere:
1711 2884 1837 2921 electio
1866 2884 1968 2921 enirn
1997 2890 2052 2920 est
2076 2895 2207 2921 eorum
2235 2895 2332 2932 quae
2358 2890 2445 2922 sunt
2470 2884 2522 2921 ad
2535 2885 2590 2932 fi-

415 2886 485 2922 sub
515 2886 711 2923 communi
748 2886 891 2923 ratione
920 2886 1010 2923 boni
1038 2885 1078 2931 ³¹⁸,
1108 2893 1222 2935 prout
1258 2893 1313 2922 est
1340 2897 1474 2933 appre-

414 2938 598 2974 hensibile
627 2939 675 2975 ab
713 2938 902 2975 intellectu
931 2940 962 2976 *.
994 2939 1167 2976 Caritatis
1205 2946 1332 2975 autem
1370 2937 1474 2974 obie-

416 2998 516 3027 ctum
546 3003 624 3028 non
653 2999 709 3027 est
736 2991 889 3039 aliquod
918 2993 1063 3028 bonum
1093 2991 1279 3038 sensibile,
1309 2991 1377 3028 sed
1405 2990 1473 3026 bo-

415 3056 508 3080 num
547 3043 741 3090 divinum,
780 3045 885 3093 quod
927 3046 1007 3081 solo
1047 3045 1236 3082 intellectu
1278 3043 1474 3091 cognosci-

415 3104 484 3133 tur.
515 3097 563 3133 Et
591 3097 678 3134 ideo
708 3097 868 3134 caritatis
898 3097 1109 3134 subiectum
1139 3110 1217 3134 non
1247 3104 1302 3134 est
1330 3096 1473 3146 appeti-

1528 1563 1717 1599 voluntas.

1582 1616 1640 1651 An
1660 1626 1797 1652 PmMUM
1821 1626 1918 1651 ERGO
1947 1626 2130 1652 memnon
2158 1615 2262 1664 quod
2293 1615 2591 1664 concupiscibilis

1529 1675 1585 1703 est
1612 1680 1699 1716 pars
1728 1668 1915 1716 appetitus
1943 1667 2123 1715 sensitivi,
2144 1680 2223 1705 non
2251 1675 2380 1705 autem
2400 1668 2590 1718 appetitus

1527 1720 1764 1767 intellectivi,
1794 1728 1835 1757 ut
1869 1721 1907 1757 in
1936 1721 2065 1757 Primo
2094 1720 2114 1742 '¹‘
2142 1729 2338 1758 ostensum
2368 1729 2433 1758 est.
2479 1722 2590 1760 Unde

1529 1785 1639 1810 amor
1667 1773 1731 1822 qui
1760 1781 1815 1810 est
1843 1773 1881 1810 in
1910 1773 2196 1822 concupiscibili
2225 1782 2280 1811 est
2298 1786 2406 1811 amor
2424 1774 2591 1812 sensitivi

1529 1826 1630 1863 boni.
1660 1826 1722 1863 Ad
1751 1826 1897 1862 bonurn
1927 1834 2055 1863 autem
2077 1826 2262 1874 divinum,
2282 1828 2388 1876 quod
2408 1834 2463 1864 est
2486 1827 2592 1865 intel-

1527 1878 1677 1927 ligibile,
1708 1878 2010 1928 concupiscibilis
2038 1891 2078 1916 se
2107 1880 2309 1917 extendere
2346 1891 2425 1917 non
2453 1887 2590 1929 potest,

1528 1932 1597 1969 sed
1625 1933 1705 1969 sola
1732 1933 1920 1969 voluntas.
1951 1933 1999 1969 Et
2026 1932 2114 1969 ideo
2144 1932 2592 1982 concupiscibilis-subie-

1529 1993 1632 2022 ctum
1661 1985 1824 2022 caritatis
1853 1997 1936 2022 esse
1965 1997 2044 2022 non
2071 1992 2207 2034 potest.

1581 2040 1639 2075 An
1667 2049 1858 2076 SECUNDUM
1894 2050 2077 2076 DlCENDUM
2117 2039 2220 2087 quod
2249 2038 2425 2076 voluntas
2463 2037 2589 2086 etiam,

1521 2092 1740 2130 secundum
1760 2091 2049 2140 Philosophum,
2071 2091 2109 2127 in
2130 2092 2178 2127 111
2199 2091 2245 2128 de
2261 2091 2402 2128 Anima
2421 2090 2453 2138 ²⁸⁸,
2474 2091 2512 2128 in
2533 2103 2590 2128 ra·
2619 2096 2629 2106 ⁸

1528 2144 1630 2181 tione
1651 2152 1717 2181 est.
1747 2145 1796 2181 Et
1815 2144 1902 2181 ideo
1922 2156 1991 2193 per
2009 2145 2084 2181 hoc
2111 2144 2218 2192 quod
2238 2144 2370 2181 caritas
2391 2151 2446 2181 est
2465 2143 2503 2181 in
2521 2155 2592 2181 vo-

1527 2198 1668 2234 luntate
1693 2209 1770 2234 non
1791 2205 1847 2234 est
1866 2197 1987 2234 aliena
2002 2209 2023 2234 a
2043 2197 2198 2234 ratione.
2226 2197 2378 2234 Tamen
2397 2197 2492 2234 ratio
2511 2209 2589 2235 non

1529 2258 1584 2287 est
1613 2251 1742 2298 regula
1770 2250 1943 2296 caritatis,
1968 2250 2062 2287 sicut
2095 2250 2351 2287 humanarum
2384 2249 2588 2287 virtutum:

1500 2333 1502 2351 ἑ
1528 2303 1595 2340 sed
1625 2304 1813 2351 regulatur
1841 2315 1862 2340 a
1891 2303 1963 2340 Dei
1982 2302 2179 2351 sapientia,
2201 2311 2236 2340 et
2256 2302 2401 2339 excedit
2420 2304 2592 2351 regulam

1529 2356 1682 2393 rationis
1718 2357 1932 2402 humanae,
1969 2357 2180 2393 secundum
2215 2356 2304 2392 illud
2332 2356 2467 2404 Ephes.
2498 2368 2533 2393 111
2558 2356 2590 2393 *ι
2618 2359 2630 2371 ·

1500 2439 1502 2448 ,
1527 2410 1861 2457 supereminentem
1885 2409 2060 2445 scientiae
2085 2409 2279 2445 caritatem
2303 2409 2449 2446 Christi.
2479 2409 2592 2447 Unde

1528 2474 1607 2499 non
1636 2469 1691 2498 est
1718 2461 1756 2498 in
1786 2462 1930 2498 ratione
1958 2473 2083 2510 neque
2111 2461 2206 2498 sicut
2224 2461 2263 2498 in
2282 2461 2466 2508 subiecto,
2497 2462 2593 2500 sicut

1527 2514 1745 2564 prudentia3
1775 2527 1900 2563 neque
1929 2514 2024 2551 sicut
2051 2515 2089 2551 in
2117 2515 2322 2562 regulante,
2343 2514 2438 2552 sicut
2456 2514 2592 2552 iustitia

1527 2568 1590 2605 vel
1617 2567 1886 2616 temperantia;
1916 2569 1982 2605 sed
2012 2568 2137 2604 solum
2165 2568 2446 2616 perquandam
2469 2567 2592 2606 affini-

1528 2629 1645 2658 tatem
1673 2620 1878 2657 voluntatis
1907 2620 1955 2657 ad
1984 2620 2181 2657 rationem.

1580 2676 1639 2710 AD
1667 2684 1827 2710 TERTmM
1856 2685 2040 2710 mceunum
2069 2673 2173 2722 quod
2201 2673 2364 2710 liberum
2392 2672 2590 2710 arbitrium

1529 2778 1670 2815 dictum
1695 2786 1763 2815 est.
1795 2779 1844 2815 Et
1862 2786 1991 2815 tamen
2012 2778 2144 2815 caritas
2163 2791 2242 2815 non
2262 2786 2317 2815 est
2335 2778 2374 2815 in
2393 2779 2589 2815 voluntate

1527 2831 1740 2868 secundum
1770 2831 1954 2868 rationem
1974 2831 2079 2867 liberi
2109 2830 2261 2877 arbitrii,
2284 2830 2389 2868 cuius
2409 2839 2515 2868 actus
2535 2838 2591 2868 est

1528 2950 1626 2982 nem,
1655 2937 1826 2974 voluntas
1853 2943 1977 2974 autem
2006 2943 2060 2974 est
2077 2938 2190 2985 ipsius
2210 2937 2313 2985 finis,
2338 2945 2380 2974 ut
2399 2937 2534 2974 dicitur
2552 2936 2591 2974 in

1528 2992 1577 3027 III
1597 2991 1717 3027 Ethic.
1737 2990 1757 3012 ²¹⁸
1779 2990 1890 3028 Unde
1912 2990 2056 3037 caritas,
2079 2990 2184 3027 cuius
2210 2990 2402 3027 obiectum
2428 2997 2484 3027 est
2502 2989 2590 3027 finis

1499 3069 1501 3098 J
1527 3043 1692 3090 ultimus,
1723 3043 1842 3091 magis
1862 3044 1976 3081 debet
1994 3043 2066 3081 dici
2096 3055 2178 3080 esse
2199 3042 2236 3080 in
2254 3043 2452 3080 voluntate
2471 3054 2590 3092 quam

1527 3096 1565 3133 in
1593 3096 1712 3133 libero
1742 3095 1907 3133 arbitrio.

2618 1726 2628 1736 ’
2640 1725 2688 1752 Qu.
2698 1731 2776 1750 mxxxi.
2786 1729 2828 1747 nrt·

2618 1757 2643 1778 ²3
2671 1757 2710 1779 qu.
2737 1757 2828 1778 uun,

2619 1781 2660 1800 nrt.
2676 1784 2696 1806 5.

2617 2992 2675 3041 's.‘²r¹
2692 2997 2770 3040 31¹¹&²

1528 2738 1606 2762 non
1637 2733 1692 2762 est
1720 2725 1791 2762 alia
1819 2725 1987 2774 potentia
2016 2738 2037 2762 a
2055 2726 2263 2773 voluntate,
2291 2732 2334 2762 ut
2360 2725 2398 2762 in
2418 2725 2548 2762 Primo
2568 2724 2588 2747 '¹‘
2617 2728 2700 2777 {YQE
2733 2734 2830 2755 uum·

2772 2997 2812 3039 ·v⁹,.
2820 3002 2831 3007 -
