<?xml version="1.0" encoding="UTF-8"?>
<!DOCTYPE html PUBLIC "-//W3C//DTD XHTML 1.0 Transitional//EN"
    "http://www.w3.org/TR/xhtml1/DTD/xhtml1-transitional.dtd">
<html xmlns="http://www.w3.org/1999/xhtml" xml:lang="en" lang="en">
 <head>
  <title>
</title>
<meta http-equiv="Content-Type" content="text/html;charset=utf-8" />
  <meta name='ocr-system' content='tesseract 3.04.00' />
  <meta name='ocr-capabilities' content='ocr_page ocr_carea ocr_par ocr_line ocrx_word'/>
</head>
<body>
  <div class='ocr_page' id='page_1' title='image "./operaomniaiussui08thom/operaomniaiussui08thom_0453.png"; bbox 0 0 2892 4056; ppageno 0'>
   <div class='ocr_carea' id='block_1_1' title="bbox 99 749 177 770">
    <p class='ocr_par' dir='ltr' id='par_1_1' title="bbox 99 749 177 770">
     <span class='ocr_line' id='line_1_1' title="bbox 99 749 177 770; baseline 0.013 -1"><span class='ocrx_word' id='word_1_1' title='bbox 99 749 177 770; x_wconf 80' lang='lat' dir='ltr'>Introd</span> 
     </span>
    </p>
   </div>
   <div class='ocr_carea' id='block_1_2' title="bbox 91 2026 222 2053">
    <p class='ocr_par' dir='ltr' id='par_1_2' title="bbox 91 2026 222 2053">
     <span class='ocr_line' id='line_1_2' title="bbox 91 2026 222 2053; baseline 0.008 -6"><span class='ocrx_word' id='word_1_2' title='bbox 91 2027 103 2038; x_wconf 73' lang='lat'>⁸</span> <span class='ocrx_word' id='word_1_3' title='bbox 118 2026 185 2048; x_wconf 80' lang='lat' dir='ltr'>ven.</span> <span class='ocrx_word' id='word_1_4' title='bbox 197 2032 222 2053; x_wconf 83' lang='grc'>4.</span> 
     </span>
    </p>
   </div>
   <div class='ocr_carea' id='block_1_3' title="bbox 91 2184 216 2212">
    <p class='ocr_par' dir='ltr' id='par_1_3' title="bbox 91 2184 216 2212">
     <span class='ocr_line' id='line_1_3' title="bbox 91 2184 216 2212; baseline 0 -6"><span class='ocrx_word' id='word_1_5' title='bbox 91 2186 102 2196; x_wconf 83' lang='grc'><em>·</em></span> <span class='ocrx_word' id='word_1_6' title='bbox 115 2184 182 2207; x_wconf 78' lang='lat' dir='ltr'>Ven.</span> <span class='ocrx_word' id='word_1_7' title='bbox 195 2190 216 2212; x_wconf 82' lang='grc'>5.</span> 
     </span>
    </p>
   </div>
   <div class='ocr_carea' id='block_1_4' title="bbox 91 2239 229 2267">
    <p class='ocr_par' dir='ltr' id='par_1_4' title="bbox 91 2239 229 2267">
     <span class='ocr_line' id='line_1_4' title="bbox 91 2239 229 2267; baseline 0.007 -7"><span class='ocrx_word' id='word_1_8' title='bbox 91 2241 102 2251; x_wconf 77' lang='lat'>⁸</span> <span class='ocrx_word' id='word_1_9' title='bbox 117 2239 182 2261; x_wconf 62' lang='lat' dir='ltr'>Vere.</span> <span class='ocrx_word' id='word_1_10' title='bbox 195 2244 229 2267; x_wconf 73' lang='lat'>25.</span> 
     </span>
    </p>
   </div>
   <div class='ocr_carea' id='block_1_5' title="bbox 1005 141 1825 189">
    <p class='ocr_par' dir='ltr' id='par_1_5' title="bbox 1005 141 1825 189">
     <span class='ocr_line' id='line_1_5' title="bbox 1005 141 1825 189; baseline 0.002 -12"><span class='ocrx_word' id='word_1_11' title='bbox 1005 141 1267 186; x_wconf 88' lang='lat' dir='ltr'>QUAESTIO</span> <span class='ocrx_word' id='word_1_12' title='bbox 1297 142 1398 189; x_wconf 87' lang='lat' dir='ltr'>LVI,</span> <span class='ocrx_word' id='word_1_13' title='bbox 1426 143 1718 179; x_wconf 89' lang='lat' dir='ltr'>ARTlCULUS</span> <span class='ocrx_word' id='word_1_14' title='bbox 1748 144 1773 188; x_wconf 84' lang='lat'>1,</span> <span class='ocrx_word' id='word_1_15' title='bbox 1796 144 1825 179; x_wconf 92' lang='lat' dir='ltr'>II</span> 
     </span>
    </p>
   </div>
   <div class='ocr_carea' id='block_1_6' title="bbox 2416 142 2490 200">
    <p class='ocr_par' dir='ltr' id='par_1_6' title="bbox 2416 142 2490 200">
     <span class='ocr_line' id='line_1_6' title="bbox 2416 142 2490 200; baseline 0 -12"><span class='ocrx_word' id='word_1_16' title='bbox 2416 142 2490 200; x_wconf 78' lang='lat'>405</span> 
     </span>
    </p>
   </div>
   <div class='ocr_carea' id='block_1_7' title="bbox 643 344 2185 503">
    <p class='ocr_par' dir='ltr' id='par_1_7' title="bbox 643 344 2185 503">
     <span class='ocr_line' id='line_1_7' title="bbox 716 344 2108 423; baseline 0.002 -24"><span class='ocrx_word' id='word_1_17' title='bbox 716 344 1125 414; x_wconf 84' lang='lat' dir='ltr'><strong>QUAESTIO</strong></span> <span class='ocrx_word' id='word_1_18' title='bbox 1164 346 2108 423; x_wconf 74' lang='lat' dir='ltr'><strong>QUINQUAGESIMASEXTA</strong></span> 
     </span>
     <span class='ocr_line' id='line_1_8' title="bbox 643 452 2185 503; baseline 0.003 -11"><span class='ocrx_word' id='word_1_19' title='bbox 643 452 727 492; x_wconf 91' lang='lat' dir='ltr'>DE</span> <span class='ocrx_word' id='word_1_20' title='bbox 759 452 1128 494; x_wconf 84' lang='lat' dir='ltr'>PRAECEPTIS</span> <span class='ocrx_word' id='word_1_21' title='bbox 1162 454 1247 494; x_wconf 94' lang='lat' dir='ltr'>AD</span> <span class='ocrx_word' id='word_1_22' title='bbox 1281 455 1679 503; x_wconf 89' lang='lat' dir='ltr'>PRUDENTIAM</span> <span class='ocrx_word' id='word_1_23' title='bbox 1710 456 2185 497; x_wconf 83' lang='lat' dir='ltr'>PERTINENTIBUS</span> 
     </span>
    </p>
   </div>
   <div class='ocr_carea' id='block_1_8' title="bbox 1154 559 1680 586">
    <p class='ocr_par' dir='ltr' id='par_1_8' title="bbox 1154 559 1680 586">
     <span class='ocr_line' id='line_1_9' title="bbox 1154 559 1680 586; baseline 0.004 -2"><span class='ocrx_word' id='word_1_24' title='bbox 1154 560 1187 584; x_wconf 87' lang='lat' dir='ltr'>lN</span> <span class='ocrx_word' id='word_1_25' title='bbox 1215 559 1309 585; x_wconf 84' lang='lat' dir='ltr'>Duos</span> <span class='ocrx_word' id='word_1_26' title='bbox 1336 560 1537 586; x_wconf 81' lang='lat' dir='ltr'>ARTICULOS</span> <span class='ocrx_word' id='word_1_27' title='bbox 1565 561 1680 586; x_wconf 86' lang='lat' dir='ltr'>DlVlSA</span> 
     </span>
    </p>
   </div>
   <div class='ocr_carea' id='block_1_9' title="bbox 100 640 1389 755">
    <p class='ocr_par' dir='ltr' id='par_1_9' title="bbox 100 640 1389 755">
     <span class='ocr_line' id='line_1_10' title="bbox 443 640 1389 691; baseline 0.005 -16"><span class='ocrx_word' id='word_1_28' title='bbox 443 650 549 675; x_wconf 64' lang='lat' dir='ltr'>emor:</span> <span class='ocrx_word' id='word_1_29' title='bbox 583 640 899 678; x_wconf 87' lang='lat' dir='ltr'>considerandum</span> <span class='ocrx_word' id='word_1_30' title='bbox 937 649 994 678; x_wconf 90' lang='lat' dir='ltr'>est</span> <span class='ocrx_word' id='word_1_31' title='bbox 1022 642 1068 678; x_wconf 88' lang='lat' dir='ltr'>de</span> <span class='ocrx_word' id='word_1_32' title='bbox 1104 643 1312 691; x_wconf 87' lang='lat' dir='ltr'>praeceptis</span> <span class='ocrx_word' id='word_1_33' title='bbox 1340 643 1389 680; x_wconf 92' lang='lat' dir='ltr'>ad</span> 
     </span>
     <span class='ocr_line' id='line_1_11' title="bbox 100 646 437 755; baseline 0.009 -12"><span class='ocrx_word' id='word_1_34' title='bbox 100 724 108 731; x_wconf 77' lang='lat'>⁵</span> <span class='ocrx_word' id='word_1_35' title='bbox 126 723 161 744; x_wconf 77' lang='lat' dir='ltr'>Cf.</span> <span class='ocrx_word' id='word_1_36' title='bbox 182 729 222 750; x_wconf 88' lang='lat' dir='ltr'>qu.</span> <span class='ocrx_word' id='word_1_37' title='bbox 237 729 307 749; x_wconf 66' lang='lat' dir='ltr'>nvn,</span> <span class='ocrx_word' id='word_1_38' title='bbox 341 646 437 755; x_wconf 84' lang='lat' dir='ltr'>D</span> 
     </span>
    </p>
   </div>
   <div class='ocr_carea' id='block_1_10' title="bbox 441 718 1026 768">
    <p class='ocr_par' dir='ltr' id='par_1_10' title="bbox 441 718 1026 768">
     <span class='ocr_line' id='line_1_12' title="bbox 441 718 1026 768; baseline 0.002 -13"><span class='ocrx_word' id='word_1_39' title='bbox 441 718 679 767; x_wconf 82' lang='lat' dir='ltr'>prudentiam</span> <span class='ocrx_word' id='word_1_40' title='bbox 707 719 978 768; x_wconf 88' lang='lat' dir='ltr'>pertinentibus</span> <span class='ocrx_word' id='word_1_41' title='bbox 996 720 1026 756; x_wconf 63' lang='lat'>⁸².</span> 
     </span>
    </p>
   </div>
   <div class='ocr_carea' id='block_1_11' title="bbox 333 801 987 850">
    <p class='ocr_par' dir='ltr' id='par_1_11' title="bbox 333 801 987 850">
     <span class='ocr_line' id='line_1_13' title="bbox 333 801 987 850; baseline 0.002 -13"><span class='ocrx_word' id='word_1_42' title='bbox 333 801 383 837; x_wconf 77' lang='lat' dir='ltr'>Et</span> <span class='ocrx_word' id='word_1_43' title='bbox 410 801 506 838; x_wconf 86' lang='lat' dir='ltr'>circa</span> <span class='ocrx_word' id='word_1_44' title='bbox 535 802 610 838; x_wconf 90' lang='lat' dir='ltr'>hoc</span> <span class='ocrx_word' id='word_1_45' title='bbox 637 809 870 850; x_wconf 89' lang='lat' dir='ltr'>quaeruntur</span> <span class='ocrx_word' id='word_1_46' title='bbox 898 802 987 839; x_wconf 93' lang='lat' dir='ltr'>duo.</span> 
     </span>
    </p>
   </div>
   <div class='ocr_carea' id='block_1_12' title="bbox 1494 645 2493 850">
    <p class='ocr_par' dir='ltr' id='par_1_12' title="bbox 1494 645 2492 734">
     <span class='ocr_line' id='line_1_14' title="bbox 1494 645 2492 695; baseline 0.002 -15"><span class='ocrx_word' id='word_1_47' title='bbox 1494 645 1643 682; x_wconf 87' lang='lat' dir='ltr'>Primo:</span> <span class='ocrx_word' id='word_1_48' title='bbox 1682 645 1728 681; x_wconf 88' lang='lat' dir='ltr'>de</span> <span class='ocrx_word' id='word_1_49' title='bbox 1766 646 1976 694; x_wconf 83' lang='lat' dir='ltr'><strong>praeceptis</strong></span> <span class='ocrx_word' id='word_1_50' title='bbox 2014 646 2284 694; x_wconf 88' lang='lat' dir='ltr'>pertinentibus</span> <span class='ocrx_word' id='word_1_51' title='bbox 2320 647 2369 684; x_wconf 91' lang='lat' dir='ltr'>ad</span> <span class='ocrx_word' id='word_1_52' title='bbox 2405 659 2492 695; x_wconf 92' lang='lat' dir='ltr'>pru-</span> 
     </span>
     <span class='ocr_line' id='line_1_15' title="bbox 1549 697 1725 734; baseline -0.006 0"><span class='ocrx_word' id='word_1_53' title='bbox 1549 697 1725 734; x_wconf 80' lang='lat' dir='ltr'>dentiam.</span> 
     </span>
    </p>

    <p class='ocr_par' dir='ltr' id='par_1_13' title="bbox 1497 750 2493 850">
     <span class='ocr_line' id='line_1_16' title="bbox 1497 750 2493 807; baseline 0.002 -21"><span class='ocrx_word' id='word_1_54' title='bbox 1497 750 1693 807; x_wconf 77' lang='lat' dir='ltr'>Secundo:</span> <span class='ocrx_word' id='word_1_55' title='bbox 1723 750 1769 786; x_wconf 92' lang='lat' dir='ltr'>de</span> <span class='ocrx_word' id='word_1_56' title='bbox 1798 750 2006 799; x_wconf 85' lang='lat' dir='ltr'>praeceptis</span> <span class='ocrx_word' id='word_1_57' title='bbox 2033 750 2303 798; x_wconf 86' lang='lat' dir='ltr'>pertinentibus</span> <span class='ocrx_word' id='word_1_58' title='bbox 2331 751 2379 788; x_wconf 91' lang='lat' dir='ltr'>ad</span> <span class='ocrx_word' id='word_1_59' title='bbox 2403 751 2493 788; x_wconf 88' lang='lat' dir='ltr'>vitia</span> 
     </span>
     <span class='ocr_line' id='line_1_17' title="bbox 1545 809 1734 850; baseline -0.005 -11"><span class='ocrx_word' id='word_1_60' title='bbox 1545 809 1734 850; x_wconf 69' lang='lat' dir='ltr'>oppostta.</span> 
     </span>
    </p>
   </div>
   <div class='ocr_carea' id='block_1_13' title="bbox 1139 909 1688 951">
    <p class='ocr_par' dir='ltr' id='par_1_14' title="bbox 1139 909 1688 951">
     <span class='ocr_line' id='line_1_18' title="bbox 1139 909 1688 951; baseline -0.002 -1"><span class='ocrx_word' id='word_1_61' title='bbox 1139 909 1454 951; x_wconf 86' lang='lat' dir='ltr'>ARTICULUS</span> <span class='ocrx_word' id='word_1_62' title='bbox 1485 909 1688 951; x_wconf 87' lang='lat' dir='ltr'>PRIMUS</span> 
     </span>
    </p>
   </div>
   <div class='ocr_carea' id='block_1_14' title="bbox 695 991 2126 1078">
    <p class='ocr_par' dir='ltr' id='par_1_15' title="bbox 695 991 2126 1078">
     <span class='ocr_line' id='line_1_19' title="bbox 695 991 2126 1035; baseline 0.001 -4"><span class='ocrx_word' id='word_1_63' title='bbox 695 1000 851 1031; x_wconf 90' lang='lat' dir='ltr'>UTRUM</span> <span class='ocrx_word' id='word_1_64' title='bbox 872 999 931 1035; x_wconf 90' lang='lat' dir='ltr'>DE</span> <span class='ocrx_word' id='word_1_65' title='bbox 954 999 1204 1030; x_wconf 87' lang='lat' dir='ltr'>PRUDENTIA</span> <span class='ocrx_word' id='word_1_66' title='bbox 1227 991 1387 1031; x_wconf 85' lang='lat' dir='ltr'>FUERIT</span> <span class='ocrx_word' id='word_1_67' title='bbox 1410 999 1596 1030; x_wconf 90' lang='lat' dir='ltr'>DANDUM</span> <span class='ocrx_word' id='word_1_68' title='bbox 1619 999 1813 1035; x_wconf 78' lang='lat' dir='ltr'>ALIQUOD</span> <span class='ocrx_word' id='word_1_69' title='bbox 1837 1000 2126 1032; x_wconf 89' lang='lat' dir='ltr'><strong>PRAECEPTUM</strong></span> 
     </span>
     <span class='ocr_line' id='line_1_20' title="bbox 1089 1041 1739 1078; baseline -0.002 -5"><span class='ocrx_word' id='word_1_70' title='bbox 1089 1043 1220 1078; x_wconf 85' lang='lat' dir='ltr'>INTER</span> <span class='ocrx_word' id='word_1_71' title='bbox 1242 1042 1498 1074; x_wconf 86' lang='lat' dir='ltr'><strong>PRAECEPTA</strong></span> <span class='ocrx_word' id='word_1_72' title='bbox 1520 1041 1739 1073; x_wconf 87' lang='lat' dir='ltr'><strong>DECALOGI</strong></span> 
     </span>
    </p>
   </div>
   <div class='ocr_carea' id='block_1_15' title="bbox 345 1131 1387 1234">
    <p class='ocr_par' dir='ltr' id='par_1_16' title="bbox 345 1131 1387 1235">
     <span class='ocr_line' id='line_1_21' title="bbox 345 1131 1387 1193; baseline 0 -26"><span class='ocrx_word' id='word_1_73' title='bbox 345 1144 426 1186; x_wconf 33' lang='lat'>&#39;24254</span> <span class='ocrx_word' id='word_1_74' title='bbox 452 1152 521 1193; x_wconf 26' lang='grc' dir='ltr'>πᾳ(</span> <span class='ocrx_word' id='word_1_75' title='bbox 543 1143 565 1168; x_wconf 83' lang='lat' dir='ltr'>n</span> <span class='ocrx_word' id='word_1_76' title='bbox 593 1143 729 1168; x_wconf 79' lang='lat' dir='ltr'>PRIMUM</span> <span class='ocrx_word' id='word_1_77' title='bbox 757 1143 810 1167; x_wconf 83' lang='lat' dir='ltr'>Sic</span> <span class='ocrx_word' id='word_1_78' title='bbox 835 1143 1074 1168; x_wconf 73' lang='lat' dir='ltr'>Pnocnnrrun.</span> <span class='ocrx_word' id='word_1_79' title='bbox 1104 1131 1264 1167; x_wconf 89' lang='lat' dir='ltr'>Videtur</span> <span class='ocrx_word' id='word_1_80' title='bbox 1282 1131 1387 1179; x_wconf 92' lang='lat' dir='ltr'>quod</span> 
     </span>
     <span class='ocr_line' id='line_1_22' title="bbox 365 1180 1387 1234; baseline 0 -14"><span class='ocrx_word' id='word_1_81' title='bbox 365 1180 449 1233; x_wconf 46' lang='grc' dir='ltr'>ξαρ</span> <span class='ocrx_word' id='word_1_82' title='bbox 544 1183 591 1220; x_wconf 91' lang='lat' dir='ltr'>de</span> <span class='ocrx_word' id='word_1_83' title='bbox 630 1183 828 1234; x_wconf 86' lang='lat' dir='ltr'>prudentia</span> <span class='ocrx_word' id='word_1_84' title='bbox 868 1183 980 1220; x_wconf 86' lang='lat' dir='ltr'>fuerit</span> <span class='ocrx_word' id='word_1_85' title='bbox 1025 1184 1193 1222; x_wconf 87' lang='lat' dir='ltr'>dandum</span> <span class='ocrx_word' id='word_1_86' title='bbox 1237 1183 1387 1232; x_wconf 85' lang='lat' dir='ltr'>aliquod</span> 
     </span>
    </p>
   </div>
   <div class='ocr_carea' id='block_1_16' title="bbox 441 1136 481 1208">
    <p class='ocr_par' dir='ltr' id='par_1_17' title="bbox 441 1136 481 1208">
     <span class='ocr_line' id='line_1_23' title="bbox 441 1136 481 1208; baseline 0 2848"><span class='ocrx_word' id='word_1_87' title='bbox 441 1136 481 1208; x_wconf 95' lang='lat' dir='ltr'> </span> 
     </span>
    </p>
   </div>
   <div class='ocr_carea' id='block_1_17' title="bbox 340 1136 361 1267">
    <p class='ocr_par' dir='ltr' id='par_1_18' title="bbox 340 1136 361 1267">
     <span class='ocr_line' id='line_1_24' title="bbox 340 1136 361 1267; baseline 0 0"><span class='ocrx_word' id='word_1_88' title='bbox 340 1136 361 1267; x_wconf 95' lang='lat' dir='ltr'>  </span> 
     </span>
    </p>
   </div>
   <div class='ocr_carea' id='block_1_18' title="bbox 322 1192 1390 2284">
    <p class='ocr_par' dir='ltr' id='par_1_19' title="bbox 326 1192 1388 1600">
     <span class='ocr_line' id='line_1_25' title="bbox 466 1192 518 1230; baseline 0 0"><span class='ocrx_word' id='word_1_89' title='bbox 466 1192 518 1230; x_wconf 45' lang='grc' dir='ltr'>’μ’</span> 
     </span>
     <span class='ocr_line' id='line_1_26' title="bbox 337 1220 1385 1286; baseline 0.001 -15"><span class='ocrx_word' id='word_1_90' title='bbox 337 1232 469 1284; x_wconf 41' lang='lat' dir='ltr'>ffb&amp;</span> <span class='ocrx_word' id='word_1_91' title='bbox 480 1220 786 1286; x_wconf 65' lang='grc' dir='ltr'>’(Ρῑειεεθρωῐῐι</span> <span class='ocrx_word' id='word_1_92' title='bbox 824 1235 919 1273; x_wconf 87' lang='lat' dir='ltr'>inter</span> <span class='ocrx_word' id='word_1_93' title='bbox 960 1244 1162 1285; x_wconf 90' lang='lat' dir='ltr'>praecepta</span> <span class='ocrx_word' id='word_1_94' title='bbox 1203 1236 1385 1284; x_wconf 88' lang='lat' dir='ltr'><strong>decalogi.</strong></span> 
     </span>
     <span class='ocr_line' id='line_1_27' title="bbox 349 1280 1386 1338; baseline -0.003 -10"><span class='ocrx_word' id='word_1_95' title='bbox 349 1281 483 1338; x_wconf 39' lang='lat'>„4⁴73</span> <span class='ocrx_word' id='word_1_96' title='bbox 500 1280 611 1326; x_wconf 36' lang='lat' dir='ltr'>&amp;De</span> <span class='ocrx_word' id='word_1_97' title='bbox 628 1288 881 1338; x_wconf 88' lang='lat' dir='ltr'>principaliori</span> <span class='ocrx_word' id='word_1_98' title='bbox 911 1289 1012 1325; x_wconf 90' lang='lat' dir='ltr'>enim</span> <span class='ocrx_word' id='word_1_99' title='bbox 1035 1289 1171 1326; x_wconf 87' lang='lat' dir='ltr'>virtute</span> <span class='ocrx_word' id='word_1_100' title='bbox 1200 1288 1386 1337; x_wconf 90' lang='lat' dir='ltr'>principa-</span> 
     </span>
     <span class='ocr_line' id='line_1_28' title="bbox 329 1336 1388 1390; baseline 0.002 -14"><span class='ocrx_word' id='word_1_101' title='bbox 329 1336 425 1377; x_wconf 83' lang='lat' dir='ltr'>liora</span> <span class='ocrx_word' id='word_1_102' title='bbox 461 1342 664 1390; x_wconf 87' lang='lat' dir='ltr'>praecepta</span> <span class='ocrx_word' id='word_1_103' title='bbox 698 1341 777 1378; x_wconf 91' lang='lat' dir='ltr'>dari</span> <span class='ocrx_word' id='word_1_104' title='bbox 820 1340 970 1378; x_wconf 86' lang='lat' dir='ltr'>debent.</span> <span class='ocrx_word' id='word_1_105' title='bbox 1010 1341 1087 1378; x_wconf 85' lang='lat' dir='ltr'>Sed</span> <span class='ocrx_word' id='word_1_106' title='bbox 1123 1341 1388 1390; x_wconf 86' lang='lat' dir='ltr'>principaliora</span> 
     </span>
     <span class='ocr_line' id='line_1_29' title="bbox 328 1394 1386 1442; baseline 0.001 -13"><span class='ocrx_word' id='word_1_107' title='bbox 328 1401 532 1442; x_wconf 88' lang='lat' dir='ltr'>praecepta</span> <span class='ocrx_word' id='word_1_108' title='bbox 569 1394 660 1442; x_wconf 89' lang='lat' dir='ltr'>legis</span> <span class='ocrx_word' id='word_1_109' title='bbox 697 1401 784 1430; x_wconf 91' lang='lat' dir='ltr'>sunt</span> <span class='ocrx_word' id='word_1_110' title='bbox 818 1401 1020 1442; x_wconf 88' lang='lat' dir='ltr'>praecepta</span> <span class='ocrx_word' id='word_1_111' title='bbox 1062 1394 1242 1441; x_wconf 85' lang='lat' dir='ltr'>decalogi.</span> <span class='ocrx_word' id='word_1_112' title='bbox 1286 1394 1386 1430; x_wconf 89' lang='lat' dir='ltr'>Cum</span> 
     </span>
     <span class='ocr_line' id='line_1_30' title="bbox 331 1446 1387 1494; baseline 0.003 -12"><span class='ocrx_word' id='word_1_113' title='bbox 331 1457 421 1493; x_wconf 90' lang='lat' dir='ltr'>ergo</span> <span class='ocrx_word' id='word_1_114' title='bbox 449 1446 649 1494; x_wconf 88' lang='lat' dir='ltr'>prudentia</span> <span class='ocrx_word' id='word_1_115' title='bbox 676 1447 722 1482; x_wconf 90' lang='lat' dir='ltr'>sit</span> <span class='ocrx_word' id='word_1_116' title='bbox 748 1446 989 1494; x_wconf 87' lang='lat' dir='ltr'>principalior</span> <span class='ocrx_word' id='word_1_117' title='bbox 1006 1446 1102 1483; x_wconf 91' lang='lat' dir='ltr'>inter</span> <span class='ocrx_word' id='word_1_118' title='bbox 1128 1446 1285 1484; x_wconf 90' lang='lat' dir='ltr'>virtutes</span> <span class='ocrx_word' id='word_1_119' title='bbox 1304 1459 1387 1485; x_wconf 89' lang='lat' dir='ltr'>mo-</span> 
     </span>
     <span class='ocr_line' id='line_1_31' title="bbox 330 1498 1386 1548; baseline 0.001 -13"><span class='ocrx_word' id='word_1_120' title='bbox 330 1499 438 1548; x_wconf 80' lang='lat' dir='ltr'>rales²</span> <span class='ocrx_word' id='word_1_121' title='bbox 458 1498 608 1536; x_wconf 89' lang='lat' dir='ltr'>videtur</span> <span class='ocrx_word' id='word_1_122' title='bbox 635 1498 741 1546; x_wconf 93' lang='lat' dir='ltr'>quod</span> <span class='ocrx_word' id='word_1_123' title='bbox 770 1499 817 1535; x_wconf 87' lang='lat' dir='ltr'>de</span> <span class='ocrx_word' id='word_1_124' title='bbox 845 1499 1044 1547; x_wconf 89' lang='lat' dir='ltr'>prudentia</span> <span class='ocrx_word' id='word_1_125' title='bbox 1071 1499 1186 1535; x_wconf 75' lang='lat' dir='ltr'>,fuerit</span> <span class='ocrx_word' id='word_1_126' title='bbox 1217 1498 1386 1536; x_wconf 89' lang='lat' dir='ltr'>dandum</span> 
     </span>
     <span class='ocr_line' id='line_1_32' title="bbox 326 1550 1319 1600; baseline -0.002 -12"><span class='ocrx_word' id='word_1_127' title='bbox 326 1550 483 1600; x_wconf 84' lang='lat' dir='ltr'>&#39;aliquod</span> <span class='ocrx_word' id='word_1_128' title='bbox 511 1558 756 1599; x_wconf 87' lang='lat' dir='ltr'>praeceptum</span> <span class='ocrx_word' id='word_1_129' title='bbox 786 1550 881 1587; x_wconf 92' lang='lat' dir='ltr'>inter</span> <span class='ocrx_word' id='word_1_130' title='bbox 907 1557 1110 1598; x_wconf 90' lang='lat' dir='ltr'>praecepta</span> <span class='ocrx_word' id='word_1_131' title='bbox 1139 1551 1319 1598; x_wconf 89' lang='lat' dir='ltr'>decalogi.</span> 
     </span>
    </p>

    <p class='ocr_par' dir='ltr' id='par_1_20' title="bbox 326 1603 1388 1915">
     <span class='ocr_line' id='line_1_33' title="bbox 384 1603 1387 1651; baseline -0.001 -11"><span class='ocrx_word' id='word_1_132' title='bbox 384 1615 419 1640; x_wconf 88' lang='lat'>2.</span> <span class='ocrx_word' id='word_1_133' title='bbox 447 1604 680 1650; x_wconf 78' lang='lat' dir='ltr'>PRAETEREA,</span> <span class='ocrx_word' id='word_1_134' title='bbox 709 1603 748 1640; x_wconf 88' lang='lat' dir='ltr'>in</span> <span class='ocrx_word' id='word_1_135' title='bbox 776 1603 946 1640; x_wconf 86' lang='lat' dir='ltr'>doctrina</span> <span class='ocrx_word' id='word_1_136' title='bbox 974 1603 1191 1651; x_wconf 87' lang='lat' dir='ltr'>evangelica</span> <span class='ocrx_word' id='word_1_137' title='bbox 1221 1603 1387 1640; x_wconf 90' lang='lat' dir='ltr'>contine·</span> 
     </span>
     <span class='ocr_line' id='line_1_34' title="bbox 329 1656 1385 1704; baseline 0 -12"><span class='ocrx_word' id='word_1_138' title='bbox 329 1663 390 1692; x_wconf 90' lang='lat' dir='ltr'>tur</span> <span class='ocrx_word' id='word_1_139' title='bbox 416 1657 475 1692; x_wconf 87' lang='lat' dir='ltr'>lex</span> <span class='ocrx_word' id='word_1_140' title='bbox 501 1656 665 1692; x_wconf 88' lang='lat' dir='ltr'>maxime</span> <span class='ocrx_word' id='word_1_141' title='bbox 685 1663 870 1703; x_wconf 90' lang='lat' dir='ltr'>quantum</span> <span class='ocrx_word' id='word_1_142' title='bbox 898 1656 947 1692; x_wconf 90' lang='lat' dir='ltr'>ad</span> <span class='ocrx_word' id='word_1_143' title='bbox 973 1663 1176 1704; x_wconf 90' lang='lat' dir='ltr'>praecepta</span> <span class='ocrx_word' id='word_1_144' title='bbox 1204 1656 1385 1703; x_wconf 89' lang='lat' dir='ltr'>decalogi.</span> 
     </span>
     <span class='ocr_line' id='line_1_35' title="bbox 330 1708 1386 1757; baseline 0 -12"><span class='ocrx_word' id='word_1_145' title='bbox 330 1709 406 1745; x_wconf 90' lang='lat' dir='ltr'>Sed</span> <span class='ocrx_word' id='word_1_146' title='bbox 435 1708 473 1745; x_wconf 91' lang='lat' dir='ltr'>in</span> <span class='ocrx_word' id='word_1_147' title='bbox 502 1709 673 1746; x_wconf 90' lang='lat' dir='ltr'>doctrina</span> <span class='ocrx_word' id='word_1_148' title='bbox 701 1709 920 1756; x_wconf 89' lang='lat' dir='ltr'>evangelica</span> <span class='ocrx_word' id='word_1_149' title='bbox 940 1709 1050 1745; x_wconf 91' lang='lat' dir='ltr'>datur</span> <span class='ocrx_word' id='word_1_150' title='bbox 1072 1717 1318 1757; x_wconf 89' lang='lat' dir='ltr'>praeceptum</span> <span class='ocrx_word' id='word_1_151' title='bbox 1340 1709 1386 1745; x_wconf 92' lang='lat' dir='ltr'>de</span> 
     </span>
     <span class='ocr_line' id='line_1_36' title="bbox 328 1761 1388 1810; baseline 0 -12"><span class='ocrx_word' id='word_1_152' title='bbox 328 1761 547 1810; x_wconf 89' lang='lat' dir='ltr'>prudentia:</span> <span class='ocrx_word' id='word_1_153' title='bbox 578 1769 618 1798; x_wconf 94' lang='lat' dir='ltr'>ut</span> <span class='ocrx_word' id='word_1_154' title='bbox 645 1769 748 1810; x_wconf 90' lang='lat' dir='ltr'>patet</span> <span class='ocrx_word' id='word_1_155' title='bbox 776 1762 909 1798; x_wconf 88' lang='lat' dir='ltr'>Matth.</span> <span class='ocrx_word' id='word_1_156' title='bbox 929 1773 951 1797; x_wconf 83' lang='lat' dir='ltr'>x</span> <span class='ocrx_word' id='word_1_157' title='bbox 972 1761 1009 1798; x_wconf 72' lang='grc' dir='ltr'>*τ</span> <span class='ocrx_word' id='word_1_158' title='bbox 1038 1763 1165 1798; x_wconf 86' lang='lat' dir='ltr'>Estote</span> <span class='ocrx_word' id='word_1_159' title='bbox 1185 1762 1388 1809; x_wconf 81' lang='lat' dir='ltr'>prudentes</span> 
     </span>
     <span class='ocr_line' id='line_1_37' title="bbox 326 1813 1388 1863; baseline 0 -13"><span class='ocrx_word' id='word_1_160' title='bbox 326 1814 423 1851; x_wconf 83' lang='lat' dir='ltr'>sicut</span> <span class='ocrx_word' id='word_1_161' title='bbox 437 1820 633 1862; x_wconf 80' lang='lat' dir='ltr'>serpentes.</span> <span class='ocrx_word' id='word_1_162' title='bbox 664 1815 766 1862; x_wconf 89' lang='lat' dir='ltr'>Ergo</span> <span class='ocrx_word' id='word_1_163' title='bbox 786 1813 882 1851; x_wconf 89' lang='lat' dir='ltr'>inter</span> <span class='ocrx_word' id='word_1_164' title='bbox 904 1823 1107 1863; x_wconf 90' lang='lat' dir='ltr'>praecepta</span> <span class='ocrx_word' id='word_1_165' title='bbox 1136 1814 1305 1862; x_wconf 88' lang='lat' dir='ltr'>decalogi</span> <span class='ocrx_word' id='word_1_166' title='bbox 1325 1815 1388 1851; x_wconf 91' lang='lat' dir='ltr'>de-</span> 
     </span>
     <span class='ocr_line' id='line_1_38' title="bbox 328 1866 998 1915; baseline 0 -12"><span class='ocrx_word' id='word_1_167' title='bbox 328 1866 410 1903; x_wconf 88' lang='lat' dir='ltr'>buit</span> <span class='ocrx_word' id='word_1_168' title='bbox 437 1867 603 1915; x_wconf 89' lang='lat' dir='ltr'>praecipi</span> <span class='ocrx_word' id='word_1_169' title='bbox 632 1874 736 1903; x_wconf 91' lang='lat' dir='ltr'>actus</span> <span class='ocrx_word' id='word_1_170' title='bbox 764 1867 998 1915; x_wconf 86' lang='lat' dir='ltr'>prudentiae.</span> 
     </span>
    </p>

    <p class='ocr_par' dir='ltr' id='par_1_21' title="bbox 322 1919 1390 2284">
     <span class='ocr_line' id='line_1_39' title="bbox 384 1919 1389 1966; baseline -0.001 -10"><span class='ocrx_word' id='word_1_171' title='bbox 384 1920 418 1956; x_wconf 88' lang='lat'>3.</span> <span class='ocrx_word' id='word_1_172' title='bbox 448 1920 687 1966; x_wconf 75' lang='lat' dir='ltr'>PRAETEREA,</span> <span class='ocrx_word' id='word_1_173' title='bbox 727 1919 799 1955; x_wconf 90' lang='lat' dir='ltr'>alia</span> <span class='ocrx_word' id='word_1_174' title='bbox 828 1919 1062 1956; x_wconf 88' lang='lat' dir='ltr'>documenta</span> <span class='ocrx_word' id='word_1_175' title='bbox 1088 1920 1226 1955; x_wconf 90' lang='lat' dir='ltr'>veteris</span> <span class='ocrx_word' id='word_1_176' title='bbox 1256 1920 1389 1956; x_wconf 89' lang='lat' dir='ltr'>Testa-</span> 
     </span>
     <span class='ocr_line' id='line_1_40' title="bbox 327 1972 1389 2020; baseline 0 -12"><span class='ocrx_word' id='word_1_177' title='bbox 327 1972 446 2008; x_wconf 89' lang='lat' dir='ltr'>menti</span> <span class='ocrx_word' id='word_1_178' title='bbox 467 1972 516 2009; x_wconf 89' lang='lat' dir='ltr'>ad</span> <span class='ocrx_word' id='word_1_179' title='bbox 543 1979 747 2020; x_wconf 91' lang='lat' dir='ltr'>praecepta</span> <span class='ocrx_word' id='word_1_180' title='bbox 767 1972 938 2019; x_wconf 89' lang='lat' dir='ltr'>decalogi</span> <span class='ocrx_word' id='word_1_181' title='bbox 962 1972 1200 2008; x_wconf 84' lang='lat' dir='ltr'>ordinantur:</span> <span class='ocrx_word' id='word_1_182' title='bbox 1229 1973 1332 2009; x_wconf 89' lang='lat' dir='ltr'>unde</span> <span class='ocrx_word' id='word_1_183' title='bbox 1354 1981 1389 2009; x_wconf 89' lang='lat' dir='ltr'>et</span> 
     </span>
     <span class='ocr_line' id='line_1_41' title="bbox 329 2025 1386 2074; baseline 0 -13"><span class='ocrx_word' id='word_1_184' title='bbox 329 2025 492 2062; x_wconf 87' lang='lat' dir='ltr'>Malaeh.</span> <span class='ocrx_word' id='word_1_185' title='bbox 522 2026 587 2061; x_wconf 89' lang='lat' dir='ltr'>ult.</span> <span class='ocrx_word' id='word_1_186' title='bbox 608 2025 628 2046; x_wconf 76' lang='lat'>&#39;¹‘</span> <span class='ocrx_word' id='word_1_187' title='bbox 665 2025 816 2061; x_wconf 88' lang='lat' dir='ltr'>dicitur:</span> <span class='ocrx_word' id='word_1_188' title='bbox 854 2026 1086 2061; x_wconf 87' lang='lat' dir='ltr'>Mementote</span> <span class='ocrx_word' id='word_1_189' title='bbox 1121 2025 1214 2074; x_wconf 82' lang='lat' dir='ltr'>Iegis</span> <span class='ocrx_word' id='word_1_190' title='bbox 1241 2026 1386 2073; x_wconf 82' lang='lat' dir='ltr'>Moysi,</span> 
     </span>
     <span class='ocr_line' id='line_1_42' title="bbox 326 2078 1388 2125; baseline 0.001 -12"><span class='ocrx_word' id='word_1_191' title='bbox 326 2078 427 2114; x_wconf 82' lang='lat' dir='ltr'>servi</span> <span class='ocrx_word' id='word_1_192' title='bbox 453 2078 546 2122; x_wconf 87' lang='lat' dir='ltr'>mei,</span> <span class='ocrx_word' id='word_1_193' title='bbox 584 2089 698 2125; x_wconf 85' lang='lat' dir='ltr'>quam</span> <span class='ocrx_word' id='word_1_194' title='bbox 727 2078 908 2114; x_wconf 84' lang='lat' dir='ltr'>mandavi</span> <span class='ocrx_word' id='word_1_195' title='bbox 933 2078 968 2114; x_wconf 88' lang='lat' dir='ltr'>ei</span> <span class='ocrx_word' id='word_1_196' title='bbox 995 2078 1031 2114; x_wconf 90' lang='lat' dir='ltr'>in</span> <span class='ocrx_word' id='word_1_197' title='bbox 1058 2078 1205 2114; x_wconf 84' lang='lat' dir='ltr'>Horeb.</span> <span class='ocrx_word' id='word_1_198' title='bbox 1245 2078 1320 2114; x_wconf 90' lang='lat' dir='ltr'>Sed</span> <span class='ocrx_word' id='word_1_199' title='bbox 1349 2078 1388 2115; x_wconf 92' lang='lat' dir='ltr'>in</span> 
     </span>
     <span class='ocr_line' id='line_1_43' title="bbox 327 2129 1388 2178; baseline 0 -12"><span class='ocrx_word' id='word_1_200' title='bbox 327 2129 408 2166; x_wconf 90' lang='lat' dir='ltr'>aliis</span> <span class='ocrx_word' id='word_1_201' title='bbox 437 2129 675 2166; x_wconf 88' lang='lat' dir='ltr'>documentis</span> <span class='ocrx_word' id='word_1_202' title='bbox 703 2130 842 2166; x_wconf 89' lang='lat' dir='ltr'>veteris</span> <span class='ocrx_word' id='word_1_203' title='bbox 869 2130 1107 2166; x_wconf 87' lang='lat' dir='ltr'>Testamenti</span> <span class='ocrx_word' id='word_1_204' title='bbox 1127 2130 1262 2167; x_wconf 91' lang='lat' dir='ltr'>dantur</span> <span class='ocrx_word' id='word_1_205' title='bbox 1280 2143 1388 2178; x_wconf 91' lang='lat' dir='ltr'>prae-</span> 
     </span>
     <span class='ocr_line' id='line_1_44' title="bbox 327 2182 1388 2230; baseline 0.002 -12"><span class='ocrx_word' id='word_1_206' title='bbox 327 2190 436 2230; x_wconf 90' lang='lat' dir='ltr'>cepta</span> <span class='ocrx_word' id='word_1_207' title='bbox 458 2182 505 2219; x_wconf 92' lang='lat' dir='ltr'>de</span> <span class='ocrx_word' id='word_1_208' title='bbox 524 2182 744 2230; x_wconf 90' lang='lat' dir='ltr'>prudentia:</span> <span class='ocrx_word' id='word_1_209' title='bbox 774 2182 869 2219; x_wconf 91' lang='lat' dir='ltr'>sicut</span> <span class='ocrx_word' id='word_1_210' title='bbox 886 2184 999 2219; x_wconf 77' lang='lat' dir='ltr'>Prov.</span> <span class='ocrx_word' id='word_1_211' title='bbox 1021 2182 1107 2219; x_wconf 80' lang='lat'>111*:</span> <span class='ocrx_word' id='word_1_212' title='bbox 1136 2184 1200 2220; x_wconf 89' lang='lat' dir='ltr'>Ne</span> <span class='ocrx_word' id='word_1_213' title='bbox 1218 2183 1388 2220; x_wconf 85' lang='lat' dir='ltr'>innitaris</span> 
     </span>
     <span class='ocr_line' id='line_1_45' title="bbox 322 2235 1390 2284; baseline 0.001 -13"><span class='ocrx_word' id='word_1_214' title='bbox 322 2235 546 2283; x_wconf 85' lang='lat' dir='ltr'>prudentiae</span> <span class='ocrx_word' id='word_1_215' title='bbox 563 2241 666 2279; x_wconf 88' lang='lat' dir='ltr'>tuae‚·</span> <span class='ocrx_word' id='word_1_216' title='bbox 687 2242 722 2271; x_wconf 93' lang='lat' dir='ltr'>et</span> <span class='ocrx_word' id='word_1_217' title='bbox 740 2235 845 2281; x_wconf 85' lang='lat' dir='ltr'>infra,</span> <span class='ocrx_word' id='word_1_218' title='bbox 867 2247 902 2271; x_wconf 94' lang='lat' dir='ltr'>1v</span> <span class='ocrx_word' id='word_1_219' title='bbox 921 2247 1003 2283; x_wconf 92' lang='lat' dir='ltr'>cap.</span> <span class='ocrx_word' id='word_1_220' title='bbox 1018 2235 1056 2271; x_wconf 75' lang='lat' dir='ltr'>*t</span> <span class='ocrx_word' id='word_1_221' title='bbox 1076 2236 1285 2284; x_wconf 85' lang='lat' dir='ltr'>Palpebrae</span> <span class='ocrx_word' id='word_1_222' title='bbox 1303 2241 1390 2272; x_wconf 84' lang='lat' dir='ltr'>tuae</span> 
     </span>
    </p>
   </div>
   <div class='ocr_carea' id='block_1_19' title="bbox 320 2288 1390 2337">
    <p class='ocr_par' dir='ltr' id='par_1_22' title="bbox 320 2288 1390 2337">
     <span class='ocr_line' id='line_1_46' title="bbox 320 2288 1390 2337; baseline 0.002 -14"><span class='ocrx_word' id='word_1_223' title='bbox 320 2288 558 2336; x_wconf 83' lang='lat' dir='ltr'>praecedant</span> <span class='ocrx_word' id='word_1_224' title='bbox 581 2299 734 2337; x_wconf 82' lang='lat' dir='ltr'>gressus</span> <span class='ocrx_word' id='word_1_225' title='bbox 761 2293 854 2323; x_wconf 81' lang='lat' dir='ltr'>tuos,</span> <span class='ocrx_word' id='word_1_226' title='bbox 888 2289 990 2334; x_wconf 88' lang='lat' dir='ltr'>Ergo</span> <span class='ocrx_word' id='word_1_227' title='bbox 1021 2295 1056 2324; x_wconf 91' lang='lat' dir='ltr'>et</span> <span class='ocrx_word' id='word_1_228' title='bbox 1083 2288 1121 2324; x_wconf 93' lang='lat' dir='ltr'>in</span> <span class='ocrx_word' id='word_1_229' title='bbox 1149 2289 1230 2336; x_wconf 91' lang='lat' dir='ltr'>lege</span> <span class='ocrx_word' id='word_1_230' title='bbox 1260 2288 1390 2326; x_wconf 90' lang='lat' dir='ltr'>debuit</span> 
     </span>
    </p>
   </div>
   <div class='ocr_carea' id='block_1_20' title="bbox 327 2340 1390 2545">
    <p class='ocr_par' dir='ltr' id='par_1_23' title="bbox 327 2340 1388 2442">
     <span class='ocr_line' id='line_1_47' title="bbox 327 2340 1388 2389; baseline 0.001 -12"><span class='ocrx_word' id='word_1_231' title='bbox 327 2340 483 2388; x_wconf 91' lang='lat' dir='ltr'>aliquod</span> <span class='ocrx_word' id='word_1_232' title='bbox 510 2347 759 2388; x_wconf 89' lang='lat' dir='ltr'>praeceptum</span> <span class='ocrx_word' id='word_1_233' title='bbox 788 2340 835 2376; x_wconf 91' lang='lat' dir='ltr'>de</span> <span class='ocrx_word' id='word_1_234' title='bbox 863 2340 1062 2388; x_wconf 88' lang='lat' dir='ltr'>prudentia</span> <span class='ocrx_word' id='word_1_235' title='bbox 1096 2340 1188 2384; x_wconf 92' lang='lat' dir='ltr'>dari,</span> <span class='ocrx_word' id='word_1_236' title='bbox 1219 2348 1254 2376; x_wconf 91' lang='lat' dir='ltr'>et</span> <span class='ocrx_word' id='word_1_237' title='bbox 1281 2353 1388 2389; x_wconf 91' lang='lat' dir='ltr'>prae-</span> 
     </span>
     <span class='ocr_line' id='line_1_48' title="bbox 328 2393 1152 2442; baseline 0.001 -13"><span class='ocrx_word' id='word_1_238' title='bbox 328 2393 439 2442; x_wconf 91' lang='lat' dir='ltr'>cipue</span> <span class='ocrx_word' id='word_1_239' title='bbox 467 2393 562 2429; x_wconf 91' lang='lat' dir='ltr'>inter</span> <span class='ocrx_word' id='word_1_240' title='bbox 588 2400 792 2441; x_wconf 90' lang='lat' dir='ltr'>praecepta</span> <span class='ocrx_word' id='word_1_241' title='bbox 820 2393 1002 2440; x_wconf 89' lang='lat' dir='ltr'>decalogi.</span> <span class='ocrx_word' id='word_1_242' title='bbox 1031 2401 1036 2406; x_wconf 81' lang='grc'><em>“</em></span> <span class='ocrx_word' id='word_1_243' title='bbox 1148 2428 1152 2430; x_wconf 73' lang='grc'>,</span> 
     </span>
    </p>

    <p class='ocr_par' dir='ltr' id='par_1_24' title="bbox 329 2444 1390 2545">
     <span class='ocr_line' id='line_1_49' title="bbox 382 2444 1390 2494; baseline -0.001 -12"><span class='ocrx_word' id='word_1_244' title='bbox 382 2447 456 2482; x_wconf 77' lang='lat' dir='ltr'>SED</span> <span class='ocrx_word' id='word_1_245' title='bbox 495 2457 729 2482; x_wconf 71' lang='lat' dir='ltr'>CONTRARmM</span> <span class='ocrx_word' id='word_1_246' title='bbox 767 2453 869 2493; x_wconf 89' lang='lat' dir='ltr'>patet</span> <span class='ocrx_word' id='word_1_247' title='bbox 906 2444 1146 2482; x_wconf 89' lang='lat' dir='ltr'>enumeranti</span> <span class='ocrx_word' id='word_1_248' title='bbox 1185 2452 1390 2494; x_wconf 82' lang='lat' dir='ltr'>praecepta</span> 
     </span>
     <span class='ocr_line' id='line_1_50' title="bbox 329 2498 511 2545; baseline -0.011 -9"><span class='ocrx_word' id='word_1_249' title='bbox 329 2498 511 2545; x_wconf 88' lang='lat' dir='ltr'>decalogi.</span> 
     </span>
    </p>
   </div>
   <div class='ocr_carea' id='block_1_21' title="bbox 1415 1201 1417 1989">
    <p class='ocr_par' dir='ltr' id='par_1_25' title="bbox 1415 1201 1417 1989">
     <span class='ocr_line' id='line_1_51' title="bbox 1415 1201 1417 1989; baseline 0 0"><span class='ocrx_word' id='word_1_250' title='bbox 1415 1201 1417 1989; x_wconf 95' lang='lat' dir='ltr'> </span> 
     </span>
    </p>
   </div>
   <div class='ocr_carea' id='block_1_22' title="bbox 1441 1129 2498 2544">
    <p class='ocr_par' dir='ltr' id='par_1_26' title="bbox 1441 1129 2498 1691">
     <span class='ocr_line' id='line_1_52' title="bbox 1442 1129 2492 1172; baseline 0.007 -7"><span class='ocrx_word' id='word_1_251' title='bbox 1442 1137 1530 1166; x_wconf 86' lang='lat' dir='ltr'>sunt</span> <span class='ocrx_word' id='word_1_252' title='bbox 1557 1130 1604 1166; x_wconf 91' lang='lat' dir='ltr'>de</span> <span class='ocrx_word' id='word_1_253' title='bbox 1633 1129 1837 1166; x_wconf 88' lang='lat' dir='ltr'>dictamine</span> <span class='ocrx_word' id='word_1_254' title='bbox 1865 1130 2016 1167; x_wconf 90' lang='lat' dir='ltr'>rationis</span> <span class='ocrx_word' id='word_1_255' title='bbox 2045 1133 2221 1169; x_wconf 88' lang='lat' dir='ltr'>naturalis</span> <span class='ocrx_word' id='word_1_256' title='bbox 2245 1134 2340 1170; x_wconf 92' lang='lat' dir='ltr'>fines</span> <span class='ocrx_word' id='word_1_257' title='bbox 2359 1135 2492 1172; x_wconf 85' lang='lat' dir='ltr'>huma-</span> 
     </span>
     <span class='ocr_line' id='line_1_53' title="bbox 1443 1182 2493 1235; baseline 0.006 -17"><span class='ocrx_word' id='word_1_258' title='bbox 1443 1194 1514 1219; x_wconf 90' lang='lat' dir='ltr'>nae</span> <span class='ocrx_word' id='word_1_259' title='bbox 1542 1182 1664 1229; x_wconf 84' lang='lat' dir='ltr'>vitae,</span> <span class='ocrx_word' id='word_1_260' title='bbox 1695 1182 1759 1231; x_wconf 92' lang='lat' dir='ltr'>qui</span> <span class='ocrx_word' id='word_1_261' title='bbox 1789 1195 1828 1219; x_wconf 89' lang='lat' dir='ltr'>se</span> <span class='ocrx_word' id='word_1_262' title='bbox 1856 1183 1998 1219; x_wconf 89' lang='lat' dir='ltr'>habent</span> <span class='ocrx_word' id='word_1_263' title='bbox 2024 1183 2062 1219; x_wconf 89' lang='lat' dir='ltr'>in</span> <span class='ocrx_word' id='word_1_264' title='bbox 2091 1185 2245 1231; x_wconf 88' lang='lat' dir='ltr'>agendis</span> <span class='ocrx_word' id='word_1_265' title='bbox 2273 1186 2368 1223; x_wconf 82' lang='lat' dir='ltr'>sicut·</span> <span class='ocrx_word' id='word_1_266' title='bbox 2393 1188 2493 1235; x_wconf 89' lang='lat' dir='ltr'>prin-</span> 
     </span>
     <span class='ocr_line' id='line_1_54' title="bbox 1443 1235 2495 1285; baseline 0.005 -14"><span class='ocrx_word' id='word_1_267' title='bbox 1443 1235 1540 1284; x_wconf 91' lang='lat' dir='ltr'>cipia</span> <span class='ocrx_word' id='word_1_268' title='bbox 1577 1235 1794 1271; x_wconf 86' lang='lat' dir='ltr'>naturaliter</span> <span class='ocrx_word' id='word_1_269' title='bbox 1830 1235 1979 1282; x_wconf 90' lang='lat' dir='ltr'>cognita</span> <span class='ocrx_word' id='word_1_270' title='bbox 2015 1236 2052 1272; x_wconf 90' lang='lat' dir='ltr'>in</span> <span class='ocrx_word' id='word_1_271' title='bbox 2081 1238 2340 1285; x_wconf 85' lang='lat' dir='ltr'>speculativis,</span> <span class='ocrx_word' id='word_1_272' title='bbox 2376 1247 2417 1275; x_wconf 94' lang='lat' dir='ltr'>ut</span> <span class='ocrx_word' id='word_1_273' title='bbox 2450 1253 2495 1276; x_wconf 86' lang='lat' dir='ltr'>ex</span> 
     </span>
     <span class='ocr_line' id='line_1_55' title="bbox 1442 1287 2495 1336; baseline 0.006 -13"><span class='ocrx_word' id='word_1_274' title='bbox 1442 1287 1697 1336; x_wconf 77' lang='lat' dir='ltr'>supradictis*</span> <span class='ocrx_word' id='word_1_275' title='bbox 1716 1295 1831 1335; x_wconf 90' lang='lat' dir='ltr'>patet.</span> <span class='ocrx_word' id='word_1_276' title='bbox 1852 1288 2057 1325; x_wconf 85' lang='lat' dir='ltr'>Prudentia</span> <span class='ocrx_word' id='word_1_277' title='bbox 2077 1296 2205 1326; x_wconf 90' lang='lat' dir='ltr'>autem</span> <span class='ocrx_word' id='word_1_278' title='bbox 2225 1303 2302 1327; x_wconf 90' lang='lat' dir='ltr'>non</span> <span class='ocrx_word' id='word_1_279' title='bbox 2324 1299 2381 1328; x_wconf 92' lang='lat' dir='ltr'>est</span> <span class='ocrx_word' id='word_1_280' title='bbox 2398 1292 2495 1329; x_wconf 86' lang='lat' dir='ltr'>circa</span> 
     </span>
     <span class='ocr_line' id='line_1_56' title="bbox 1441 1340 2494 1390; baseline 0.006 -14"><span class='ocrx_word' id='word_1_281' title='bbox 1441 1340 1574 1386; x_wconf 90' lang='lat' dir='ltr'>finem,</span> <span class='ocrx_word' id='word_1_282' title='bbox 1604 1341 1670 1377; x_wconf 89' lang='lat' dir='ltr'>sed</span> <span class='ocrx_word' id='word_1_283' title='bbox 1701 1340 1799 1376; x_wconf 86' lang='lat' dir='ltr'>circa</span> <span class='ocrx_word' id='word_1_284' title='bbox 1827 1353 1872 1376; x_wconf 90' lang='lat' dir='ltr'>ea</span> <span class='ocrx_word' id='word_1_285' title='bbox 1900 1353 1998 1389; x_wconf 92' lang='lat' dir='ltr'>quae</span> <span class='ocrx_word' id='word_1_286' title='bbox 2027 1349 2114 1378; x_wconf 90' lang='lat' dir='ltr'>sunt</span> <span class='ocrx_word' id='word_1_287' title='bbox 2137 1342 2186 1379; x_wconf 93' lang='lat' dir='ltr'>ad</span> <span class='ocrx_word' id='word_1_288' title='bbox 2214 1343 2345 1390; x_wconf 90' lang='lat' dir='ltr'>finem,</span> <span class='ocrx_word' id='word_1_289' title='bbox 2375 1352 2416 1381; x_wconf 91' lang='lat' dir='ltr'>ut</span> <span class='ocrx_word' id='word_1_290' title='bbox 2434 1358 2494 1382; x_wconf 91' lang='lat' dir='ltr'>su—</span> 
     </span>
     <span class='ocr_line' id='line_1_57' title="bbox 1441 1392 2495 1441; baseline 0.006 -13"><span class='ocrx_word' id='word_1_291' title='bbox 1441 1405 1510 1441; x_wconf 89' lang='lat' dir='ltr'>pra</span> <span class='ocrx_word' id='word_1_292' title='bbox 1537 1392 1557 1414; x_wconf 83' lang='lat'><strong>*</strong></span> <span class='ocrx_word' id='word_1_293' title='bbox 1585 1392 1726 1429; x_wconf 91' lang='lat' dir='ltr'>dictum</span> <span class='ocrx_word' id='word_1_294' title='bbox 1758 1400 1823 1429; x_wconf 92' lang='lat' dir='ltr'>est.</span> <span class='ocrx_word' id='word_1_295' title='bbox 1863 1394 1912 1429; x_wconf 90' lang='lat' dir='ltr'>Et</span> <span class='ocrx_word' id='word_1_296' title='bbox 1938 1393 2027 1430; x_wconf 88' lang='lat' dir='ltr'>ideo</span> <span class='ocrx_word' id='word_1_297' title='bbox 2055 1406 2133 1430; x_wconf 93' lang='lat' dir='ltr'>non</span> <span class='ocrx_word' id='word_1_298' title='bbox 2167 1395 2236 1431; x_wconf 86' lang='lat' dir='ltr'>fuit</span> <span class='ocrx_word' id='word_1_299' title='bbox 2264 1397 2495 1434; x_wconf 85' lang='lat' dir='ltr'>conveniens</span> 
     </span>
     <span class='ocr_line' id='line_1_58' title="bbox 1441 1445 2495 1498; baseline 0.006 -18"><span class='ocrx_word' id='word_1_300' title='bbox 1441 1453 1482 1481; x_wconf 92' lang='lat' dir='ltr'>ut</span> <span class='ocrx_word' id='word_1_301' title='bbox 1509 1445 1606 1481; x_wconf 91' lang='lat' dir='ltr'>inter</span> <span class='ocrx_word' id='word_1_302' title='bbox 1632 1452 1835 1493; x_wconf 89' lang='lat' dir='ltr'>praecepta</span> <span class='ocrx_word' id='word_1_303' title='bbox 1871 1447 2041 1493; x_wconf 87' lang='lat' dir='ltr'>decalogi</span> <span class='ocrx_word' id='word_1_304' title='bbox 2069 1446 2223 1495; x_wconf 87' lang='lat' dir='ltr'>aliquod</span> <span class='ocrx_word' id='word_1_305' title='bbox 2249 1458 2495 1498; x_wconf 88' lang='lat' dir='ltr'>praeceptum</span> 
     </span>
     <span class='ocr_line' id='line_1_59' title="bbox 1442 1497 2496 1548; baseline 0.007 -16"><span class='ocrx_word' id='word_1_306' title='bbox 1442 1505 1647 1545; x_wconf 90' lang='lat' dir='ltr'>poneretur</span> <span class='ocrx_word' id='word_1_307' title='bbox 1675 1497 1722 1533; x_wconf 91' lang='lat' dir='ltr'>ad</span> <span class='ocrx_word' id='word_1_308' title='bbox 1751 1498 1991 1545; x_wconf 87' lang='lat' dir='ltr'>prudentiam</span> <span class='ocrx_word' id='word_1_309' title='bbox 2030 1499 2167 1535; x_wconf 89' lang='lat' dir='ltr'>directe</span> <span class='ocrx_word' id='word_1_310' title='bbox 2204 1501 2406 1548; x_wconf 89' lang='lat' dir='ltr'>pertinens.</span> <span class='ocrx_word' id='word_1_311' title='bbox 2435 1502 2496 1538; x_wconf 93' lang='lat' dir='ltr'>Ad</span> 
     </span>
     <span class='ocr_line' id='line_1_60' title="bbox 1442 1550 2498 1601; baseline 0.007 -17"><span class='ocrx_word' id='word_1_312' title='bbox 1442 1562 1560 1597; x_wconf 93' lang='lat' dir='ltr'>quam</span> <span class='ocrx_word' id='word_1_313' title='bbox 1589 1557 1716 1585; x_wconf 90' lang='lat' dir='ltr'>tamen</span> <span class='ocrx_word' id='word_1_314' title='bbox 1745 1550 1874 1586; x_wconf 93' lang='lat' dir='ltr'>omnia</span> <span class='ocrx_word' id='word_1_315' title='bbox 1892 1558 2095 1598; x_wconf 89' lang='lat' dir='ltr'>praecepta</span> <span class='ocrx_word' id='word_1_316' title='bbox 2123 1552 2291 1600; x_wconf 87' lang='lat' dir='ltr'>decalogi</span> <span class='ocrx_word' id='word_1_317' title='bbox 2310 1554 2498 1601; x_wconf 86' lang='lat' dir='ltr'>pertinent</span> 
     </span>
     <span class='ocr_line' id='line_1_61' title="bbox 1442 1602 2497 1651; baseline 0.006 -13"><span class='ocrx_word' id='word_1_318' title='bbox 1442 1602 1654 1639; x_wconf 91' lang='lat' dir='ltr'>secundum</span> <span class='ocrx_word' id='word_1_319' title='bbox 1683 1602 1788 1649; x_wconf 92' lang='lat' dir='ltr'>quod</span> <span class='ocrx_word' id='word_1_320' title='bbox 1815 1602 1895 1651; x_wconf 84' lang='lat' dir='ltr'>ipsa</span> <span class='ocrx_word' id='word_1_321' title='bbox 1924 1610 1979 1639; x_wconf 91' lang='lat' dir='ltr'>est</span> <span class='ocrx_word' id='word_1_322' title='bbox 2006 1603 2186 1641; x_wconf 88' lang='lat' dir='ltr'>directiva</span> <span class='ocrx_word' id='word_1_323' title='bbox 2223 1606 2395 1642; x_wconf 91' lang='lat' dir='ltr'>omnium</span> <span class='ocrx_word' id='word_1_324' title='bbox 2423 1607 2497 1644; x_wconf 89' lang='lat' dir='ltr'>vir-</span> 
     </span>
     <span class='ocr_line' id='line_1_62' title="bbox 1441 1662 1836 1691; baseline 0 0"><span class='ocrx_word' id='word_1_325' title='bbox 1441 1662 1641 1691; x_wconf 91' lang='lat' dir='ltr'>tuosorum</span> <span class='ocrx_word' id='word_1_326' title='bbox 1671 1663 1836 1691; x_wconf 85' lang='lat' dir='ltr'>actuum.</span> 
     </span>
    </p>

    <p class='ocr_par' dir='ltr' id='par_1_27' title="bbox 1441 1710 2498 2123">
     <span class='ocr_line' id='line_1_63' title="bbox 1494 1710 2497 1758; baseline 0.005 -15"><span class='ocrx_word' id='word_1_327' title='bbox 1494 1710 1551 1744; x_wconf 83' lang='lat' dir='ltr'>AD</span> <span class='ocrx_word' id='word_1_328' title='bbox 1571 1719 1706 1744; x_wconf 81' lang='lat' dir='ltr'>PRIMUM</span> <span class='ocrx_word' id='word_1_329' title='bbox 1726 1719 1824 1744; x_wconf 85' lang='lat' dir='ltr'>ERGO</span> <span class='ocrx_word' id='word_1_330' title='bbox 1852 1719 2034 1745; x_wconf 71' lang='lat' dir='ltr'>monimum</span> <span class='ocrx_word' id='word_1_331' title='bbox 2058 1710 2162 1756; x_wconf 91' lang='lat' dir='ltr'>quod</span> <span class='ocrx_word' id='word_1_332' title='bbox 2190 1710 2275 1746; x_wconf 89' lang='lat' dir='ltr'>licet</span> <span class='ocrx_word' id='word_1_333' title='bbox 2298 1711 2497 1758; x_wconf 90' lang='lat' dir='ltr'>prudentia</span> 
     </span>
     <span class='ocr_line' id='line_1_64' title="bbox 1442 1760 2497 1809; baseline 0.005 -13"><span class='ocrx_word' id='word_1_334' title='bbox 1442 1760 1487 1796; x_wconf 94' lang='lat' dir='ltr'>sit</span> <span class='ocrx_word' id='word_1_335' title='bbox 1516 1760 1733 1808; x_wconf 89' lang='lat' dir='ltr'>simpliciter</span> <span class='ocrx_word' id='word_1_336' title='bbox 1759 1760 2000 1809; x_wconf 88' lang='lat' dir='ltr'>principalior</span> <span class='ocrx_word' id='word_1_337' title='bbox 2017 1761 2136 1798; x_wconf 84' lang='lat' dir='ltr'>virtus</span> <span class='ocrx_word' id='word_1_338' title='bbox 2157 1767 2174 1783; x_wconf 78' lang='lat'>⁴²</span> <span class='ocrx_word' id='word_1_339' title='bbox 2202 1763 2281 1799; x_wconf 90' lang='lat' dir='ltr'>aliis</span> <span class='ocrx_word' id='word_1_340' title='bbox 2300 1763 2497 1801; x_wconf 89' lang='lat' dir='ltr'>virtutibus</span> 
     </span>
     <span class='ocr_line' id='line_1_65' title="bbox 1442 1812 2496 1864; baseline 0.004 -15"><span class='ocrx_word' id='word_1_341' title='bbox 1442 1813 1662 1859; x_wconf 82' lang='lat' dir='ltr'>moralibus,</span> <span class='ocrx_word' id='word_1_342' title='bbox 1681 1812 1819 1849; x_wconf 90' lang='lat' dir='ltr'>iustitia</span> <span class='ocrx_word' id='word_1_343' title='bbox 1846 1822 1975 1850; x_wconf 85' lang='lat' dir='ltr'>tamen</span> <span class='ocrx_word' id='word_1_344' title='bbox 2002 1814 2247 1862; x_wconf 89' lang='lat' dir='ltr'>principalius</span> <span class='ocrx_word' id='word_1_345' title='bbox 2272 1816 2421 1864; x_wconf 88' lang='lat' dir='ltr'>respicit</span> <span class='ocrx_word' id='word_1_346' title='bbox 2440 1830 2496 1853; x_wconf 91' lang='lat' dir='ltr'>ra-</span> 
     </span>
     <span class='ocr_line' id='line_1_66' title="bbox 1441 1866 2498 1917; baseline 0.005 -16"><span class='ocrx_word' id='word_1_347' title='bbox 1441 1866 1584 1902; x_wconf 90' lang='lat' dir='ltr'>tionem</span> <span class='ocrx_word' id='word_1_348' title='bbox 1605 1866 1731 1912; x_wconf 89' lang='lat' dir='ltr'>debiti,</span> <span class='ocrx_word' id='word_1_349' title='bbox 1758 1866 1863 1914; x_wconf 91' lang='lat' dir='ltr'>quod</span> <span class='ocrx_word' id='word_1_350' title='bbox 1891 1867 2092 1915; x_wconf 88' lang='lat' dir='ltr'>requiritur</span> <span class='ocrx_word' id='word_1_351' title='bbox 2110 1867 2158 1904; x_wconf 88' lang='lat' dir='ltr'>ad</span> <span class='ocrx_word' id='word_1_352' title='bbox 2177 1877 2437 1917; x_wconf 86' lang='lat' dir='ltr'>praeceptum,</span> <span class='ocrx_word' id='word_1_353' title='bbox 2457 1878 2498 1906; x_wconf 92' lang='lat' dir='ltr'>ut</span> 
     </span>
     <span class='ocr_line' id='line_1_67' title="bbox 1442 1918 2497 1971; baseline 0.005 -17"><span class='ocrx_word' id='word_1_354' title='bbox 1442 1931 1556 1966; x_wconf 91' lang='lat' dir='ltr'>supra</span> <span class='ocrx_word' id='word_1_355' title='bbox 1575 1918 1595 1939; x_wconf 70' lang='lat'>&#39;¹‘</span> <span class='ocrx_word' id='word_1_356' title='bbox 1624 1918 1765 1955; x_wconf 91' lang='lat' dir='ltr'>dictum</span> <span class='ocrx_word' id='word_1_357' title='bbox 1787 1926 1853 1955; x_wconf 93' lang='lat' dir='ltr'>est.</span> <span class='ocrx_word' id='word_1_358' title='bbox 1883 1920 1931 1955; x_wconf 92' lang='lat' dir='ltr'>Et</span> <span class='ocrx_word' id='word_1_359' title='bbox 1950 1919 2037 1955; x_wconf 91' lang='lat' dir='ltr'>ideo</span> <span class='ocrx_word' id='word_1_360' title='bbox 2057 1920 2277 1968; x_wconf 88' lang='lat' dir='ltr'>principalia</span> <span class='ocrx_word' id='word_1_361' title='bbox 2296 1930 2497 1971; x_wconf 91' lang='lat' dir='ltr'>praecepta</span> 
     </span>
     <span class='ocr_line' id='line_1_68' title="bbox 1442 1971 2497 2021; baseline 0.004 -14"><span class='ocrx_word' id='word_1_362' title='bbox 1442 1971 1553 2018; x_wconf 90' lang='lat' dir='ltr'>legis,</span> <span class='ocrx_word' id='word_1_363' title='bbox 1583 1984 1682 2019; x_wconf 91' lang='lat' dir='ltr'>quae</span> <span class='ocrx_word' id='word_1_364' title='bbox 1721 1979 1807 2007; x_wconf 92' lang='lat' dir='ltr'>sunt</span> <span class='ocrx_word' id='word_1_365' title='bbox 1833 1979 2038 2020; x_wconf 90' lang='lat' dir='ltr'>praecepta</span> <span class='ocrx_word' id='word_1_366' title='bbox 2067 1973 2256 2021; x_wconf 84' lang='lat' dir='ltr'>decalogi,</span> <span class='ocrx_word' id='word_1_367' title='bbox 2287 1974 2406 2021; x_wconf 89' lang='lat' dir='ltr'>magis</span> <span class='ocrx_word' id='word_1_368' title='bbox 2435 1975 2497 2011; x_wconf 92' lang='lat' dir='ltr'>de-</span> 
     </span>
     <span class='ocr_line' id='line_1_69' title="bbox 1442 2024 2496 2075; baseline 0.004 -15"><span class='ocrx_word' id='word_1_369' title='bbox 1442 2025 1607 2061; x_wconf 91' lang='lat' dir='ltr'>buerunt</span> <span class='ocrx_word' id='word_1_370' title='bbox 1634 2024 1682 2060; x_wconf 92' lang='lat' dir='ltr'>ad</span> <span class='ocrx_word' id='word_1_371' title='bbox 1711 2024 1888 2061; x_wconf 90' lang='lat' dir='ltr'>iustitiam</span> <span class='ocrx_word' id='word_1_372' title='bbox 1925 2037 2039 2072; x_wconf 89' lang='lat' dir='ltr'>quam</span> <span class='ocrx_word' id='word_1_373' title='bbox 2070 2026 2119 2062; x_wconf 89' lang='lat' dir='ltr'>ad</span> <span class='ocrx_word' id='word_1_374' title='bbox 2145 2027 2385 2074; x_wconf 86' lang='lat' dir='ltr'>prudentiam</span> <span class='ocrx_word' id='word_1_375' title='bbox 2413 2039 2496 2075; x_wconf 91' lang='lat' dir='ltr'>per-</span> 
     </span>
     <span class='ocr_line' id='line_1_70' title="bbox 1442 2084 2187 2123; baseline 0 -10"><span class='ocrx_word' id='word_1_376' title='bbox 1442 2084 1572 2113; x_wconf 81' lang='lat' dir='ltr'>tinere.</span> <span class='ocrx_word' id='word_1_377' title='bbox 2185 2121 2187 2123; x_wconf 14' lang='lat' dir='ltr'>q</span> 
     </span>
    </p>

    <p class='ocr_par' dir='ltr' id='par_1_28' title="bbox 1441 2130 2497 2493">
     <span class='ocr_line' id='line_1_71' title="bbox 1499 2130 2496 2178; baseline 0.003 -13"><span class='ocrx_word' id='word_1_378' title='bbox 1499 2132 1557 2166; x_wconf 82' lang='lat' dir='ltr'>An</span> <span class='ocrx_word' id='word_1_379' title='bbox 1590 2140 1780 2166; x_wconf 78' lang='lat' dir='ltr'><strong>SECUNDUM</strong></span> <span class='ocrx_word' id='word_1_380' title='bbox 1820 2140 2004 2166; x_wconf 75' lang='lat' dir='ltr'><strong>DICENDUM</strong></span> <span class='ocrx_word' id='word_1_381' title='bbox 2045 2130 2150 2178; x_wconf 91' lang='lat' dir='ltr'>quod</span> <span class='ocrx_word' id='word_1_382' title='bbox 2180 2130 2349 2167; x_wconf 90' lang='lat' dir='ltr'>doctrina</span> <span class='ocrx_word' id='word_1_383' title='bbox 2383 2144 2496 2168; x_wconf 89' lang='lat' dir='ltr'>evan-</span> 
     </span>
     <span class='ocr_line' id='line_1_72' title="bbox 1442 2181 2497 2232; baseline 0.003 -15"><span class='ocrx_word' id='word_1_384' title='bbox 1442 2182 1559 2229; x_wconf 88' lang='lat' dir='ltr'>gelica</span> <span class='ocrx_word' id='word_1_385' title='bbox 1588 2189 1643 2218; x_wconf 91' lang='lat' dir='ltr'>est</span> <span class='ocrx_word' id='word_1_386' title='bbox 1667 2181 1837 2218; x_wconf 91' lang='lat' dir='ltr'>doctrina</span> <span class='ocrx_word' id='word_1_387' title='bbox 1864 2182 2122 2229; x_wconf 85' lang='lat' dir='ltr'>perfectionis:</span> <span class='ocrx_word' id='word_1_388' title='bbox 2153 2191 2189 2219; x_wconf 91' lang='lat' dir='ltr'>et</span> <span class='ocrx_word' id='word_1_389' title='bbox 2215 2183 2302 2220; x_wconf 91' lang='lat' dir='ltr'>ideo</span> <span class='ocrx_word' id='word_1_390' title='bbox 2332 2184 2497 2232; x_wconf 89' lang='lat' dir='ltr'>oportuit</span> 
     </span>
     <span class='ocr_line' id='line_1_73' title="bbox 1442 2234 2496 2282; baseline 0.002 -11"><span class='ocrx_word' id='word_1_391' title='bbox 1442 2235 1547 2282; x_wconf 92' lang='lat' dir='ltr'>quod</span> <span class='ocrx_word' id='word_1_392' title='bbox 1566 2234 1603 2270; x_wconf 92' lang='lat' dir='ltr'>in</span> <span class='ocrx_word' id='word_1_393' title='bbox 1623 2235 1704 2282; x_wconf 90' lang='lat' dir='ltr'>ipsa</span> <span class='ocrx_word' id='word_1_394' title='bbox 1723 2234 1889 2282; x_wconf 90' lang='lat' dir='ltr'>perfecte</span> <span class='ocrx_word' id='word_1_395' title='bbox 1908 2235 2152 2272; x_wconf 88' lang='lat' dir='ltr'>instrueretur</span> <span class='ocrx_word' id='word_1_396' title='bbox 2170 2236 2287 2272; x_wconf 92' lang='lat' dir='ltr'>homo</span> <span class='ocrx_word' id='word_1_397' title='bbox 2308 2236 2354 2272; x_wconf 91' lang='lat' dir='ltr'>de</span> <span class='ocrx_word' id='word_1_398' title='bbox 2374 2237 2496 2274; x_wconf 87' lang='lat' dir='ltr'>omni-</span> 
     </span>
     <span class='ocr_line' id='line_1_74' title="bbox 1442 2287 2495 2335; baseline 0.001 -11"><span class='ocrx_word' id='word_1_399' title='bbox 1442 2288 1513 2324; x_wconf 91' lang='lat' dir='ltr'>bus</span> <span class='ocrx_word' id='word_1_400' title='bbox 1542 2299 1639 2335; x_wconf 90' lang='lat' dir='ltr'>quae</span> <span class='ocrx_word' id='word_1_401' title='bbox 1668 2287 1856 2335; x_wconf 89' lang='lat' dir='ltr'>pertinent</span> <span class='ocrx_word' id='word_1_402' title='bbox 1891 2287 1939 2324; x_wconf 92' lang='lat' dir='ltr'>ad</span> <span class='ocrx_word' id='word_1_403' title='bbox 1968 2288 2227 2325; x_wconf 90' lang='lat' dir='ltr'>rectitudinem</span> <span class='ocrx_word' id='word_1_404' title='bbox 2263 2288 2384 2335; x_wconf 89' lang='lat' dir='ltr'>vitae,</span> <span class='ocrx_word' id='word_1_405' title='bbox 2415 2290 2495 2326; x_wconf 87' lang='lat' dir='ltr'>sive</span> 
     </span>
     <span class='ocr_line' id='line_1_75' title="bbox 1441 2337 2495 2390; baseline 0.001 -13"><span class='ocrx_word' id='word_1_406' title='bbox 1441 2341 1514 2377; x_wconf 90' lang='lat' dir='ltr'>sint</span> <span class='ocrx_word' id='word_1_407' title='bbox 1540 2340 1637 2376; x_wconf 92' lang='lat' dir='ltr'>fines</span> <span class='ocrx_word' id='word_1_408' title='bbox 1666 2340 1746 2376; x_wconf 87' lang='lat' dir='ltr'>sive</span> <span class='ocrx_word' id='word_1_409' title='bbox 1766 2351 1810 2375; x_wconf 91' lang='lat' dir='ltr'>ea</span> <span class='ocrx_word' id='word_1_410' title='bbox 1829 2337 1844 2368; x_wconf 71' lang='grc' dir='ltr'><strong>β</strong></span> <span class='ocrx_word' id='word_1_411' title='bbox 1871 2352 1968 2387; x_wconf 91' lang='lat' dir='ltr'>quae</span> <span class='ocrx_word' id='word_1_412' title='bbox 1998 2348 2084 2377; x_wconf 92' lang='lat' dir='ltr'>sunt</span> <span class='ocrx_word' id='word_1_413' title='bbox 2110 2341 2158 2377; x_wconf 89' lang='lat' dir='ltr'>ad</span> <span class='ocrx_word' id='word_1_414' title='bbox 2177 2341 2307 2378; x_wconf 91' lang='lat' dir='ltr'>finem.</span> <span class='ocrx_word' id='word_1_415' title='bbox 2338 2342 2386 2377; x_wconf 93' lang='lat' dir='ltr'>Et</span> <span class='ocrx_word' id='word_1_416' title='bbox 2408 2350 2495 2390; x_wconf 90' lang='lat' dir='ltr'>pro-</span> 
     </span>
     <span class='ocr_line' id='line_1_76' title="bbox 1441 2391 2495 2441; baseline 0.003 -13"><span class='ocrx_word' id='word_1_417' title='bbox 1441 2400 1524 2440; x_wconf 90' lang='lat' dir='ltr'>pter</span> <span class='ocrx_word' id='word_1_418' title='bbox 1551 2393 1626 2428; x_wconf 91' lang='lat' dir='ltr'>hoc</span> <span class='ocrx_word' id='word_1_419' title='bbox 1649 2391 1815 2440; x_wconf 90' lang='lat' dir='ltr'>oportuit</span> <span class='ocrx_word' id='word_1_420' title='bbox 1834 2391 1871 2428; x_wconf 92' lang='lat' dir='ltr'>in</span> <span class='ocrx_word' id='word_1_421' title='bbox 1891 2392 2059 2430; x_wconf 90' lang='lat' dir='ltr'>doctrina</span> <span class='ocrx_word' id='word_1_422' title='bbox 2079 2394 2295 2441; x_wconf 87' lang='lat' dir='ltr'>evangelica</span> <span class='ocrx_word' id='word_1_423' title='bbox 2315 2394 2428 2431; x_wconf 86' lang='lat' dir='ltr'>etiam</span> <span class='ocrx_word' id='word_1_424' title='bbox 2449 2396 2495 2432; x_wconf 92' lang='lat' dir='ltr'>de</span> 
     </span>
     <span class='ocr_line' id='line_1_77' title="bbox 1441 2444 2108 2493; baseline 0 -12"><span class='ocrx_word' id='word_1_425' title='bbox 1441 2444 1640 2493; x_wconf 89' lang='lat' dir='ltr'>prudentia</span> <span class='ocrx_word' id='word_1_426' title='bbox 1665 2451 1870 2492; x_wconf 91' lang='lat' dir='ltr'>praecepta</span> <span class='ocrx_word' id='word_1_427' title='bbox 1899 2444 1990 2481; x_wconf 91' lang='lat' dir='ltr'>dari.</span> <span class='ocrx_word' id='word_1_428' title='bbox 2095 2448 2108 2458; x_wconf 86' lang='lat'><em>&#39;</em></span> 
     </span>
    </p>

    <p class='ocr_par' dir='ltr' id='par_1_29' title="bbox 1493 2498 2496 2544">
     <span class='ocr_line' id='line_1_78' title="bbox 1493 2498 2496 2544; baseline 0.003 -12"><span class='ocrx_word' id='word_1_429' title='bbox 1493 2498 1553 2537; x_wconf 81' lang='lat' dir='ltr'>AD</span> <span class='ocrx_word' id='word_1_430' title='bbox 1571 2507 1731 2533; x_wconf 77' lang='lat' dir='ltr'>TERTttJM</span> <span class='ocrx_word' id='word_1_431' title='bbox 1751 2507 1935 2533; x_wconf 77' lang='lat' dir='ltr'>DICENDUM</span> <span class='ocrx_word' id='word_1_432' title='bbox 1963 2498 2067 2544; x_wconf 92' lang='lat' dir='ltr'>quod</span> <span class='ocrx_word' id='word_1_433' title='bbox 2096 2498 2190 2534; x_wconf 91' lang='lat' dir='ltr'>sicut</span> <span class='ocrx_word' id='word_1_434' title='bbox 2218 2498 2289 2534; x_wconf 90' lang='lat' dir='ltr'>alia</span> <span class='ocrx_word' id='word_1_435' title='bbox 2326 2499 2496 2535; x_wconf 90' lang='lat' dir='ltr'>doctrina</span> 
     </span>
    </p>
   </div>
   <div class='ocr_carea' id='block_1_23' title="bbox 381 2548 2495 2598">
    <p class='ocr_par' dir='ltr' id='par_1_30' title="bbox 381 2548 2495 2598">
     <span class='ocr_line' id='line_1_79' title="bbox 381 2548 2495 2598; baseline 0 -11"><span class='ocrx_word' id='word_1_436' title='bbox 381 2552 608 2587; x_wconf 78' lang='lat' dir='ltr'>RESPONDEO</span> <span class='ocrx_word' id='word_1_437' title='bbox 637 2562 821 2587; x_wconf 77' lang='lat' dir='ltr'><strong>DICENDUM</strong></span> <span class='ocrx_word' id='word_1_438' title='bbox 859 2550 984 2598; x_wconf 91' lang='lat' dir='ltr'>quod,</span> <span class='ocrx_word' id='word_1_439' title='bbox 1025 2550 1120 2586; x_wconf 91' lang='lat' dir='ltr'>sicut</span> <span class='ocrx_word' id='word_1_440' title='bbox 1148 2561 1263 2598; x_wconf 91' lang='lat' dir='ltr'>supra</span> <span class='ocrx_word' id='word_1_441' title='bbox 1285 2549 1306 2571; x_wconf 84' lang='lat'><strong>*</strong></span> <span class='ocrx_word' id='word_1_442' title='bbox 1334 2549 1388 2586; x_wconf 87' lang='lat' dir='ltr'>di·</span> <span class='ocrx_word' id='word_1_443' title='bbox 1420 2548 1585 2585; x_wconf 43' lang='lat' dir='ltr'>‘veteris‘</span> <span class='ocrx_word' id='word_1_444' title='bbox 1606 2549 1843 2585; x_wconf 88' lang='lat' dir='ltr'>Testamenti</span> <span class='ocrx_word' id='word_1_445' title='bbox 1863 2549 2058 2586; x_wconf 89' lang='lat' dir='ltr'>ordinatur</span> <span class='ocrx_word' id='word_1_446' title='bbox 2085 2550 2133 2586; x_wconf 91' lang='lat' dir='ltr'>ad</span> <span class='ocrx_word' id='word_1_447' title='bbox 2160 2558 2361 2598; x_wconf 90' lang='lat' dir='ltr'>praecepta</span> <span class='ocrx_word' id='word_1_448' title='bbox 2387 2551 2495 2587; x_wconf 91' lang='lat' dir='ltr'>deca-</span> 
     </span>
    </p>
   </div>
   <div class='ocr_carea' id='block_1_24' title="bbox 329 2602 1387 2755">
    <p class='ocr_par' dir='ltr' id='par_1_31' title="bbox 329 2602 1387 2755">
     <span class='ocr_line' id='line_1_80' title="bbox 329 2602 1387 2651; baseline -0.002 -11"><span class='ocrx_word' id='word_1_449' title='bbox 329 2611 432 2640; x_wconf 90' lang='lat' dir='ltr'>ctum</span> <span class='ocrx_word' id='word_1_450' title='bbox 463 2611 518 2640; x_wconf 91' lang='lat' dir='ltr'>est</span> <span class='ocrx_word' id='word_1_451' title='bbox 547 2615 634 2640; x_wconf 88' lang='lat' dir='ltr'>curn</span> <span class='ocrx_word' id='word_1_452' title='bbox 663 2603 709 2639; x_wconf 92' lang='lat' dir='ltr'>de</span> <span class='ocrx_word' id='word_1_453' title='bbox 737 2602 948 2651; x_wconf 88' lang='lat' dir='ltr'>praeceptis</span> <span class='ocrx_word' id='word_1_454' title='bbox 977 2610 1161 2650; x_wconf 87' lang='lat' dir='ltr'>ageretur,</span> <span class='ocrx_word' id='word_1_455' title='bbox 1184 2610 1387 2650; x_wconf 88' lang='lat' dir='ltr'>praecepta</span> 
     </span>
     <span class='ocr_line' id='line_1_81' title="bbox 329 2654 1385 2703; baseline -0.001 -10"><span class='ocrx_word' id='word_1_456' title='bbox 329 2656 511 2703; x_wconf 90' lang='lat' dir='ltr'>decalogi,</span> <span class='ocrx_word' id='word_1_457' title='bbox 541 2656 636 2692; x_wconf 91' lang='lat' dir='ltr'>sicut</span> <span class='ocrx_word' id='word_1_458' title='bbox 664 2656 750 2692; x_wconf 90' lang='lat' dir='ltr'>data</span> <span class='ocrx_word' id='word_1_459' title='bbox 778 2663 864 2692; x_wconf 92' lang='lat' dir='ltr'>sunt</span> <span class='ocrx_word' id='word_1_460' title='bbox 892 2655 996 2691; x_wconf 88' lang='lat' dir='ltr'>omni</span> <span class='ocrx_word' id='word_1_461' title='bbox 1024 2655 1180 2703; x_wconf 90' lang='lat' dir='ltr'>populo,</span> <span class='ocrx_word' id='word_1_462' title='bbox 1201 2655 1251 2690; x_wconf 92' lang='lat' dir='ltr'>ita</span> <span class='ocrx_word' id='word_1_463' title='bbox 1272 2654 1385 2692; x_wconf 89' lang='lat' dir='ltr'>etiam</span> 
     </span>
     <span class='ocr_line' id='line_1_82' title="bbox 329 2707 1386 2755; baseline -0.003 -9"><span class='ocrx_word' id='word_1_464' title='bbox 329 2710 469 2746; x_wconf 89' lang='lat' dir='ltr'>cadunt</span> <span class='ocrx_word' id='word_1_465' title='bbox 497 2709 534 2745; x_wconf 89' lang='lat' dir='ltr'>in</span> <span class='ocrx_word' id='word_1_466' title='bbox 572 2708 835 2745; x_wconf 90' lang='lat' dir='ltr'>aestimatione</span> <span class='ocrx_word' id='word_1_467' title='bbox 864 2708 1059 2753; x_wconf 90' lang='lat' dir='ltr'>omnium,</span> <span class='ocrx_word' id='word_1_468' title='bbox 1097 2707 1205 2755; x_wconf 89' lang='lat' dir='ltr'>quasi</span> <span class='ocrx_word' id='word_1_469' title='bbox 1241 2707 1288 2744; x_wconf 92' lang='lat' dir='ltr'>ad</span> <span class='ocrx_word' id='word_1_470' title='bbox 1322 2719 1386 2743; x_wconf 89' lang='lat' dir='ltr'>na-</span> 
     </span>
    </p>
   </div>
   <div class='ocr_carea' id='block_1_25' title="bbox 327 2760 1413 2809">
    <p class='ocr_par' dir='ltr' id='par_1_32' title="bbox 327 2760 1413 2809">
     <span class='ocr_line' id='line_1_83' title="bbox 327 2760 1413 2809; baseline -0.004 -11"><span class='ocrx_word' id='word_1_471' title='bbox 327 2763 488 2799; x_wconf 91' lang='lat' dir='ltr'>turalem</span> <span class='ocrx_word' id='word_1_472' title='bbox 518 2762 703 2798; x_wconf 88' lang='lat' dir='ltr'>rationem</span> <span class='ocrx_word' id='word_1_473' title='bbox 740 2761 974 2809; x_wconf 88' lang='lat' dir='ltr'>pertinentia.</span> <span class='ocrx_word' id='word_1_474' title='bbox 1014 2760 1220 2808; x_wconf 88' lang='lat' dir='ltr'>Praecipue</span> <span class='ocrx_word' id='word_1_475' title='bbox 1259 2767 1383 2795; x_wconf 90' lang='lat' dir='ltr'>autem</span> <span class='ocrx_word' id='word_1_476' title='bbox 1411 2793 1413 2798; x_wconf 87' lang='grc'><em>,</em></span> 
     </span>
    </p>
   </div>
   <div class='ocr_carea' id='block_1_26' title="bbox 382 2864 1206 2897">
    <p class='ocr_par' dir='ltr' id='par_1_33' title="bbox 382 2864 1206 2897">
     <span class='ocr_line' id='line_1_84' title="bbox 382 2864 1206 2897; baseline -0.001 -8"><span class='ocrx_word' id='word_1_477' title='bbox 382 2865 409 2897; x_wconf 84' lang='grc' dir='ltr'>α)</span> <span class='ocrx_word' id='word_1_478' title='bbox 429 2865 521 2889; x_wconf 79' lang='lat' dir='ltr'>vir-tus.</span> <span class='ocrx_word' id='word_1_479' title='bbox 539 2878 557 2883; x_wconf 90' lang='lat'><em>-</em></span> <span class='ocrx_word' id='word_1_480' title='bbox 575 2865 660 2889; x_wconf 78' lang='lat' dir='ltr'>virtus</span> <span class='ocrx_word' id='word_1_481' title='bbox 679 2865 799 2889; x_wconf 80' lang='lat' dir='ltr'>omnibus</span> <span class='ocrx_word' id='word_1_482' title='bbox 818 2865 859 2889; x_wconf 93' lang='lat' dir='ltr'>ed.</span> <span class='ocrx_word' id='word_1_483' title='bbox 877 2872 902 2894; x_wconf 86' lang='lat' dir='ltr'>a,</span> <span class='ocrx_word' id='word_1_484' title='bbox 922 2864 1042 2889; x_wconf 81' lang='lat' dir='ltr'>omnibus</span> <span class='ocrx_word' id='word_1_485' title='bbox 1061 2865 1088 2895; x_wconf 82' lang='lat' dir='ltr'>P,</span> <span class='ocrx_word' id='word_1_486' title='bbox 1107 2872 1161 2888; x_wconf 87' lang='lat' dir='ltr'>om.</span> <span class='ocrx_word' id='word_1_487' title='bbox 1180 2872 1206 2888; x_wconf 76' lang='lat' dir='ltr'>n.</span> 
     </span>
    </p>
   </div>
   <div class='ocr_carea' id='block_1_27' title="bbox 1441 2601 2495 2649">
    <p class='ocr_par' dir='ltr' id='par_1_34' title="bbox 1441 2601 2495 2649">
     <span class='ocr_line' id='line_1_85' title="bbox 1441 2601 2495 2649; baseline 0.003 -12"><span class='ocrx_word' id='word_1_488' title='bbox 1441 2601 1516 2649; x_wconf 90' lang='lat' dir='ltr'>logi</span> <span class='ocrx_word' id='word_1_489' title='bbox 1543 2609 1584 2637; x_wconf 93' lang='lat' dir='ltr'>ut</span> <span class='ocrx_word' id='word_1_490' title='bbox 1611 2602 1659 2638; x_wconf 94' lang='lat' dir='ltr'>ad</span> <span class='ocrx_word' id='word_1_491' title='bbox 1688 2602 1819 2647; x_wconf 86' lang='lat' dir='ltr'>finem,</span> <span class='ocrx_word' id='word_1_492' title='bbox 1841 2602 1890 2638; x_wconf 88' lang='lat' dir='ltr'>ita</span> <span class='ocrx_word' id='word_1_493' title='bbox 1920 2601 2031 2638; x_wconf 88' lang='lat' dir='ltr'>etiam</span> <span class='ocrx_word' id='word_1_494' title='bbox 2053 2603 2283 2639; x_wconf 89' lang='lat' dir='ltr'>conveniens</span> <span class='ocrx_word' id='word_1_495' title='bbox 2303 2603 2371 2639; x_wconf 83' lang='lat' dir='ltr'>fuit</span> <span class='ocrx_word' id='word_1_496' title='bbox 2397 2611 2438 2639; x_wconf 94' lang='lat' dir='ltr'>ut</span> <span class='ocrx_word' id='word_1_497' title='bbox 2456 2604 2495 2640; x_wconf 93' lang='lat' dir='ltr'>in</span> 
     </span>
    </p>
   </div>
   <div class='ocr_carea' id='block_1_28' title="bbox 1439 2654 2496 2756">
    <p class='ocr_par' dir='ltr' id='par_1_35' title="bbox 1439 2654 2496 2756">
     <span class='ocr_line' id='line_1_86' title="bbox 1439 2654 2495 2701; baseline 0.003 -12"><span class='ocrx_word' id='word_1_498' title='bbox 1439 2654 1759 2701; x_wconf 89' lang='lat' dir='ltr'>subsequentibus</span> <span class='ocrx_word' id='word_1_499' title='bbox 1802 2655 2040 2691; x_wconf 89' lang='lat' dir='ltr'>documentis</span> <span class='ocrx_word' id='word_1_500' title='bbox 2081 2656 2219 2692; x_wconf 81' lang='lat' dir='ltr'>veteris</span> <span class='ocrx_word' id='word_1_501' title='bbox 2261 2656 2495 2692; x_wconf 90' lang='lat' dir='ltr'>Testamenti</span> 
     </span>
     <span class='ocr_line' id='line_1_87' title="bbox 1439 2707 2496 2756; baseline 0.003 -14"><span class='ocrx_word' id='word_1_502' title='bbox 1439 2707 1616 2743; x_wconf 90' lang='lat' dir='ltr'>homines</span> <span class='ocrx_word' id='word_1_503' title='bbox 1640 2707 1909 2743; x_wconf 89' lang='lat' dir='ltr'>instruerentur</span> <span class='ocrx_word' id='word_1_504' title='bbox 1929 2707 1975 2743; x_wconf 92' lang='lat' dir='ltr'>de</span> <span class='ocrx_word' id='word_1_505' title='bbox 2000 2716 2084 2744; x_wconf 85' lang='lat' dir='ltr'>actu</span> <span class='ocrx_word' id='word_1_506' title='bbox 2102 2708 2336 2756; x_wconf 88' lang='lat' dir='ltr'>prudentiae,</span> <span class='ocrx_word' id='word_1_507' title='bbox 2356 2709 2420 2756; x_wconf 87' lang='lat' dir='ltr'>qui</span> <span class='ocrx_word' id='word_1_508' title='bbox 2441 2717 2496 2745; x_wconf 91' lang='lat' dir='ltr'>est</span> 
     </span>
    </p>
   </div>
   <div class='ocr_carea' id='block_1_29' title="bbox 1440 2759 2084 2805">
    <p class='ocr_par' dir='ltr' id='par_1_36' title="bbox 1440 2759 2084 2805">
     <span class='ocr_line' id='line_1_88' title="bbox 1440 2759 2084 2805; baseline 0.002 -10"><span class='ocrx_word' id='word_1_509' title='bbox 1440 2759 1538 2795; x_wconf 92' lang='lat' dir='ltr'>circa</span> <span class='ocrx_word' id='word_1_510' title='bbox 1567 2772 1611 2795; x_wconf 92' lang='lat' dir='ltr'>ea</span> <span class='ocrx_word' id='word_1_511' title='bbox 1639 2771 1737 2805; x_wconf 89' lang='lat' dir='ltr'>quae</span> <span class='ocrx_word' id='word_1_512' title='bbox 1766 2767 1852 2795; x_wconf 91' lang='lat' dir='ltr'>sunt</span> <span class='ocrx_word' id='word_1_513' title='bbox 1879 2760 1926 2796; x_wconf 90' lang='lat' dir='ltr'>ad</span> <span class='ocrx_word' id='word_1_514' title='bbox 1954 2760 2084 2796; x_wconf 90' lang='lat' dir='ltr'>finem.</span> 
     </span>
    </p>
   </div>
   <div class='ocr_carea' id='block_1_30' title="bbox 1495 2862 1825 2894">
    <p class='ocr_par' dir='ltr' id='par_1_37' title="bbox 1495 2862 1825 2894">
     <span class='ocr_line' id='line_1_89' title="bbox 1495 2862 1825 2894; baseline 0.003 -8"><span class='ocrx_word' id='word_1_515' title='bbox 1495 2862 1519 2894; x_wconf 59' lang='grc' dir='ltr'>β)</span> <span class='ocrx_word' id='word_1_516' title='bbox 1539 2870 1577 2887; x_wconf 85' lang='grc' dir='ltr'>εα.</span> <span class='ocrx_word' id='word_1_517' title='bbox 1596 2877 1615 2882; x_wconf 94' lang='grc'>-</span> <span class='ocrx_word' id='word_1_518' title='bbox 1632 2863 1686 2887; x_wconf 82' lang='lat' dir='ltr'>sint</span> <span class='ocrx_word' id='word_1_519' title='bbox 1704 2870 1734 2887; x_wconf 87' lang='lat' dir='ltr'>ea</span> <span class='ocrx_word' id='word_1_520' title='bbox 1754 2863 1825 2888; x_wconf 83' lang='lat' dir='ltr'>PGa.</span> 
     </span>
    </p>
   </div>
   <div class='ocr_carea' id='block_1_31' title="bbox 1277 2931 1541 2941">
    <p class='ocr_par' dir='ltr' id='par_1_38' title="bbox 1277 2931 1541 2941">
     <span class='ocr_line' id='line_1_90' title="bbox 1277 2931 1541 2941; baseline 0 1115"><span class='ocrx_word' id='word_1_521' title='bbox 1277 2931 1541 2941; x_wconf 95' lang='lat' dir='ltr'> </span> 
     </span>
    </p>
   </div>
   <div class='ocr_carea' id='block_1_32' title="bbox 1085 2989 1734 3030">
    <p class='ocr_par' dir='ltr' id='par_1_39' title="bbox 1085 2989 1734 3030">
     <span class='ocr_line' id='line_1_91' title="bbox 1085 2989 1734 3030; baseline 0 0"><span class='ocrx_word' id='word_1_522' title='bbox 1085 2989 1401 3030; x_wconf 87' lang='lat' dir='ltr'>ARTICULUS</span> <span class='ocrx_word' id='word_1_523' title='bbox 1439 2989 1734 3030; x_wconf 87' lang='lat' dir='ltr'>SECUNDUS</span> 
     </span>
    </p>
   </div>
   <div class='ocr_carea' id='block_1_33' title="bbox 439 3073 2386 3147">
    <p class='ocr_par' dir='ltr' id='par_1_40' title="bbox 439 3073 2386 3147">
     <span class='ocr_line' id='line_1_92' title="bbox 439 3073 2386 3115; baseline -0.001 -9"><span class='ocrx_word' id='word_1_524' title='bbox 439 3075 592 3107; x_wconf 90' lang='lat' dir='ltr'>UTRUM</span> <span class='ocrx_word' id='word_1_525' title='bbox 616 3075 659 3104; x_wconf 95' lang='lat' dir='ltr'>IN</span> <span class='ocrx_word' id='word_1_526' title='bbox 682 3073 839 3104; x_wconf 85' lang='lat' dir='ltr'><strong>VETERI</strong></span> <span class='ocrx_word' id='word_1_527' title='bbox 864 3073 976 3104; x_wconf 88' lang='lat' dir='ltr'><strong>LEGE</strong></span> <span class='ocrx_word' id='word_1_528' title='bbox 1000 3073 1188 3115; x_wconf 85' lang='lat' dir='ltr'>FUERINT</span> <span class='ocrx_word' id='word_1_529' title='bbox 1212 3073 1550 3103; x_wconf 88' lang='lat' dir='ltr'><strong>CONVENIENTER</strong></span> <span class='ocrx_word' id='word_1_530' title='bbox 1573 3073 1826 3103; x_wconf 88' lang='lat' dir='ltr'><strong>PRAECEPTA</strong></span> <span class='ocrx_word' id='word_1_531' title='bbox 1849 3073 2125 3104; x_wconf 88' lang='lat' dir='ltr'><strong>PROHIBITIVA</strong></span> <span class='ocrx_word' id='word_1_532' title='bbox 2149 3074 2386 3104; x_wconf 87' lang='lat' dir='ltr'>PROPOSITA</span> 
     </span>
     <span class='ocr_line' id='line_1_93' title="bbox 1043 3116 1782 3147; baseline -0.001 0"><span class='ocrx_word' id='word_1_533' title='bbox 1043 3117 1099 3147; x_wconf 90' lang='lat' dir='ltr'>DE</span> <span class='ocrx_word' id='word_1_534' title='bbox 1123 3116 1247 3147; x_wconf 91' lang='lat' dir='ltr'>VITIIS</span> <span class='ocrx_word' id='word_1_535' title='bbox 1270 3116 1487 3147; x_wconf 83' lang='lat' dir='ltr'>OPPOSITIS</span> <span class='ocrx_word' id='word_1_536' title='bbox 1509 3117 1782 3147; x_wconf 87' lang='lat' dir='ltr'><strong>PRUDENTIAE</strong></span> 
     </span>
    </p>
   </div>
   <div class='ocr_carea' id='block_1_34' title="bbox 393 3213 485 3357">
    <p class='ocr_par' dir='ltr' id='par_1_41' title="bbox 393 3213 485 3357">
     <span class='ocr_line' id='line_1_94' title="bbox 393 3213 485 3357; baseline 0 -83"><span class='ocrx_word' id='word_1_537' title='bbox 393 3213 485 3357; x_wconf 95' lang='lat' dir='ltr'>    </span> 
     </span>
    </p>
   </div>
   <div class='ocr_carea' id='block_1_35' title="bbox 356 3210 531 3310">
    <p class='ocr_par' dir='ltr' id='par_1_42' title="bbox 356 3210 531 3310">
     <span class='ocr_line' id='line_1_95' title="bbox 358 3210 455 3254; baseline 0.007 -1"><span class='ocrx_word' id='word_1_538' title='bbox 358 3210 429 3254; x_wconf 49' lang='lat' dir='ltr'>lie-:ni</span> <span class='ocrx_word' id='word_1_539' title='bbox 446 3214 455 3241; x_wconf 40' lang='grc' dir='ltr'><strong>ἕ</strong></span> 
     </span>
     <span class='ocr_line' id='line_1_96' title="bbox 356 3240 531 3310; baseline -0.011 -2"><span class='ocrx_word' id='word_1_540' title='bbox 356 3240 503 3310; x_wconf 41' lang='lat' dir='ltr'>‘irati</span> <span class='ocrx_word' id='word_1_541' title='bbox 526 3301 531 3306; x_wconf 79' lang='grc'>.</span> 
     </span>
    </p>
   </div>
   <div class='ocr_carea' id='block_1_36' title="bbox 346 3213 358 3357">
    <p class='ocr_par' dir='ltr' id='par_1_43' title="bbox 346 3213 358 3357">
     <span class='ocr_line' id='line_1_97' title="bbox 346 3213 358 3357; baseline 0 699"><span class='ocrx_word' id='word_1_542' title='bbox 346 3213 358 3357; x_wconf 95' lang='lat' dir='ltr'> </span> 
     </span>
    </p>
   </div>
   <div class='ocr_carea' id='block_1_37' title="bbox 348 3330 429 3382">
    <p class='ocr_par' dir='ltr' id='par_1_44' title="bbox 348 3330 429 3382">
     <span class='ocr_line' id='line_1_98' title="bbox 348 3330 429 3382; baseline 0 -23"><span class='ocrx_word' id='word_1_543' title='bbox 348 3330 429 3382; x_wconf 44' lang='grc' dir='ltr'>μᾷ</span> 
     </span>
     <span class='ocr_line' id='line_1_99' title="bbox 387 3370 427 3381; baseline -0.025 0"><span class='ocrx_word' id='word_1_544' title='bbox 387 3370 427 3381; x_wconf 52' lang='lat' dir='ltr'>k«</span> 
     </span>
    </p>
   </div>
   <div class='ocr_carea' id='block_1_38' title="bbox 326 3194 2588 3455">
    <p class='ocr_par' dir='ltr' id='par_1_45' title="bbox 326 3194 2588 3455">
     <span class='ocr_line' id='line_1_100' title="bbox 466 3194 2493 3260; baseline -0.002 -24"><span class='ocrx_word' id='word_1_545' title='bbox 466 3219 517 3260; x_wconf 40' lang='grc' dir='ltr'>ιχ(</span> <span class='ocrx_word' id='word_1_546' title='bbox 540 3209 563 3234; x_wconf 86' lang='lat' dir='ltr'>D</span> <span class='ocrx_word' id='word_1_547' title='bbox 578 3208 766 3233; x_wconf 79' lang='lat' dir='ltr'>SECUNDUM</span> <span class='ocrx_word' id='word_1_548' title='bbox 780 3208 833 3232; x_wconf 79' lang='lat' dir='ltr'>Sic</span> <span class='ocrx_word' id='word_1_549' title='bbox 848 3207 1087 3232; x_wconf 81' lang='lat' dir='ltr'>PROCEmTUR.</span> <span class='ocrx_word' id='word_1_550' title='bbox 1108 3194 1268 3231; x_wconf 90' lang='lat' dir='ltr'>Videtur</span> <span class='ocrx_word' id='word_1_551' title='bbox 1283 3196 1387 3242; x_wconf 92' lang='lat' dir='ltr'>quod</span> <span class='ocrx_word' id='word_1_552' title='bbox 1413 3194 1416 3222; x_wconf 62' lang='lat' dir='ltr'>i</span> <span class='ocrx_word' id='word_1_553' title='bbox 1442 3195 1723 3243; x_wconf 88' lang='lat' dir='ltr'>oppositionem</span> <span class='ocrx_word' id='word_1_554' title='bbox 1752 3195 1798 3231; x_wconf 93' lang='lat' dir='ltr'>ad</span> <span class='ocrx_word' id='word_1_555' title='bbox 1819 3194 1951 3243; x_wconf 91' lang='lat' dir='ltr'>ipsam,</span> <span class='ocrx_word' id='word_1_556' title='bbox 1972 3195 2067 3231; x_wconf 91' lang='lat' dir='ltr'>sicut</span> <span class='ocrx_word' id='word_1_557' title='bbox 2085 3195 2336 3243; x_wconf 88' lang='lat' dir='ltr'>imprudentia</span> <span class='ocrx_word' id='word_1_558' title='bbox 2356 3203 2391 3231; x_wconf 91' lang='lat' dir='ltr'>et</span> <span class='ocrx_word' id='word_1_559' title='bbox 2409 3207 2493 3243; x_wconf 91' lang='lat' dir='ltr'>par-</span> 
     </span>
     <span class='ocr_line' id='line_1_101' title="bbox 485 3247 2490 3296; baseline -0.001 -10"><span class='ocrx_word' id='word_1_560' title='bbox 485 3256 518 3292; x_wconf 59' lang='lat' dir='ltr'>:ae</span> <span class='ocrx_word' id='word_1_561' title='bbox 540 3249 705 3286; x_wconf 91' lang='lat' dir='ltr'>inveteri</span> <span class='ocrx_word' id='word_1_562' title='bbox 717 3250 797 3296; x_wconf 90' lang='lat' dir='ltr'>lege</span> <span class='ocrx_word' id='word_1_563' title='bbox 813 3249 949 3285; x_wconf 86' lang='lat' dir='ltr'>fuerint</span> <span class='ocrx_word' id='word_1_564' title='bbox 962 3247 1388 3295; x_wconf 88' lang='lat' dir='ltr'>inconvenienterprae-</span> <span class='ocrx_word' id='word_1_565' title='bbox 1440 3255 1495 3283; x_wconf 88' lang='lat' dir='ltr'>tes</span> <span class='ocrx_word' id='word_1_566' title='bbox 1524 3247 1614 3294; x_wconf 87' lang='lat' dir='ltr'>eius,</span> <span class='ocrx_word' id='word_1_567' title='bbox 1635 3259 1752 3295; x_wconf 91' lang='lat' dir='ltr'>quam</span> <span class='ocrx_word' id='word_1_568' title='bbox 1781 3247 1841 3283; x_wconf 89' lang='lat' dir='ltr'>illa</span> <span class='ocrx_word' id='word_1_569' title='bbox 1869 3259 1967 3295; x_wconf 89' lang='lat' dir='ltr'>quae</span> <span class='ocrx_word' id='word_1_570' title='bbox 1987 3260 2073 3284; x_wconf 89' lang='lat' dir='ltr'>cum</span> <span class='ocrx_word' id='word_1_571' title='bbox 2103 3248 2184 3295; x_wconf 90' lang='lat' dir='ltr'>ipsa</span> <span class='ocrx_word' id='word_1_572' title='bbox 2211 3247 2490 3284; x_wconf 88' lang='lat' dir='ltr'>similitudinem</span> 
     </span>
     <span class='ocr_line' id='line_1_102' title="bbox 346 3299 2490 3350; baseline 0 -14"><span class='ocrx_word' id='word_1_573' title='bbox 346 3304 385 3345; x_wconf 59' lang='grc' dir='ltr'>’γ</span> <span class='ocrx_word' id='word_1_574' title='bbox 407 3318 468 3345; x_wconf 52' lang='grc' dir='ltr'>«ν,</span> <span class='ocrx_word' id='word_1_575' title='bbox 486 3308 511 3344; x_wconf 65' lang='grc' dir='ltr'>Υ,</span> <span class='ocrx_word' id='word_1_576' title='bbox 542 3309 649 3350; x_wconf 90' lang='lat' dir='ltr'>cepta</span> <span class='ocrx_word' id='word_1_577' title='bbox 666 3301 894 3350; x_wconf 90' lang='lat' dir='ltr'>prohibitiva</span> <span class='ocrx_word' id='word_1_578' title='bbox 912 3301 1107 3349; x_wconf 89' lang='lat' dir='ltr'>proposita</span> <span class='ocrx_word' id='word_1_579' title='bbox 1137 3300 1183 3336; x_wconf 92' lang='lat' dir='ltr'>de</span> <span class='ocrx_word' id='word_1_580' title='bbox 1202 3299 1300 3336; x_wconf 89' lang='lat' dir='ltr'>vitiis</span> <span class='ocrx_word' id='word_1_581' title='bbox 1321 3312 1386 3348; x_wconf 87' lang='lat' dir='ltr'>op·</span> <span class='ocrx_word' id='word_1_582' title='bbox 1440 3300 1592 3346; x_wconf 90' lang='lat' dir='ltr'>habent,</span> <span class='ocrx_word' id='word_1_583' title='bbox 1613 3299 1708 3336; x_wconf 88' lang='lat' dir='ltr'>sicut</span> <span class='ocrx_word' id='word_1_584' title='bbox 1736 3300 1869 3336; x_wconf 91' lang='lat' dir='ltr'>astutia</span> <span class='ocrx_word' id='word_1_585' title='bbox 1898 3308 1933 3336; x_wconf 90' lang='lat' dir='ltr'>et</span> <span class='ocrx_word' id='word_1_586' title='bbox 1952 3312 2047 3348; x_wconf 89' lang='lat' dir='ltr'>quae</span> <span class='ocrx_word' id='word_1_587' title='bbox 2077 3301 2125 3336; x_wconf 91' lang='lat' dir='ltr'>ad</span> <span class='ocrx_word' id='word_1_588' title='bbox 2152 3301 2274 3348; x_wconf 89' lang='lat' dir='ltr'>ipsam</span> <span class='ocrx_word' id='word_1_589' title='bbox 2293 3300 2490 3348; x_wconf 90' lang='lat' dir='ltr'>pertinent.</span> 
     </span>
     <span class='ocr_line' id='line_1_103' title="bbox 430 3348 2491 3402; baseline -0 -11"><span class='ocrx_word' id='word_1_590' title='bbox 430 3348 476 3385; x_wconf 49' lang='lat'>&#39;‘51“</span> <span class='ocrx_word' id='word_1_591' title='bbox 500 3348 671 3402; x_wconf 50' lang='lat' dir='ltr'>&amp;positis</span> <span class='ocrx_word' id='word_1_592' title='bbox 707 3353 941 3402; x_wconf 88' lang='lat' dir='ltr'>prudentiae.</span> <span class='ocrx_word' id='word_1_593' title='bbox 990 3353 1248 3401; x_wconf 88' lang='lat' dir='ltr'>Opponuntur</span> <span class='ocrx_word' id='word_1_594' title='bbox 1285 3352 1384 3388; x_wconf 91' lang='lat' dir='ltr'>enim</span> <span class='ocrx_word' id='word_1_595' title='bbox 1442 3353 1518 3388; x_wconf 92' lang='lat' dir='ltr'>Sed</span> <span class='ocrx_word' id='word_1_596' title='bbox 1546 3353 1640 3388; x_wconf 90' lang='lat' dir='ltr'>haec</span> <span class='ocrx_word' id='word_1_597' title='bbox 1667 3352 1756 3388; x_wconf 91' lang='lat' dir='ltr'>vitia</span> <span class='ocrx_word' id='word_1_598' title='bbox 1784 3352 2033 3400; x_wconf 90' lang='lat' dir='ltr'>prohibentur</span> <span class='ocrx_word' id='word_1_599' title='bbox 2051 3353 2088 3389; x_wconf 92' lang='lat' dir='ltr'>in</span> <span class='ocrx_word' id='word_1_600' title='bbox 2107 3354 2207 3400; x_wconf 87' lang='lat' dir='ltr'>lege:</span> <span class='ocrx_word' id='word_1_601' title='bbox 2237 3352 2370 3389; x_wconf 89' lang='lat' dir='ltr'>dicitur</span> <span class='ocrx_word' id='word_1_602' title='bbox 2389 3353 2491 3390; x_wconf 88' lang='lat' dir='ltr'>enirn</span> 
     </span>
     <span class='ocr_line' id='line_1_104' title="bbox 326 3404 2588 3455; baseline 0 -13"><span class='ocrx_word' id='word_1_603' title='bbox 326 3406 551 3454; x_wconf 90' lang='lat' dir='ltr'>prudentiae</span> <span class='ocrx_word' id='word_1_604' title='bbox 580 3419 658 3444; x_wconf 93' lang='lat' dir='ltr'>non</span> <span class='ocrx_word' id='word_1_605' title='bbox 686 3407 812 3444; x_wconf 90' lang='lat' dir='ltr'>minus</span> <span class='ocrx_word' id='word_1_606' title='bbox 835 3407 897 3443; x_wconf 92' lang='lat' dir='ltr'>illa</span> <span class='ocrx_word' id='word_1_607' title='bbox 922 3418 1019 3455; x_wconf 88' lang='lat' dir='ltr'>quae</span> <span class='ocrx_word' id='word_1_608' title='bbox 1039 3406 1181 3441; x_wconf 90' lang='lat' dir='ltr'>habent</span> <span class='ocrx_word' id='word_1_609' title='bbox 1205 3405 1385 3442; x_wconf 89' lang='lat' dir='ltr'>directam</span> <span class='ocrx_word' id='word_1_610' title='bbox 1411 3440 1414 3452; x_wconf 50' lang='lat'><strong>¹</strong></span> <span class='ocrx_word' id='word_1_611' title='bbox 1440 3406 1529 3441; x_wconf 81' lang='lat' dir='ltr'>Lev.</span> <span class='ocrx_word' id='word_1_612' title='bbox 1554 3417 1613 3441; x_wconf 81' lang='lat' dir='ltr'>xix</span> <span class='ocrx_word' id='word_1_613' title='bbox 1640 3404 1675 3441; x_wconf 79' lang='lat' dir='ltr'>*z</span> <span class='ocrx_word' id='word_1_614' title='bbox 1704 3405 1794 3442; x_wconf 91' lang='lat' dir='ltr'>Non</span> <span class='ocrx_word' id='word_1_615' title='bbox 1817 3406 1938 3452; x_wconf 86' lang='lat' dir='ltr'>facies</span> <span class='ocrx_word' id='word_1_616' title='bbox 1962 3406 2188 3442; x_wconf 85' lang='lat' dir='ltr'>calumniam</span> <span class='ocrx_word' id='word_1_617' title='bbox 2211 3406 2390 3453; x_wconf 85' lang='lat' dir='ltr'>proximo</span> <span class='ocrx_word' id='word_1_618' title='bbox 2410 3412 2491 3449; x_wconf 85' lang='lat' dir='ltr'>tuo;</span> <span class='ocrx_word' id='word_1_619' title='bbox 2518 3418 2527 3426; x_wconf 90' lang='lat'><strong>·</strong></span> <span class='ocrx_word' id='word_1_620' title='bbox 2543 3416 2588 3438; x_wconf 83' lang='lat' dir='ltr'>Ver</span> 
     </span>
    </p>
   </div>
   <div class='ocr_carea' id='block_1_39' title="bbox 2522 1409 2603 1430">
    <p class='ocr_par' dir='ltr' id='par_1_46' title="bbox 2522 1409 2603 1430">
     <span class='ocr_line' id='line_1_105' title="bbox 2522 1409 2603 1430; baseline 0 0"><span class='ocrx_word' id='word_1_621' title='bbox 2522 1411 2532 1420; x_wconf 75' lang='lat'>⁸</span> <span class='ocrx_word' id='word_1_622' title='bbox 2547 1409 2603 1430; x_wconf 88' lang='lat' dir='ltr'>Ibid.</span> 
     </span>
    </p>
   </div>
   <div class='ocr_carea' id='block_1_40' title="bbox 2525 1933 2733 1986">
    <p class='ocr_par' dir='ltr' id='par_1_47' title="bbox 2525 1933 2733 1986">
     <span class='ocr_line' id='line_1_106' title="bbox 2525 1933 2733 1980; baseline -0.005 -26"><span class='ocrx_word' id='word_1_623' title='bbox 2525 1934 2534 1943; x_wconf 78' lang='lat'>&#39;¹</span> <span class='ocrx_word' id='word_1_624' title='bbox 2541 1933 2588 1980; x_wconf 61' lang='lat' dir='ltr'>qu.</span> <span class='ocrx_word' id='word_1_625' title='bbox 2596 1939 2656 1955; x_wconf 79' lang='lat' dir='ltr'>xuv.</span> <span class='ocrx_word' id='word_1_626' title='bbox 2666 1937 2708 1953; x_wconf 79' lang='lat' dir='ltr'>art.</span> <span class='ocrx_word' id='word_1_627' title='bbox 2717 1938 2733 1957; x_wconf 71' lang='grc' dir='ltr'>ις</span> 
     </span>
     <span class='ocr_line' id='line_1_107' title="bbox 2525 1959 2732 1986; baseline 0 -6"><span class='ocrx_word' id='word_1_628' title='bbox 2525 1960 2547 1980; x_wconf 74' lang='lat'>1²</span> <span class='ocrx_word' id='word_1_629' title='bbox 2568 1959 2602 1980; x_wconf 73' lang='lat' dir='ltr'>1²³e</span> <span class='ocrx_word' id='word_1_630' title='bbox 2623 1965 2653 1986; x_wconf 87' lang='lat' dir='ltr'>qu</span> <span class='ocrx_word' id='word_1_631' title='bbox 2686 1965 2732 1983; x_wconf 83' lang='lat' dir='ltr'>cix.</span> 
     </span>
    </p>
   </div>
   <div class='ocr_carea' id='block_1_41' title="bbox 2524 1975 2626 2032">
    <p class='ocr_par' dir='ltr' id='par_1_48' title="bbox 2524 1975 2626 2032">
     <span class='ocr_line' id='line_1_108' title="bbox 2524 1975 2624 2013; baseline 0 -6"><span class='ocrx_word' id='word_1_632' title='bbox 2524 1990 2566 2007; x_wconf 83' lang='lat' dir='ltr'>art.</span> <span class='ocrx_word' id='word_1_633' title='bbox 2581 1975 2624 2013; x_wconf 74' lang='lat'>¹·’5</span> 
     </span>
     <span class='ocr_line' id='line_1_109' title="bbox 2614 2018 2626 2032; baseline 0 0"><span class='ocrx_word' id='word_1_634' title='bbox 2614 2018 2626 2032; x_wconf 86' lang='lat' dir='ltr'>a</span> 
     </span>
    </p>
   </div>
   <div class='ocr_carea' id='block_1_42' title="bbox 2590 3423 2651 3445">
    <p class='ocr_par' dir='ltr' id='par_1_49' title="bbox 2590 3423 2651 3445">
     <span class='ocr_line' id='line_1_110' title="bbox 2590 3423 2651 3445; baseline 0 -8"><span class='ocrx_word' id='word_1_635' title='bbox 2590 3423 2608 3438; x_wconf 87' lang='lat' dir='ltr'>s.</span> <span class='ocrx_word' id='word_1_636' title='bbox 2623 3423 2651 3445; x_wconf 80' lang='lat'>¹3-</span> 
     </span>
    </p>
   </div>
   <div class='ocr_carea' id='block_1_43' title="bbox 2656 1966 2732 2033">
    <p class='ocr_par' dir='ltr' id='par_1_50' title="bbox 2656 1966 2732 2033">
     <span class='ocr_line' id='line_1_111' title="bbox 2657 1966 2684 1979; baseline 0 0"><span class='ocrx_word' id='word_1_637' title='bbox 2657 1975 2661 1979; x_wconf 90' lang='lat'>.</span> <span class='ocrx_word' id='word_1_638' title='bbox 2671 1966 2684 1979; x_wconf 83' lang='grc' dir='ltr'><strong>Χ</strong></span> 
     </span>
     <span class='ocr_line' id='line_1_112' title="bbox 2659 1991 2732 2012; baseline 0 -6"><span class='ocrx_word' id='word_1_639' title='bbox 2659 1991 2696 2012; x_wconf 78' lang='lat' dir='ltr'>qu.</span> <span class='ocrx_word' id='word_1_640' title='bbox 2712 1991 2732 2009; x_wconf 83' lang='lat' dir='ltr'>c.</span> 
     </span>
     <span class='ocr_line' id='line_1_113' title="bbox 2656 2017 2672 2033; baseline 0.063 -1"><span class='ocrx_word' id='word_1_641' title='bbox 2656 2017 2672 2033; x_wconf 80' lang='lat' dir='ltr'>i.</span> 
     </span>
    </p>
   </div>
  </div>
 </body>
</html>
