2892 4056
176 230 191 263 β

79 401 88 411 ·
104 397 169 419 Vei-s.
183 397 218 419 26.

75 813 85 823 ⁹
99 811 166 834 Vere.
181 812 212 834 18.

75 869 87 880 ⁸
99 867 167 890 Vei-s.
182 874 218 896 39.

69 1397 83 1410 ⁰
89 1397 138 1425 Qu.
144 1403 199 1425 xxv,
209 1400 252 1419 m.
260 1402 283 1425 7.

989 155 1254 201 QUAESTIO
1284 154 1426 202 XXVI,
1455 154 1750 192 ARTICULUS
1778 155 1813 191 V

369 245 405 270 2.
426 234 659 279 PRAETEREA,
681 232 951 270 detrimentum
973 232 1099 270 illiusss
1118 245 1235 281 quem
1255 233 1374 281 magis

315 285 516 333 diligimus,
545 285 666 332 magis
693 285 872 324 vitamus.
903 287 981 323 Sed
998 287 1119 323 homo
1149 299 1194 323 ex
1223 286 1374 323 caritate

315 338 473 376 sustinet
510 337 777 375 detrimentum
813 351 882 388 pro
920 340 1121 388 proximo:
1160 339 1373 376 secundum

313 391 406 428 illud
418 391 599 428 Proverh.
618 402 666 427 ΧΠ
685 391 723 428 *z
747 392 822 434 Qui
838 392 998 441 negligit
1018 393 1199 428 damnum
1218 397 1375 440 propter

313 444 491 489 amicum,
521 443 635 480 iustus
663 449 725 480 est.
755 445 857 492 Ergo
875 445 995 482 homo
1023 445 1136 481 debet
1156 457 1201 481 ex
1222 445 1373 482 caritate

314 496 435 544 magis
462 495 579 534 alium
609 495 760 544 diligere
789 509 905 545 quam
934 497 1116 545 seipsum.

368 550 404 587 3.
425 550 659 596 PRAETEREA,
690 551 703 586 1
724 549 775 587 ad
797 551 883 587 Cor.
901 561 963 587 xm
982 549 1002 571 ²⁵⁵
1021 550 1156 586 dicitur
1183 549 1288 597 quod
1313 562 1372 585 ca-

313 602 400 639 ritas
428 614 503 639 non
532 602 680 650 quaerit
711 614 808 651 quae
833 614 903 640 sua
930 608 1027 639 sunt.
1068 602 1146 639 Sed
1174 602 1265 638 illud
1293 614 1373 639 ma-

312 654 414 691 xime
433 667 609 692 amamus
629 654 735 692 cuius
754 655 900 692 bonum
919 659 934 683 Υ
954 655 1117 692 maxime
1142 655 1370 703 quaerimus.

312 708 416 755 Ergo
444 720 513 757 per
550 708 743 747 caritatem
780 707 912 755 aliquis
947 719 1027 744 non
1065 715 1167 744 amat
1204 707 1370 756 seipsum

313 760 434 808 magis
462 773 580 809 quam
606 759 838 809 proximum.

366 814 443 850 SED
471 825 616 853 com-M
641 824 709 850 EST
743 812 849 860 quod
882 811 1017 849 dicitur
1047 813 1165 849 Levit.
1187 824 1248 848 xix
1265 811 1305 858 ²¹⁶,
1335 819 1372 848 et

313 866 448 904 Matth.
466 865 596 903 xx11*:
627 865 776 914 Diliges
804 865 1028 913 proximum
1063 870 1168 901 tuum
1202 865 1297 900 sicut
1323 870 1371 900 te·

312 918 634 967 ipsumquua
646 917 798 957 videtur
824 918 930 965 quod
959 916 1108 954 dilectio
1137 916 1303 953 hominis
1323 917 1371 953 ad

311 971 564 1019 seipsumest
579 969 687 1010 'sicut
715 971 910 1019 exemplar
938 969 1149 1006 dilectionis
1181 981 1279 1018 quae
1306 969 1372 1006 ha-

310 1023 422 1063 betur
443 1023 690 1065 adulterum.
717 1022 794 1060 Sed
822 1023 1015 1071 exemplar
1033 1022 1159 1071 potius
1179 1030 1234 1059 est
1254 1034 1371 1069 quam

311 1076 580 1124 exemplatum.
601 1077 705 1124 Ergo
720 1076 841 1116 homo
857 1074 870 1098 ⁶
885 1087 931 1112 ex
947 1075 1098 1112 caritate
1118 1075 1238 1123 magis
1259 1075 1372 1112 debet

311 1128 463 1176 diligere
491 1128 659 1177 seipsum
689 1141 806 1177 quam
820 1127 1066 1177 *pt-oximum.

362 1182 591 1218 REsponmso
609 1193 793 1220 monimum
812 1183 916 1230 quod
935 1181 974 1218 in
993 1180 1148 1218 homine
1170 1180 1247 1217 duo
1267 1187 1368 1217 sunt:

309 1234 450 1271 scilicet
484 1242 620 1271 natura
657 1234 878 1283 spiritualis,
916 1243 953 1271 et
980 1242 1114 1271 natura
1152 1233 1367 1281 corporalis.

308 1287 486 1328 Perrhoc
517 1295 644 1324 autem
682 1288 803 1324 homo
841 1287 976 1324 dicitur
1012 1287 1165 1335 diligere
1202 1286 1371 1335 seipsum

309 1339 415 1391 quod
443 1340 558 1388 diligit
595 1353 635 1376 se
672 1340 885 1377 secundum
914 1347 1087 1376 naturam
1118 1338 1370 1388 spiritualem,

306 1399 351 1430 ut
376 1404 492 1443 supra
509 1393 531 1416 ⁵¹*
558 1392 702 1430 dictum
731 1400 797 1430 est.
834 1394 884 1429 Et
911 1392 1124 1430 secundum
1153 1393 1229 1429 hoc
1258 1392 1372 1428 debet

307 1445 428 1483 homo
448 1444 569 1493 magis
598 1445 638 1482 se
659 1445 824 1493 diligere,
840 1451 928 1493 post
945 1445 1086 1504 Deum,
1104 1456 1221 1503 quam
1239 1455 1371 1492 quem-

308 1510 474 1549 cumque
496 1498 632 1546 alium.
654 1499 711 1546 Ει
728 1499 804 1535 hoc
832 1505 935 1546 patet
963 1510 1008 1534 ex
1036 1498 1119 1546 ipsa
1147 1497 1293 1533 ratione
1318 1495 1371 1533 di-

273 1571 280 1583 ‚
305 1545 457 1599 ligendi.
487 1551 591 1589 Nam
603 1550 704 1588 sicut
723 1562 839 1599 supra
857 1549 877 1572 ’¹‘
896 1549 1041 1588 dictum
1061 1558 1128 1597 est,
1156 1550 1263 1586 Deus
1291 1548 1371 1586 dili-

230 1637 248 1649 ,,
306 1603 405 1652 gitur
440 1611 482 1640 ut
515 1603 748 1658 principium
790 1603 881 1640 boni
922 1616 1038 1652 super
1074 1615 1151 1663 quo
1192 1602 1372 1639 fundatur

307 1655 470 1694 dilectio
502 1656 684 1703 caritatis3
726 1656 847 1693 homo
885 1663 1012 1693 autem
1050 1656 1218 1705 seipsum
1256 1655 1372 1714 diligit

306 1721 353 1747 ex
372 1708 525 1746 caritate
545 1709 758 1747 secundum
788 1709 974 1746 rationem
1005 1722 1080 1758 qua
1109 1716 1164 1745 est
1183 1708 1371 1757 particeps

305 1762 487 1811 praedicti
513 1762 624 1809 boni3
662 1762 859 1811 proximus
887 1770 1016 1799 autem
1050 1761 1210 1810 diligitur
1237 1773 1370 1798 secun-

307 1814 400 1853 dum
421 1815 609 1853 rationem
629 1815 818 1852 societatis
837 1815 875 1852 in
894 1815 966 1852 isto
986 1816 1102 1852 bono.
1125 1814 1369 1851 Consociatio

306 1875 435 1905 autem
465 1875 520 1905 est
548 1868 640 1905 ratio
677 1868 887 1906 dilectionis
923 1868 1136 1906 secundum
1173 1867 1369 1916 quandam

305 1920 491 1958 unionem
519 1920 558 1958 in
587 1921 722 1958 ordine
750 1921 799 1958 ad
828 1922 966 1959 Deum.
995 1921 1106 1958 Unde
1135 1920 1230 1957 sicut
1248 1920 1370 1957 unitas

303 2044 309 2061 Ι
358 2038 384 2072 β)
403 2039 484 2064 iltius.
501 2051 521 2059 -
538 2038 622 2070 ipsius
639 2039 686 2063 Pa.

320 2082 374 2134 Ξ
401 2074 544 2135 ionum-
526 2074 650 2100 -lumen
664 2074 755 2099 ABDF
757 2074 843 2106 prn,
857 2074 962 2100 lucrum
981 2081 1023 2099 sn.
1098 2109 1104 2115 ¹
1227 2109 1234 2115 ·

419 2114 479 2135 omo
542 2108 835 2142 Om.BCDEFH1KpA
849 2113 874 2134 et
891 2116 954 2139 na,
968 2114 1028 2142 post
1046 2112 1160 2134 cantate
1173 2115 1245 2142 ponit
1259 2110 1291 2141 G,
1306 2114 1367 2143 post

303 2145 419 2179 diliger-e
436 2146 486 2176 sA,
504 2151 553 2178 pro
571 2144 654 2174 debet,
674 2144 751 2170 debet
767 2144 827 2177 quis
845 2144 878 2170 D.

2410 154 2483 190 213

1429 233 1553 281 potior
1582 242 1637 269 est
1665 245 1780 281 quam
1810 232 1913 279 unio,
1942 232 1992 269 ita
2020 232 2124 279 quod
2152 232 2272 268 homo
2301 231 2381 279 ipse
2401 244 2486 279 par-

1428 285 1554 333 ticipet
1582 286 1729 322 bonum
1758 285 1930 322 divinum
1958 292 2011 321 est
2032 284 2157 334 potior
2185 284 2278 320 ratio
2309 284 2485 331 diligendi

1428 350 1544 386 quam
1572 340 1676 386 quod
1705 338 1799 375 alius
1831 338 2040 375 associetur
2072 337 2142 374 sibi
2174 337 2211 374 in
2239 338 2311 374 hac
2338 337 2485 385 partici-

1427 391 1592 440 patione.
1629 392 1678 428 Et
1705 391 1792 428 ideo
1820 391 1941 428 homo
1971 403 2015 427 ex
2043 390 2195 427 caritate
2224 390 2338 427 debet
2365 390 2484 437 magis

1427 444 1593 492 seipsum
1632 443 1784 490 diligere
1821 456 1938 491 quam
1976 443 2207 492 proximum.
2237 463 2261 470 -
2287 444 2336 480 Et
2372 442 2484 479 huius

1427 497 1575 544 signum
1597 504 1652 532 est
1671 497 1777 544 quod
1793 497 1915 533 homo
1942 508 2021 533 non
2051 496 2164 534 debet
2183 495 2310 533 subire
2329 495 2485 543 aliquod

1427 550 1571 587 malum
1599 549 1764 597 peccati,
1804 549 1907 597 quod
1937 549 2184 586 contrariatur
2210 547 2484 598 participationi

1427 601 1678 648 beatitudinis,
1699 610 1740 638 ut
1759 602 1975 650 proximum
1995 602 2127 639 liberet
2145 614 2167 639 a
2186 609 2356 650 peccato.

1478 657 1538 692 An
1557 666 1694 692 Palmum
1721 666 1819 692 ERGO
1847 666 2030 692 mCENDUM
2055 655 2160 702 quod
2184 654 2333 692 dilectio
2354 653 2484 691 carita-

1426 707 1470 744 tis
1489 720 1567 744 non
1592 708 1715 744 solum
1739 708 1854 744 habet
1876 707 2121 755 quantitatem
2141 720 2163 744 a
2178 712 2190 728 Ε
2204 715 2311 755 parte
2335 706 2482 753 obiecti,

1426 761 1528 808 quod
1559 767 1614 797 est
1640 761 1763 805 Deus;
1796 760 1864 797 sed
1892 772 1938 796 ex
1965 768 2071 808 parte
2100 760 2301 807 diligentis,
2335 760 2400 808 qui
2429 767 2484 796 est

1426 813 1505 860 ipse
1533 813 1653 849 homo
1683 812 1876 849 caritatem
1910 813 2076 849 habens:
2109 812 2205 849 sicut
2232 820 2268 850 et
2296 812 2483 860 quantitas

1426 864 1623 901 cuiuslibet
1641 864 1798 901 actionis
1818 865 2007 913 dependet
2025 865 2314 913 quodammodo
2335 877 2380 902 ex
2400 865 2482 912 ipso

1425 917 1607 954 subiecto.
1637 918 1686 954 Et
1711 917 1814 963 ideo,
1843 917 1928 954 licet
1954 918 2151 966 proximus
2179 918 2314 954 melior
2333 918 2379 954 sit
2397 919 2482 955 Deo

1425 969 1686 1018 propinquior,
1707 970 1795 1017 quia
1822 977 1950 1006 tamen
1983 982 2060 1007 non
2090 978 2144 1006 est
2173 971 2222 1007 ita
2246 971 2483 1019 propinquus

1425 1022 1617 1059 caritatem
1652 1022 1808 1058 habenti
1847 1022 1941 1059 sicut
1968 1023 2050 1071 ipse
2079 1022 2170 1068 sibi,
2209 1035 2287 1060 non
2315 1024 2484 1071 sequitur

1424 1075 1530 1124 quod
1549 1074 1669 1121 magis
1693 1074 1832 1111 debeat
1859 1074 1992 1124 aliquis
2011 1074 2023 1100 t
2041 1075 2260 1124 proximum
2289 1089 2404 1125 quam
2425 1089 2482 1113 se—

1424 1128 1550 1177 ipsum
1577 1127 1740 1175 diligere.

1477 1182 1535 1218 AD
1555 1192 1746 1218 SECUNDUM
1764 1191 1948 1217 DmENDUM
1967 1180 2070 1228 quod
2099 1180 2322 1217 detrimenta
2348 1193 2482 1240 corpo-

1425 1233 1516 1270 ralia
1532 1233 1645 1270 debet
1663 1234 1782 1270 homo
1799 1232 1982 1269 sustinere
2002 1240 2158 1281 propter
2177 1233 2361 1270 amicum.
2382 1242 2418 1270 et
2444 1233 2483 1270 in

1423 1286 1526 1323 hoc
1517 1298 1600 1336 ipso
1620 1286 1789 1335 seipsum
1809 1286 1928 1333 magis
1949 1285 2066 1333 diligit
2084 1286 2296 1323 secundum
2313 1286 2482 1334 spiritua-

1425 1340 1499 1375 lem
1529 1347 1711 1386 mentem,
1742 1338 1829 1387 quia
1857 1339 1933 1375 hoc
1960 1338 2120 1387 pertinet
2139 1340 2185 1376 ad
2211 1339 2482 1388 perfectionem

1423 1391 1582 1437 virtutis,
1599 1403 1698 1439 quae
1719 1398 1773 1428 est
1791 1392 1938 1428 bonurn
1962 1391 2111 1428 mentis.
2134 1392 2209 1429 Sed
2229 1392 2268 1428 in
2287 1392 2483 1440 spirituali-

1424 1444 1495 1481 bus
1515 1456 1594 1481 non
1613 1445 1727 1480 debet
1754 1444 1871 1480 homo
1890 1444 1967 1492 pati
1997 1444 2265 1481 detrimentum
2285 1445 2482 1493 peccando
2503 1442 2510 1472 ἶ

1424 1504 1464 1534 ιιι
1481 1496 1700 1545 proximum
1720 1496 1854 1532 liberet
1872 1509 1894 1532 a
1912 1504 2083 1545 peccato,
2103 1497 2199 1533 sicut
2218 1497 2360 1534 dietum
2382 1505 2437 1534 est
2449 1497 2480 1534 *.
2509 1507 2521 1518 ⁸
2533 1508 2559 1529 1n
2575 1514 2679 1535 corpore-

1474 1551 1534 1586 AD
1549 1561 1709 1586 TERTmM
1729 1561 1913 1586 DICENDUM
1934 1549 2050 1597 quod,
2066 1550 2162 1586 sicut
2181 1550 2413 1597 Augustinus
2429 1550 2483 1587 di-

1424 1601 1484 1648 cit,
1500 1602 1539 1638 in
1552 1602 1703 1651 Regula
1719 1601 1864 1650 *‚quod
1876 1607 1894 1629 η
1913 1603 2059 1648 dicitur,
2075 1603 2223 1639 Caritas
2245 1615 2318 1639 non
2339 1603 2520 1651 quaerit

1424 1666 1522 1703 quae
1538 1667 1608 1692 sua
1626 1660 1722 1700 sunt,
1741 1655 1796 1691 sic
1815 1655 2034 1704 intelligitur
2051 1656 2139 1703 quia
2163 1656 2379 1692 communia
2392 1667 2483 1703 pro-

1418 1708 1515 1756 priis
1542 1709 1741 1756 anteponit.
1773 1708 1945 1766 Semper
1959 1716 2086 1744 autem
2111 1721 2316 1745 commune
2336 1709 2481 1745 bonum

1425 1769 1480 1798 est
1499 1761 1619 1809 magis
1639 1760 1801 1798 amabile
1820 1760 2024 1808 unicuique
2053 1773 2170 1809 quarn
2195 1761 2394 1810 proprium
2416 1762 2482 1798 bo-

1424 1826 1538 1850 num:
1569 1814 1665 1850 sicut
1693 1814 1806 1850 etiarn
1833 1813 1903 1862 ipsi
1930 1814 2026 1862 parti
2052 1811 2064 1835 θ
2085 1822 2140 1851 est
2168 1814 2288 1862 magis
2320 1813 2482 1851 amabile

1424 1867 1570 1904 bonum
1599 1866 1713 1904 totius
1741 1879 1859 1915 quam
1890 1867 2037 1904 bonum
2072 1867 2225 1915 partiale
2259 1867 2315 1904 sui
2343 1867 2480 1915 ipsius,

1423 1927 1465 1956 ut
1493 1919 1636 1957 dictum
1666 1927 1722 1956 est
1739 1919 1770 1957 ²¹².

1475 2038 1497 2070 ε)
1517 2045 1542 2063 a.
1561 2050 1580 2056 —
1598 2045 1636 2063 ex
1653 2038 1706 2067 Pa,·
1725 2045 1773 2071 pro
1791 2038 1839 2063 sed
1856 2045 1900 2067 ex,
1920 2037 1968 2062 sed
1985 2045 2003 2062 a
2021 2038 2052 2069 A,
2071 2038 2119 2063 sed
2136 2037 2216 2062 etiam
2234 2044 2272 2062 ex
2290 2037 2322 2062 H.

1473 2073 1499 2106 ζ)
1518 2073 1625 2106 aliquis.
1642 2087 1660 2092 -
1678 2074 1740 2099 Om.
1758 2074 1806 2098 Pa.

1474 2109 1501 2142 η)
1521 2109 1602 2142 quod.
1619 2123 1636 2128 -
1655 2109 1726 2141 quod
1743 2115 1802 2133 cum
1822 2109 1862 2133 ed.
1881 2116 1906 2137 a,
1926 2115 1985 2133 cum
2005 2108 2024 2132 P
2031 2116 2038 2139 ;
2058 2115 2105 2141 pro
2123 2108 2194 2140 quia,
2214 2107 2286 2140 quod
2303 2107 2349 2132 Pa.

1473 2144 1497 2178 Θ)
1512 2144 1599 2177 parti.
1615 2157 1635 2164 -
1653 2145 1714 2169 Om.
1733 2144 1831 2168 ABFL.

977 2223 1310 2257 Commentariis
1332 2224 1583 2258 Cardinalis
1605 2224 1805 2257 cajetani

335 2313 356 2334 n
379 2303 511 2334 articulo
536 2309 650 2344 quarto
668 2309 744 2333 nota
767 2302 856 2343 quod
879 2302 952 2333 hinc
975 2302 1086 2333 elicere
1108 2309 1200 2342 potes
1216 2313 1282 2333 non
1298 2313 1365 2333 esse

337 2347 376 2379 de
401 2354 507 2379 mente
530 2347 679 2378 Auctoris
709 2347 798 2387 quod
826 2346 929 2377 homo
955 2353 1040 2378 amet
1067 2347 1167 2387 magis
1194 2357 1366 2378 commune

303 2392 429 2425 bonum
441 2397 581 2423 creatum
596 2400 695 2432 quam
707 2391 848 2430 seipsum
863 2390 1040 2421 secundum
1054 2391 1216 2431 spirituale
1232 2392 1364 2422 bonum.

305 2435 367 2468 Sed
396 2436 531 2476 ipsemet
559 2435 592 2466 in
615 2434 708 2466 bonis
732 2433 947 2476 spiritualibus
975 2440 1061 2465 tenet
1089 2435 1231 2474 primum
1257 2435 1367 2466 locum

1420 2302 1564 2333 amabilis
1581 2308 1654 2342 post
1669 2302 1785 2338 Deum,
1803 2311 1860 2341 pro
1877 2311 1943 2342 quo
1959 2311 2025 2331 non
2040 2307 2144 2341 potest
2167 2301 2238 2342 quis
2257 2311 2395 2341 peccare.
2418 2302 2480 2332 Pro

1420 2346 1613 2378 beatitudine
1632 2353 1739 2377 autem
1762 2353 1793 2377 et
1814 2346 1928 2376 virtute
1949 2345 2103 2386 cuiusque
2124 2345 2361 2376 communitatis
2384 2356 2480 2377 nemo

1421 2391 1513 2422 debet
1536 2390 1698 2431 peccando
1722 2390 1780 2421 sibi
1803 2399 1927 2420 nocere.

1089 2577 1408 2620 ARTICULUS
1439 2577 1695 2631 QUINTUS

526 2672 682 2713 UTRUM
706 2679 837 2712 HOMO
859 2679 990 2711 MAG1s
1013 2679 1187 2710 DEBEAT
1211 2679 1413 2711 DILIGERE
1437 2679 1667 2711 PROXIMUM
1691 2679 1816 2717 QUAM
1845 2678 2011 2710 conpos
2034 2679 2255 2710 PROPRIUM

604 2769 682 2800 Infra,
700 2777 747 2803 qu.
763 2776 830 2801 xm,
849 2773 905 2794 nrt..
914 2767 940 2800 8,
959 2769 991 2793 ad
1011 2775 1040 2800 25
1059 2768 1225 2798 DeVirtut„
1246 2775 1291 2801 qu.
1309 2775 1336 2799 ιι,
1355 2773 1401 2793 art.
1420 2776 1451 2802 9;
1471 2773 1517 2793 art.
1539 2776 1579 2799 ιι,
1598 2768 1630 2793 ad
1649 2775 1678 2801 93
1698 2767 1740 2793 De
1759 2768 1830 2801 Pers.
1853 2767 1928 2792 Vitae
1947 2767 2028 2800 Spir„
2048 2775 2104 2801 cap.
2121 2774 2172 2793 nv-

351 2868 406 2897 ια,
434 2872 496 2904 Ἠ(
519 2861 542 2886 n
562 2860 725 2892 QUINTUM
743 2860 797 2887 s1c
817 2859 1055 2885 Pnocnmwiz.
1075 2847 1235 2885 Videtur
1263 2847 1367 2896 quod

359 2900 383 2931 ’ν’
391 2888 638 2964 ὲἰῇῃᾈΙιοιιιο
667 2914 746 2939 ιιοιι
764 2901 882 2950 magis
902 2901 1040 2939 debeat
1064 2901 1215 2948 diligere
1243 2900 1368 2949 proxi-

332 2961 339 2966 '
369 2957 371 2959 ’
411 2971 446 2997 r,
466 2960 488 2998 ’ἦ
520 2967 630 2992 mum
649 2966 766 3014 quam
787 2967 925 3003 corpus
943 2954 1154 3004 proprium.
1181 2955 1224 2990 In
1242 2953 1367 3013 proxi-

318 3002 375 3043 ’λ
384 3002 462 3039 Ψ)
477 2999 587 3045 &mo
616 3008 719 3044 enim
746 3006 960 3056 intelligitur
984 3020 1122 3056 corpus
1147 3006 1263 3044 nostri
1281 3018 1369 3058 pro-

305 3058 408 3096 ximi.
431 3057 470 3096 Si
491 3071 579 3108 ergo
601 3059 714 3097 debet
732 3060 851 3097 homo
873 3059 1024 3109 diligere
1044 3060 1263 3109 proximum
1281 3056 1367 3108 plus

307 3123 423 3162 quam
453 3123 592 3162 corpus
619 3113 830 3162 proprium,
860 3113 1031 3162 sequitur
1058 3114 1162 3161 quod
1190 3113 1276 3161 plus
1304 3112 1368 3161 de-

306 3165 395 3202 beat
421 3163 574 3213 diligere
604 3178 743 3214 corpus
770 3165 935 3215 proximi
967 3178 1083 3215 quam
1114 3178 1252 3216 corpus
1279 3178 1367 3214 pro-

334 3217 446 3255 rium.

305 3230 331 3268 p
361 3282 396 3308 2.
426 3270 667 3318 Pmnrnnm,
703 3270 824 3308 homo
852 3271 939 3320 plus
967 3257 1081 3309 debet
1109 3270 1261 3320 diligere
1289 3271 1368 3310 ani-

306 3335 412 3361 mam
445 3323 640 3372 propriam
678 3336 794 3373 quam
831 3323 1051 3372 proximum
1080 3329 1117 3371 α,
1150 3331 1193 3361 ιιι
1224 3324 1366 3362 dictum

358 3440 386 3476 α)
400 3441 571 3474 proximum,
583 3455 607 3461 v-
624 3441 743 3467 animam
757 3441 883 3474 proximi
900 3440 947 3466 Pa.
1391 3439 1394 3465 l

1423 2855 1477 2884 est
1495 2847 1526 2884 ²¹³.
1549 2847 1626 2884 Sed
1655 2859 1794 2896 corpus
1820 2847 2020 2896 proprium
2048 2846 2300 2896 propinquius
2328 2855 2384 2884 est
2402 2846 2480 2884 ani-

1422 2913 1508 2938 mae
1528 2907 1680 2937 nostrae
1699 2912 1815 2948 quarn
1834 2899 2043 2959 proximus
2068 2900 2170 2948 Ergo
2189 2899 2274 2949 plus
2295 2900 2480 2938 debemus

1422 2953 1574 3002 diligere
1604 2965 1741 3002 corpus
1769 2953 1968 3002 proprium
1997 2965 2113 3003 quam
2141 2952 2372 3001 proximum.

1478 3007 1512 3044 3.
1541 3007 1782 3053 PRAETEREA,
1820 3007 2081 3056 unusquisque
2120 3005 2273 3055 exponit
2303 3005 2343 3044 id
2374 3007 2480 3056 quod

1422 3059 1549 3096 minus
1574 3067 1677 3096 amat
1700 3071 1768 3108 pro
1798 3071 1844 3095 eo
1874 3059 1979 3107 quod
2007 3058 2127 3108 magis
2156 3066 2269 3096 amat.
2300 3058 2378 3096 Sed
2400 3071 2480 3097 non

1422 3112 1546 3150 omnis
1574 3113 1693 3150 homo
1722 3119 1870 3150 tenetur
1897 3124 2088 3162 exponere
2117 3124 2255 3161 corpus
2282 3112 2479 3160 proprium

1421 3178 1491 3215 pro
1512 3166 1629 3202 salute
1657 3164 1832 3214 proximi,
1853 3165 1920 3203 sed
1941 3165 2016 3203 hoc
2036 3173 2091 3202 est
2117 3165 2392 3224 perfectorum:
2422 3177 2479 3202 se-

1423 3219 1591 3256 cundum
1628 3217 1719 3255 illud
1762 3219 1865 3255 Ioan.
1902 3230 1951 3256 xv
1986 3217 2026 3254 *ε
2054 3218 2247 3255 Maiorem
2286 3217 2517 3254 caritatem

1421 3283 1530 3309 nemo
1558 3271 1670 3308 habet
1695 3282 1808 3320 quam
1828 3269 1844 3300 β
1863 3276 1903 3308 ut
1927 3271 2097 3308 animam
2124 3283 2233 3308 suam
2253 3275 2376 3319 ponat
2398 3270 2479 3319 quis

1414 3336 1489 3373 pro
1518 3324 1649 3361 amicis
1671 3324 1757 3360 suis.
1787 3324 1890 3372 Ergo
1918 3324 2037 3361 homo
2067 3333 2145 3361 non
2173 3330 2321 3360 tenetur
2345 3334 2389 3359 ex
2418 3335 2479 3360 ca-

1474 3441 1498 3475 β)
1518 3449 1607 3474 quam.
1624 3455 1643 3460 -
1662 3441 1724 3466 Om.
1741 3441 1854 3474 AEpciz.

2510 1612 2613 1660 81Εὲἐί
2588 1616 2617 1634 sn
2639 1612 2721 1639 ccxl,

2606 1676 2621 1698 η

2606 1809 2619 1835 θ

2509 1915 2520 1925 ”
2534 1915 2585 1936 Art.
2602 1914 2706 1942 praeced.

2507 2854 2581 2876 Ἀι-ι.
2598 2854 2701 2881 praeced.

2532 3228 2597 3250 Vei-s.
2611 3234 2638 3257 ¹3·
