2892 4056
851 352 1924 462 PRAEFATIO

333 1103 344 1117 ,
395 1104 406 1117 ,
430 1070 495 1122 ἦῆ,
522 1074 659 1125 *23'U1c
693 1060 869 1102 editioni
902 1060 1127 1101 Secundae
1162 1059 1387 1100 Secundae
1422 1060 1627 1100 Summae
1650 1059 1943 1115 Theologicae
1977 1060 2258 1101 inservierunt
2290 1075 2473 1115 sequen-

319 1117 344 1175 :s
389 1116 441 1167 ἵῖ
477 1131 500 1162 N
543 1130 651 1164 stes
685 1122 856 1163 codices
890 1121 1182 1163 Bibliothecae
1205 1121 1496 1175 Apostolicae.
1533 1121 1698 1161 Omnes
1721 1127 1820 1161 sunt
1853 1122 1895 1162 in
1927 1121 2095 1177 folioet
2127 1129 2292 1176 praeter
2324 1124 2366 1164 H
2395 1125 2474 1163 etI

308 1183 344 1231 ”,“
388 1180 420 1196 '
543 1184 848 1263 {pergameni

389 1254 398 1302 Ι·
454 1291 459 1300 ¹
544 1253 575 1311 ᾖ
711 1246 768 1300 A)
802 1245 1036 1286 Vaticanus
1077 1243 1223 1285 10156
1256 1258 1366 1285 saec.
1398 1257 1489 1292 x111,
1524 1244 1723 1284 foliorum
1765 1243 1846 1284 251
1887 1244 2123 1285 secundum
2162 1251 2308 1286 notam
2341 1246 2474 1286 ultimi

404 1309 413 1317 '
468 1316 507 1341 *r
548 1307 567 1330 Ἴ
587 1308 687 1357 folii,
710 1307 788 1348 sed
821 1307 863 1347 in
896 1306 1074 1347 veritate
1095 1312 1195 1346 sunt
1218 1305 1300 1346 251
1330 1306 1430 1359 quia
1452 1312 1622 1346 notator
1642 1306 1743 1346 folia
1775 1311 1871 1346 ante
1902 1308 1966 1355 16,
1991 1318 2049 1358 49
2074 1312 2115 1346 et
2145 1317 2228 1359 174
2250 1307 2474 1361 praeteriit.

301 1372 466 1413 Textus
489 1371 631 1411 finitur
661 1369 764 1409 folio
801 1367 911 1419 245;
944 1367 1045 1407 folia
1069 1372 1215 1407 notata
1247 1366 1450 1418 246-250
1485 1367 1702 1407 continent
1723 1367 1906 1407 indicem
1940 1367 2251 1419 Quaestionum
2286 1375 2327 1408 et
2359 1369 2474 1409 Arti-

302 1433 508 1479 culorum,
532 1431 574 1471 in
608 1430 728 1470 cuius
761 1429 866 1469 fine:
900 1427 1097 1482 Explicit
1123 1428 1226 1468 ordo
1248 1431 1292 1468 et
1307 1429 1499 1481 signacio
1530 1429 1796 1481 questionum
1821 1429 1999 1468 secundi
2027 1429 2130 1468 libri
2159 1430 2340 1470 secunde
2362 1433 2474 1484 par-

300 1484 356 1535 tis
364 1492 533 1549 fratris
563 1492 705 1532 thome
735 1490 788 1530 de
819 1491 988 1543 aquino.
1022 1489 1279 1530 Rubricator
1310 1490 1495 1544 spatium
1530 1490 1645 1530 iuxta
1677 1496 1762 1530 tres
1795 1490 1958 1544 priores
1994 1490 2190 1531 dimidias
2219 1490 2350 1531 lineas
2383 1497 2475 1531 tex-

300 1560 371 1597 tus
402 1560 446 1595 et
477 1554 659 1594 duarum
691 1552 897 1593 linearum
931 1565 1060 1605 supra
1091 1551 1274 1592 indicem
1308 1552 1389 1591 sibi
1423 1551 1614 1591 relictum
1648 1565 1735 1592 non
1768 1551 1966 1606 replevit;
2002 1564 2112 1605 quae
2138 1552 2272 1592 verba
2305 1553 2342 1593 ei
2375 1553 2476 1593 scri-

295 1615 445 1673 benda
475 1615 666 1662 fuissent,
693 1613 973 1669 probabiliter
1007 1626 1060 1653 ex
1091 1613 1289 1667 sequenti
1323 1612 1470 1653 codice
1505 1619 1546 1652 et
1579 1612 1670 1653 aliis
1705 1613 1928 1668 colligitur.
1965 1613 2264 1654 Correctiones
2298 1628 2384 1655 non
2420 1614 2476 1654 ita

301 1678 459 1720 multae
492 1682 603 1725 sunt,
629 1682 670 1716 et
702 1689 727 1716 a
759 1675 966 1729 scriptore
998 1674 1068 1715 vel
1101 1675 1274 1730 suppari
1307 1688 1436 1715 manu
1469 1673 1650 1715 additae.

427 1738 478 1793 B)
511 1738 746 1778 Vaticanus
783 1738 870 1790 743
904 1749 1014 1777 saec.
1038 1748 1133 1785 xm,
1164 1737 1265 1776 folia
1299 1737 1386 1788 298
1421 1741 1462 1775 et
1494 1749 1626 1775 unum
1659 1735 1804 1775 album
1839 1736 2048 1784 continet;
2082 1736 2288 1790 principio
2322 1737 2474 1776 rubro:

307 1800 581 1857 Continuacio
613 1799 716 1840 libri
735 1798 1003 1853 precedentis
1034 1798 1097 1838 ad
1121 1800 1362 1851 sequentem
1373 1813 1390 1845 ,·
1422 1797 1525 1837 folio
1562 1810 1644 1849 291
1682 1803 1798 1837 recto
1835 1809 1859 1836 2
1895 1797 1973 1837 col.
1999 1804 2148 1850 quarta
2181 1798 2291 1838 linea
2323 1798 2475 1838 rubro:

237 1875 242 1880 ·
301 1862 519 1916 Incipiant
545 1860 735 1915 capitula
765 1859 947 1901 secunde
971 1859 1118 1914 partis
1148 1858 1326 1900 secundi
1354 1858 1457 1899 libri
1481 1871 1647 1899 summe
1669 1858 1777 1898 edite
1808 1871 1836 1898 a
1855 1857 2009 1911 fratre
2041 1859 2187 1899 thoma
2209 1858 2261 1899 de
2293 1860 2450 1912 aquino
2461 1875 2478 1907 ‚-

302 1923 373 1971 fol.
400 1925 488 1975 296
510 1935 639 1963 verso
681 1935 695 1962 1
734 1921 814 1962 col.
838 1927 938 1975 post
969 1920 1172 1961 indicem:
1206 1920 1403 1975 Explicit
1426 1919 1529 1960 or'do
1562 1923 1606 1960 et
1628 1919 1821 1973 sig-nucib
1847 1920 2113 1972 questionum
2146 1920 2335 1960 Secundi
2367 1920 2475 1968 libri,

301 1984 483 2026 secunde
506 1984 654 2038 partis
671 1983 816 2038 fratis
846 1983 988 2023 thome
1018 1982 1071 2022 de
1102 1983 1260 2036 aquino
1303 1980 1544 2022 benedictus
1575 1981 1680 2021 deus
1722 1994 1859 2021 amen.
1894 1982 2087 2035 quisquis
2119 1985 2229 2034 agat
2264 1976 2480 2035 sapienter

303 2049 414 2101 agat
441 2049 485 2086 et
513 2045 673 2099 respice
687 2045 856 2098 finem,·
887 2049 988 2098 post
1021 2043 1128 2084 duas
1170 2044 1303 2084 lineas
1338 2057 1475 2083 rasas:
1510 2043 1692 2083 Summa
1733 2043 1956 2096 completta
1990 2045 2061 2083 est.
2090 2043 2246 2095 gracia
2284 2043 2378 2090 dei,·
2409 2056 2477 2083 se-

303 2120 442 2161 quens
475 2107 675 2153 columna
709 2112 751 2146 et
783 2111 922 2146 cetera
954 2105 1055 2145 folia
1087 2105 1238 2146 indicis
1272 2105 1473 2145 materiae
1506 2104 1759 2158 alphabetici
1793 2104 2032 2145 rudimenta
2059 2104 2286 2145 continent.
2323 2105 2478 2145 Corre-

303 2169 468 2211 ctiones
501 2174 601 2209 sunt
632 2167 870 2208 admodum
902 2180 1076 2221 paucae.

428 2230 479 2284 C)
513 2230 748 2270 Vaticanus
784 2230 872 2282 739
896 2241 949 2269 ex
981 2228 1116 2282 prima
1138 2234 1257 2282 parte
1290 2240 1400 2268 saec.
1424 2239 1512 2276 xw,
1536 2227 1736 2267 foliorum
1761 2238 1873 2280 207;
1907 2227 2008 2267 folia
2043 2228 2243 2279 203-207
2269 2227 2478 2268 columnis

303 2291 609 2347 quadripartita
640 2297 761 2339 sunt;
795 2290 865 2331 fol.
904 2292 991 2331 203
1032 2303 1045 2330 1
1087 2290 1166 2330 col.
1201 2295 1301 2344 post
1332 2295 1495 2330 textum
1530 2295 1571 2329 et
1605 2289 1711 2328 duas
1754 2288 1887 2328 lineas
1920 2302 1945 2328 a
1977 2288 2238 2328 rubricatore
2280 2302 2366 2328 non
2400 2289 2479 2329 im-

304 2353 458 2407 pletas,
491 2352 683 2406 sequitur
720 2352 870 2400 index,
899 2357 999 2405 post
1038 2364 1167 2405 quem
1200 2352 1270 2392 fol.
1305 2353 1392 2391 206
1426 2364 1553 2391 verso
1590 2363 1614 2390 2
1649 2351 1749 2391 col.:
1783 2350 1980 2404 Explicit
2008 2350 2111 2406 ordo
2152 2352 2195 2389 et
2221 2350 2480 2403 signficacio

305 2413 624 2469 (expunguntur
663 2413 745 2467 fic)
787 2412 966 2453 secundi
1004 2412 1107 2452 libri
1140 2426 1167 2465 q
1211 2413 1489 2464 Questionum
1526 2412 1709 2452 secunde
1741 2412 1888 2466 partis
1911 2411 2079 2465 fratris
2116 2410 2226 2465 (quo
2266 2418 2478 2465 expuncto

303 2489 432 2530 supra
465 2475 662 2515 scribitur
692 2474 847 2527 sancti)
861 2474 1017 2514 Thome
1047 2474 1100 2513 de
1132 2475 1301 2526 aquino.
1336 2474 1674 2513 Praefatiuncula
1707 2479 1938 2526 praeeunte
1971 2473 2163 2526 sequitur
2196 2486 2221 2512 a
2257 2473 2479 2513 recentiori

305 2551 434 2585 manu
468 2536 597 2577 index
629 2532 732 2576 satis
766 2534 982 2589 copiosus'
1003 2535 1203 2575 materiae
1237 2535 1539 2589 alphabeticus.
1580 2535 1808 2575 Correctus
1843 2541 1907 2574 est
1947 2535 2242 2581 vehementer,
2277 2535 2319 2574 in
2351 2535 2479 2588 priori

304 2605 434 2653 parte,
470 2613 495 2639 a
528 2611 656 2638 manu
690 2597 925 2644 recentiori,
950 2596 1028 2636 sed
1062 2596 1254 2637 eiusdem
1287 2596 1455 2644 saeculi,
1480 2596 1615 2649 prima
1648 2609 1776 2635 manu
1810 2595 1934 2635 nimis
1967 2608 2095 2649 saepe
2129 2595 2292 2636 abrasa.

429 2661 488 2715 D)
522 2659 756 2700 Vaticanus
792 2670 880 2712 740
914 2670 1023 2699 saec.
1056 2669 1131 2698 XIV
1166 2658 1381 2706 exeuntis;
1414 2658 1615 2698 foliorum
1649 2663 1751 2697 nota
1785 2663 1849 2697 est
1893 2658 2002 2705 213,
2037 2656 2115 2697 sed
2149 2662 2250 2696 nota
2296 2667 2378 2709 174
2413 2657 2479 2697 bis

306 2722 506 2770 occurrit;
541 2734 683 2762 errore
716 2720 908 2776 ligatoris
940 2719 1035 2760 libri
1069 2719 1252 2760 duorum
1286 2725 1592 2773 quaternorum
1632 2718 1827 2759 ordinem
1861 2718 2108 2759 invertentis
2150 2718 2304 2758 factum
2339 2724 2403 2758 est
2436 2724 2482 2758 ut

305 2783 406 2824 folia
448 2789 595 2825 notata
636 2784 779 2836 89-96
821 2787 918 2822 ante
961 2781 1109 2822 folium
1149 2783 1201 2822 81
1251 2781 1436 2836 legenda
1477 2781 1570 2821 sint.
1611 2781 1767 2835 Margo
1811 2780 2005 2834 superior
2037 2779 2160 2833 primi
2198 2779 2285 2819 folii
2329 2779 2478 2820 habet:

305 2844 440 2886 Adsit
459 2845 674 2899 principio
705 2846 857 2884 sancta
890 2843 1041 2884 Maria
1073 2856 1188 2891 meo,·
1221 2842 1319 2883 dein
1351 2843 1503 2883 rubro:
1544 2843 1662 2896 Opus
1694 2841 1808 2882 beati
1834 2841 1876 2880 T
1867 2841 2075 2895 homaszst
2107 2841 2242 2894 prima
2281 2841 2480 2882 columna

307 2906 453 2961 incipit
474 2906 626 2947 rubro:
659 2905 933 2946 Continuacio
955 2904 1057 2945 libri
1065 2904 1334 2958 precedentis
1354 2903 1418 2944 ad
1434 2906 1727 2957 assequentem
1750 2902 1817 2956 (as
1840 2903 2042 2943 abrasum
2065 2902 2143 2956 est)
2166 2901 2218 2942 de
2238 2903 2477 2942 virtutibus.

305 2968 463 3022 Incipit
498 2966 685 3008 secunda
718 2966 910 3007 secunde.
946 2966 1072 3007 Folio
1102 2967 1185 3019 178
1209 2966 1290 3006 alia
1322 2965 1467 3020 incipit
1507 2979 1670 3013 manus,
1699 2964 1949 3005 membrana
1981 2964 2195 3019 grossior;
2229 2964 2328 3004 folia
2358 2965 2439 3016 178
2459 2987 2477 2993 -

314 3040 396 3082 197
430 3029 546 3083 prius
580 3029 848 3083 occupabant
869 3028 1039 3068 tabulae
1067 3027 1231 3068 scribae
1255 3026 1378 3068 datae
1412 3027 1534 3068 annis
1564 3029 1675 3067 1322
1702 3032 1743 3067 et
1772 3027 1898 3067 1323.
1923 3026 2088 3067 Textus
2121 3025 2262 3065 finitur
2294 3025 2363 3065 sol.
2391 3038 2478 3077 209

315 3104 329 3132 1
369 3090 467 3131 col.':
501 3090 590 3144 ipse
630 3090 709 3143 qui
737 3089 944 3144 promisit
971 3090 1092 3129 lesus
1123 3089 1201 3142 qui
1226 3089 1333 3129 vivit
1367 3092 1410 3129 et
1445 3091 1603 3142 regnat
1632 3091 1705 3129 etc.
1716 3103 1734 3136 ‚·
1766 3088 1990 3142 sequentia
2023 3087 2241 3128 continent
2282 3086 2478 3126 indicem.

308 3151 610 3194 Correctiones
642 3150 769 3192 valde
801 3163 962 3205 paucae
997 3151 1050 3191 ab
1084 3150 1179 3204 ipso
1213 3150 1418 3204 scriptore
1452 3150 1675 3204 appositae
1708 3155 1817 3190 sunt.

432 3213 484 3267 E)
519 3212 752 3253 Vaticanus
788 3223 873 3265 742
908 3225 1019 3252 saec.
1048 3224 1143 3260 x1v,
1177 3212 1268 3252 sine
1301 3217 1404 3252 nota
1435 3212 1658 3260 foliorum;
1693 3225 1718 3251 a
1747 3210 1926 3251 diversis
1959 3210 2156 3250 manibus
2190 3209 2367 3262 scriptus
2402 3214 2477 3248 est.

307 3276 355 3316 In
387 3274 524 3329 prima
556 3274 692 3314 littera
724 3279 865 3314 textus
897 3273 1022 3314 frater
1043 3273 1316 3314 Praedicator
1349 3286 1446 3314 cum
1489 3273 1597 3314 libro
1631 3273 1723 3313 sine
1756 3271 1929 3312 aureola
1950 3271 2087 3325 pictus
2121 3277 2194 3311 est.
2224 3271 2387 3310 Textus
2409 3281 2478 3309 se-

308 3336 442 3391 ptimo
474 3350 499 3376 a
521 3336 605 3376 fine
627 3335 730 3375 folio
754 3340 870 3375 recto
902 3335 1063 3384 finitur;
1098 3334 1253 3375 eodem
1274 3334 1376 3375 folio
1398 3348 1526 3375 verso
1550 3334 1703 3389 legitur
1725 3333 1872 3374 litteris
1905 3332 2140 3373 semirasis:
2175 3332 2264 3371 Ista
2291 3330 2478 3371 secunda

306 3397 489 3439 secunde
526 3400 592 3438 est
607 3396 775 3451 fratris
807 3395 899 3437 luce
939 3395 1102 3436 ordinis
1119 3395 1324 3450 fratrum
1360 3395 1685 3450 predicatorum
1716 3395 1987 3448 Inquisitoris
2018 3393 2198 3434 heretice
2230 3392 2477 3446 pravitatis.

309 3459 544 3514 Sequentia
576 3459 677 3499 folia
710 3457 928 3499 continent
961 3456 1143 3498 indicem
1166 3457 1239 3511 qui
1272 3457 1314 3498 in
1347 3457 1430 3498 fine
1463 3457 1610 3498 habet:
1643 3456 1839 3511 Explicit
1868 3455 2015 3496 tabula
2047 3457 2178 3508 super
2204 3453 2391 3494 secunda
2412 3466 2478 3493 se-

450 3538 559 3562 sumam
578 3536 680 3561 Tenon.
699 3536 731 3560 D.
745 3535 860 3560 ‘suorum
878 3534 912 3560 Τ.
930 3535 962 3560 V.
2324 3530 2338 3554 b
