2892 4056
196 845 261 871 ⁸Qu.
278 851 348 868 Lxxn.
364 848 404 865 art.

198 871 220 896 6,
230 870 258 891 ad
268 876 288 892 2.
301 882 308 886 -
320 870 356 892 Cf.
366 877 406 891 su-

196 903 292 944 {58}‚qu'
303 903 323 923 x,
333 900 374 918 art.
386 902 404 924 5,

187 3198 195 3207 ·
210 3197 276 3219 Vers.
293 3204 321 3226 ¹3-

445 184 514 220 152

440 261 489 298 ad
508 262 788 299 beatitudinem.
820 264 868 298 Et
895 263 982 299 ideo
1011 263 1115 310 quod
1139 275 1217 300 non
1241 273 1393 312 sperant
1417 278 1494 302 non

440 314 645 362 imputatur
674 316 725 350 eis
755 315 802 351 ad
831 316 1000 364 culpam,
1038 316 1105 352 sed
1135 323 1190 352 est
1222 328 1308 363 pars
1338 319 1494 354 damna-

440 419 655 467 desperaret
674 420 720 455 de
750 432 795 456 eo
815 420 920 467 quod
945 432 1022 455 non
1043 427 1097 456 est
1116 428 1225 457 natus
1246 421 1412 470 adipisci,
1432 423 1494 459 vel

1135 186 1400 231 QUAESTIO
1431 189 1516 235 XX,
1546 189 1841 226 ARTlCULUS
1871 191 1902 226 11

1521 268 1523 309 ζ
1549 266 1651 313 quod
1672 278 1751 302 non
1771 274 1826 302 est
1855 266 2022 304 debitum
2051 269 2217 317 adipisci,
2248 282 2324 307 non
2355 279 2451 307 esset
2471 283 2604 319 pecca-

1521 314 1522 369 }
1548 326 1648 354 tum:
1679 326 1768 366 puta
1788 318 1817 354 si
1837 318 2011 356 medicus
2028 320 2203 368 desperat
2221 327 2232 343 ⁸
2253 323 2299 359 de
2327 323 2519 360 curatione
2540 323 2603 360 ali—

439 366 549 403 tionis
577 367 760 415 ipsorum.
792 368 895 403 Sicut
924 367 1035 403 etiarn
1064 368 1102 403 in
1127 375 1223 404 statu
1247 369 1332 407 viae
1361 370 1391 406 si
1411 371 1494 418 quis
1521 376 1522 399 ἲ

1547 422 1656 459 vitias
1684 422 1925 471 adepturum.

1549 371 1655 407 cuius
1682 370 1837 417 infirmi,
1866 371 1927 408 vel
1956 372 1985 408 si
2015 373 2144 421 aliquis
2174 374 2348 423 desperat
2376 388 2415 412 se
2444 377 2524 413 fore
2551 377 2604 414 di-

491 559 512 591 ε)
529 560 659 590 desperat.
673 572 691 577 -
704 559 857 590 desperaret
870 559 948 586 ΑΒΗ,
965 559 1084 590 desperet
1098 560 1130 590 Ρ;
1145 561 1193 585 alio
1209 562 1266 585 loco
1280 561 1402 593 desperet
1415 562 1466 586 ΡΟ.
1478 576 1497 580 -
1515 562 1565 585 Pro
1578 563 1650 595 sore,
1663 563 1740 595 sorte
1759 563 1809 594 ΡΙ),
1829 571 1882 588 om.
1901 564 1948 596 pC,
1968 564 2058 588 abrasa
2077 572 2121 596 pa.

1106 631 1436 664 Commentariis
1459 632 1708 665 cardinalis
1730 633 1929 667 Caietani

440 719 485 780 IN
510 707 640 738 articulo
664 707 768 747 primo
799 707 992 747 quaestionis
1016 707 1198 747 vigesimae,
1223 709 1254 739 in
1285 711 1491 750 responsione

466 752 505 782 ad
528 751 685 791 primum,
710 751 845 782 dubium
869 751 1004 781 occurrit
1027 761 1063 782 ex
1087 761 1125 782 eo
1149 754 1238 793 quod
1266 763 1411 793 praesens
1436 754 1491 784 do·
1515 785 1517 798 ⁴

434 796 531 826 ctrina
555 804 701 825 enervare
723 795 847 825 videtur
869 795 1044 825 doctrinam
1075 797 1215 827 habitam
1237 797 1269 827 in
1294 798 1491 838 praecedenti

434 841 529 870 Libro
546 839 562 858 ’¹‘
586 840 624 869 de
648 838 878 878 specificatione
901 840 1029 879 peccati,
1046 841 1135 880 quod
1158 841 1274 872 scilicet
1297 842 1493 882 specificatur

434 894 469 914 ex
486 890 572 923 parte
596 883 827 919 conversionis,
849 890 878 913 et
902 893 967 913 non
985 894 1020 914 ex
1042 891 1128 924 parte
1152 886 1332 917 aversionis.
1358 886 1391 917 Si
1406 897 1491 917 nam-

432 938 495 968 que
510 927 682 967 excipimus
699 934 825 967 peccata
849 934 956 958 contra
972 928 1102 959 virtutes
1126 929 1329 969 theologicas,
1350 931 1404 960 ubi
1421 931 1492 961 uni-

432 972 548 1002 versale
572 971 817 1002 fundamentum
840 972 1015 1011 praedictae
1041 973 1200 1003 doctrinae
1225 973 1448 1006 sustinebitur?

487 1015 537 1045 Ad
569 1015 630 1046 hoc
658 1015 770 1046 dicitur
800 1017 888 1055 quod
910 1025 1058 1055 praesens
1078 1017 1218 1047 doctrina
1242 1028 1299 1048 nec
1324 1020 1491 1050 contraria-

431 1066 482 1090 tur
505 1059 659 1099 superiori
683 1069 740 1090 nec
764 1060 877 1099 excipit
899 1061 937 1090 ab
960 1060 1030 1096 illa,
1056 1061 1110 1091 sed
1131 1061 1296 1093 confirmat
1318 1063 1416 1093 illam.
1441 1064 1491 1094 Ad

432 1103 521 1135 cuius
545 1103 733 1134 evidentiam
759 1103 836 1134 scito
861 1105 949 1143 quod
972 1104 1058 1135 aliud
1083 1112 1129 1135 est
1150 1106 1239 1146 loqui
1264 1107 1301 1136 de
1330 1108 1491 1138 aversione

432 1158 449 1178 a
471 1148 541 1178 Deo
566 1153 596 1178 et
625 1147 830 1178 conversione
852 1148 892 1178 ad
914 1148 1092 1185 obiectum,
1119 1159 1200 1189 quae
1231 1149 1436 1181 inveniuntur
1457 1152 1490 1182 in

430 1198 560 1232 peccato
583 1191 725 1227 mortali;
750 1199 780 1222 et
799 1191 885 1223 alind
903 1199 955 1222 <est
976 1192 1067 1232 loqui
1086 1193 1124 1223 de
1147 1194 1311 1223 aversione
1334 1204 1351 1224 a
1374 1195 1444 1225 Deo
1460 1202 1491 1225 et
1515 1216 1517 1236 Ξ

431 1235 636 1267 conversione
655 1236 695 1266 ad
718 1236 943 1267 commutabile
959 1237 1091 1271 bonum,
1108 1246 1190 1276 quae
1206 1237 1300 1267 etiam
1323 1237 1490 1269 inveniun-
1514 1246 1516 1274 j

429 1287 481 1311 tur
502 1280 534 1310 in
558 1286 687 1320 peccato
704 1280 845 1311 mortali:
870 1281 1016 1320 quamvis
1039 1287 1070 1310 et
1085 1280 1136 1310 alii
1157 1287 1187 1310 et
1210 1291 1268 1311 nos
1285 1281 1365 1312 forte
1388 1292 1489 1322 quan-

431 1325 536 1364 doque
552 1334 611 1364 pro
635 1325 750 1354 eodem
765 1323 813 1353 his
830 1323 878 1354 usi
902 1323 1065 1360 fuerimus,
1083 1330 1113 1354 et
1136 1324 1188 1364 pia
1204 1332 1315 1364 egeant
1337 1325 1489 1366 interpre-

429 1368 547 1399 tatione
562 1368 662 1399 sicubi
676 1367 876 1398 inveniantur
890 1367 1078 1398 indistincta.
1095 1368 1279 1399 Declaratur
1293 1377 1401 1400 autem
1417 1370 1490 1401 alie-

429 1419 492 1448 tas,
517 1422 591 1442 cum
615 1412 759 1442 universa
782 1412 839 1442 hac
862 1412 1005 1449 materia,
1027 1412 1259 1444 manifestando
1282 1413 1489 1445 differentiam

428 1457 461 1486 in
483 1456 584 1487 littera
600 1456 747 1497 positam,
765 1456 818 1486 sic.
845 1457 878 1486 In
898 1456 1033 1496 peccatis
1053 1457 1208 1496 oppositis
1227 1457 1414 1499 theologicis
1429 1459 1489 1489 vir-

428 1500 559 1538 tutibus,
575 1501 661 1532 verbi
684 1500 781 1541 gratia
802 1501 835 1531 in
855 1501 931 1532 odio
955 1501 1024 1537 Dei,
1047 1500 1105 1531 tria
1126 1501 1346 1533 inveniuntur:
1372 1503 1487 1543 primo,

429 1545 593 1581 conversio
617 1546 657 1576 ad
680 1545 845 1586 proprium
866 1545 1040 1581 obiectum,
1056 1545 1162 1576 Deum
1185 1546 1310 1583 scilicet,
1333 1547 1388 1588 qui
1412 1548 1488 1578 odio

428 1589 576 1624 hebetum
602 1590 752 1626 secundo,
769 1588 890 1620 aversio
914 1589 1056 1619 formalis
1079 1589 1169 1620 istius
1192 1596 1280 1621 actus
1311 1590 1376 1621 odii
1400 1602 1417 1622 a
1441 1591 1486 1622 di-

427 1633 500 1664 vina
514 1634 592 1674 lege,
610 1642 678 1670 etc„
696 1633 776 1664 sicut
791 1633 949 1664 invenitur
963 1633 996 1663 in
1016 1633 1159 1674 quolibet
1175 1634 1237 1665 alio
1258 1642 1387 1674 peccato
1404 1645 1488 1666 mor-

428 1677 481 1709 tali
505 1678 641 1714 aversio;
665 1678 768 1714 tertio,
786 1678 950 1708 conversio
968 1678 1185 1709 concomitans
1201 1679 1241 1708 ad
1261 1680 1487 1710 commutabile

427 1723 559 1759 bonum,
576 1729 653 1762 puta
676 1722 818 1762 seipsum
841 1722 896 1762 qui
920 1729 1046 1761 peccat,
1069 1722 1163 1752 nimis
1187 1723 1335 1753 amando.
1362 1723 1396 1753 In
1419 1724 1488 1754 aliis

427 1773 535 1798 autem
549 1766 684 1807 peccatis
708 1766 872 1797 conversio
896 1766 934 1796 ad
955 1766 1122 1806 proprium
1146 1766 1317 1803 obiectum,
1337 1777 1420 1807 quae
1442 1775 1488 1799 est

427 1811 598 1842 essentialis
622 1817 763 1851 peccam,
780 1817 825 1841 est
841 1811 880 1840 ad
903 1811 1129 1841 commutabile
1149 1810 1286 1841 bonum:
1311 1811 1386 1851 quia
1402 1812 1488 1842 obie·
1511 1850 1513 1854 Ι

427 1862 514 1887 ctum
537 1855 671 1886 aliorum
697 1861 901 1895 peccatorum
924 1866 989 1885 non
1013 1861 1060 1885 est
1083 1855 1178 1886 Deus.
1203 1855 1244 1885 Et
1267 1854 1339 1886 ideo
1363 1855 1395 1885 in
1419 1856 1487 1887 aliis
1511 1855 1513 1865 '

427 1899 545 1930 aversio
562 1907 608 1930 est
624 1901 662 1929 ab
682 1899 934 1930 incommutabili
953 1900 1051 1935 bono,
1069 1898 1233 1929 conversio
1249 1909 1324 1930 vero
1342 1899 1381 1929 ad
1397 1909 1485 1930 com-

427 1944 578 1975 mutabile
601 1945 743 1974 bonum:
768 1944 800 1974 in
823 1944 889 1974 istis
911 1954 996 1980 vero,
1021 1951 1056 1975 ut
1080 1944 1200 1974 dictum
1225 1949 1286 1980 est,
1311 1950 1342 1974 et
1365 1945 1486 1974 aversio

426 1995 473 2019 est
495 1989 533 2021 ab
557 1989 811 2019 incommutabili
826 1990 924 2024 bono,
942 1995 972 2019 et
995 1988 1160 2019 conversio
1177 1988 1348 2018 essentialis
1367 1989 1487 2027 peccati
1511 2006 1513 2012 ·

426 2040 472 2064 est
495 2034 534 2064 ad
558 2033 818 2064 incommutabile
846 2034 979 2064 bonum.
1005 2033 1066 2063 Sed
1090 2032 1164 2072 quia
1194 2031 1380 2063 huiusmodi
1404 2033 1487 2063 mala

427 2077 591 2108 conversio
615 2078 653 2108 ad
677 2077 936 2108 incommutabile
959 2078 1091 2112 bonum,
1115 2076 1291 2107 secundum
1315 2076 1487 2108 ordinatio-

426 2131 499 2152 nem
522 2121 653 2162 quidem
677 2128 764 2152 actus
795 2121 956 2161 appetitivi
981 2122 1020 2151 ad
1048 2121 1226 2156 obiectum,
1252 2120 1416 2150 conversio
1440 2128 1487 2151 est

426 2166 464 2196 ad
484 2165 745 2197 incommutabile
761 2166 884 2196 bonum
904 2164 991 2207 (narn
1009 2165 1064 2205 qui
1083 2164 1150 2195 odit
1169 2165 1275 2195 Deum
1295 2171 1401 2195 actum
1421 2165 1486 2195 odii

426 2210 550 2240 ordinat
573 2209 687 2242 directe
709 2210 742 2240 in
765 2210 871 2240 Deum
895 2217 931 2240 ut
952 2209 1036 2239 illius
1060 2208 1226 2248 proprium
1250 2207 1436 2250 obiectum),
1455 2215 1487 2239 et

425 2261 591 2294 propterea
614 2254 687 2284 hinc
711 2254 808 2284 sumit
831 2253 968 2293 speciem
996 2252 1181 2284 huiusmodi
1204 2259 1380 2292 peccatum,
1405 2252 1487 2284 sicut

1183 2379 1499 2422 ARTlCULUS
1527 2373 1827 2424 SECUNDUS
1880 2424 1885 2426 γ

917 2466 1071 2497 UTRUM
1094 2466 1364 2497 DESPERArio
1388 2467 1483 2497 SINE
1506 2467 1810 2499 1NF<1DEL1TATE
1834 2468 1934 2499 Essa
1957 2469 2104 2500 Possrr
2547 2470 2588 2529 ›s‹

1544 719 1644 742 cetera
1673 713 1710 743 ab
1741 713 1871 744 obiectis
1902 714 1982 750 suis;
2007 714 2183 744 secundum
2212 723 2287 744 vero
2319 714 2488 746 efficaciam
2516 724 2603 751 actus

1543 756 1686 787 eiusdem
1702 757 1742 787 ad
1756 757 1926 794 obiectum,
1944 758 2064 788 aversio
2081 765 2128 788 est
2143 758 2181 788 ab
2196 758 2450 789 incommutabili
2466 761 2570 792 bono:
2584 778 2604 785 -

1544 810 1619 830 nam
1642 801 1698 841 qui
1713 801 1781 832 odit
1803 802 1909 832 Deum
1933 802 2066 842 abnegat
2085 803 2190 832 Deum
2215 813 2232 832 a
2255 813 2312 832 sua
2326 803 2507 840 volumina
2524 805 2603 836 odio

1542 845 1628 874 enim
1643 845 1757 875 habere
1781 845 1859 876 nihil
1874 845 1961 878 aliud
1981 854 2030 877 est
2046 856 2144 886 quam
2161 847 2315 886 abnegare
2337 846 2418 879 illud
2432 857 2451 878 a
2470 858 2529 880 suo
2549 855 2604 889 ap-

1543 889 1653 928 petitu.
1677 889 1749 920 Hoc
1765 896 1872 920 autem
1886 900 1952 920 non
1976 890 2082 920 solum
2102 897 2148 920 est
2163 897 2299 921 avertere
2322 901 2465 921 amorem
2482 893 2520 922 ab
2535 892 2602 929 illo,

1544 933 1597 963 sed
1622 940 1730 963 contra
1760 933 1851 963 illum
1883 933 1978 964 etiam
2001 941 2157 974 appetere.
2182 935 2288 971 Unde,
2314 934 2395 965 sicut
2418 943 2603 967 convertens

1539 975 1684 1016 gladium
1703 977 1747 1007 ad
1766 977 1908 1018 aliquem
1932 978 2141 1008 occidendum
2175 979 2328 1009 convertit
2350 979 2480 1019 quidem
2508 989 2541 1010 se
2563 981 2603 1011 ad

1542 1020 1644 1057 illum,
1665 1021 1719 1051 sed
1739 1022 1946 1052 conversione
1969 1022 2120 1058 occisiva‚
2145 1022 2187 1052 ita
2209 1022 2242 1052 in
2260 1022 2444 1053 huiusmodi
2468 1024 2602 1064 peccatis

1543 1071 1590 1095 est
1609 1066 1773 1095 conversio
1789 1065 1830 1095 ad
1845 1065 2107 1096 incommutabile
2122 1067 2245 1096 bonum
2259 1066 2426 1097 offensiva:
2445 1085 2463 1091 -
2480 1074 2511 1098 et
2529 1068 2602 1099 ideo

1542 1111 1664 1139 Auctor
1679 1109 1711 1139 in
1733 1109 1835 1139 littera
1853 1109 1927 1140 dicit
1945 1110 2130 1140 huiusmodi
2149 1117 2276 1150 peccata
2288 1112 2515 1151 principaliter
2529 1122 2602 1143 con-

1541 1153 1655 1182 sistere
1678 1153 1709 1182 in
1733 1154 1900 1184 aversione
1922 1162 1942 1183 a
1965 1153 2047 1183 bono
2070 1154 2330 1185 incommumbili.

1593 1195 1636 1226 ·11.
1662 1196 1704 1226 Ut
1734 1205 1808 1235 ergo
1839 1202 1952 1227 cuncta
1981 1196 2068 1227 iuxta
2090 1198 2246 1229 vocabula
2273 1199 2422 1230 Auctoris
2450 1199 2534 1232 clare
2555 1200 2600 1231 vi-

1542 1239 1626 1276 den,
1643 1239 1800 1279 distingue
1823 1239 2018 1281 aversionem
2043 1241 2082 1270 ab
2103 1240 2460 1280 incommutabiliwbono
2481 1242 2515 1274 in
2538 1243 2602 1274 for-

1541 1283 1659 1314 malem
1683 1290 1714 1314 et
1729 1283 1928 1314 obiectivam.
1954 1284 1994 1315 Et
2009 1284 2151 1324 perspice
2166 1285 2282 1325 primo,
2298 1286 2386 1328 quod
2400 1286 2521 1318 aversio
2535 1287 2602 1318 for-

1541 1327 1632 1357 malis
1656 1334 1703 1357 est
1721 1337 1803 1368 quae
1826 1327 2008 1358 communis
2024 1335 2071 1358 est
2093 1328 2183 1359 omni
2205 1336 2334 1369 peccato
2358 1330 2494 1367 mortali,
2511 1338 2542 1362 et
2555 1330 2604 1372 di*

1541 1370 1622 1402 citur
1637 1370 1769 1402 formale
1786 1371 1820 1401 in
1836 1379 1966 1411 peccato
1982 1372 2128 1409 mormli3
2153 1380 2184 1403 et
2198 1382 2264 1403 non
2288 1383 2354 1404 esse
2373 1373 2461 1404 illam
2485 1372 2523 1405 de
2537 1374 2605 1416 qua*

1537 1415 1591 1446 hic
1615 1416 1728 1446 dicitur
1751 1416 1839 1456 quod
1863 1422 1910 1446 est
1925 1416 2139 1456 principaliter
2159 1417 2295 1454 intenta;
2320 1425 2350 1448 et
2373 1423 2440 1449 esse
2458 1417 2546 1449 illam
2561 1415 2602 1450 dd

1541 1469 1604 1500 qua
1626 1459 1771 1500 superius
1795 1459 1914 1491 dictum
1940 1467 1989 1491 est*
2009 1461 2098 1501 quod
2119 1471 2188 1493 non
2209 1461 2367 1502 specificat
2393 1470 2530 1502 peccata.

1595 1504 1739 1544 Perspice
1758 1504 1909 1541 secundo,
1926 1505 2015 1544 quod
2034 1505 2154 1535 aversio
2171 1505 2325 1536 obiectiva
2341 1507 2412 1545 Dei,
2427 1517 2510 1548 quae
2524 1516 2603 1542 con·-

1540 1547 1620 1578 sistit
1641 1548 1674 1578 in
1698 1548 1904 1579 conversione
1927 1547 2077 1583 offensiva
2098 1549 2157 1580 Dei
2181 1557 2216 1580 ut
2235 1550 2384 1590 »propriae
2407 1551 2555 1585 materiae
2570 1556 2603 1582 et

1540 1591 1654 1622 obiecti
1677 1591 1761 1623 illius
1778 1592 2003 1629 conversionis,
2021 1599 2067 1623 est
2090 1593 2127 1623 de
2151 1603 2214 1635 qua
2238 1594 2288 1624 hic
2304 1593 2418 1625 dicitur
2441 1596 2530 1636 quod
2554 1601 2601 1626 est

1538 1635 1749 1676 principaliter
1779 1636 1908 1667 intenta.
1936 1636 1978 1667 Et
2000 1637 2152 1676 probatur
2173 1637 2255 1668 hanc
2281 1648 2348 1668 esse
2368 1646 2511 1670 ‘mentem
2534 1641 2600 1671 Au-

1539 1680 1632 1711 ctoris
1657 1681 1737 1711 clare
1760 1690 1797 1710 ex
1816 1690 1909 1711 causa
1933 1680 2109 1717 subiuncta,
2125 1681 2251 1718 scilicet,
2267 1683 2342 1722 quia
2360 1683 2492 1714 virtutes
2513 1684 2604 1714 theo·-

1542 1725 1667 1765 logicae
1693 1724 1808 1755 habent
1839 1725 1944 1756 Deum
1962 1734 2027 1765 pro
2052 1725 2191 1757 obiecto:
2211 1726 2274 1756 hoc
2305 1727 2391 1759 enim
2420 1727 2602 1760 manifestat

1538 1769 1628 1809 quod
1651 1769 1690 1798 de
1713 1768 1875 1799 aversione
1892 1778 1929 1799 ex
1951 1775 2039 1808 parte
2058 1769 2174 1810 obiecti
2187 1770 2339 1811 loquitur.
2363 1770 2406 1802 Et
2427 1771 2471 1802 sic
2489 1771 2603 1810 omnia

1539 1819 1727 1843 consonant.
2585 1851 2587 1853 ,

1595 1859 1638 1886 At
1662 1855 1687 1886 si
1711 1856 1850 1886 novitius
1873 1862 1928 1886 aut
1952 1856 2068 1887 sciolus
2091 1857 2251 1898 quispiam
2274 1857 2396 1889 dubitet
2418 1858 2468 1899 vel
2496 1856 2599 1904 oppo-

1538 1907 1601 1936 nat,
1618 1900 1693 1940 quia
1716 1900 1882 1940 responsio
1906 1900 1991 1932 iuxta
2015 1909 2239 1940 argumentum
2261 1902 2464 1942 intelligenda
2487 1905 2600 1940 est,'et

1538 1945 1701 1984 arguendo
1725 1945 1764 1974 de
1786 1944 1949 1975 aversione
1979 1944 2105 1975 fomali
2135 1955 2241 1977 sermo
2271 1953 2333 1977 est:
2357 1963 2379 1971 -
2398 1952 2486 1987 patet
2507 1946 2599 1978 facile

1538 1988 1721 2028 responsio,
1745 1989 1834 2029 quod
1856 1996 2082 2028 argumentum
2105 1990 2144 2021 de
2167 1991 2374 2022 conversione
2397 1991 2438 2021 ad
2455 1998 2601 2025 comm

1538 2033 1632 2063 tabile
1655 2034 1778 2064 bonum
1802 2033 2014 2074 principaliter
2037 2034 2216 2075 quaerebat,
2233 2041 2263 2066 et
2286 2034 2396 2067 fuisset
2410 2034 2463 2073 illi,
2478 2035 2601 2078 διώξῃ-ζ

1539 2084 1626 2108 ctum
1642 2087 1697 2117 per
1719 2077 1807 2108 illam
1823 2076 2069 2115 distinctionem,
2079 2079 2305 2119 principaliter
2320 2078 2370 2110 vel
2384 2080 2598 2129 concomitan-

1536 2126 1601 2151 ter:
1632 2121 1687 2151 sed
1717 2121 1755 2151 ad
1785 2121 2011 2162 perfectionem
2045 2122 2222 2159 doctrinae,
2253 2125 2374 2155 Auctor
2405 2123 2516 2155 docuit
2534 2117 2601 2161 *hic'

1538 2164 1735 2195 aversionem
1758 2166 1796 2195 ab
1826 2165 2080 2196 incommutabili
2103 2167 2191 2197 bono
2223 2166 2389 2207 dupliciter
2411 2167 2443 2197 in
2466 2163 2598 2208 quibus-

1538 2209 1612 2239 dam
1635 2209 1770 2249 peccatis
1793 2209 1936 2246 inveniri,
1964 2210 2137 2241 formaliter
2159 2218 2190 2241 et
2213 2210 2381 2247 obiecfive,
2405 2217 2440 2242 ut
2463 2211 2598 2242 declara-

1538 2259 1608 2283 tum
1631 2260 1688 2284 est.

2571 2363 2601 2394 az

2509 2416 2513 2418 ’
2552 2416 2600 2447 ‘tr

1264 2540 1283 2564 11
1303 2540 1386 2569 Sent„
1405 2541 1464 2565 dist.
1482 2548 1551 2570 xun,
1571 2546 1618 2566 art.
1637 2541 1660 2572 3,
1681 2542 1712 2565 ad
1736 2549 1757 2566 1.

465 2646 482 2661 ‹.
506 2630 513 2655 ξ
603 2635 607 2641 1
636 2622 657 2647 D
673 2622 862 2648 SECUNDUM
876 2622 930 2647 sxc
944 2621 1185 2647 PROCEDITUR.
1203 2610 1362 2647 Videtur
1375 2610 1482 2658 quod

463 2661 496 2684 ‘⁹¹'
635 2663 847 2711 desperatio
861 2663 943 2700 sine
964 2663 1182 2700 infidelitate
1203 2675 1286 2700 esse
1301 2676 1380 2700 non
1394 2676 1480 2712 pos-

423 2822 552 2858 fectus.
581 2822 683 2870 Ergo
705 2835 783 2859 non
809 2830 935 2871 ¹potest
962 2823 1095 2872 aliquis
1119 2821 1380 2859 certitudinem
1401 2823 1480 2871 spei

424 2874 595 2912 amittere
623 2875 863 2923 desperando
892 2876 962 2912 nisi
989 2876 1066 2913 fide
1096 2876 1253 2912 sublata,

477 2939 512 2964 2.
529 2929 761 2974 Palm-raam,
778 2929 966 2977 praeferre
987 2930 1138 2977 culpam
1158 2928 1354 2976 propriam
1375 2933 1392 2949 ‘²
1412 2929 1480 2964 bo—

401 2980 527 3018 ·nitati
554 2982 617 3017 vel
644 2981 924 3018 misericordiae
963 2982 1114 3019 divinae
1144 2989 1199 3018 est
1231 2993 1368 3028 negare
1397 2981 1481 3019 infi-
1507 3007 1508 3025 ι

423 3033 578 3070 nitatem
608 3033 758 3071 divinae
785 3034 1066 3071 misericordiae
1085 3035 1147 3071 vel
1169 3034 1354 3079 bonitatis,
1376 3035 1480 3082 quod
1507 3028 1508 3041 ¹

425 3094 481 3123 est
506 3086 745 3124 infidelitatis.
781 3087 857 3124 Sed
891 3087 955 3134 qui
983 3088 1158 3135 desperat
1191 3088 1341 3135 culpam
1370 3099 1479 3124 suam

423 3139 586 3188 praefert
602 3139 886 3177 misericordiae
903 3141 965 3176 vel
984 3140 1140 3178 bonitati
1159 3140 1326 3177 divinae:
1348 3151 1481 3176 secun-
1506 3144 1508 3151 ⁴

1506 3212 1508 3237 ᾗ
1533 3192 1581 3229 ad
1609 3192 1860 3240 intellectum,
1899 3193 2112 3242 desperatio
2141 3207 2235 3232 vero
2263 3195 2312 3234 ad
2339 3196 2420 3235 vim
2449 3196 2594 3245 appetir‘

1506 3240 1508 3252 ¹
1533 3245 1662 3282 tivam.
1694 3246 1906 3283 Intellectus
1942 3254 2071 3285 autem
2103 3248 2381 3290 *universalium
2408 3257 2490 3296 est,
2522 3250 2592 3292 sed

424 3192 515 3229 dum
531 3192 619 3229 illud
638 3193 732 3229 Gen.
751 3192 832 3229 1v*:
852 3193 986 3229 Maior
1004 3200 1057 3230 est
1074 3194 1247 3241 iniquitas
1267 3204 1350 3230 mea
1364 3205 1479 3241 quam

425 3251 466 3283 ut
480 3245 629 3283 ueniam
648 3257 810 3284 merear.
841 3246 940 3292 Ergo
971 3246 1203 3294 quicumque
1228 3246 1407 3294 *desperat
1427 3253 1482 3282 est

424 3297 597 3336 infidelis.

480 3352 512 3388 3.
536 3352 776 3398 PRAETEREA,
810 3351 1041 3400 quicumque
1070 3351 1200 3388 incidit
1227 3351 1265 3387 in
1292 3350 1478 3387 haeresim

477 3473 504 3505 α)
519 3473 670 3504 propriam.
685 3487 702 3492 -
710 3467 822 3505 proprie
841 3471 892 3506 (vel
907 3473 1048 3507 propriae)
1068 3473 1326 3505 ABDEFGHLpCIK
1345 3478 1370 3498 et
1389 3481 1432 3498 im.

2173 2571 2185 2586 Χ

1535 2611 1757 2649 damnatam
1796 2619 1851 2649 est
1888 2612 2079 2650 infidelis·
2099 2614 2177 2651 Sed
2206 2614 2412 2663 desperans
2446 2615 2597 2656 videtur

1533 2663 1701 2702 incidere
1729 2664 1768 2702 in
1794 2665 1983 2703 haeresim
2017 2666 2256 2714 damnatam,
2295 2667 2435 2706 scilicet
2464 2668 2598 2715 Novfflq

1534 2716 1746 2763 tianorum,
1786 2717 1850 2765 qui
1878 2717 2007 2759 dicunt
2037 2726 2195 2766 peccata
2231 2731 2310 2761 non
2345 2717 2596 2770 remittipost*

1535 2769 1780 2817 baptismum.
1815 2770 1916 2817 Ergo
1949 2770 2100 2808 videtur
2132 2772 2236 2819 quod
2270 2772 2501 2821 quicumque
2530 2774 2595 2816 de-

1534 2830 1660 2870 sperat
1689 2822 1735 2859 sit
1762 2822 1936 2860 infidelis.

1588 2876 1662 2913 SED
1691 2886 1836 2912 CONTRA
1864 2887 1930 2914 EST
1960 2876 2068 2924 quod
2100 2884 2251 2915 remoto
2284 2878 2487 2926 posteriori
2515 2891 2595 2922 nan

1534 2936 1755 2965 removetur
1780 2928 1896 2976 prius.
1927 2930 2003 2966 Sed
2030 2941 2119 2978 spes
2148 2937 2204 2966 est
2230 2932 2418 2979 posterior
2443 2931 2595 2980 fidestan

1534 2993 1647 3028 supra
1668 2980 1688 3004 '¹‘
1707 2981 1849 3019 dictum
1879 2990 1946 3019 est.
1981 2983 2084 3030 Ergo
2113 2991 2260 3021 remota
2289 2997 2356 3034 spe
2383 2992 2509 3034 potest
2536 2997 2594 3026 mr:

1534 3046 1689 3071 manere
1709 3033 1817 3071 fides.
1836 3035 1938 3078 *Non
1964 3047 2056 3083 ergo
2087 3036 2319 3086 quicumque
2344 3038 2520 3087 desperat
2536 3045 2595 3082 eat

1534 3086 1708 3124 infidelis.
2244 3117 2255 3120 κ
2590 3125 2593 3131 ,

1586 3141 1812 3177 Βεεροκῡεο
1841 3152 2024 3178 οιεεΝῡυΜ
2062 3143 2164 3189 quod
2200 3142 2400 3181 infidelitas
2431 3143 2594 3192 pertinen

1533 3298 1591 3335 vis
1610 3298 1816 3346 appetitiva
1835 3307 2012 3337 movetur
2032 3301 2080 3337 ad
2099 3301 2339 3349 particularia
2357 3299 2388 3338 βε
2413 3309 2469 3340 est
2482 3302 2591 3346 enim

1534 3358 1660 3387 motus
1685 3351 1912 3399 appetitivus
1941 3353 1988 3389 ab
2018 3353 2145 3391 anima
2173 3355 2221 3392 ad
2250 3367 2320 3401 res,
2342 3367 2439 3403 quae
2467 3354 2504 3391 in
2533 3366 2591 3392 se·

1590 3473 1614 3506 β)
1632 3475 1670 3499 ad
1683 3474 1872 3506 particularia.
1885 3488 1904 3494 -
1916 3475 1953 3500 ad
1970 3476 2121 3509 singularia
2139 3477 2170 3507 Α,
2189 3475 2261 3501 cfr-ca
2283 3475 2465 3507 particulares
2483 3482 2527 3501 res
2544 3476 2590 3501 Pa.

2623 2998 2631 3007 ·
2637 2997 2685 3025 Qu.
2694 3001 2799 3024 annm.
2809 3004 2831 3026 7.
