2892 4056
219 527 229 536 ⁸
245 526 280 547 Cf.
297 533 360 548 num.
376 534 404 548 v.

215 968 225 978 ⁸
240 968 270 988 111
285 968 357 994 Sem„
371 969 422 990 dist.

215 1000 279 1019 xxm,
295 1001 332 1022 qu.
349 1001 380 1016 vi.

213 1498 220 1503 ·
236 1495 287 1515 Art.
302 1500 322 1516 2.

209 1892 217 1901 ⁸
234 1890 303 1912 Num.
321 1897 352 1911 ιιι.

209 2510 216 2517 ·
235 2507 292 2528 Ibid.

210 2556 218 2565 ¹
235 2554 305 2575 Num.
321 2560 349 2575 ιν.

466 182 536 217 130

459 258 574 294 tendit;
600 265 630 289 et
653 269 708 298 per
731 268 928 298 consequens
951 263 1076 298 oportet
1093 263 1128 286 ut
1143 256 1301 287 abstrahat
1316 257 1355 287 ab
1372 263 1518 298 utroque.

459 302 508 338 Et,
526 309 561 332 ut
584 303 703 333 dictum
727 309 781 338 est,
804 311 868 332 non
893 302 986 331 habet
1009 300 1164 330 rationem
1189 300 1255 331 eius
1280 301 1369 341 quod
1388 308 1434 331 est
1453 311 1519 331 esse

458 353 588 386 propter
611 346 750 376 amicum
776 355 830 376 seu
850 345 946 375 finem
971 343 1172 383 simpliciter;
1198 345 1252 374 sed
1275 345 1343 375 eius
1369 345 1457 385 quod
1475 351 1520 375 est

459 400 525 420 esse
541 390 632 420 amici
657 390 706 419 vel
730 390 841 419 amico.
868 389 908 418 Et
927 394 1092 428 propterea
1116 395 1242 428 oportet
1264 388 1450 418 intervenire
1467 388 1519 418 ali-

458 433 536 474 quid
559 434 648 474 quod
672 434 782 463 saltem
806 432 981 462 secundum
1005 431 1083 471 quid
1112 439 1240 471 propter
1263 432 1402 462 amicum
1427 432 1474 462 sit.
1499 450 1518 454 -

457 478 498 508 Et
520 478 596 507 haec
620 478 658 507 de
682 477 808 506 duobus
831 475 936 514 primo
961 474 1141 515 propositis.

513 521 578 551 VII.
597 521 712 557 Quoad
733 520 860 550 tertium
872 519 898 555 *,
915 519 1079 549 sciendum
1096 526 1142 549 est
1157 520 1246 560 quod
1265 519 1413 550 virtutem
1429 519 1517 549 theo-

455 565 592 604 logicam
607 570 734 603 oportet
749 563 863 593 habere
882 564 987 593 Deum
1000 569 1035 592 ut
1058 563 1304 603 supernaturalis
1326 562 1445 592 ordinis
1462 569 1517 598 est,

456 618 514 648 pro
538 607 721 637 immediato
751 607 894 637 obiecto:
920 613 951 637 et
974 613 1140 646 propterea
1169 607 1278 646 religio
1302 613 1333 636 et
1356 606 1518 646 theologia

456 659 486 682 et
508 652 603 682 timor
627 651 758 681 Domini
782 661 847 681 non
873 657 1099 689 computantur
1121 651 1202 680 inter
1216 651 1346 680 virtutes
1361 650 1517 689 theologi·

455 705 515 731 cas,
541 702 575 725 ut
599 698 720 725 Auctor
743 695 818 725 dicit
840 694 873 724 in
897 695 959 735 Qq.
983 695 1023 724 de
1051 694 1235 731 Virtutibus,
1260 704 1314 734 qu.
1343 705 1367 729 1,
1388 700 1444 724 art.
1468 703 1516 730 12,

454 790 549 818 ctans‚
566 783 671 812 Deum
687 782 812 822 respicit
832 789 866 812 ut
881 782 1021 822 primum
1039 781 1174 812 efficiens
1191 789 1222 812 et
1241 782 1393 812 ultimum
1408 780 1515 817 finem,

454 833 488 856 ut
503 826 535 856 in
550 826 651 856 littera
667 826 789 862 dicitur,
807 833 836 856 et
852 833 1018 866 propterea
1033 826 1132 856 virtus
1148 825 1327 865 theologica
1343 832 1404 861 est;
1422 835 1516 865 opor-

452 877 496 901 tet
519 870 621 900 dicere
644 871 732 910 quod
756 877 893 910 utroque
917 870 1017 900 modo
1043 869 1225 900 immediate
1249 869 1375 909 respicit
1398 869 1515 900 Deum.
1542 881 1544 890 r

451 915 493 944 Et
515 914 603 955 quod
626 914 771 954 respiciat
793 915 899 944 Deum
918 914 1100 944 immediate
1120 920 1156 944 ut
1172 913 1318 950 efficiens,
1335 913 1430 944 etiam
1448 913 1516 953 ipse

451 958 621 988 Durandus
645 958 758 988 fatetur
771 958 797 988 *.
818 958 859 988 Et
874 965 1039 998 propterea
1055 967 1092 988 ex
1107 958 1169 988 hoc
1193 957 1410 988 manifestatur
1427 958 1516 998 quod

451 1002 595 1042 respiciat
617 1002 710 1032 etiam
735 1003 841 1032 Deum
862 1009 898 1032 ut
916 1001 1013 1032 finem
1037 1002 1187 1032 ultimum
1210 1001 1402 1032 immediate.
1427 1001 1515 1032 Con·
1541 1018 1543 1037 ς

451 1053 511 1076 stat
534 1046 618 1076 enim
644 1047 732 1086 quod
756 1056 827 1086 spes
851 1046 895 1076 sic
919 1046 1044 1086 respicit
1067 1046 1173 1077 Deum
1188 1053 1223 1076 ut
1238 1053 1384 1086 agentem
1405 1045 1515 1076 imme·
1541 1069 1543 1080 ἱ

451 1090 533 1120 diate
557 1090 645 1130 quod
675 1090 801 1130 respicit
822 1090 930 1130 ipsum
954 1097 990 1121 ut
1012 1097 1098 1130 agat,
1124 1090 1288 1120 subveniat
1312 1097 1341 1120 et
1364 1091 1516 1129 perducat

450 1134 482 1164 in
506 1134 654 1164 ultimum
679 1133 786 1165 finem.
811 1134 899 1164 Nihil
923 1144 997 1174 ergo
1015 1135 1119 1165 obstat
1137 1134 1369 1164 immediationi
1387 1134 1468 1164 actio
1485 1140 1515 1164 et
1540 1161 1542 1176 Α,

1540 1178 1542 1197 ῑ
1568 1176 1829 1216 distinguendum
1860 1177 1898 1207 de
1921 1178 2028 1208 medio
2058 1179 2234 1208 secundum
2262 1178 2407 1208 ordinem
2436 1178 2629 1209 executionis
2664 1185 2667 1187 ’

1540 1234 1541 1252 2
1567 1220 1617 1250 vel
1640 1220 1841 1256 intentionis,
1865 1221 2020 1260 quoniam
2047 1228 2248 1261 praepostere
2276 1231 2309 1252 se
2331 1220 2471 1264 habent).
2496 1222 2558 1253 Sed
2580 1222 2628 1252 in-

450 1272 486 1296 ut
508 1265 644 1297 finalizet
671 1266 704 1296 in
728 1274 799 1297 actu
830 1267 1006 1297 secundum
1037 1275 1224 1304 supremum
1258 1265 1412 1300 modurn,
1437 1271 1514 1304 puta
1540 1283 1541 1299 2

1540 1303 1541 1329 ἶ
1566 1307 1643 1338 teria
1666 1316 1761 1337 usus:
1786 1314 1816 1338 et
1838 1307 1912 1338 ideo
1936 1318 2001 1338 non
2025 1308 2148 1340 sufficit.
2180 1308 2267 1339 Finis
2290 1318 2429 1349 namque
2451 1310 2629 1340 secundum

1539 1356 1541 1367 *
1568 1352 1709 1391 seipsum
1733 1358 1779 1382 est
1802 1352 1926 1382 bonum
1949 1352 2016 1383 eius
2039 1353 2129 1393 quod
2152 1359 2199 1383 est
2221 1353 2260 1382 ad
2284 1352 2394 1383 finem:
2419 1362 2455 1383 ac
2478 1362 2534 1393 per
2555 1353 2628 1390 hoc,

451 1177 578 1208 effectus
599 1178 728 1218 agentis,
753 1179 793 1208 ad
817 1188 899 1219 quae
923 1178 1048 1218 respicit
1072 1188 1152 1218 spes.
1178 1178 1228 1208 Sic
1244 1187 1374 1218 quoque
1391 1177 1516 1217 respicit

450 1222 556 1252 Deum
580 1230 616 1253 ut
639 1222 789 1253 ultimum
813 1222 910 1253 finem
933 1222 1114 1252 immediate
1145 1221 1234 1262 quod
1259 1221 1385 1260 respicit
1407 1221 1514 1260 ipsum

450 1310 624 1350 quietando
648 1316 679 1340 et
701 1311 844 1341 satiando
869 1310 1024 1340 affectum.
1050 1310 1123 1339 Non
1147 1309 1242 1348 igitur
1261 1309 1388 1339 obstant
1402 1308 1514 1339 imme-

451 1354 583 1384 diationi
607 1355 696 1394 quod
718 1353 887 1385 finalizatio
913 1361 943 1384 et
966 1353 1094 1384 effectus
1126 1352 1197 1383 finis
1229 1353 1332 1383 ultimi
1361 1359 1512 1392 speretur.

451 1398 735 1435 Quemadmodum
767 1398 863 1437 igitur
890 1407 1018 1438 sperans
1048 1407 1065 1427 a
1089 1398 1159 1427 Deo
1189 1397 1370 1427 immediate
1399 1403 1512 1436 sperat,
1539 1411 1540 1418 ι

1538 1441 1540 1449 ’
1566 1440 1608 1470 Et
1630 1449 1738 1470 rursus
1766 1440 1837 1470 Deo
1869 1441 2125 1491 concupiscimus
2152 1441 2257 1471 vivere
2285 1447 2446 1471 nostrum:
2476 1441 2628 1482 concupi-

449 1442 492 1472 ita
515 1443 621 1472 Deum
644 1442 701 1472 sibi
725 1442 907 1472 immediate
923 1449 1027 1482 sperat
1042 1448 1078 1472 ut
1093 1440 1200 1478 finem,
1218 1447 1254 1471 ut
1273 1441 1316 1471 sic
1332 1450 1432 1481 aequa
1451 1441 1514 1471 sint

449 1497 467 1516 a
490 1496 556 1527 quo
573 1492 604 1517 et
620 1487 708 1527 quod
732 1493 882 1526 speratur,
901 1493 936 1517 ut
952 1485 1147 1526 praedictum
1167 1485 1227 1516 fuit
1241 1485 1268 1516 *.
1292 1485 1333 1516 Et
1350 1485 1431 1515 hanc
1446 1495 1512 1516 esse

449 1537 590 1561 mentem
612 1530 761 1561 Auctoris
784 1531 817 1560 in
841 1530 1048 1571 responsione
1071 1530 1110 1560 ad
1135 1529 1311 1560 secundum
1335 1535 1429 1569 patet,
1447 1529 1511 1566 ubi,

450 1585 523 1605 cum
546 1575 578 1604 in
603 1584 736 1614 corpore
755 1574 877 1605 articuli
901 1574 1026 1605 dixisset
1042 1574 1147 1604 Deum
1163 1573 1335 1614 principale
1351 1573 1512 1604 obiectum
1537 1606 1539 1613 Ι

449 1619 526 1658 spei,
543 1618 663 1648 addidit
686 1619 773 1659 quod
798 1626 844 1649 est
866 1618 1032 1658 proprium
1055 1618 1214 1648 obiectum
1232 1618 1309 1657 spei,
1329 1617 1371 1647 ita
1387 1624 1422 1647 ut
1437 1618 1512 1657 quia
1537 1623 1538 1654 j

449 1664 626 1693 secundum
649 1663 815 1702 proprium
840 1663 1000 1693 obiectum
1024 1662 1195 1692 attenditur
1214 1671 1268 1701 per
1284 1671 1316 1691 se
1332 1661 1446 1691 habere
1461 1662 1512 1692 vel
1536 1672 1538 1703 ζ

449 1717 515 1737 non
538 1707 651 1737 habere
676 1707 828 1742 medium,
846 1707 918 1737 ideo
944 1717 1014 1746 spes
1034 1716 1089 1746 per
1108 1716 1140 1736 se
1157 1716 1222 1735 non
1239 1706 1333 1736 habet
1349 1705 1510 1736 medium:
1536 1708 1538 1728 ³

449 1758 571 1781 constat
595 1761 732 1791 namque
757 1751 923 1791 proprium
948 1751 1071 1781 virtutis
1088 1750 1247 1780 obiectum
1265 1759 1331 1779 esse
1347 1749 1511 1779 immedia-
1536 1750 1537 1784 ἑ
1565 1748 1657 1778 nobis
1687 1755 1723 1778 ut
1749 1748 1887 1787 praecise
1918 1748 2062 1779 fruamur
2083 1749 2171 1786 Deo,
2202 1750 2257 1779 sed
2286 1749 2362 1790 quia
2392 1750 2569 1780 secundum
2592 1759 2625 1781 se

426 1801 428 1804 ’
448 1803 518 1826 tum
541 1795 624 1825 illius
648 1795 808 1825 obiectum
826 1805 862 1825 ex
879 1802 988 1825 natura
1018 1805 1083 1824 sua.
1101 1811 1122 1817 —
1140 1794 1230 1824 Unde
1254 1793 1294 1823 ad
1318 1793 1441 1824 obiecta
1464 1804 1510 1823 re-
1536 1812 1537 1822 ι

449 1840 660 1914 δροῧῗῐεῐῖυἶέἀ
683 1883 823 1923 primum
839 1882 933 1921 igitur
956 1882 1098 1912 Durandi
1113 1882 1139 1918 *,
1161 1889 1292 1921 negatur
1314 1882 1401 1922 quod
1423 1883 1510 1913 Deus

449 1928 624 1958 secundum
648 1937 694 1963 se,
719 1927 799 1957 idest
822 1927 997 1957 secundum
1021 1926 1053 1956 id
1077 1927 1164 1967 quod
1188 1926 1219 1956 in
1245 1936 1277 1956 se
1301 1933 1356 1962 est,
1381 1936 1447 1956 non
1472 1927 1511 1957 sit

449 1972 609 2003 obiectum
633 1972 750 2001 amoris
775 1970 1057 2011 concupiscentiae.
1087 1971 1195 2000 Potest
1219 1970 1302 2000 enim
1328 1971 1508 2010 concupisci

448 2016 534 2047 alteri
560 2026 625 2046 non
651 2022 685 2045 ut
708 2022 837 2055 propter
859 2015 961 2051 illum,
987 2015 1040 2045 sed
1056 2025 1073 2044 e
1092 2023 1245 2045 converso
1267 2021 1301 2044 ut
1319 2013 1390 2044 finis
1407 2015 1508 2045 illius:
1534 2039 1536 2052 ,

1564 2063 1610 2087 est
1632 2057 1757 2086 bonum
1780 2063 1935 2088 nostrum.
1962 2058 1997 2088 In
2020 2057 2124 2098 primo
2148 2067 2242 2088 sensu
2267 2064 2314 2087 est
2335 2057 2451 2088 falsum
2473 2058 2563 2098 quod
2579 2057 2624 2088 di·

1534 2097 1536 2116 ²
1563 2101 1652 2136 citur,
1669 2107 1706 2131 ut
1723 2101 1788 2130 iam
1799 2100 1816 2119 *
1829 2101 2020 2132 declaratum
2036 2109 2090 2132 est.
2108 2102 2142 2132 In
2157 2101 2297 2132 secundo
2313 2107 2419 2132 autem
2433 2110 2545 2132 verum
2560 2109 2622 2133 est:

448 2060 523 2100 quia
547 2060 590 2090 sic
614 2067 660 2090 est
683 2060 804 2089 bonum
829 2059 923 2090 illius.

502 2105 543 2134 Et
558 2104 596 2134 ad
613 2104 833 2144 probationem
851 2103 963 2134 dicitur
980 2103 1067 2144 quod
1078 2103 1165 2132 Deus
1181 2104 1358 2133 secundum
1370 2113 1402 2133 se
1419 2103 1510 2133 debet

448 2149 545 2178 amari
569 2158 678 2178 amore
702 2147 855 2178 amicitiae
879 2147 1099 2187 principaliter,
1115 2147 1168 2177 sed
1186 2157 1251 2177 non
1266 2154 1406 2177 tantum:
1431 2157 1510 2188 quo-

447 2193 534 2223 niam
556 2200 661 2232 potest
684 2191 780 2221 amari
805 2192 898 2222 etiam
914 2201 1023 2222 amore
1043 2191 1325 2230 concupiscentiae.
1342 2209 1363 2214 -
1378 2192 1419 2222 Et
1434 2201 1508 2221 cum

448 2237 571 2273 dicitur,
599 2237 683 2274 Quia
701 2245 762 2266 non
781 2241 886 2275 potest
907 2237 1012 2271 amari
1027 2236 1116 2266 Deus
1126 2241 1262 2275 propter
1278 2243 1354 2265 nos:
1378 2245 1508 2275 respon-

448 2282 539 2311 detur
561 2281 650 2321 quod
665 2290 729 2310 non
745 2287 849 2319 potest
873 2280 969 2310 amari
986 2286 1115 2320 propter
1131 2289 1200 2315 nos,
1217 2280 1271 2309 sed
1288 2279 1389 2310 nobis,
1411 2279 1508 2316 Quod

448 2325 680 2365 concupiscitur
707 2332 813 2355 autem
845 2330 948 2363 potest
983 2323 1159 2353 secundum
1190 2333 1222 2353 se
1250 2323 1380 2363 quidem
1411 2323 1509 2353 amari

447 2369 555 2405 nobis;
580 2369 756 2399 secundum
780 2374 886 2397 autem
910 2366 1056 2397 effectum
1073 2366 1150 2403 eius,
1169 2373 1298 2406 propter
1314 2377 1382 2397 nos.
1407 2367 1448 2397 Et
1463 2367 1507 2397 sic

448 2423 503 2453 spe
526 2412 718 2452 concupisco
743 2412 847 2442 Deum
871 2411 987 2451 ipsum,
1008 2411 1184 2441 secundum
1200 2411 1233 2440 id
1249 2411 1337 2451 quod
1354 2418 1400 2441 est
1414 2411 1448 2440 in
1463 2421 1506 2447 se,

448 2457 540 2493 mihi;
566 2465 596 2487 et
620 2456 795 2487 secundum
819 2454 963 2485 effectum
988 2465 1093 2490 suum,
1118 2462 1247 2494 propter
1268 2465 1328 2485 me.

507 2502 559 2531 lx.
580 2501 630 2531 Ad
646 2501 822 2530 secundum
837 2499 864 2537 *,
889 2506 1020 2539 negatur
1035 2499 1148 2534 minor,
1167 2505 1278 2538 utpote
1303 2499 1379 2528 falsa
1402 2505 1432 2528 et
1455 2499 1507 2528 da-

447 2546 595 2575 mnanda.
611 2545 651 2575 Et
663 2545 702 2574 ad
715 2544 850 2584 primam
863 2543 1082 2583 probationem
1095 2553 1131 2572 ex
1144 2543 1154 2572 1
1168 2542 1253 2573 Sent.
1266 2542 1404 2573 *dicitur
1418 2543 1507 2583 quod
1533 2555 1535 2558 ·

447 2590 562 2620 falsum
585 2595 631 2618 est
655 2588 895 2618 delectationem
915 2594 1055 2627 spectare
1075 2587 1114 2616 ad
1131 2586 1404 2626 concupiscentiae
1420 2596 1508 2617 amo-

447 2643 514 2664 rem
537 2640 678 2663 tantum:
703 2639 822 2672 spectat
845 2641 984 2671 namque
1008 2631 1102 2661 etiam
1121 2631 1159 2660 ad
1176 2640 1321 2661 amorem
1336 2630 1507 2666 amicitiae;

447 2688 512 2709 non
537 2677 622 2708 enirn
645 2683 691 2706 est
713 2676 834 2706 amicus
857 2676 912 2716 qui
942 2685 1007 2705 non
1033 2675 1203 2705 delectatur
1226 2675 1264 2705 de
1288 2674 1380 2705 bonis
1403 2675 1505 2705 amici.
1533 2688 1535 2699 ι

447 2722 538 2753 Unde
561 2722 727 2751 beatorum
751 2720 957 2760 praecipuum
982 2718 1135 2758 gaudium
1159 2726 1205 2749 est
1227 2719 1266 2749 de
1290 2719 1376 2749 bono
1400 2719 1459 2748 Dei
1474 2718 1506 2748 in

446 2766 550 2806 seipso
574 2765 654 2801 Deo,
679 2765 759 2795 sicut
783 2764 970 2804 praecipuus
998 2773 1089 2793 amor
1112 2772 1225 2793 eorum
1249 2770 1295 2792 est
1317 2772 1408 2792 amor
1431 2762 1507 2792 boni

447 2810 543 2840 divini
566 2809 600 2839 in
623 2808 744 2849 seipso:
770 2808 991 2846 secundarium
1020 2813 1127 2838 autem
1150 2816 1263 2837 eorum
1285 2806 1438 2846 gaudium
1462 2813 1508 2836 est

447 2855 485 2885 de
509 2853 700 2884 beatitudine
725 2852 858 2883 formali.
888 2852 928 2882 Et
951 2850 1137 2892 oppositum
1162 2850 1275 2881 sentire
1299 2850 1398 2880 miror
1426 2860 1507 2891 quo·
1533 2885 1535 2896 k

447 2899 546 2928 modo
569 2898 602 2927 in
626 2903 766 2927 mentem
789 2897 926 2927 vacantis
957 2894 1178 2936 philosophiae
1202 2902 1232 2925 et
1254 2894 1434 2934 theologiae
1458 2904 1507 2924 ca·
1533 2903 1535 2924 :

1533 2955 1535 2961 ‹
1560 2936 1624 2976 ligi.
1641 2935 1759 2980 Primo,
1776 2937 1815 2966 de
1830 2936 1990 2966 identitate
2007 2935 2121 2966 obiecti
2138 2935 2334 2972 omnimoda„
2353 2936 2395 2966 Et
2410 2936 2454 2966 sic
2473 2943 2520 2966 est
2533 2935 2621 2967 falst-

505 2987 737 3020 Veruntamen,
769 2984 950 3024 singillatim
983 2983 1223 3024 respondendo,
1253 2988 1383 3021 negatur
1414 2981 1507 3012 etiam
1533 2990 1535 3019 ,¹
1560 2981 1648 3010 Tum
1672 2980 1747 3020 quia
1771 2987 1858 3011 actus
1877 2979 2115 3020 distinguuntur
2137 2989 2193 3020 per
2212 2979 2343 3011 obiecta.
2368 2980 2456 3011 Tum
2479 2980 2555 3021 quia
2569 2980 2622 3010 de-

448 2943 520 2972 dere
543 2941 652 2982 possit.

448 3030 536 3071 quod
560 3029 720 3061 obiectum
749 3028 970 3059 immediatum
1002 3027 1118 3058 amoris
1146 3025 1419 3067 concupiscentiae
1442 3036 1507 3056 non

449 3073 487 3104 sit
510 3083 558 3104 res
581 3074 685 3114 aliqua
709 3073 853 3103 distincta
875 3071 1026 3102 subiecto.
1051 3071 1092 3102 Et
1108 3071 1147 3101 ad
1161 3069 1380 3101 inductionem
1395 3069 1509 3100 dicitur

449 3118 538 3158 quod
561 3118 642 3147 male
661 3117 784 3147 videtur
813 3126 968 3156 exponere
996 3115 1156 3146 obiectum
1181 3113 1354 3145 mediatum
1377 3114 1426 3144 vel
1449 3114 1507 3144 im-

449 3161 634 3192 mediatum.
667 3161 752 3192 Cum
775 3160 860 3191 enim
885 3159 1042 3190 distinctio
1071 3159 1110 3189 ad
1134 3158 1240 3189 minus
1265 3157 1304 3188 sit
1326 3157 1407 3188 inter
1430 3158 1506 3194 duo,

449 3205 607 3237 distinctio
631 3205 830 3236 obiectorum
857 3214 922 3234 non
947 3210 992 3234 est
1015 3203 1070 3233 ubi
1093 3203 1159 3233 duo
1183 3202 1305 3233 obiecta
1328 3212 1392 3232 non
1416 3208 1506 3238 sunt,

449 3260 484 3280 ac
514 3259 570 3290 per
598 3249 660 3280 hoc
691 3258 757 3279 non
784 3248 877 3278 habet
908 3247 950 3277 ibi
979 3248 1088 3278 locum
1119 3246 1277 3278 distinctio
1313 3246 1350 3276 de
1383 3246 1507 3276 obiecto

449 3293 588 3324 mediato
611 3300 642 3324 et
670 3292 865 3323 immediato.
897 3291 1063 3322 Distinctio
1095 3298 1203 3321 autem
1234 3289 1374 3320 formalis
1402 3299 1507 3320 rerum
1533 3306 1535 3327 g

449 3338 596 3368 omnium
613 3347 668 3377 per
686 3337 823 3367 formam
842 3345 896 3365 seu
918 3335 1084 3365 formalem
1107 3334 1262 3365 rationem
1277 3343 1351 3364 cum
1367 3333 1416 3370 sit,
1434 3344 1508 3364 con·
1533 3333 1535 3351 ‘=
1561 3340 1718 3374 quantum
1742 3339 1788 3363 est
1811 3343 1847 3363 ex
1870 3332 1988 3363 meritis
2011 3333 2065 3363 rei.
2090 3332 2218 3363 Bonum
2243 3331 2330 3362 enim
2352 3331 2496 3362 divinum
2517 3330 2552 3361 in
2574 3339 2621 3361 se·-

449 3391 584 3422 sequens
607 3388 653 3412 est
676 3388 711 3412 ut
734 3380 777 3411 ibi
800 3387 924 3410 tantum
948 3380 1013 3409 duo
1034 3379 1156 3409 obiecta
1175 3378 1238 3409 sint
1258 3377 1312 3408 ubi
1334 3384 1409 3408 sunt
1427 3378 1508 3408 duae

448 3425 584 3456 rationes
608 3425 824 3467 obiectorum:
849 3423 929 3454 sicut
947 3423 990 3453 ibi
1005 3430 1128 3453 tantum
1145 3429 1219 3453 sunt
1233 3422 1299 3452 duo
1315 3421 1437 3461 agentia
1454 3422 1508 3452 ubi

449 3477 523 3500 sunt
547 3470 628 3500 duae
651 3469 787 3500 rationes
810 3467 932 3506 agendi,
958 3467 1021 3497 sive
1046 3473 1081 3497 ut
1103 3466 1222 3506 agentis
1245 3472 1276 3496 et
1297 3465 1507 3502 instrumenti,

1147 179 1412 224 QUAESTIO
1443 179 1563 226 XVII,
1593 179 1887 216 ARTICULUS
1915 180 1951 214 V

1575 256 1768 296 quandoque
1793 256 1998 296 concupitum
2026 266 2093 287 esse
2120 266 2223 287 unum
2245 263 2379 294 tantum,
2403 264 2440 288 ut
2463 268 2536 288 cum
2561 268 2635 288 con-

1574 299 1745 339 cupiscitur
1757 299 1881 329 vinum:
1900 300 2095 340 quandoque
2111 300 2221 337 multa,
2238 307 2274 332 ut
2290 311 2363 332 cum
2379 302 2450 343 quis
2462 302 2530 332 vult
2547 311 2635 333 moe-

1574 343 1658 373 chari
1681 349 1717 373 ut
1739 342 1869 374 furetur.
1895 343 1936 373 Et
1957 343 1990 373 in
2010 343 2114 383 primo
2139 353 2241 375 unum
2264 345 2424 376 obiectum
2448 353 2503 382 est,
2519 346 2636 377 scilicet

1573 393 1670 426 potus
1693 386 1773 416 vini:
1807 387 1839 416 in
1870 387 2010 417 secundo
2041 394 2148 418 autern
2177 388 2258 424 duo,
2290 399 2431 430 quorum
2462 399 2563 420 unum
2589 396 2635 420 est

1573 430 1716 460 medium
1740 431 1779 460 ad
1802 431 1898 461 aliud.
1928 433 2075 470 Arguens
2098 437 2206 461 autem
2228 433 2340 473 accipit
2362 433 2395 463 in
2419 443 2485 463 uno
2509 433 2633 464 obiecto

1573 474 1639 504 duo
1654 474 1786 511 obiecta,
1811 484 1847 505 ac
1871 474 1896 504 si
1920 475 2148 515 concupiscens
2169 474 2282 506 vinum
2300 483 2461 517 appeteret
2483 477 2559 512 duo,
2580 477 2635 507 sci-

1572 517 1644 548 licet
1663 524 1778 557 potum
1800 518 1866 548 vini
1888 525 1918 549 et
1940 518 2066 549 vinum:
2097 519 2186 559 quod
2209 525 2256 550 est
2278 519 2404 556 falsum,
2429 520 2504 561 quia
2527 521 2634 561 loqui-

1573 571 1646 591 mur
1661 562 1790 602 quando
1814 562 1923 592 vinum
1949 573 2015 593 non
2032 562 2191 603 appetitur
2213 563 2274 593 nisi
2288 570 2324 594 ut
2339 571 2467 604 potetur
2491 563 2530 606 (si
2547 564 2632 595 enim

1543 601 1546 612 '
1571 612 1772 645 appeteretur
1794 613 1830 636 ut
1853 606 2066 646 possideretur
2089 612 2120 636 et
2143 613 2317 646 potaretur,
2341 614 2417 638 tunc
2440 615 2543 639 essent
2566 608 2632 639 duo

1572 648 1739 691 ordinata).
1771 650 1863 680 Unde
1887 660 1924 681 ex
1946 651 2008 681 hoc
2025 651 2124 691 vquod
2152 650 2280 686 vinum,
2311 657 2343 681 et
2371 652 2526 692 quidquid
2551 652 2632 683 eius-

1543 695 1545 721 ἰ
1571 693 1660 722 modi
1683 700 1738 729 est,
1763 703 1830 723 non
1853 694 2012 734 appetitur
2027 694 2086 724 nisi
2103 694 2224 725 ratione
2247 704 2334 730 usus,
2350 705 2416 725 non
2432 696 2633 727 concluditur

454 740 493 768 ad
524 749 569 768 11.
595 739 636 768 Et
658 739 812 778 quoniam
836 748 916 778 spes,
937 739 976 768 ad
996 747 1137 768 amorem
1158 738 1431 777 concupiscentiae
1448 747 1517 777 spe·
1543 770 1544 782 ÷

1542 783 1544 794 ²
1571 780 1672 811 tiae.—
1689 780 1751 811 Sed
1775 781 1800 811 si
1823 781 1966 812 inductio
1996 790 2077 813 esset
2104 782 2278 818 sufficiens,
2308 782 2522 814 manifestaret
2542 784 2631 824 quod
2650 795 2652 797 ·

1542 837 1544 853 :
1568 829 1618 855 'res
1640 831 1723 855 extra
1747 834 1811 856 non
1837 826 2071 866 concupiscitur
2095 826 2154 856 nisi
2178 833 2214 856 ut
2237 833 2284 857 est
2306 826 2436 856 materia
2458 836 2545 858 usus.
2571 827 2631 858 Sed

1571 737 1660 777 quod
1677 746 1724 767 res
1739 743 1824 768 extra
1839 747 1904 768 non
1928 738 1968 768 sit
1989 738 2211 768 immediatum
2227 738 2388 768 obiectum
2404 740 2631 780 concupiscen-

1570 878 1627 899 nec
1643 869 1683 898 ad
1697 868 1759 899 hoc
1782 869 1925 900 inductio
1949 869 2072 901 sufficit.
2098 870 2263 908 Quoniam
2286 880 2334 900 res
2358 877 2442 900 extra
2465 870 2632 910 dupliciter

1569 918 1675 953 potest
1697 922 1764 943 esse
1788 914 1911 952 bonum
1941 914 2086 951 alterius,
2119 925 2155 945 ac
2185 924 2242 954 per
2268 914 2330 944 hoc
2359 914 2405 944 illi
2426 914 2630 956 ⁸concupisci:

1570 957 1685 998 primo,
1702 963 1739 987 ut
1753 958 1883 988 materia
1898 968 1984 995 usuS,
2001 965 2037 989 ut
2050 959 2163 989 vinum
2186 959 2366 999 potandum
2389 964 2420 988 et
2442 958 2502 988 alia
2522 958 2631 990 huius-

1569 1000 1677 1036 modi;
1702 1002 1853 1038 secundo,
1869 1002 2046 1033 secundum
2070 1012 2102 1033 se
2126 1010 2157 1033 et
2179 1009 2215 1033 ut
2238 1002 2368 1032 materia
2388 1011 2464 1032 usus
2483 1011 2539 1032 seu
2554 1012 2630 1043 ope-

1569 1045 1699 1075 rationis
1711 1045 1852 1077 alicuius.
1869 1046 1911 1076 Et
1925 1053 2000 1077 tunc
2016 1047 2144 1077 haberet
2158 1047 2266 1077 locum
2282 1045 2440 1077 distinctio
2454 1046 2493 1076 de
2505 1046 2630 1077 obiecto

1568 1088 1707 1119 mediato
1723 1096 1755 1119 et
1769 1090 1954 1120 immediato
1978 1091 2108 1131 quando
2128 1101 2178 1120 res
2198 1097 2282 1121 extra
2303 1090 2481 1120 secundum
2497 1100 2529 1120 se
2545 1100 2630 1121 ama-

1569 1139 1654 1163 retur
1679 1133 1755 1172 quia
1775 1140 1899 1164 amatur
1914 1135 2090 1165 secundum
2107 1135 2196 1174 quod
2211 1134 2341 1166 materia
2357 1134 2461 1174 operis
2485 1132 2530 1176 (et
2550 1141 2631 1165 esset

1568 1263 1676 1294 ductio
1707 1273 1772 1293 non
1795 1263 1831 1294 fit
1853 1263 1914 1294 nisi
1937 1265 1976 1295 de
1999 1274 2032 1295 re
2055 1272 2139 1296 extra
2169 1265 2345 1295 secundum
2375 1266 2464 1306 quod
2494 1273 2541 1297 est
2562 1276 2628 1297 ma-

1567 1395 1802 1435 concupiscitur
1823 1395 1870 1426 illi
1892 1405 1959 1427 non
1982 1403 2019 1427 ut
2041 1397 2172 1428 materia
2195 1406 2282 1433 usus,
2307 1397 2361 1427 sed
2385 1397 2562 1427 secundum
2584 1407 2627 1429 se.

1566 1484 1684 1514 scimus
1713 1483 1799 1514 enim
1822 1491 1858 1516 ut
1879 1485 1949 1515 Deo
1978 1495 2123 1516 vivamus
2153 1491 2283 1526 propter
2310 1485 2418 1525 ipsum
2440 1485 2557 1516 Deum.
2585 1485 2630 1517 Ut

1566 1528 1610 1558 sic
1633 1527 1782 1568 utrinque
1805 1535 1924 1568 pateat:
1950 1528 2066 1559 scilicet
2093 1529 2182 1570 quod
2204 1528 2301 1559 finem
2330 1529 2358 1559 ei
2388 1529 2476 1569 quod
2499 1536 2630 1570 propter

1565 1571 1677 1608 finem;
1703 1581 1720 1602 e
1737 1578 1846 1603 contra
1869 1573 2046 1604 secundum
2069 1573 2170 1613 seipsa
2193 1580 2333 1613 separata
2356 1573 2508 1610 subiecto,
2525 1573 2627 1604 immo

1565 1616 1598 1646 in
1613 1615 1774 1646 infinitum
1790 1616 1946 1653 distantia,
1970 1623 2007 1647 ut
2021 1617 2108 1648 Deus
2132 1624 2163 1648 et
2177 1627 2247 1654 nos,
2264 1617 2419 1657 contingit
2434 1617 2626 1658 concupisci.

1565 1661 1678 1700 Neque
1706 1659 1791 1690 enim
1820 1660 2075 1700 concupiscimus
2104 1661 2175 1692 Deo
2198 1667 2344 1691 nostrum
2367 1661 2471 1692 vivere
2501 1669 2538 1692 ut
2558 1662 2626 1702 ipse

1566 1710 1672 1734 utatur
1695 1713 1744 1740 eo,
1766 1704 1822 1734 sed
1844 1711 1974 1744 propter
1996 1714 2081 1739 eum.
2098 1706 2173 1746 quia
2197 1705 2255 1735 sibi
2279 1706 2423 1736 debetur:
2447 1715 2505 1736 nec
2519 1706 2627 1737 Deum

1564 1799 1611 1823 est
1633 1791 1705 1822 finis
1729 1798 1846 1822 noster.

1619 1836 1670 1866 Ad
1694 1836 1849 1866 rationem
1873 1844 1979 1867 autem
1996 1837 2123 1868 dicitur:
2149 1837 2234 1868 Cum
2258 1836 2380 1872 dicitur,
2395 1837 2459 1868 Res
2473 1842 2624 1877 separata

1535 1882 1537 1895 ³
1564 1890 1626 1910 non
1660 1885 1706 1910 est
1735 1880 1850 1910 bonum
1881 1887 2023 1912 nostrum
2056 1883 2118 1912 nisi
2138 1886 2274 1921 propter
2295 1882 2438 1921 aliquam
2468 1882 2623 1912 activum

1563 1934 1627 1965 qua
1643 1924 1733 1954 nobis
1747 1925 1966 1965 coniungitur,
1983 1932 2089 1966 potest
2104 1925 2271 1965 dupliciter
2285 1924 2430 1964 intelligi:
2454 1925 2570 1965 primo,
2589 1931 2626 1956 ut

1562 1969 1595 2009 ly
1620 1969 1682 1999 nisi
1699 1973 1834 2008 propter
1847 1970 2003 2000 actionem
2027 1970 2157 2000 denotet
2179 1969 2332 1999 rationem
2349 1979 2413 2010 qua
2436 1976 2482 2000 est
2501 1970 2624 2001 bonum

1563 2019 1724 2048 nostrum;
1749 2013 1906 2050 secundo,
1931 2021 1966 2044 ut
1989 2014 2118 2044 denotet
2141 2013 2358 2044 conditionem
2382 2013 2448 2043 sine
2471 2023 2535 2054 qua
2558 2023 2624 2044 non

1563 2145 1617 2175 sed
1641 2144 1703 2175 hoc
1718 2144 1817 2175 modo
1833 2154 1899 2176 non
1916 2153 1962 2176 est
1980 2146 2019 2176 ad
2036 2145 2238 2186 propositum
2253 2145 2420 2184 arguentis,
2445 2145 2499 2175 sed
2518 2146 2624 2186 primo

1563 2189 1663 2219 modo
1686 2195 1820 2219 tantum.
1846 2190 1956 2220 Patent
1979 2190 2054 2220 haec
2078 2189 2108 2219 in
2134 2188 2291 2220 effectivis.
2321 2191 2427 2228 Agens
2450 2189 2535 2220 enim
2558 2199 2624 2221 non

1563 2240 1609 2263 est
1639 2242 1733 2272 agens
1765 2233 1863 2262 nostri
1894 2233 1953 2263 nisi
1984 2241 2113 2274 propter
2138 2233 2280 2273 aliquam
2311 2233 2530 2273 operationem
2560 2243 2624 2274 qua

1563 2276 1655 2307 nobis
1679 2276 1898 2316 coniungitur:
1923 2287 1988 2308 non
2012 2285 2118 2308 tamen
2142 2284 2308 2317 propterea
2331 2284 2378 2307 est
2393 2287 2488 2316 agens
2505 2277 2624 2308 media-

1534 2330 1536 2335 *
1562 2327 1642 2356 tum,
1667 2327 1722 2350 aut
1737 2321 1866 2351 materia
1889 2322 2019 2361 agentis,
2043 2329 2098 2352 aut
2113 2321 2291 2351 secundum
2314 2330 2347 2350 se
2368 2330 2434 2351 non
2450 2327 2497 2351 est
2513 2330 2623 2362 agenn

1563 2364 1717 2405 quoniam
1741 2365 1917 2395 secundum
1941 2365 1972 2396 id
1989 2366 2078 2406 quod
2101 2365 2133 2395 in
2157 2375 2200 2400 se,
2224 2365 2318 2395 habet
2340 2364 2496 2395 rationem
2511 2365 2625 2406 agendi

1562 2409 1594 2440 in
1611 2418 1678 2439 nos.
1704 2408 1813 2439 Simile
1833 2409 1918 2439 enim
1935 2417 1980 2440 est
2003 2409 2036 2440 in
2051 2410 2139 2439 bono
2156 2415 2276 2444 nostro,
2301 2409 2389 2449 quod
2410 2415 2531 2440 exercet
2551 2418 2624 2441 cuu-

1562 2463 1630 2483 sam
1653 2451 1781 2483 finalem
1804 2460 1946 2493 respectu
1971 2453 2082 2491 nostri,
2106 2460 2141 2483 ut
2163 2459 2249 2492 patet
2271 2462 2309 2483 ex
2332 2452 2431 2483 dictis.

1617 2497 1668 2526 Ad
1692 2497 1912 2536 probationem
1928 2504 2035 2528 autem
2051 2496 2194 2533 minoris,
2211 2497 2300 2537 quod
2316 2496 2481 2527 delectatio
2497 2497 2536 2527 de
2554 2497 2624 2528 Deo

1562 2540 1594 2570 in
1607 2540 1706 2580 patria
1721 2547 1840 2580 spectet
1855 2541 1895 2571 ad
1907 2551 2049 2572 amorem
2073 2540 2346 2582 concupiscentiae
2365 2541 2440 2581 quia
2454 2542 2625 2581 respondet

1562 2584 1734 2615 desiderio:
1757 2586 1967 2625 respondetur
1981 2586 2071 2626 quod
2091 2585 2256 2616 delectatio
2275 2584 2394 2624 patriae
2412 2594 2479 2615 non
2498 2583 2626 2625 oportet

1562 2629 1651 2669 quod
1667 2629 1857 2668 respondeat
1875 2630 1965 2660 omni
1984 2629 2068 2660 actui
2083 2628 2218 2660 caritatis
2235 2629 2268 2659 in
2284 2628 2345 2664 via,
2369 2628 2428 2659 nisi
2447 2629 2625 2661 secundum

1561 2672 1756 2703 identitatem
1781 2673 1895 2703 obiecti
1918 2673 2060 2703 formalis
2083 2673 2232 2708 caritatis;
2257 2674 2311 2703 sed
2328 2672 2443 2703 sufficit
2461 2674 2550 2712 quod
2577 2683 2624 2704 re·

1562 2717 1717 2756 spondeat
1733 2716 1837 2756 primo
1861 2717 1954 2753 actui,
1971 2717 2026 2757 qui
2050 2724 2097 2747 est
2120 2726 2234 2746 amare.
2263 2719 2420 2747 Amemus
2442 2723 2551 2747 autem
2572 2717 2624 2748 hic

1561 2761 1684 2790 bonum
1708 2760 1766 2790 Dei
1790 2760 1823 2790 iu
1847 2760 1966 2800 seipso;
1991 2768 2022 2791 et
2040 2757 2112 2790 ideo
2135 2759 2361 2790 delectabimur
2383 2759 2424 2790 ibi
2442 2761 2480 2790 de
2503 2761 2574 2791 Deo
2589 2761 2623 2792 in

1562 2814 1676 2844 seipso.

1619 2849 1656 2878 X.
1672 2848 1723 2878 Ad
1744 2848 1922 2878 secundum
1932 2845 1948 2862 *
1964 2847 2077 2878 dicitur
2092 2847 2180 2887 quod
2201 2847 2254 2877 illa
2270 2847 2458 2888 propositio,
2468 2848 2561 2879 Idem
2576 2852 2624 2879 est

1560 2893 1713 2923 obiectum
1732 2892 1883 2923 desiderii
1906 2897 1936 2922 et
1958 2892 2186 2928 delectationis,
2211 2898 2317 2931 potest
2340 2891 2509 2931 dupliciter
2530 2892 2620 2923 intel-

1559 3024 1702 3055 lectabile
1733 3024 1812 3054 nihil
1835 3023 2082 3064 imperfectionis
2113 3023 2204 3063 ponit
2226 3023 2259 3054 in
2289 3033 2328 3054 eo
2352 3024 2408 3064 qui
2435 3024 2621 3056 delectatur:

1561 3068 1764 3099 desiderabile
1788 3075 1895 3098 autem
1918 3068 2011 3108 ponit
2034 3067 2206 3098 absentiam
2231 3067 2280 3098 sui
2302 3068 2334 3098 in
2359 3067 2555 3098 desiderante
2572 3068 2622 3099 vel

1561 3113 1611 3143 cui
1635 3112 1837 3143 desideratur.
1862 3112 1955 3143 Unde
1978 3111 2103 3142 bonitas
2127 3111 2232 3142 divina
2255 3118 2302 3142 est
2325 3111 2394 3142 Deo
2418 3121 2543 3143 summe
2567 3112 2621 3143 de·

1559 3156 1727 3193 lectabilis,
1758 3166 1824 3186 non
1847 3162 1953 3187 tamen
1977 3155 2198 3186 desiderabilis.
2221 3173 2242 3179 -
2266 3155 2424 3192 Secundo,
2448 3162 2554 3196 potest
2572 3155 2622 3187 in-

1560 3200 1657 3240 telligi
1674 3201 1713 3231 de
1736 3200 1897 3231 identitate
1916 3199 2045 3230 rationis
2070 3199 2210 3230 formalis
2230 3199 2363 3230 tenentis
2378 3209 2411 3230 se
2433 3199 2571 3239 praecise
2585 3208 2622 3231 ex

1560 3251 1648 3286 parte
1671 3244 1804 3275 obiecti:
1829 3251 1865 3275 ut
1887 3243 1927 3274 sit
1949 3254 2060 3274 sensus
2083 3243 2173 3284 quod
2195 3243 2351 3284 quidquid
2375 3251 2422 3274 est
2443 3243 2476 3274 in
2500 3253 2532 3274 re
2554 3253 2621 3283 quo

1561 3298 1608 3319 res
1624 3295 1729 3328 potest
1744 3289 2029 3324 delectare,eodem
2045 3295 2150 3327 potest
2165 3287 2343 3319 desiderari.
2363 3287 2404 3318 Et
2418 3287 2462 3318 sic
2476 3294 2523 3318 est
2537 3296 2620 3323 vera,

1561 3377 1631 3417 ipso
1648 3383 1694 3408 est
1717 3387 1754 3407 ex
1770 3386 1802 3406 se
1826 3385 1952 3407 summe
1968 3375 2150 3407 delectabile
2173 3382 2203 3406 et
2219 3374 2437 3406 desiderabile:
2462 3374 2517 3404 sed
2532 3374 2622 3415 quod

1561 3431 1628 3451 non
1651 3420 1843 3451 desideretur
1873 3428 1919 3451 est
1941 3420 2017 3461 quia
2040 3430 2105 3450 non
2136 3419 2270 3450 inveniri
2291 3425 2397 3459 potest
2423 3417 2620 3454 desiderans,

1562 3465 1638 3506 quia
1659 3465 1751 3505 ponit
1773 3464 2047 3504 imperfectionem
2062 3464 2094 3494 in
2119 3473 2168 3494 eo.
2193 3463 2234 3495 Et
2255 3469 2421 3502 propterea
2442 3462 2536 3493 debet
2559 3461 2621 3492 dici

451 3513 514 3544 sive
530 3523 737 3554 quocumque
761 3512 823 3542 alio
845 3511 944 3541 modo
969 3510 1227 3550 multiplicentur.
1244 3509 1386 3540 Constat
1401 3516 1507 3540 autem
1533 3514 1535 3549 ξ
1562 3509 1650 3550 quod
1674 3519 1770 3539 omne
1794 3508 1975 3539 delectabile
2000 3514 2105 3548 potest
2127 3517 2195 3538 esse
2218 3506 2312 3537 etiam
2331 3505 2534 3536 desiderabile
2557 3505 2621 3536 for-

2650 2111 2661 2121 *
2677 2113 2746 2135 Num.
2762 2119 2786 2134 v.

2650 2855 2658 2862 ¹
2675 2853 2747 2875 Num.
2764 2859 2800 2880 ιν,
2815 2853 2859 2875 Se-

2649 2879 2725 2927 mdo
2737 2880 2860 2908 principa-
