2892 4056
100 633 263 662 'Qu-tu,at·t.
278 641 295 656 1.

97 837 110 849 '
119 836 191 859 laon.
199 836 230 859 Μ.
241 836 308 865 epist.

98 861 205 890 cxm,
219 868 270 891 etp.
285 869 308 884 ιι.

94 1782 101 1819 ,,,

94 1751 149 1820 ,0³

138 1789 147 1797 ¹
150 1754 155 1765 ι

149 1755 182 1795 a'a'
192 1756 224 1795 ”Ji
230 1760 234 1794 s

41 2012 44 2046 [
100 2013 266 2037 'uastam

96 2121 182 2142 raud,
231 2130 233 2132 -

1044 128 1309 174 QUAESTIO
1339 129 1732 175 xl‚ART1CULUS
1763 131 1794 166 11
2448 145 2497 180 99

338 217 526 254 exponere
555 216 702 241 sacram
719 205 956 263 'Scripturam
984 217 1100 264 quam
1125 205 1284 254 Spiritus
1299 206 1394 242 San·
1418 212 1420 256 g
1447 209 1611 246 ctionem
1642 207 1961 244 contradicentem
1992 207 2184 244 Ecclesiae
2205 208 2408 246 doctrinae.
2440 211 2501 247 Sic

338 266 418 294 ctus
451 257 628 305 efflagitat
664 258 728 304 qui
767 258 816 294 ad
852 259 926 294 hoc
959 258 1235 307 expositionem
1264 264 1420 295 sacrae
1419 283 1420 292 η
1447 274 1536 309 ergo
1557 260 1668 309 aliqui
1688 262 1874 297 Doctores
1895 260 2113 297 dissensisse
2133 260 2308 297 videntur
2322 263 2384 298 vel
2404 263 2501 299 circa

338 310 553 358 Scripturae
580 310 772 358 intorquet
790 315 802 331 ε
821 311 926 358 quod
953 311 1199 349 contrariatur
1227 312 1260 347 ei
1289 311 1394 360 quod
1418 319 1420 358 j
1447 326 1491 351 ea
1511 325 1675 362 quorum
1704 313 1794 349 nihil
1822 314 1975 350 interest
2002 313 2050 349 ad
2078 313 2197 350 fidem
2222 321 2349 350 utrum
2371 315 2422 351 sic
2441 316 2501 352 vel

337 371 393 400 est
418 374 486 412 per
515 362 696 411 Spiritum
727 364 908 399 Sanctum
942 365 1163 401 revelatum.
1198 364 1309 401 Unde
1338 364 1392 400 di·
1418 363 1420 386 f
1447 367 1551 404 aliter
1577 373 1749 402 teneatur
1766 371 1803 411 ἰ;
1832 367 1894 402 vel
1923 366 2035 402 etiam
2063 366 2101 402 in
2129 366 2358 414 quibusdam
2387 368 2435 404 ad
2458 369 2502 404 fi-

337 416 431 453 citur
450 416 590 452 Ezech.
610 428 671 452 xm
692 418 711 437 ¹²
733 416 779 452 de
807 415 906 452 falsis
926 417 1120 465 prophetis
1150 416 1254 465 quod
1277 416 1290 442 ζ
1303 428 1391 466 per·
1419 412 1420 449 3
1447 420 1534 458 dem
1554 418 1828 467 pertinentibus
1848 430 1945 466 quae
1966 419 2138 455 nondum
2160 427 2264 455 erant
2287 431 2355 468 per
2374 421 2502 456 Eccle-

335 474 604 506 severaverunt
632 469 860 516 confirmare
894 481 1123 510 sermonem.
1160 469 1299 507 scilicet
1323 481 1420 518 Ρεῐ,
1419 471 1420 497 l
1446 474 1542 510 siam
1563 470 1822 508 determinata.
1853 472 2061 519 Postquam
2082 479 2209 508 autem
2231 481 2356 510 essent
2374 481 2502 510 aucto-

336 522 447 558 falsas
484 521 741 569 expositiones
770 522 996 570 Scripturae.
1017 543 1041 550 -
1067 511 1243 559 Similiter
1279 523 1392 559 etiam
1418 531 1420 572 1
1447 526 1552 563 ritate
1581 524 1804 560 universalis
1844 524 2035 561 Ecclesiae
2065 524 2331 573 determinata,
2361 525 2392 562 si
2419 526 2503 574 quis

335 586 406 623 per
431 574 551 611 verba
586 586 684 623 quae
719 574 803 623 quis
831 575 996 623 loquitur
1022 587 1131 612 suam
1159 576 1277 612 fidem
1305 587 1392 624 pro·
1419 578 1509 624 tali
1529 576 1753 614 ordinationi
1774 576 2013 624 pertinaciter
2037 585 2274 625 repugnaret,
2294 578 2504 615 haereticus

336 626 484 664 fitetur.
514 634 569 663 est
589 627 691 664 enim
711 627 900 664 confessio
928 634 1034 664 aetus
1061 627 1164 675 fidei,
1184 637 1226 664 ut
1247 641 1360 678 supra
1374 629 1393 650 '³⁶
1419 647 1421 677 ,
1447 637 1674 668 censeretur.
1705 629 1816 675 Quae
1839 629 1996 677 quidem
2023 630 2225 667 auctoritas
2252 631 2504 680 principaliter

337 680 480 717 dictum
501 687 566 716 est.
597 681 646 717 Et
663 680 751 717 ideo
772 679 804 716 si
820 680 867 717 sit
893 679 1106 717 inordinata
1132 681 1271 717 locutio
1297 682 1394 718 circa
1419 698 1421 740 h
1447 683 1609 721 residet
1601 695 1639 719 in
1659 682 1819 718 Summo
1839 682 2035 719 Pontifice.
2065 683 2210 720 Dicitur
2229 683 2329 720 enirn
2353 685 2504 731 XXIV‘,

337 745 384 770 ea
402 745 500 781 quae
520 742 607 770 sunt
633 731 739 779 fidei,
757 733 864 781 sequi
890 741 1014 791 potest
1041 745 1085 770 ex
1103 734 1179 770 hoc
1202 734 1421 788 corruptio<
1447 749 1510 785 qu.
1541 739 1589 773 1
1602 734 1798 776 ·Quoties
1827 736 1925 782 fidei
1960 737 2055 772 ratio
2087 737 2305 783 ventilatur,
2342 738 2541 776 arbitror·

336 785 438 823 fidei.
476 786 587 823 Unde
617 787 697 823 Leo
726 786 852 834 Papa,
891 785 930 822 in
958 787 1126 834 quadarn
1159 787 1319 834 epistola
1345 791 1397 825 ad
1420 794 1422 835 Ι
1448 800 1576 826 omnes
1600 789 1748 836 fratres
1775 794 1919 825 nostros
1946 794 1980 824 et
2007 790 2240 837 coepiscopos
2266 801 2340 826 non
2361 791 2433 827 nisi
2456 793 2508 829 ad

335 839 547 876 Proterium
565 840 791 899 Episcopum
805 839 1143 876 Alexandrinum*
1144 839 1273 884 ,dicit:
1299 839 1422 882 Quia
1447 844 1612 886 Petrum,
1642 840 1735 876 idest
1759 842 1819 876 sui
1845 842 2005 878 nominis
2028 840 2042 863 λ
2069 843 2338 888 auctoritatem,
2364 845 2507 892 referre

337 893 481 930 inimici
509 892 648 930 Christi
671 892 794 929 crucis
825 893 998 930 omnibus
1033 898 1071 929 et
1102 894 1225 929 verbis
1262 893 1422 931 nostris¹
1421 912 1422 934 1
1448 895 1591 931 debere.
1610 894 1753 929 Contra
1767 893 1873 930 cuius
1888 894 2148 931 auctoritatem
2164 907 2234 931 nec
2249 896 2506 944 Hieronymus

337 946 561 983 insidiantur
577 949 615 981 et
629 945 795 993 syllabis,
815 946 958 983 nullam
987 945 1058 982 illis
1084 946 1144 982 vel
1168 951 1314 983 tenuem
1334 958 1394 983 oc·
1421 943 1422 991 ἶ
1449 959 1520 983 nec
1547 946 1779 992 Augustinus
1813 958 1882 982 nec
1911 947 2043 994 aliquis
2071 959 2264 984 sacrorum
2293 950 2505 987 Doctorum

334 999 524 1037 rasionem
553 998 683 1035 demus
709 1010 785 1046 qua
809 999 1133 1036 nos-Nestoriano
1160 1000 1286 1036 sensui
1309 1011 1396 1036 con·
1421 1015 1423 1041 ÷
1449 1011 1558 1037 suam
1594 998 1816 1035 sententiam
1856 999 2031 1036 defendit.
2061 1000 2172 1036 Unde
2205 1001 2292 1037 dicit
2321 1002 2507 1051 Hierony-

334 1063 478 1101 gruere
502 1052 734 1088 mentiantur
751 1057 781 1088 η.
1422 1046 1423 1069 ³
1450 1065 1537 1089 mus
1552 1058 1569 1080 μ
1582 1051 1618 1087 *z
1642 1053 1754 1088 Haec
1772 1057 1827 1087 est
1840 1053 1952 1099 fides,
1972 1054 2077 1100 Papa
2092 1054 2319 1099 Beatissime,
2336 1067 2448 1102 quam
2468 1056 2505 1092 in

337 1140 340 1141 γ
389 1106 451 1141 An
475 1115 636 1141 'ram-mu
670 1116 855 1142 nicannum
883 1104 1008 1152 quod,
1039 1103 1134 1140 sicut
1160 1105 1393 1152 Augustinus
1421 1129 1423 1142 2
1454 1104 1646 1142 catholica
1664 1104 1859 1141 didicimus
1875 1105 2055 1143 Ecclesia.
2085 1107 2131 1142 In
2151 1118 2225 1154 qua
2246 1107 2280 1143 si
2296 1109 2419 1144 minus
2439 1120 2507 1156 pe—

337 1157 428 1194 dicit
443 1157 475 1204 ³³,
496 1165 534 1194 et
551 1157 712 1195 habetur
735 1158 775 1195 in
791 1158 973 1203 Decretis,
999 1157 1150 1205 XXIV‘,
1171 1171 1234 1207 qu.
1255 1170 1291 1195 111
1306 1157 1318 1179 ⁰
1337 1158 1394 1195 *με
1422 1157 1423 1199 ἶ
1449 1159 1518 1195 rite
1541 1164 1608 1194 aut
1637 1169 1778 1206 parum
1803 1164 1910 1195 caute
1935 1160 2043 1206 sorte
2068 1159 2211 1207 aliquid
2239 1161 2401 1207 positum
2434 1167 2506 1207 est,

337 1210 380 1247 Si
391 1210 457 1259 qui
468 1212 687 1248 sententiam
701 1223 823 1257 suam,
839 1211 1166 1260 quamvisfalsam
1185 1218 1295 1260 atque
1307 1223 1396 1260 per·
1422 1206 1424 1219 ⁴
1450 1211 1644 1249 emendari
1669 1211 1839 1259 cupimus
1866 1217 1958 1257 ate,
1986 1212 2052 1259 qui
2067 1213 2170 1248 Petri
2183 1213 2305 1260 fidem
2333 1219 2369 1249 et
2384 1214 2507 1250 sedem

273 1312 281 1313 ἶ
320 1265 650 1312 ,umrmulia
681 1265 869 1313 pertinaci
902 1265 1137 1302 animositate
1172 1265 1395 1312 defendunt,
1423 1277 1425 1300 ¹
1451 1271 1560 1301 tenes.
1591 1264 1634 1300 Si
1649 1270 1773 1301 autem
1792 1265 1884 1301 haec
1903 1270 2030 1301 nostra
2063 1265 2244 1325 consessio
2272 1266 2509 1314 Apostolatus

335 1322 525 1365 quaerunt
540 1324 666 1354 autem
685 1323 818 1355 cauta
831 1317 1075 1355 sollicitudine
1092 1319 1297 1364 veritatem,
1315 1330 1425 1355 cor-
1424 1351 1425 1371 ,
1423 1314 1505 1354 tui
1538 1317 1673 1354 iudicio
1706 1319 1991 1365 comprobatur,
2022 1318 2245 1366 quicumque
2272 1331 2332 1355 me
2356 1319 2510 1368 culpare

336 1370 417 1420 rigi
432 1371 566 1419 parati
580 1382 666 1407 cum
690 1371 910 1416 invenerint,
935 1382 1173 1419 nequaquam
1196 1377 1284 1408 sunt
1303 1371 1425 1409 inter¹
1424 1370 1620 1414 ¹voluerit,
1649 1382 1688 1406 se
1711 1371 1922 1418 imperitum
1955 1371 2014 1407 vel
2045 1371 2282 1417 malevolum,
2312 1372 2371 1409 vel
2398 1374 2508 1409 etiam

279 1443 282 1447 ·
336 1424 544 1460 haereticos
561 1424 778 1472 deputandi.-
803 1423 892 1471 quia
910 1423 1049 1460 scilicet
1068 1436 1145 1460 non
1164 1425 1307 1460 habent
1326 1425 1398 1460 ele·
1424 1428 1425 1432 ’
1453 1435 1527 1460 ηοη
1556 1423 1779 1459 catholicum
1805 1424 1899 1459 sed
1917 1425 2155 1470 haereticum,
2185 1426 2448 1472 comprobabit.

392 1544 415 1577 ε)
434 1543 577 1576 intorquet.
594 1557 614 1563 -
630 1546 774 1576 extorquet
791 1544 840 1576 pK,
859 1547 995 1576 retorquet
1014 1544 1080 1568 PlsC
1100 1550 1124 1568 et
1142 1552 1170 1570 x.
1426 1545 1427 1566 l
1505 1543 1530 1577 θ)
1550 1552 1587 1569 1n.
1603 1558 1624 1564 -
1640 1552 1698 1576 cap.
1718 1545 1782 1576 (om.
1800 1545 1827 1575 a)
1849 1545 1930 1569 Dixit
1947 1546 2088 1577 Apostolus
2107 1547 2203 1570 addunt
2221 1546 2308 1571 PlsCF
2328 1551 2354 1571 et
2371 1555 2415 1572 na.

340 1606 343 1607 .
382 1580 418 1612 ζ)
437 1580 517 1612 quod.
535 1594 553 1599 -
570 1580 617 1612 qui
634 1580 767 1605 PDHmta.
1426 1570 1427 1602 l
1509 1582 1527 1612 ι)
1545 1584 1635 1605 cauta.
1657 1594 1675 1598 -
1698 1583 1775 1604 tanta
1799 1580 2044 1613 ABDEGHKLpr
2069 1587 2094 1606 et
2118 1589 2166 1610 aa,
2188 1585 2243 1606 tota
2262 1581 2330 1612 Psx3
2353 1586 2512 1614 quaerunt...

392 1615 420 1647 η)
441 1615 511 1646 Quia
525 1614 642 1641 inimici..
647 1615 872 1640 .mentiantur.-
854 1615 955 1647 -quod
973 1615 1074 1640 inimici
1091 1615 1178 1640 crucis
1199 1615 1298 1640 Christi
1316 1615 1401 1640 omni·
1426 1607 1428 1650 Ι
1454 1616 1603 1641 inuenerint
1621 1623 1675 1640 om.
1694 1616 1712 1639 1.

334 1651 387 1676 ‘fus
398 1651 483 1684 sactis
501 1654 528 1676 et
545 1650 632 1676 verbis
650 1651 748 1676 nostris
774 1651 950 1680 insidiantur,
971 1654 1001 1675 ut
1018 1650 1042 1675 si
1060 1652 1140 1675 ullam
1161 1651 1212 1675 illis
1237 1651 1278 1676 vel
1295 1653 1398 1675 tenuem
1426 1651 1427 1665 ¹
1507 1652 1532 1683 κ)
1552 1654 1682 1676 teneatur.
1700 1665 1719 1670 -
1737 1653 1879 1675 teneantur
1898 1651 1927 1676 Ρ.

421 1686 502 1712 'onem
521 1687 621 1716 demus,
641 1694 688 1712 nos
707 1687 869 1712 Nestor-iano
886 1686 977 1711 sensui
1000 1687 1080 1712 etiam
1099 1694 1246 1719 congruere
1271 1686 1399 1711 mentian-
1426 1682 1427 1690 ¹
1506 1685 1534 1719 λ)
1553 1687 1595 1712 sui
1613 1687 1737 1712 nominis.
1754 1700 1773 1706 -
1790 1686 1827 1710 ad
1845 1686 1887 1711 sui
1900 1687 2013 1711 nominis
2033 1687 2097 1716 ΡΜ,
2112 1687 2154 1712 sui
2172 1688 2286 1712 nominis
2304 1690 2329 1712 et
2345 1688 2452 1714 honoris
2466 1688 2512 1712 lsE

339 1724 385 1747 tur
398 1719 456 1751 Ρα;
474 1730 521 1754 pro
542 1723 619 1753 Quia,
639 1723 711 1756 quod
729 1723 852 1752 CDEIKR.
871 1723 942 1754 quod
956 1723 1018 1755 quia
1038 1723 1074 1753 G;
1094 1728 1154 1755 post
1175 1722 1294 1747 omnibus
1314 1723 1336 1747 G
1356 1722 1399 1746 ad·
1426 1707 1428 1741 l
1454 1727 1480 1747 et
1498 1729 1530 1752 κς
1550 1730 1598 1755 pro
1617 1724 1726 1755 referre,
1746 1721 1843 1756 referri
1861 1721 1929 1746 PlsC
1949 1728 1972 1746 et
1991 1730 2016 1746 a.

336 1756 555 1792 1ἐΙῗῐῙὶιετεέ;ρι-ο
573 1761 600 1784 et
616 1758 735 1792 syllabis,
755 1763 821 1791 spat.
839 1766 895 1783 vac.
914 1759 963 1790 ρΑ,
981 1762 1008 1783 et
1030 1758 1124 1783 similis
1142 1758 1175 1788 G,
1193 1762 1219 1782 et
1237 1757 1348 1783 similem
1368 1758 1400 1786 H.
1426 1750 1428 1786 l
1507 1759 1534 1792 μ)
1554 1758 1745 1791 Hieronymus.
1762 1771 1782 1776 —
1800 1758 1836 1782 ad
1856 1758 2002 1782 Damasum
2022 1758 2122 1789 Papam
2142 1758 2237 1782 addunt
2255 1758 2301 1782 Pa.

335 1796 366 1831 q
381 1793 506 1820 similiter
523 1794 553 1824 L,
572 1798 599 1819 et
617 1795 634 1824 Ι,
647 1797 675 1819 et
691 1795 716 1819 si
734 1794 777 1825 sc,
796 1798 823 1819 et
840 1794 864 1819 si
878 1796 940 1819 sunt
958 1801 984 1823 κ,
1003 1796 1030 1818 et
1046 1794 1085 1818 sic
1103 1794 1214 1824 (nullam
1236 1794 1287 1818 illis
1307 1794 1401 1818 ruinae
1426 1790 1428 1814 ,¹
1507 1793 1531 1825 ν)
1550 1794 1605 1818 sed.
1623 1807 1641 1812 —
1659 1797 1686 1818 et
1705 1794 1734 1823 D,
1753 1794 1800 1818 sed
1819 1797 1845 1818 et
1864 1793 1895 1823 G,
1916 1800 1966 1818 non
1987 1800 2027 1817 me
2046 1794 2099 1820 Pa,-
2117 1794 2164 1818 sed
2182 1794 2342 1819 haereticum
2361 1801 2414 1819 om.
2433 1801 2477 1826 pa·

339 1822 515 1861 occasionem)
534 1828 580 1854 sK.
1426 1833 1428 1858 g

1017 1898 1348 1931 Commentaria
1371 1898 1620 1931 Cardinalis
1643 1898 1842 1935 Caietam

343 1979 390 2043 In
414 1970 546 2000 articulo
570 1971 710 2001 secundo
733 1970 875 2001 eiusdem
899 1969 1103 2010 quaestionis,
1124 1976 1154 1999 et
1174 1969 1349 2009 specialiter
1364 1969 1396 1999 in
1428 1968 1430 1983 '
1452 1979 1616 2000 assensum
1627 1969 1855 2010 propositionis
1869 1969 2041 1999 contrariae
2054 1968 2136 2005 fidei,
2150 1979 2223 1999 cum
2237 1969 2416 2008 cognitione
2426 1969 2513 2009 quod

371 2014 577 2053 responsione
593 2015 634 2045 ad
649 2015 787 2052 tertium,
799 2014 948 2045 adverte*
959 2013 1205 2054 diligentissime.
1224 2013 1310 2044 Cum
1326 2014 1400 2043 haen
1453 2013 1492 2043 sit
1507 2013 1660 2044 contraria
1676 2013 1759 2049 fidei,
1775 2023 1847 2044 vera
1863 2013 1998 2043 haeresis
2012 2013 2181 2043 incurritur
2193 2023 2210 2043 a
2223 2013 2414 2044 Christiano.
2430 2014 2512 2043 Nam

334 2058 415 2093 renis
439 2068 476 2089 ex
498 2058 599 2089 tribus
621 2059 840 2095 constituatur,
857 2058 972 2089 scilicet
991 2068 1094 2089 errore
1109 2058 1142 2088 in
1156 2057 1218 2088 fide
1233 2058 1399 2098 pertinaci;
1452 2057 1523 2088 talis
1545 2067 1617 2088 vere
1641 2058 1782 2098 pertinax
1805 2068 1863 2098 pro
1879 2065 1958 2088 tune
1974 2065 2035 2088 est:
2060 2057 2214 2098 quoniam
2231 2057 2394 2096 cognoscit
2407 2057 2513 2088 Eccle—

340 2109 377 2136 et
393 2103 459 2134 duo
482 2103 595 2143 prima,
619 2103 735 2134 scilicet
758 2112 844 2133 error
866 2110 896 2133 et
919 2103 1072 2133 sententia
1094 2102 1177 2138 fidei,
1198 2108 1339 2142 spectent
1362 2103 1401 2132 ad
1453 2101 1532 2132 siam
1551 2102 1729 2142 praecipere
1745 2103 1834 2142 quod
1851 2109 1993 2132 teneatur
2008 2101 2170 2132 Christum
2187 2111 2253 2132 esse
2269 2111 2381 2132 verum
2397 2102 2512 2138 Deum,

336 2142 544 2183 intellectum,
569 2148 696 2178 tertium
720 2154 836 2183 autern,
861 2146 977 2178 scilicet
999 2146 1179 2187 pertinacia,
1196 2146 1236 2176 ad
1256 2147 1400 2179 volunta·
1426 2159 1427 2162 ¹
1454 2153 1484 2177 et
1506 2146 1574 2186 ipse
1598 2156 1664 2176 non
1687 2146 1755 2176 vult
1778 2156 1837 2186 pro
1860 2153 1936 2176 tunc
1960 2146 2003 2176 sic
2028 2146 2162 2176 credere.

339 2197 420 2227 tenu
441 2198 471 2222 et
494 2191 565 2227 hoc,
585 2191 808 2242 superveniens
828 2191 1096 2231 praecedentibus,
1112 2190 1155 2222 ita
1170 2191 1340 2222 constituat
1355 2201 1401 2221 ra-
1426 2207 1428 2232 ¹,
1511 2190 1544 2220 Si
1567 2190 1638 2231 quis
1661 2197 1768 2220 autem
1792 2190 1897 2220 minus
1917 2190 2078 2230 perspicax
2098 2190 2136 2220 de
2151 2190 2209 2220 hac
2225 2189 2366 2220 doctrina
2382 2190 2513 2226 dubitat,

334 2233 462 2266 tionem
485 2235 621 2266 haeresis
645 2243 680 2267 ut
702 2236 770 2266 sine
793 2246 832 2266 eo
856 2235 991 2266 haeresis
1007 2245 1073 2266 non
1090 2235 1139 2271 sit,
1155 2235 1236 2266 sicut
1251 2245 1309 2266 nec
1324 2234 1401 2265 fides
1454 2234 1680 2265 animadvertat
1708 2235 1796 2274 quod
1823 2233 1901 2264 fides
1932 2241 1963 2264 et
1989 2233 2154 2264 infidelitas
2182 2240 2256 2264 sunt
2286 2233 2460 2270 contraria;
2485 2239 2515 2263 et

340 2279 409 2310 aine
423 2279 596 2310 voluntatis
609 2280 886 2311 determinatione:
902 2279 1108 2310 manifestum
1123 2279 1228 2319 primo
1249 2286 1296 2310 est
1314 2280 1403 2320 quod
1453 2279 1543 2319 quod
1566 2279 1840 2320 quemadmodum
1867 2278 1922 2308 illa
1944 2277 2103 2318 perficitur
2126 2287 2252 2308 assensu
2276 2277 2452 2308 intellectus
2478 2288 2515 2308 ex

340 2323 454 2364 siquis
469 2323 656 2355 sententiam
671 2323 744 2355 fidei
764 2324 952 2356 contrariam
967 2324 1143 2355 secundum
1159 2334 1192 2354 se
1211 2330 1330 2355 teneret
1344 2334 1403 2364 pu·
1454 2333 1611 2354 consensu
1634 2322 1822 2358 voluntatis,
1846 2322 1890 2353 ita
1912 2322 1971 2353 ista
1993 2321 2152 2362 perficitur
2174 2322 2207 2352 in
2231 2321 2372 2352 dissensu
2396 2321 2514 2352 intelle-

336 2374 411 2404 ‚tans
433 2377 466 2398 se
490 2374 572 2399 recte
595 2368 719 2404 sentire,
743 2378 809 2399 non
823 2368 989 2399 intendens
1012 2369 1051 2399 ab
1073 2368 1212 2399 Ecclesia
1228 2368 1400 2405 dissentire,
1455 2374 1524 2399 ctus
1547 2378 1584 2398 ex
1608 2377 1763 2398 consensu
1785 2367 1974 2403 voluntatis;
1998 2373 2029 2397 et
2052 2367 2133 2397 clare
2147 2366 2266 2397 videbit
2280 2367 2368 2407 quod
2384 2375 2514 2396 consen-

340 2410 411 2442 talis
425 2411 573 2442 adhaesio
589 2422 655 2443 non
670 2419 717 2442 est
728 2411 873 2448 haeresis,
887 2419 1016 2452 propter
1031 2411 1190 2443 defectum
1205 2412 1401 2452 pertinaciae.
1454 2412 1535 2442 tiens
1558 2421 1624 2442 non
1647 2411 1754 2442 solum
1778 2411 1922 2451 opinioni
1946 2411 2117 2441 contrariae
2133 2410 2216 2447 fidei,
2237 2411 2291 2440 sed
2307 2410 2401 2441 etiam
2417 2410 2514 2441 dubio

397 2455 458 2486 Sed
483 2462 514 2486 et
536 2455 740 2488 manifestum
769 2456 909 2487 secundo
939 2463 984 2487 est
1006 2456 1094 2496 quod
1118 2455 1143 2486 si
1167 2456 1254 2496 quis,
1286 2466 1403 2495 cogno·
1428 2478 1429 2484 .
1455 2456 1493 2485 de
1517 2462 1599 2485 certa
1621 2455 1842 2495 propositione
1865 2454 1947 2490 fidei,
1972 2454 2100 2495 cognito
2125 2455 2212 2495 quod
2237 2461 2321 2485 certo
2341 2460 2459 2494 spectat
2474 2454 2514 2484 ad

341 2509 431 2531 scens
450 2499 591 2540 aliquam
606 2500 861 2541 propositionem
876 2506 1015 2539 spectare
1030 2500 1070 2530 ad
1082 2498 1189 2536 fidem,
1206 2497 1403 2540 puta‚’Iesus
1453 2498 1560 2534 fidem,
1576 2505 1623 2528 est
1635 2497 1770 2528 infidelis
1776 2507 1784 2534 ;
1809 2505 1839 2528 et
1855 2506 2084 2538 consequenter
2102 2498 2286 2536 haereticus,
2304 2498 2329 2528 si
2345 2505 2408 2528 erat
2424 2497 2514 2528 Chri-

341 2544 534 2586 Nazarenus
556 2549 604 2575 est
626 2554 722 2576 verus
743 2545 844 2582 Deus,
865 2545 971 2575 credat
989 2554 1056 2574 esse
1071 2543 1198 2580 falsam;
1222 2544 1312 2579 idest,
1329 2553 1403 2574 cum
1455 2542 1584 2573 stianus.
1609 2542 1695 2572 Nihil
1715 2542 1799 2572 enim
1823 2549 1870 2572 est
1891 2540 1924 2571 in
1947 2552 2059 2581 genere
2083 2542 2141 2572 nisi
2165 2543 2322 2572 mediante
2346 2542 2458 2581 specie.

342 2588 479 2619 occurrit
501 2588 560 2618 sibi
583 2589 672 2629 quod
695 2599 761 2620 non
786 2596 832 2620 est
854 2599 945 2624 vera,
966 2587 1121 2626 consentit
1143 2588 1196 2619 tali
1217 2587 1401 2619 adhaesioni
1508 2587 1546 2617 11.
1570 2586 1606 2616 ln
1629 2586 1743 2616 eodem
1766 2586 1906 2616 secundo
1930 2586 2073 2622 articulo,
2090 2586 2122 2616 in
2145 2586 2352 2626 responsione
2374 2586 2414 2615 ad
2428 2585 2514 2616 idem

342 2642 406 2673 qua
422 2642 488 2662 non
504 2639 594 2672 putat
608 2643 674 2663 esse
690 2642 812 2669 veram;
832 2633 902 2664 talis
918 2632 1066 2663 adhaesio
1083 2639 1128 2662 est
1143 2642 1215 2664 vere
1231 2639 1261 2662 et
1277 2632 1403 2672 proprie
1455 2630 1609 2666 tertium,
1623 2630 1746 2660 adverte
1770 2630 1859 2669 quod
1881 2630 2050 2660 auctoritas
2073 2630 2256 2660 universalis
2280 2630 2437 2660 Ecclesiae
2461 2630 2514 2660 de-

319 2676 487 2712 .haeresis.
513 2676 601 2707 Sicut
628 2687 776 2718 namque,
793 2684 991 2718 praesentato
1014 2677 1185 2708 concubitu
1210 2686 1284 2707 cum
1303 2676 1404 2706 aliena
1455 2673 1652 2705 terminativa
1675 2673 1713 2703 de
1740 2673 1802 2703 fide
1826 2673 2037 2713 principaliter
2057 2673 2170 2704 residet
2191 2674 2224 2703 in
2248 2674 2383 2704 Summo
2407 2674 2513 2704 Ponti-

342 2730 451 2757 uxore,
468 2721 667 2752 consentiens
687 2721 720 2752 in
736 2721 830 2752 illum
852 2721 970 2752 crimen
992 2720 1136 2752 adulterii
1151 2720 1291 2756 incurrit,
1308 2727 1338 2751 et
1361 2720 1404 2750 sic
1455 2717 1522 2749 fiee.
1548 2718 1646 2755 Quod
1668 2717 1806 2757 intellige
1829 2717 2020 2758 inquantum
2036 2716 2188 2748 Summus
2203 2717 2348 2748 Pontifex
2362 2724 2421 2748 est:
2439 2718 2514 2758 quia

342 2765 383 2796 de
405 2765 489 2801 aliis;
513 2765 571 2802 ita,
597 2773 795 2806 praesentato
817 2776 921 2796 errore
944 2765 977 2795 in
999 2765 1061 2796 fide
1085 2775 1158 2795 cum
1181 2765 1293 2796 notitia
1315 2764 1403 2805 quod
1428 2787 1430 2791 ⁴
1457 2763 1510 2798 sic,
1535 2769 1566 2792 et
1587 2772 1652 2792 non
1677 2768 1712 2792 ut
1735 2762 1899 2801 singularis
1923 2771 2067 2802 persona,
2084 2772 2102 2792 a
2117 2762 2186 2792 Deo
2209 2763 2401 2802 gubernatur
2419 2761 2451 2792 in
2466 2761 2514 2791 his

343 2815 390 2840 est
406 2819 492 2839 error
511 2809 544 2840 in
564 2808 636 2847 fide,
654 2820 826 2841 consensus
847 2810 881 2840 in
901 2810 992 2840 illum
1015 2809 1207 2840 haereticum
1230 2808 1401 2839 constituit.
1457 2816 1539 2847 quae
1561 2813 1636 2836 sunt
1657 2805 1746 2842 fidei,
1770 2806 1812 2836 ita
1835 2806 1922 2846 quod
1946 2815 2012 2835 non
2040 2812 2145 2846 potest
2172 2806 2377 2836 determinare
2406 2812 2514 2836 eontra

398 2853 440 2884 Et
455 2863 492 2883 ex
507 2853 569 2884 hoc
584 2861 670 2893 patet
694 2855 782 2895 quod
799 2854 968 2895 pertinacia
995 2863 1077 2894 quae
1093 2853 1222 2893 ponitur
1245 2853 1282 2883 de
1309 2852 1402 2883 ratio-
1456 2850 1561 2881 fidem.
1586 2851 1626 2880 Et
1648 2856 1813 2890 propterea
1837 2859 1895 2880 nec
1916 2849 2141 2890 Hieronymus
2157 2860 2214 2880 nec
2228 2850 2431 2891 Augustinus
2445 2859 2514 2880 sen—

343 2906 383 2927 ne
398 2897 534 2927 haeresis
548 2907 614 2928 non
637 2898 789 2939 importat
807 2898 1051 2929 obdurationem
1067 2907 1123 2928 seu
1146 2896 1402 2935 obstinationem,
1456 2896 1587 2926 tentiam
1611 2903 1702 2925 suam
1727 2899 1839 2924 contra
1854 2894 2036 2924 huiusmodi
2048 2894 2342 2925 determinationem
2360 2893 2512 2934 defendit.

344 2947 380 2971 ut
389 2941 592 2981 distinguitur
599 2949 708 2973 contra
716 2942 940 2979 infirmitatem,
952 2941 1132 2982 passionem
1150 2948 1180 2972 et
1189 2940 1403 2972 transitorium
1457 2939 1498 2970 Et
1509 2938 1582 2969 hinc
1594 2938 1689 2968 habes
1712 2945 1867 2978 quantum
1881 2947 1988 2968 cavere
2004 2938 2098 2968 debes
2112 2949 2130 2968 a
2145 2938 2380 2974 Panormitano,
2396 2938 2513 2975 Extra,

343 2993 400 3016 seu
422 2985 526 3016 levem
549 2995 755 3023 consensum,
779 2987 861 3017 sicut
883 2986 1018 3017 dicimus
1037 2986 1178 3026 aliquem
1200 2984 1348 3015 fornicari
1367 2994 1404 3015 ex
1456 2984 1496 3014 de
1511 2983 1690 3018 Electione,
1714 2982 1748 3012 in
1771 2992 1839 3022 cap.
1863 2982 2071 3023 Significas-ti,
2088 2982 2214 3012 volente
2235 2983 2325 3023 quod
2340 2982 2440 3021 magis
2459 2982 2514 3012 do-

345 3028 503 3069 passione,
525 3029 576 3060 vel
598 3039 636 3061 ex
659 3030 784 3061 cholera
807 3030 1002 3061 consensisse
1024 3030 1057 3060 in
1080 3029 1202 3060 malum
1217 3028 1357 3069 aliquod,
1374 3035 1405 3059 et
1457 3027 1552 3058 ctoris
1575 3036 1674 3067 quam
1696 3026 1798 3066 Papae
1822 3026 2003 3062 sententiae,
2015 3025 2048 3056 in
2067 3026 2116 3057 his
2131 3036 2213 3067 quae
2236 3033 2310 3057 sunt
2332 3025 2415 3062 fidei,
2432 3032 2514 3055 stan-

345 3082 412 3103 non
434 3073 646 3113 pertinaciter:
659 3074 727 3104 -sed
749 3074 885 3105 sumitur
901 3074 1072 3114 pertinacia
1085 3080 1122 3104 ut
1137 3073 1312 3114 aequivalet
1329 3082 1403 3104 vero
1458 3072 1536 3102 dum
1559 3077 1615 3102 est.
1639 3070 1719 3100 Vere
1749 3069 1886 3100 ostendit
1908 3070 2004 3100 illud:
2037 3070 2131 3108 Quod
2153 3070 2347 3101 medicorum
2371 3075 2417 3100 est
2435 3079 2514 3110 pro-

346 3117 526 3153 consensui,
549 3118 791 3158 praesupposita
813 3118 925 3150 notitia
948 3118 1036 3158 quod
1059 3118 1100 3148 sit
1115 3127 1200 3148 error
1215 3123 1246 3147 et
1260 3116 1350 3158 quod
1365 3116 1406 3147 sit
1458 3117 1587 3146 mittunt
1609 3114 1732 3151 medici,
1756 3119 1897 3145 tractant
1911 3114 2050 3156 fabrilia
2065 3114 2200 3156 fabri!
2218 3115 2340 3144 —Haec
2360 3120 2466 3144 autem
2481 3113 2514 3143 in

345 3159 379 3191 in
401 3159 474 3191 fide.
499 3161 570 3192 Sive
592 3161 678 3192 enim
701 3172 738 3192 ex
759 3162 916 3202 passione,
941 3162 1007 3192 sive
1029 3172 1066 3192 ex
1081 3160 1270 3197 infirmitate,
1287 3160 1351 3191 sive
1367 3170 1405 3191 ex
1457 3165 1589 3191 tractatu
1613 3168 1710 3199 quem
1725 3158 1764 3188 de
1780 3158 2026 3198 Comparatione
2039 3159 2248 3190 Auctoritatis
2265 3159 2372 3198 Papae
2388 3163 2419 3188 et
2433 3157 2513 3188 Con—

345 3215 550 3246 quacumque
572 3205 633 3236 alia
656 3215 749 3236 causa
772 3206 971 3246 perveniatur
985 3206 1025 3236 ad
1039 3214 1151 3236 verum
1166 3214 1357 3236 consensum
1372 3204 1404 3235 in
1458 3205 1522 3235 citii
1536 3202 1554 3221 θ
1578 3202 1719 3238 fecimus,
1744 3202 1843 3242 magis
1866 3203 2072 3234 ostendimus.

2561 751 2616 772 Can.
2638 751 2741 779 Quoties.

2631 1066 2650 1092 μ.

2534 1091 2661 1118 'Pelagius
2667 1091 2743 1118 Epist.

2535 1118 2564 1165 55
2610 1117 2746 1166 ,ἵζέᾞὲ

2535 1176 2599 1197 pam.

2543 3119 2550 3126 ⁶
2575 3117 2656 3139 Horat.
2677 3116 2750 3148 Epist.

2542 3143 2624 3170 lib.11,
2641 3143 2714 3171 Epist.
2728 3142 2750 3168 1,

2543 3170 2710 3198 vera-1151&

2543 3203 2624 3230 ’(Σιρ.
2640 3209 2671 3225 rx.
