2892 4056
182 431 189 438 ⁶
205 429 232 451 D.
249 429 297 450 610.

182 638 190 647 ”
198 637 232 658 ef,
244 637 312 663 Greg.
323 636 392 657 Hom.

182 663 257 684 XXVI
270 663 292 683 in
305 663 392 689 Evang.

181 846 191 857 ⁶
206 847 230 867 In
248 851 354 873 corpore.

186 2251 196 2261 ⁴
212 2250 277 2271 Vers.
293 2250 330 2275 46.

424 197 470 231 14

419 272 578 301 movent
606 265 834 300 intellectum
865 270 1036 299 nostrum
1064 263 1124 298 vel
1154 274 1310 299 sensum
1346 264 1394 300 ad
1422 263 1478 300 sui

421 317 688 364 cognitionem.
737 316 848 353 Unde
887 315 1132 352 manifestum
1171 322 1226 350 est
1268 317 1372 364 quod
1409 327 1478 352 nec

420 370 516 406 fides
537 381 606 406 nec
626 369 756 418 opinio
784 376 909 417 potest
938 380 1019 404 esse
1050 367 1096 404 de
1115 367 1206 404 visis
1226 373 1243 394 η
1265 376 1329 404 aut
1348 380 1480 419 secun-

422 423 514 459 dum
534 434 688 458 sensum
710 428 773 457 aut
793 420 1005 457 secundum
1026 420 1256 456 intellectum
1276 421 1306 456 ²⁸.

473 477 531 510 Ao
551 486 687 511 PRIMUM
713 486 810 510 ERGO
830 485 1013 510 mcENDUM
1042 473 1148 520 quod
1177 473 1351 510 Thomas
1379 473 1483 510 aliud

421 528 511 563 vidit
537 533 572 563 et
597 527 702 563 aliud
732 526 895 563 credidit.
930 526 1138 562 Hominem
1170 526 1262 562 vidit
1291 531 1328 562 et
1357 527 1480 562 Deum

421 580 574 616 credens
602 581 791 628 confessus
817 585 880 624 est,
909 590 994 615 cum
1023 579 1138 616 dixit:
1166 578 1354 615 Dominus
1379 590 1484 615 meus

421 638 457 668 et
482 633 586 668 Deus
614 644 717 668 meus
737 632 767 668 ·““.

474 687 532 721 AD
561 696 751 721 SECUNDUM
779 696 963 721 DicENDUM
992 685 1097 732 quod
1127 696 1171 720 ea
1200 695 1299 731 quae
1324 684 1484 720 subsunt

420 737 510 774 fidei
540 737 737 785 dupliciter
765 736 996 774 considerari
1025 743 1197 786 possunt.
1229 736 1316 774 Uno
1346 737 1484 782 modo,

421 791 458 826 in
487 790 657 838 speciali:
696 798 732 826 et
761 791 811 826 sic
845 802 923 827 non
952 798 1113 839 possunt
1147 801 1228 826 esse
1263 789 1389 826 simul‘
1403 789 1485 826 visa

421 851 457 879 et
486 843 639 889 credita,
666 843 761 880 sicut
790 843 933 880 dictum
963 851 1019 880 est
1037 843 1067 880 ²⁶.
1098 843 1184 880 Alio
1214 842 1346 889 modo,
1367 842 1406 878 in
1425 854 1487 890 ge-

421 896 557 942 nerali,
597 896 737 933 scilicet
764 897 835 933 sub
865 896 1063 933 communi
1102 897 1246 933 ratione
1285 894 1484 932 credibilis.

423 949 469 985 Et
498 949 550 985 sic
579 957 667 986 sunt
685 950 768 987 visa
788 951 836 987 ab
858 962 903 986 eo
925 950 992 999 qui
1020 949 1156 986 credit:
1187 961 1265 986 non
1286 948 1387 985 enim
1409 961 1486 985 cre-

474 1079 500 1109 η)
521 1079 592 1103 visis.
611 1093 628 1097 —
648 1079 724 1104 rebus
744 1078 806 1103 visis
826 1079 857 1109 G,
878 1078 941 1110 ipsis
961 1078 1023 1103 visis
1042 1079 1088 1103 Pa.

475 1113 498 1146 θ)
518 1121 558 1139 ea.
572 1121 658 1139 -esse
676 1114 806 1146 ABFKpE
825 1119 850 1138 et
869 1122 899 1145 tr,
915 1121 946 1138 ea
965 1120 1034 1142 esse,
1055 1114 1091 1143 G,
1111 1113 1200 1138 omnia
1221 1113 1259 1144 H,
1279 1119 1334 1138 esse
1352 1120 1384 1137 ea
1402 1113 1486 1137 credi-

423 1149 485 1173 bilia
506 1149 522 1173 1.

1134 185 1400 230 QUAESTIO
1431 187 1462 232 Ι,
1493 185 1787 222 ARTICULUS
1817 186 1867 221 lV

1535 262 1639 299 deret
1667 262 1737 299 nisi
1766 262 1913 299 videret
1941 275 1986 300 ea
2014 276 2097 313 esse
2127 265 2328 313 credenda,
2354 267 2417 303 vel
2446 274 2604 316 propter

1535 315 1766 351 evidentiam
1795 315 1990 362 signorum
2019 318 2082 353 vel
2109 325 2264 366 propter
2293 318 2434 368 aliquid
2474 320 2603 357 huius-

1536 367 1653 404 modi.

1588 422 1647 456 AD
1675 431 1835 457 TERTtUM
1864 433 2048 458 manDUM
2087 421 2193 470 quod
2225 423 2356 461 lumen
2389 423 2481 461 fidei
2517 425 2603 462 facit

1535 472 1666 509 videre
1697 485 1741 509 ea
1761 470 1772 493 ‘³
1793 485 1891 522 quae
1922 475 2136 511 creduntur.
2168 474 2274 512 Sicut
2300 475 2402 513 enim
2421 489 2490 525 per
2508 477 2603 514 alios

1536 525 1687 562 habitus
1703 525 1898 578 ,virtutum
1926 527 2046 563 homo
2076 527 2181 564 videt
2209 527 2301 564 illud
2329 529 2435 577 quod
2457 538 2513 566 est
2532 530 2604 567 sibi

1539 577 1771 615 conveniens
1800 580 2013 617 secundum
2043 580 2217 616 habitum
2245 580 2374 628 illutn,
2409 582 2460 618 ita
2487 583 2602 620 etiam

1538 643 1606 679 per
1635 631 1807 668 habitum
1845 632 1936 669 fidei
1973 633 2171 670 inclinatur
2208 644 2317 670 mens
2354 634 2522 672 hominis
2555 637 2603 673 ad

1539 682 1824 721 assentiendum
1859 685 1917 722 his
1946 698 2046 734 quae
2086 683 2322 723 conv'eniunt
2359 694 2483 725 rectae
2513 688 2604 726 fidei

1540 744 1576 772 et
1604 748 1683 773 non
1712 736 1803 774 aliis.
1858 735 1861 737 ’
2461 771 2464 775 ⁴

1592 791 1651 826 Ao
1681 800 1854 831 QUARTUM
1886 802 2071 829 DlCENDuM
2109 793 2214 841 quod
2250 791 2400 828 auditus
2436 800 2492 829 est
2518 805 2605 830 ver-

1540 842 1679 878 borum
1713 842 2004 890 significantium
2035 857 2080 881 ea
2117 857 2216 893 quae
2255 852 2342 882 sunt
2377 844 2487 882 fidei:
2526 857 2605 883 non

1540 903 1668 932 autern
1698 903 1753 933 est
1781 896 1949 945 ipsarum
1987 910 2116 934 rerum
2155 898 2201 935 de
2236 898 2374 946 quibus
2410 905 2466 935 est
2494 898 2603 936 fides.

1540 948 1589 1002 Et
1608 948 1660 985 sic
1680 956 1758 986 non
1779 957 1930 998 oportet
1948 958 1990 988 ut
2009 950 2229 988 huiusmodi
2249 963 2308 988 res
2328 951 2401 988 sint
2418 951 2524 989 visae
2544 957 2563 988 ‘.

1595 1077 1614 1110 ι)
1634 1078 1713 1104 visae.
1726 1093 1745 1097 -
1758 1079 1830 1104 visae
1849 1080 1874 1104 in
1894 1087 1922 1105 se
1939 1080 2006 1110 CsK‚
2026 1080 2052 1105 in
2073 1087 2100 1105 se
2119 1081 2241 1110 visaeiG,
2261 1081 2287 1105 in
2306 1088 2334 1106 se
2352 1082 2382 1106 L.

1097 1228 1430 1262 Commenta-ia
1453 1226 1704 1259 cardinalis
1726 1228 1927 1262 Caietam

451 1326 471 1345 N
496 1315 628 1346 articulo
644 1323 757 1355 quarto
775 1316 910 1346 dubium
928 1325 993 1345 non
1011 1314 1278 1344 dissimulandum
1294 1312 1429 1344 occurrit
1447 1313 1485 1342 de

425 1329 659 1399 Iresponsione
682 1357 721 1389 ad
742 1360 931 1395 secundum,
947 1359 1115 1400 quomodo
1133 1358 1250 1389 scilicet
1267 1357 1426 1388 distinctio
1443 1357 1485 1388 ibi

422 1404 511 1439 facta,
536 1413 611 1434 curn
634 1404 699 1433 suis
723 1404 883 1440 membris,
900 1403 1076 1434 verificetur
1099 1403 1132 1433 in
1154 1402 1331 1443 proposito.
1354 1402 1438 1432 Nam
1453 1402 1486 1442 ly

423 1449 523 1479 videri
539 1458 594 1478 seu
611 1457 678 1478 esse
694 1449 794 1478 visum
812 1455 866 1479 aut
882 1449 1018 1479 sumitur
1034 1448 1169 1478 univoce
1184 1447 1217 1478 in
1234 1454 1370 1487 utroque
1386 1457 1485 1477 mem-

421 1495 495 1530 bro,
521 1500 576 1523 aut
599 1493 776 1523 secundum
806 1493 963 1523 diversam
986 1491 1259 1532 significationem.
1294 1491 1335 1522 Si»
1350 1491 1487 1522 sumitur

422 1539 536 1569 eodem
560 1538 670 1573 modo,
695 1536 836 1577 sequitur
856 1537 971 1577 primo,
995 1537 1084 1578 quod
1109 1544 1237 1577 propter
1253 1536 1404 1567 miracula
1419 1536 1484 1566 visa

422 1584 521 1613 homo
545 1582 682 1617 videret,
707 1581 787 1611 idest
813 1582 972 1612 evidenter
1001 1588 1221 1621 cognosceret,
1242 1591 1278 1611 ea
1307 1591 1389 1622 quae
1413 1588 1486 1611 sunt

422 1627 495 1657 fidei
518 1636 585 1656 esse
608 1625 781 1661 credibilia,
807 1633 837 1656 et
860 1633 1090 1667 consequenter
1119 1635 1185 1656 esse
1215 1635 1297 1656 vera.
1330 1626 1401 1655 Hoc
1431 1635 1486 1656 au-

422 1679 487 1703 tem
510 1678 557 1701 est
578 1670 704 1700 falsum.
726 1670 821 1709 Ergo.
839 1688 859 1692 —
875 1671 1029 1701 Probatur
1052 1670 1189 1710 sequela.
1221 1670 1306 1707 Quia
1331 1669 1487 1700 evidentia

422 1717 461 1746 de
489 1714 692 1745 credibilitate
715 1714 845 1744 illorum
868 1714 962 1745 infert
985 1714 1160 1744 necessario
1185 1714 1375 1744 evidentiam
1398 1715 1486 1755 quod

422 1760 483 1790 illis
499 1759 734 1789 assentiendum
750 1766 797 1789 est
811 1766 846 1789 ut
861 1759 941 1789 veris
956 1759 1075 1799 absque
1092 1758 1261 1790 formidine
1276 1758 1403 1789 alterius
1418 1769 1486 1799 par-

422 1805 470 1835 tis.
488 1804 560 1834 Hoc
576 1810 683 1834 autern
699 1802 777 1833 nihil
789 1803 874 1833 aliud
891 1810 937 1834 est
952 1813 1050 1843 quam
1066 1803 1180 1833 habere
1193 1803 1383 1834 evidentiam
1398 1804 1486 1843 quod

423 1849 475 1880 illa
498 1854 572 1879 sunt
594 1857 676 1883 vera,
701 1847 850 1887 quamvis
870 1847 1030 1887 incognita
1053 1848 1229 1878 secundum
1254 1847 1356 1887 seipsa
1374 1847 1486 1878 nobis:

423 1893 503 1924 sicut
526 1892 626 1923 sciens
643 1892 865 1931 quadraturam
884 1892 990 1922 circuli
1007 1902 1074 1922 esse
1090 1891 1240 1927 scibilem,
1259 1891 1405 1932 quamvis
1421 1902 1485 1922 non

423 1938 543 1973 scitam,
567 1937 662 1967 habet
685 1936 874 1967 evidentiam
898 1937 986 1977 quod
1011 1937 1202 1977 quadratura
1226 1936 1332 1967 circuli
1357 1944 1403 1967 est
1430 1937 1486 1967 sci-

424 1982 493 2014 bilis
518 1988 548 2012 et
574 1981 607 2011 in
636 1990 668 2010 se
691 1991 779 2016 vera,
804 1981 949 2021 quamvis
979 1990 1044 2010 non
1075 1980 1114 2011 sit
1144 1981 1320 2011 secundum
1350 1981 1486 2022 seipsam

424 2027 516 2058 nobis
539 2026 642 2056 adhuc
666 2032 751 2056 nota.
768 2043 787 2048 -
804 2025 936 2056 Falsitas
966 2032 1072 2055 autem
1097 2026 1319 2066 consequentis
1342 2033 1426 2065 patet
1451 2036 1487 2056 ex

424 2073 485 2102 hoc
509 2070 598 2111 quod
620 2070 796 2100 intellectus
819 2070 952 2100 videntis
974 2069 1134 2105 miracula,
1160 2076 1236 2110 puta
1260 2070 1416 2100 Lazarum
1439 2080 1486 2101 re-

424 2124 558 2155 surgere,
573 2124 638 2144 non
651 2115 896 2145 convincebatur
912 2123 948 2144 ex
964 2114 1119 2144 evidentia
1135 2115 1174 2144 ad
1190 2115 1383 2145 credendum
1396 2114 1486 2145 Chri-

424 2169 509 2191 stum
533 2169 599 2189 esse
622 2159 740 2189 Filium
762 2159 832 2189 Dei.
856 2159 939 2189 Nam
955 2158 981 2188 si
997 2158 1251 2195 convincebatur,
1266 2169 1324 2190 nec
1340 2159 1486 2200 discipuli

425 2204 540 2235 Christi
563 2203 746 2234 habuissent
769 2202 879 2239 fidem;
903 2213 960 2233 nec
976 2203 1108 2244 quidam
1123 2203 1251 2234 ivissent
1267 2205 1306 2234 ad
1322 2203 1487 2244 pontifices

424 2259 489 2279 non
514 2249 687 2284 credentes,
714 2254 748 2278 ut
773 2247 887 2278 dicitur
910 2248 996 2278 loan.
1014 2258 1044 2277 x1
1059 2248 1085 2278 *.

479 2293 628 2333 Sequitur
651 2292 800 2328 secundo,
825 2292 914 2332 quod
938 2292 1070 2332 quilibet
1089 2292 1207 2322 habens
1223 2291 1319 2322 fidem
1336 2292 1487 2323 Christia-

425 2347 500 2367 nam
524 2337 702 2367 evidentem
732 2336 952 2367 certitudinem
976 2335 1103 2366 haberet
1126 2336 1214 2376 quod
1238 2336 1315 2366 haec
1339 2337 1401 2367 sint
1424 2347 1487 2367 cre—

425 2382 536 2412 denda.
571 2381 669 2418 Quod
693 2388 797 2411 tamen
824 2390 889 2410 non
918 2381 1096 2420 experimur
1119 2381 1151 2410 in
1176 2380 1277 2411 nobis.
1299 2399 1319 2403 -
1338 2381 1379 2412 Et
1403 2388 1487 2422 patet

426 2426 551 2467 sequela
577 2435 612 2456 ex
636 2426 703 2466 ipsa
728 2425 827 2456 littera
851 2424 987 2455 dicente:
1013 2425 1085 2455 Non
1104 2426 1186 2455 enim
1207 2425 1349 2456 crederet
1366 2427 1428 2457 nisi
1444 2427 1486 2456 νί-

425 2471 515 2501 deret
538 2480 576 2500 ea
600 2479 667 2501 esse
690 2469 858 2500 credenda.

479 2514 627 2555 Sequitur
651 2514 756 2549 tertio,
781 2520 816 2543 ut
839 2514 903 2543 iam
925 2520 1045 2543 tactum
1070 2520 1125 2549 est,
1151 2514 1239 2554 quod
1263 2512 1370 2544 fideles
1394 2514 1486 2544 habe-

426 2566 494 2589 rent
517 2559 629 2588 saltem
653 2558 872 2588 certitudinem
898 2557 1085 2594 evidentem,
1111 2557 1167 2587 etsi
1192 2567 1257 2587 non
1282 2567 1318 2587 ex
1342 2559 1487 2598 propriis,

426 2604 464 2633 de
488 2602 535 2632 his
559 2612 640 2643 quae
665 2609 738 2633 sunt
760 2601 842 2632 fidei.
867 2602 907 2632 Et
927 2602 979 2637 sic,
998 2602 1072 2632 dato
1089 2602 1177 2641 quod
1197 2601 1351 2632 creditum
1368 2612 1434 2632 non
1450 2602 1489 2633 sit

426 2647 544 2682 visum,
569 2654 650 2677 esset
673 2654 779 2677 tamen
803 2646 1060 2676 certitudinaliter
1084 2646 1249 2686 cognitum
1272 2647 1310 2676 ab
1331 2646 1493 2678 intellectu

427 2691 589 2722 credentis.
616 2691 713 2728 Quod
736 2690 876 2731 implicat
895 2690 1136 2721 contradictoria
1161 2690 1266 2726 simul,
1290 2697 1348 2721 etc.

482 2736 514 2766 Si
542 2743 649 2766 autem
677 2735 783 2766 videre
811 2734 947 2765 sumitur
975 2734 1200 2770 diversimode,
1229 2734 1291 2765 ruit
1322 2734 1498 2770 distinctio,

428 2780 489 2810 ruit
513 2779 674 2820 oppositio
698 2779 927 2814 membrorum,
952 2778 1015 2809 ruit
1038 2778 1210 2808 formalitas
1235 2778 1404 2814 doctrinae,
1429 2779 1491 2808 ruit

429 2824 596 2854 auctoritas
621 2824 790 2854 doctrinae.

484 2868 521 2898 ΙΙ.
552 2868 599 2898 Ad
635 2867 822 2898 evidentiam
850 2867 967 2897 horum
999 2867 1213 2906 praenotanda
1244 2873 1290 2896 est
1320 2865 1491 2896 differentia

428 2912 508 2942 inter
531 2912 635 2942 videre
658 2912 777 2952 aliquid
801 2921 868 2942 esse
892 2910 1008 2947 scibile,
1026 2918 1056 2941 et
1071 2910 1176 2941 videre
1199 2910 1318 2951 aliquid
1339 2920 1404 2940 esse
1424 2920 1491 2941 cre-

430 2956 534 2986 dibile.
564 2955 676 2986 Scibile
700 2966 839 2996 namque
863 2963 910 2986 est
936 2955 1056 2996 aliquid
1081 2965 1117 2985 ex
1140 2963 1190 2991 se;
1216 2954 1362 2985 credibile
1385 2961 1491 2986 autem

430 3010 466 3030 ex
489 2999 682 3030 testimonio.
709 3002 754 3030 Ac
778 3009 833 3039 per
856 2999 928 3034 hoc,
953 2999 977 3028 si
1002 3006 1125 3029 constat
1148 2998 1267 3039 aliquid
1291 3009 1357 3029 esse
1374 2998 1490 3034 scibile,

431 3050 553 3075 constat
575 3043 654 3074 illud
676 3049 744 3073 vesse
767 3053 888 3080 verum,
910 3042 1130 3079 necessarium,
1156 3049 1213 3074 etc.
1238 3042 1270 3073 Si
1293 3049 1400 3073 autem
1418 3053 1491 3073 con-

430 3095 490 3119 stat
514 3088 632 3127 aliquid
657 3097 723 3117 esse
747 3087 902 3122 credibile,
927 3097 993 3117 non
1018 3094 1140 3117 constat
1163 3093 1330 3127 propterea
1353 3097 1419 3117 esse
1441 3097 1492 3117 ve—

431 3142 518 3168 rum,
543 3132 598 3162 sed
625 3132 900 3162 testimonia·esse
931 3131 1004 3161 talia
1035 3139 1070 3162 ut
1099 3131 1178 3162 illud
1206 3131 1245 3161 sit
1274 3131 1432 3161 credibile:
1458 3138 1493 3161 ut

431 3176 618 3217 quotidiana
646 3175 835 3216 experientia
860 3175 892 3205 in
916 3175 1058 3206 iudicum
1085 3175 1246 3206 sententiis
1269 3185 1326 3215 per
1347 3182 1440 3206 testes
1464 3183 1494 3206 et

432 3221 593 3261 propriam
619 3220 851 3251 confessionem
876 3219 1063 3250 manifestat.
1089 3220 1135 3250 Ex
1158 3220 1219 3250 hoc
1244 3229 1382 3260 namque
1405 3220 1493 3260 quod

431 3265 492 3295 fide
517 3265 603 3305 digni
627 3271 720 3295 testes
743 3264 863 3304 aliquid
885 3271 1026 3294 asserunt
1043 3271 1073 3294 et
1095 3274 1166 3294 reus
1194 3270 1306 3304 sponte
1328 3263 1494 3294 confitetur

433 3319 498 3339 non
523 3309 655 3340 habetur
686 3315 766 3340 certa
796 3308 950 3339 evidentia
980 3309 1068 3348 quod
1096 3309 1138 3339 ita
1166 3308 1221 3344 sit,
1246 3315 1380 3348 possunt
1408 3308 1493 3338 enim

433 3363 545 3383 omnes
569 3353 709 3383 mentiri:
734 3353 866 3383 habetur
889 3359 995 3383 tamen
1020 3352 1175 3383 evidentia
1198 3353 1286 3392 quod
1306 3352 1350 3382 ita
1365 3362 1432 3382 esse
1449 3360 1494 3383 est

434 3397 578 3428 credibile
601 3397 833 3438 iudicabileque
860 3398 979 3437 absque
1002 3396 1127 3426 alterius
1151 3396 1247 3436 partis
1269 3395 1448 3426 formidine.

488 3441 767 3472 Praemittendum-
782 3448 828 3472 est
851 3441 1008 3476 secundO,
1033 3441 1122 3481 quod
1145 3440 1249 3471 videre
1272 3440 1305 3470 in
1328 3441 1494 3480 proposito

435 3486 570 3516 sumitur
589 3496 646 3526 pro
663 3493 728 3516 tota
745 3485 909 3516 latitudine
932 3484 1079 3515 visionis:
1105 3485 1146 3515 ita
1170 3485 1257 3525 quod
1282 3494 1347 3514 non
1371 3484 1494 3515 restrin-

1540 1313 1624 1352 gitur
1647 1315 1686 1344 ad
1709 1314 1815 1346 videre
1837 1315 1882 1346 sic
1900 1316 1950 1347 vel
1973 1317 2026 1353 sic,
2044 1318 2099 1348 sed
2115 1327 2322 1359 quocumque
2347 1319 2445 1350 modo
2470 1320 2607 1351 salvetur

1540 1357 1655 1394 videre,
1681 1358 1805 1390 sufficit.
1836 1359 1981 1391 Dicimur
2003 1361 2089 1395 enim
2112 1362 2218 1392 videre
2241 1372 2307 1393 non
2330 1363 2438 1393 solum
2460 1363 2608 1397 sensibile

1540 1403 1718 1442 proprium,
1742 1404 1798 1434 sed
1821 1414 1994 1435 commune
2018 1412 2048 1436 et
2071 1416 2129 1445 per
2151 1407 2304 1438 accidens.
2333 1407 2374 1439 Et
2397 1407 2606 1447 Augustinus,

1539 1445 1572 1475 in
1597 1447 1654 1477 ult.
1671 1447 1725 1478 lib.
1742 1448 1782 1478 de
1807 1448 1875 1479 Civ.
1890 1449 1968 1486 Dei,
1995 1460 2062 1489 cap.
2081 1460 2160 1486 xxnr,
2193 1451 2350 1491 corporali
2374 1451 2471 1482 oculo
2487 1462 2547 1482 nos
2561 1452 2608 1485 vi·-⁴

1540 1500 1631 1521 suros
1654 1491 1761 1522 Deum
1785 1493 1904 1533 ubique
1924 1501 2122 1534 praesentem
2138 1495 2244 1531 credit,
2261 1497 2344 1527 sicut
2357 1496 2512 1533 homines,
2529 1506 2606 1528 mox

1541 1540 1575 1565 ut
1598 1537 1780 1575 aspicimus,
1805 1546 1868 1568 non
1893 1538 2052 1569 credimus
2076 1540 2194 1577 vivere,
2217 1540 2273 1570 sed
2296 1540 2449 1571 videmus.

1597 1579 1647 1610 111.
1672 1580 1731 1611 His
1754 1581 1951 1621 praemissis,
1982 1582 2096 1613 dicitur
2125 1584 2165 1613 ad
2195 1584 2329 1614 dubium
2361 1591 2487 1615 motum
2517 1585 2608 1626 quod

1539 1622 1644 1654 videre
1667 1625 1804 1656 sumitur
1819 1625 1964 1662 univoce,
1983 1636 2038 1657 seu
2055 1627 2170 1658 eodem
2186 1628 2303 1658 modo:
2328 1629 2382 1658 sed
2399 1638 2466 1659 non
2481 1629 2606 1660 restriu-

1540 1668 1681 1707 gendum
1704 1676 1751 1699 est
1774 1669 1814 1699 ad
1836 1670 1917 1700 hanc
1941 1670 2203 1710 significationem
2219 1672 2269 1703 vel
2291 1671 2388 1708 illam,
2403 1672 2485 1703 infra
2500 1672 2606 1704 latitu-

1541 1711 1649 1742 dinem
1671 1713 1802 1744 visionis
1825 1721 1891 1744 tam
1914 1716 2088 1755 corporalis
2107 1725 2206 1756 quam
2222 1716 2403 1756 spiritualis,
2421 1722 2488 1748 tam
2502 1726 2559 1757 per
2572 1727 2607 1749 se

1540 1766 1639 1796 quam
1662 1767 1718 1797 per
1740 1758 1884 1789 accidens
1907 1759 2047 1790 visibilis.
2080 1760 2120 1790 Et
2144 1770 2219 1791 cum
2242 1760 2383 1800 arguitur
2407 1767 2532 1797 contra.
2556 1771 2606 1793 re-

1541 1801 1716 1840 spondetur
1739 1802 1855 1842 primo,
1879 1803 2063 1843 accipiendo
2088 1804 2326 1836 credibilitatem
2342 1804 2486 1836 humano
2505 1815 2606 1842 more,

1541 1851 1572 1875 et
1595 1846 1740 1884 negando
1768 1846 1849 1886 hanc
1879 1848 2057 1887 sequelam:
2083 1848 2216 1878 Ioannes
2239 1848 2324 1880 videt
2354 1859 2391 1879 ea
2423 1859 2506 1889 quae
2532 1857 2607 1882 sunt

1540 1887 1612 1919 fidei
1637 1899 1703 1920 esse
1726 1890 1893 1928 credibilia,
1913 1891 1999 1932 Ergo
2014 1892 2108 1923 habet
2127 1893 2345 1924 certitudinem
2361 1894 2450 1934 quod
2464 1893 2518 1924 illa
2533 1900 2607 1926 sunt

1540 1943 1622 1963 vera.
1659 1934 1699 1964 Et
1722 1935 1761 1964 ad
1783 1935 1868 1966 illius
1891 1937 2115 1976 probationem
2139 1937 2251 1967 dicitur
2275 1937 2364 1978 quod
2387 1937 2544 1968 evidentia
2567 1939 2606 1969 de

1541 1978 1744 2009 credibilitate
1766 1979 1884 2010 horum
1907 1980 2002 2012 infert
2028 1981 2204 2015 necessario
2233 1980 2425 2012 evidentiam
2445 1983 2536 2023 quod
2557 1992 2605 2013 as-

1541 2022 1742 2053 sentiendum
1774 2031 1819 2054 est
1849 2024 1910 2055 illis
1939 2035 2006 2056 non
2034 2032 2068 2056 ut
2091 2026 2172 2056 veris
2200 2026 2359 2062 absolute,
2384 2026 2439 2056 sed
2467 2033 2503 2057 ut
2525 2026 2606 2058 veris

1541 2066 1743 2103 credibiliter,
1768 2068 1886 2109 absque
1910 2069 2080 2100 formidine
2108 2069 2235 2100 alterius
2258 2070 2356 2110 partis
2378 2069 2412 2101 in
2429 2071 2604 2108 voluntate,

1541 2121 1606 2141 non
1630 2111 1662 2141 in
1686 2111 1855 2144 intellectu.
1888 2113 1953 2144 Iam
1969 2114 1986 2132 *
2001 2114 2086 2144 enim
2101 2114 2183 2145 dicta
2199 2120 2245 2144 est
2260 2114 2434 2145 differentia
2455 2115 2537 2146 inter
2559 2116 2604 2146 vi-

1541 2156 1614 2186 dere
1637 2155 1758 2196 aliquid
1782 2167 1848 2188 esse
1871 2158 1978 2188 scibile
2002 2165 2032 2189 et
2056 2158 2176 2199 aliquid
2200 2169 2266 2189 esse
2283 2159 2439 2189 credibile.
2463 2159 2504 2190 Et
2519 2169 2604 2191 nunc

1541 2200 1744 2240 adiungimus
1767 2202 1855 2242 quod
1880 2209 2021 2233 constare
2045 2203 2166 2244 aliquid
2181 2213 2247 2234 esse
2263 2213 2375 2234 verum
2398 2209 2435 2234 ut
2458 2203 2605 2235 credibile

1542 2244 1690 2275 diminuit
1713 2245 1752 2275 de
1775 2245 1896 2276 ratione
1919 2247 1984 2276 veri
2007 2247 2179 2278 constantis
2202 2247 2356 2283 absolute,
2381 2254 2417 2278 ut
2439 2254 2542 2288 patet..
2562 2248 2606 2286 ,Et

1541 2296 1707 2329 propterea
1730 2289 1871 2321 videntes
1895 2291 2050 2322 Lazarum
2070 2301 2229 2331 resurgere
2253 2302 2319 2322 non
2342 2292 2500 2323 habebant
2517 2292 2606 2323 certi·

1540 2334 1685 2365 tudinem
1708 2333 1881 2365 evidentiae
1904 2336 1993 2375 quod
2018 2336 2103 2366 lesus
2127 2342 2192 2366 erat
2219 2336 2320 2366 Filius
2342 2335 2418 2366 Dei:
2443 2336 2498 2367 sed
2516 2337 2606 2378 quad

1541 2379 1648 2418 ipsum
1671 2387 1738 2408 esse
1761 2378 1879 2409 Filium
1901 2379 1970 2416 Dei,
1997 2387 2032 2410 ut
2048 2390 2080 2410 se
2099 2380 2298 2420 praedicabat
2321 2389 2398 2416 esse,
2423 2387 2489 2411 erat
2511 2375 2607 2413 credi—

1541 2422 1612 2453 bile.
1638 2422 1679 2452 Et
1693 2422 1736 2452 sic
1753 2432 1789 2452 ex
1805 2423 1969 2463 signorum
1987 2424 2142 2455 evidentia
2158 2434 2224 2455 non
2243 2423 2400 2455 habebant
2415 2423 2606 2457 evidentiam

1542 2476 1655 2498 eorum
1678 2476 1759 2507 quae
1783 2474 1856 2497 sunt
1880 2466 1961 2504 fidei,
1987 2469 2041 2498 sed
2066 2467 2277 2500 credibilitatis
2303 2478 2427 2500 eorum.

1597 2511 1821 2551 Respondetur
1844 2513 1999 2548 secundo,
2025 2512 2223 2543 extendendo
2247 2512 2482 2544 credibilitatem
2511 2511 2606 2544 etiam

1542 2556 1582 2585 ad
1605 2554 1825 2586 certitudinem
1851 2566 1887 2586 ex
1908 2557 2035 2587 veritate
2067 2563 2230 2587 constante
2259 2557 2345 2588 testis
2361 2555 2426 2587 veri
2447 2557 2537 2594 clare,
2553 2567 2606 2588 ne-

1542 2600 1647 2639 gando
1679 2599 1760 2629 hanc
1783 2600 1962 2640 sequelam:
1988 2601 2121 2632 Ioannes
2150 2601 2244 2632 habet
2272 2601 2493 2632 certitudinem
2517 2601 2606 2643 quod

1543 2653 1579 2674 ea
1602 2653 1684 2684 quae
1707 2651 1781 2674 sunt
1803 2643 1886 2680 fidei,
1904 2652 1939 2675 ut
1961 2652 2112 2682 attestata,
2137 2652 2210 2676 sunt
2228 2655 2309 2681 vera,
2327 2645 2412 2686 Ergo
2429 2655 2495 2677 non
2513 2646 2608 2680 hahet

1543 2687 1639 2725 fidem
1664 2688 1702 2717 de
1725 2687 1774 2717 his
1798 2697 1879 2728 quae
1903 2695 1978 2719 sunt
2001 2688 2082 2720 fidei.
2108 2689 2197 2720 Stant
2220 2689 2305 2720 enim
2321 2689 2397 2720 haec
2412 2690 2477 2720 duo
2493 2689 2605 2721 simul:

1543 2732 1632 2771 quod
1655 2730 1832 2762 intellectus
1856 2731 1894 2762 sit
1919 2740 2019 2762 certus
2043 2743 2079 2763 ex
2104 2733 2258 2763 evidentia
2287 2733 2451 2773 signorum
2475 2733 2524 2764 vel
2547 2733 2607 2766 Dei

1543 2775 1684 2806 testantis
1700 2775 1789 2816 quod
1804 2775 1942 2806 Trinitas
1970 2783 2111 2808 attestata
2135 2783 2181 2807 est
2201 2787 2274 2807 vera
2289 2777 2429 2808 Trinitas
2454 2777 2607 2809 Persona-

1544 2829 1625 2855 rum,
1643 2826 1674 2850 et
1688 2819 1783 2850 simul
1799 2820 1958 2856 credatur;
1983 2827 2013 2851 et
2028 2827 2134 2852 tamen
2152 2830 2217 2852 non
2233 2821 2336 2852 videat
2351 2821 2541 2853 Trinitatem
2559 2832 2607 2853 se-

1545 2864 1687 2895 cundum
1710 2874 1743 2894 se
1766 2873 1842 2900 esse,
1860 2874 1895 2894 ac
1909 2875 1965 2905 per
1988 2866 2048 2896 hoc
2073 2875 2184 2896 verum
2207 2875 2273 2896 esse
2296 2864 2422 2908 (verum
2438 2866 2525 2896 enim
2541 2875 2608 2897 non

1545 2908 1631 2938 addit
1655 2918 1748 2949 supra
1772 2907 1976 2950 praeiacens).
2007 2909 2067 2940 Sed
2090 2909 2122 2940 in
2146 2909 2207 2940 hoc
2231 2909 2385 2942 falluntur
2407 2910 2513 2941 minus
2537 2920 2608 2950 pet-

1545 2953 1682 2992 spicaces
1712 2953 1801 2994 quod
1830 2963 1895 2992 non
1930 2953 2111 2985 discernunt
2134 2954 2214 2994 quid
2245 2954 2366 2985 intersit
2399 2954 2480 2985 inter
2502 2953 2609 2986 videre

2629 2121 2641 2132 ¹*
2655 2121 2727 2144 Num.
2738 2122 2846 2151 praeeed-

1545 2997 1708 3037 proposita
1732 2997 1764 3027 in
1788 2996 1849 3027 fide
1873 3007 1940 3028 esse
1963 3008 2045 3034 vera,
2070 3005 2100 3029 et
2122 2998 2228 3030 videre
2242 2997 2407 3038 proposita
2429 2998 2462 3030 in
2485 2996 2556 3035 fide,
2574 3005 2610 3031 ut
2642 3032 2662 3039 ,v
2692 3024 2703 3035 ,,

1545 3048 1688 3072 attestata
1711 3051 1766 3072 seu
1791 3041 1958 3078 credibilia,
1984 3052 2050 3072 esse
2073 3051 2163 3072 vera:
2187 3042 2327 3074 multum
2341 3042 2428 3073 enim
2443 3041 2545 3079 refert,
2561 3052 2608 3074 re·
2652 3057 2653 3064 ¹

1545 3085 1674 3117 ferendo
1698 3086 1738 3116 ad
1761 3085 1960 3117 evidentiam.
1996 3087 2063 3117 Nec
2087 3087 2268 3117 discernunt
2290 3087 2370 3118 inter
2394 3086 2610 3127 cognitionem

1547 3137 1661 3161 certam
1686 3134 1723 3161 eit
1750 3129 1905 3161 evidentia
1935 3131 1978 3161 rei
2009 3131 2169 3171 cognitae,
2195 3139 2225 3162 et
2248 3138 2364 3162 certam
2394 3141 2431 3162 ex
2455 3130 2611 3162 evidenti·

1546 3175 1802 3206 testimoniorum
1827 3175 1904 3206 eius.
1928 3175 2015 3206 Haec
2039 3176 2125 3206 enim
2148 3175 2307 3207 intantum
2323 3175 2439 3207 distant
2454 3182 2490 3206 ut
2507 3174 2610 3215 prima

1546 3226 1699 3259 repugnet
1723 3218 1812 3255 fidei;
1838 3220 1975 3250 secunda
1998 3226 2105 3250 autem
2128 3227 2282 3260 repugnet
2297 3219 2370 3250 fidei
2393 3219 2566 3250 testimonii
2580 3217 2608 3254 ⁸,
2637 3227 2848 3250 watinensium.

1547 3264 1600 3294 sed
1625 3274 1690 3294 non
1715 3263 1787 3293 fidei
1811 3273 1917 3294 rerum
1941 3274 2022 3304 quae
2046 3270 2119 3294 sunt
2142 3271 2312 3295 attestatae.
2338 3265 2424 3294 Haec
2439 3270 2546 3294 autem
2562 3262 2610 3292 in-

1547 3308 1642 3338 ferius
1658 3308 1683 3344 *,
1710 3318 1783 3338 cum
1806 3309 1844 3338 de
1868 3307 1930 3338 fide
1953 3308 2140 3347 angelorum
2163 3308 2375 3344 tractabimus,
2399 3307 2481 3338 clare
2504 3307 2607 3338 eluce-

1548 3359 1642 3383 scent.
1668 3352 1708 3382 Et
1731 3352 1792 3382 hoc
1816 3351 1931 3383 sufficit
1955 3353 1993 3382 ad
2018 3353 2260 3383 discernendum
2283 3353 2365 3383 inter
2387 3361 2424 3382 ea
2438 3361 2520 3391 quae
2535 3358 2610 3382 sunt

1548 3395 1620 3427 fidei
1639 3396 1671 3426 in
1695 3396 1814 3436 seipsis,
1832 3403 1862 3427 et
1881 3396 1913 3426 in
1937 3397 2057 3427 ratione
2079 3396 2252 3428 credibilis:
2276 3396 2352 3437 quia
2375 3392 2492 3426 scilicet
2514 3394 2610 3425 simul

1549 3447 1683 3481 possunt
1707 3450 1773 3471 esse
1796 3441 1835 3471 ab
1859 3441 1972 3471 eodem
1997 3441 2112 3472 credita
2136 3440 2311 3472 secundum
2326 3447 2368 3476 se,
2385 3446 2416 3470 et
2431 3439 2497 3470 visa
2516 3439 2609 3483 inra-

1548 3485 1635 3516 tione
1659 3484 1823 3515 credibilis.

2636 3315 2760 3364 &3¹:344
2773 3318 2816 3337 ¹¹³·
2831 3320 2849 3342 ¹’
