2892 4056
23 466 25 470 ,
45 450 56 462 “
70 449 140 471 Num.
156 454 187 470 vr.

48 493 56 502 ·
70 490 140 512 Num.
154 496 196 512 vn.

47 537 56 546 ·
71 535 142 556 Num.
157 539 209 556 vni.

27 636 29 638 ·
44 624 203 671 εἶτ’-ιξῒῑεὲὶῖῑ
217 628 234 644 ¹·
245 633 256 638 ·

44 677 67 688 ⁸·
80 675 103 698 1·
117 675 172 701 11¹⁸.
187 681 227 703 qu.
238 681 255 701 r,

44 702 258 729 ert.4‚00mment·

44 733 109 751 num.
123 734 149 750 n.

49 3130 58 3138 “
74 3127 110 3150 Cf.
132 3133 196 3150 num.
221 3134 259 3155 iv,

970 153 1234 199 QUAESTIO
1266 154 1387 201 XVII,
1415 154 1709 192 ARTlCULUS
1738 155 1771 191 V

281 237 348 259 non
371 234 418 259 est
440 228 616 259 secundum
639 239 671 260 se
695 229 916 261 immediatum
935 231 1097 262 obiectum
1116 232 1341 268 delectationis,

281 271 337 302 sed
359 278 447 303 actus
470 281 536 312 quo
560 273 653 303 nobis
676 273 889 314 coniungitur.

335 314 374 346 V.
397 315 449 346 Ad
478 315 666 347 evidentiam
696 318 791 349 huius
823 319 916 350 altius
941 319 1036 350 ordiri
1068 327 1209 360 oportet,
1241 327 1343 352 osten-

281 359 387 390 dendo
410 359 526 399 primo,
551 370 648 400 quare
671 369 702 392 et
725 363 893 402 quomodo
916 363 1037 404 aliquid
1060 370 1106 394 est
1129 365 1252 395 bonum
1267 365 1342 395 alte-

282 403 347 434 rius
371 402 507 434 distincti
531 404 672 435 subiecto
697 406 734 436 ab
759 415 812 443 eo;
838 407 988 443 secundo,
1013 408 1180 448 quomodo
1201 407 1235 439 se
1250 409 1342 440 habet

282 447 323 478 ad
345 456 489 477 amorem
511 447 666 479 amicitiae
689 457 720 480 et
742 451 1014 491 concupiscentiae
1028 451 1061 487 *;
1085 452 1197 482 deinde
1214 453 1342 484 descen-

283 491 395 521 demus
418 491 459 521 ad
481 493 684 531 propositum
700 494 738 525 de
753 494 867 526 virtute
881 495 1059 535 theologica
1074 503 1105 526 et
1120 506 1175 536 spe
1190 496 1222 532 *;
1247 504 1277 527 et
1299 497 1342 528 sic

283 535 415 565 demum
438 534 566 566 satisfiet
588 537 718 568 obiectis
737 539 763 570 *-

337 578 466 608 Bonum
491 589 565 610 cum
589 581 627 611 sit
649 582 734 622 quod
755 583 862 613 omnia
884 588 1053 623 appetant,
1079 590 1113 614 ut
1137 583 1250 614 dicitur
1271 584 1305 614 in
1330 585 1341 615 1

282 621 386 652 Ethic.
401 619 433 658 *;
458 630 489 654 et
511 623 664 663 significet
686 625 783 656 finem
798 626 831 656 in
846 633 918 656 actu
936 626 1080 662 exercito,
1098 634 1134 658 ut
1149 628 1293 668 superius
1308 628 1343 648 **

283 665 477 697 declaratum
501 667 575 704 fuit;
600 669 711 700 eadem
733 669 854 701 ratione
876 676 907 700 et
929 670 1044 701 eodem
1058 671 1158 701 modo
1175 671 1280 712 aliqua
1294 682 1342 702 res

284 716 331 740 est
353 711 476 741 bonum
499 712 637 743 alterius.
655 723 719 754 qua
742 720 772 744 et
794 723 861 754 quo
885 720 931 744 est
953 713 1024 744 finis
1046 715 1183 746 alterius.
1206 716 1246 746 Et
1270 726 1343 746 cum

284 761 407 785 constet
429 756 518 795 quod
542 766 605 786 una
627 766 675 787 res
698 757 841 788 subiecto
865 757 1009 788 distincta
1033 765 1063 789 et
1085 765 1226 799 separata
1245 760 1283 789 ab
1300 760 1342 790 al-

283 803 349 828 tera
371 798 411 829 sit
434 798 504 829 finis
528 799 612 831 iuius
634 800 755 832 ratione
778 801 910 832 alicuius
929 812 996 832 esse
1019 803 1107 843 quod
1130 803 1163 833 in
1185 813 1217 833 se
1239 803 1342 840 habet,

284 843 438 882 quoniam
462 843 584 874 ratione
605 844 674 875 eius
695 845 784 886 quod
807 845 841 875 in
863 855 896 876 se
918 845 1013 876 habet
1028 853 1075 876 est
1096 853 1225 886 propter
1245 857 1341 887 quam

283 895 332 916 res
355 887 451 918 altera
478 894 524 919 est
547 894 602 918 aut
623 887 671 924 fit;
697 895 823 929 oportet
845 889 948 919 dicere
970 890 1060 930 quod
1081 890 1266 920 huiusmodi
1295 901 1342 922 res

284 937 427 971 separata
449 930 489 962 sit
510 931 687 963 secundum
709 932 742 963 id
765 933 854 974 quod
876 933 908 964 in
934 943 966 963 se
990 940 1045 970 est,
1065 934 1190 964 bonum
1205 935 1342 965 alterius.

283 973 325 1005 Et
339 974 366 1004 si
381 974 562 1014 diligentius
578 975 671 1007 fuerit
689 977 932 1013 consideratum,
949 977 1153 1009 manifestum
1175 978 1232 1009 erit
1254 980 1343 1020 quod

283 1018 559 1059 quemadmodum
585 1019 619 1049 in
646 1029 740 1052 causa
764 1021 902 1052 effectiva
933 1021 1137 1053 inveniuntur
1164 1022 1236 1059 tria,
1263 1023 1341 1054 ratio

283 1062 406 1102 agendi,
429 1062 521 1099 aetio,
546 1069 577 1093 et
599 1064 706 1103 passio
730 1063 794 1107 (vel
813 1065 933 1106 aliquid
951 1075 1007 1106 per
1021 1067 1158 1097 modum
1174 1066 1342 1109 passionis)

283 1105 411 1137 effectus
439 1106 590 1143 actionis;
614 1106 657 1138 ita
678 1108 712 1139 in
735 1110 822 1140 bono
852 1110 941 1150 quod
965 1117 1086 1141 exercet
1115 1120 1243 1142 causam
1265 1110 1342 1142 fina-

282 1149 348 1181 lem
369 1156 416 1181 est
435 1151 514 1181 ratio
533 1150 723 1190 finalizandi,
740 1161 786 1184 est
799 1154 907 1194 ipsum
926 1153 1092 1191 finalizare,
1108 1162 1139 1186 et
1153 1162 1200 1186 est
1215 1154 1342 1187 effectus

284 1193 362 1225 eius·
382 1195 424 1225 Et
438 1195 713 1235 quemadmodum
728 1197 761 1228 in
776 1197 923 1229 effectivis
938 1198 1018 1229 ratio
1033 1198 1146 1238 agendi
1162 1206 1209 1230 est
1223 1200 1343 1241 aliquid

251 1238 261 1243 χ
283 1237 319 1270 iu
339 1238 411 1279 ipso
435 1245 555 1279 agente,
579 1245 611 1270 et
633 1240 824 1281 significatur
847 1252 904 1282 per
922 1242 955 1283 ly
970 1253 1032 1283 quo
1051 1244 1139 1284 agiu
1161 1243 1203 1274 ita
1219 1243 1252 1274 in
1267 1243 1343 1274 fina-

274 1281 378 1327 {5¹³AE
388 1283 470 1314 ratio
483 1282 672 1315 >finali2andi
695 1293 742 1317 est
763 1285 796 1317 in
813 1286 884 1326 ipso
899 1286 973 1324 fine,
990 1293 1020 1317 et
1035 1286 1227 1327 significatur
1242 1298 1298 1328 per
1311 1289 1343 1329 ly

285 1327 377 1359 cuius
397 1329 529 1368 gratim·
551 1335 674 1360 constat
697 1330 783 1362 enim
805 1331 894 1370 quod
912 1330 944 1360 id
968 1331 1058 1361 cuius
1079 1331 1177 1371 gratia
1196 1331 1283 1362 Deus
1299 1340 1345 1363 est

286 1379 380 1402 causa
402 1370 514 1408 finalis,
538 1378 585 1403 est
606 1373 675 1413 ipsa
697 1384 755 1404 sua
777 1375 885 1410 deitas,
902 1384 985 1415 quae
1000 1382 1047 1405 est
1067 1375 1146 1415 ipse.
1170 1375 1232 1405 Sed
1257 1383 1344 1407 actus

285 1416 444 1447 secundus
473 1415 545 1446 finis
577 1426 642 1448 non
671 1424 718 1448 est
746 1418 930 1449 nominatus
960 1418 1042 1449 sicut
1067 1426 1154 1450 actus
1187 1420 1345 1450 secundus

285 1459 421 1500 agentis,
445 1466 478 1490 et
491 1459 683 1499 significatur
698 1472 754 1503 per
768 1462 801 1503 ly
815 1472 884 1493 esse
895 1467 1032 1502 propter
1045 1463 1148 1503 quod:
1168 1469 1244 1493 tunc
1260 1464 1345 1494 enim

261 1526 265 1531 -
285 1510 410 1537 tentum
432 1503 503 1535 finis
525 1502 662 1535 finalizat
683 1504 717 1535 in
740 1513 822 1542 actu,
847 1516 921 1536 cum
944 1513 1015 1537 actu
1037 1513 1083 1537 est
1098 1513 1228 1546 propter
1246 1509 1344 1548 quod.

283 1547 422 1581 Effectus
445 1557 577 1588 quoque
599 1547 670 1579 finis
692 1549 912 1581 innominatus
935 1557 999 1587 est;
1025 1557 1055 1581 et
1078 1550 1271 1591 significatur
1290 1562 1346 1591 per

283 1591 318 1633 ly
333 1596 470 1632 propter
479 1591 590 1632 finem,
608 1599 644 1624 ut
658 1600 754 1633 patet.
779 1594 826 1624 Ex
841 1594 957 1635 quibus
973 1594 1035 1625 hoc
1051 1595 1272 1635 accipiendum
1288 1603 1343 1633 est,

284 1635 374 1677 quod
401 1635 483 1666 sicut
505 1635 545 1666 ad
571 1635 634 1668 hoc
657 1638 746 1678 quod
767 1641 798 1668 Α
820 1638 859 1668 sit
881 1638 1021 1670 activum
1051 1646 1195 1680 respectu
1218 1639 1345 1671 alterius

285 1679 378 1722 plura
399 1687 602 1717 concurrunt,
618 1681 734 1713 scilicet
748 1682 856 1723 ipsum
872 1692 966 1722 agens
983 1689 1013 1714 et
1027 1683 1106 1714 ratio
1122 1683 1246 1724 agendi,
1263 1685 1345 1716 actio

284 1730 316 1757 ct
331 1723 454 1765 passim
477 1730 508 1754 et
523 1724 610 1756 solus
626 1725 744 1756 horum
765 1736 938 1757 concursus
954 1737 1019 1758 non
1035 1727 1169 1767 impedit
1182 1727 1345 1759 immedia-

285 1767 407 1800 tionem
430 1768 560 1808 agentis,
583 1770 659 1810 quia
682 1770 742 1800 nisi
765 1770 851 1801 aliud
874 1781 968 1811 agens
984 1771 1110 1807 mediet,
1125 1772 1345 1804 immediatum

286 1821 382 1853 agens
407 1812 584 1843 secundum
607 1824 640 1844 se
663 1821 710 1845 est
732 1814 839 1855 ipsum
862 1817 908 1845 A:
932 1815 976 1846 ita
998 1816 1037 1846 ad
1061 1815 1123 1846 hoc
1145 1817 1234 1857 quod
1257 1817 1284 1847 E
1307 1817 1346 1848 sit

286 1862 359 1888 totu
380 1855 452 1887 finis
473 1856 602 1888 alterius
617 1858 708 1898 plura
730 1866 932 1895 concurrunt,
948 1859 1064 1891 scilicet
1086 1859 1154 1900 ipse
1168 1859 1250 1897 finis,
1267 1862 1345 1892 ratio

285 1899 463 1933 finalizandi
482 1900 516 1931 in
531 1910 582 1938 eo,
597 1902 706 1942 ipsum
720 1902 887 1940 finalizare,
903 1910 933 1934 et
949 1903 1068 1944 aliquid
1083 1911 1215 1944 propter
1232 1904 1344 1942 finem3

286 1944 384 1987 [sed]
408 1944 468 1975 nisi
491 1944 571 1976 alius
598 1945 670 1977 finis
691 1947 827 1984 intersit,
850 1947 1054 1978 immediatus
1076 1947 1147 1979 finis
1170 1950 1346 1980 secundum

286 1999 320 2021 ae
342 1989 400 2019 erit
421 1988 527 2029 ipsum
551 1990 578 2020 E
601 1991 737 2027 alterius,
761 2001 798 2022 ac
820 2001 876 2032 per
898 1992 963 2029 hoc,
982 1992 1203 2024 immediatum
1223 1994 1346 2024 bonum

286 2033 465 2065 secundum
479 2042 512 2063 se
535 2033 632 2066 illius.
656 2035 748 2066 Unde
771 2036 852 2067 sicut
874 2046 940 2066 non
957 2036 1104 2068 convenit
1123 2047 1235 2077 negare
1251 2048 1346 2078 agens

285 2076 507 2109 immediatum
537 2077 663 2110 alterius
691 2080 824 2120 separati
852 2080 927 2120 quia
949 2080 1067 2111 mediat
1089 2081 1170 2112 actio
1194 2088 1249 2112 aut
1272 2082 1347 2123 quia

284 2121 452 2153 intervenit
465 2122 585 2161 passim
604 2123 648 2154 ita
664 2133 729 2154 non
746 2124 895 2155 convenit
913 2134 1025 2164 negare
1039 2124 1136 2156 finem
1151 2135 1206 2156 seu
1223 2126 1344 2157 bonum

285 2165 507 2198 immediatum
529 2166 656 2198 alterius
679 2168 812 2209 separati
835 2168 910 2209 quia
937 2169 1104 2200 intervenit
1125 2179 1192 2200 esse
1217 2177 1346 2211 propter

285 2209 375 2251 quod
397 2215 428 2240 et
451 2219 517 2240 esse
540 2219 670 2252 propter
695 2211 803 2243 finem.

341 2253 385 2284 Ut
403 2260 510 2284 autem
533 2254 646 2286 clarius
668 2256 764 2287 etiam
782 2266 800 2286 a
815 2256 943 2287 novitiis
963 2257 1184 2298 percipiantur,
1200 2259 1345 2298 exemplo

285 2297 383 2329 simul
397 2303 428 2328 et
441 2299 625 2330 auctoritate
645 2300 894 2331 manifestantur.
917 2301 1012 2331 Ponit
1029 2301 1223 2339 Aristoteles,
1239 2302 1272 2333 in
1288 2303 1344 2334 XII

252 2354 262 2391 ¹,
285 2341 470 2382 Metaphys.
483 2341 516 2377 *‚
540 2343 620 2375 ultra
643 2344 766 2377 bonum
789 2344 823 2374 in
845 2344 915 2384 ipso
935 2345 1092 2381 universo,
1107 2346 1230 2376 bonurn
1245 2346 1345 2387 ipsius

287 2385 425 2416 universi
448 2395 627 2425 separatum
647 2388 686 2418 ab
708 2387 790 2427 ipso,
814 2387 931 2418 scilicet
952 2388 1068 2419 Deum.
1093 2389 1225 2420 Certum
1245 2397 1291 2421 est
1310 2401 1346 2421 ex

286 2429 348 2460 hoc
360 2429 460 2471 unod
482 2429 570 2461 Deus
593 2439 639 2462 est
654 2441 702 2461 res
717 2439 858 2471 separata
874 2432 912 2461 ab
929 2432 1092 2469 universo;
1117 2440 1148 2463 et
1162 2434 1251 2473 quod
1265 2435 1344 2465 ratio

286 2483 351 2514 qua
365 2472 460 2503 ‘Deus
483 2480 530 2503 est
551 2476 675 2506 bonurn
692 2475 829 2506 universi
850 2475 919 2515 ipsa
933 2486 991 2506 sua
1006 2476 1103 2506 deitas
1119 2484 1180 2513 est;
1205 2484 1236 2507 et
1255 2479 1344 2518 quod

285 2517 367 2548 inter
384 2517 491 2547 Deum
505 2526 536 2550 et
550 2520 743 2555 universum,
761 2519 855 2550 etiam
871 2519 897 2549 si
912 2519 1051 2559 fingendi
1070 2521 1196 2551 daretur
1210 2520 1344 2557 licentia,

286 2561 365 2592 nihil
387 2561 521 2593 mediat:
546 2563 619 2594 hinc
641 2563 725 2593 enim
742 2570 787 2594 est
807 2563 1000 2599 universum,
1018 2564 1211 2595 concludens
1227 2565 1344 2601 omnia,

286 2605 431 2646 alioquin
454 2605 637 2637 universum
653 2617 718 2638 non
738 2614 797 2643 est;
821 2607 895 2638 inde
917 2617 992 2638 vero
1009 2615 1056 2638 est
1070 2608 1157 2638 solus
1176 2609 1263 2639 Deus
1279 2609 1345 2648 glo-

286 2649 390 2680 riosus
413 2650 446 2680 in
470 2651 583 2691 seipso.
607 2652 654 2682 Et⁴
671 2658 717 2681 est
739 2661 805 2681 non
829 2651 936 2682 solum
958 2652 1090 2688 bonum,
1112 2653 1166 2682 sed
1182 2663 1344 2683 summum

286 2694 410 2725 bonum
440 2693 595 2725 universi:
619 2702 665 2725 est
693 2695 778 2726 enim
807 2695 989 2726 universum
1020 2702 1149 2735 propter
1179 2697 1283 2727 Deum
1311 2705 1346 2727 ut

285 2737 384 2769 finem
406 2737 636 2775 immediatum,
661 2746 697 2770 ut
720 2746 820 2779 patet;
845 2739 925 2770 sicut
949 2747 994 2770 est
1017 2740 1055 2770 ab
1074 2750 1112 2770 eo
1129 2747 1165 2770 ut
1180 2741 1219 2770 ab
1236 2748 1345 2780 agente

285 2781 482 2812 immediato.
513 2783 668 2820 Quamvis
695 2783 791 2823 igitur
814 2793 979 2824 nunquam
1008 2784 1095 2814 Deus
1118 2791 1199 2814 esset
1222 2784 1293 2815 finis
1317 2793 1347 2815 et

285 2826 410 2857 bonum
433 2827 570 2858 universi
593 2827 653 2858 nisi
678 2828 862 2858 universum
886 2834 967 2858 esset
981 2834 1109 2868 propter
1124 2828 1240 2868 ipsum,
1258 2830 1345 2869 quod

287 2875 379 2901 sonat
393 2869 539 2903 effectum
554 2881 666 2903 causae
680 2871 796 2907 finalis;
812 2881 878 2902 non
893 2878 1000 2902 tamen
1016 2879 1182 2912 propterea
1197 2872 1346 2903 mediatio

287 2913 394 2954 aliqua
415 2921 471 2946 est.

342 2958 383 2988 Et
394 2957 468 2989 hinc
482 2965 568 3000 patet
582 2969 681 3000 quam
697 2959 873 2999 periculose
888 2959 1033 2991 erraverit
1041 2960 1221 2996 Durandus,
1230 2970 1346 3000 negans

287 3001 394 3032 Deum
405 3011 471 3033 esse
486 3003 662 3034 secundum
675 3013 708 3034 se
722 3004 846 3034 bonum
857 3003 1078 3034 immediatum
1091 3004 1232 3034 alicuius.
1249 3004 1345 3041 Quod

288 3045 383 3076 etiam
405 3045 439 3076 in
462 3046 554 3077 nobis
577 3053 672 3087 patet.
704 3046 838 3078 Constat
860 3047 945 3078 enim
968 3048 1056 3088 quod
1080 3048 1209 3083 amicus,
1234 3055 1270 3079 ut
1292 3048 1344 3084 sic,

288 3095 335 3119 est
357 3090 498 3121 amabilis
522 3091 560 3121 ab
584 3090 698 3121 amico.
722 3091 818 3131 Ergo,
835 3098 872 3121 ut
886 3091 939 3127 sic,
957 3099 1002 3122 est
1017 3092 1121 3122 bonus
1137 3091 1254 3122 amico:
1272 3093 1345 3133 quia

288 3133 426 3164 amabile
442 3135 568 3175 quidem
585 3135 716 3172 bonum,
736 3136 907 3176 unicuique
926 3141 1032 3166 autem
1051 3137 1221 3176 proprium
1233 3135 1259 3166 *.
1284 3136 1361 3167 Sed·

288 3184 323 3208 ut
343 3177 397 3213 sic,
421 3186 467 3209 est
490 3185 650 3219 separatus
673 3178 815 3210 subiecto
839 3179 878 3209 ab
901 3179 1019 3210 amico:
1044 3179 1120 3219 quia
1142 3179 1278 3210 amicitia
1300 3187 1346 3211 est

287 3221 327 3251 ad
350 3221 493 3254 alterum.
518 3223 604 3262 Ergo
627 3232 675 3253 res
698 3229 838 3262 separata
861 3223 1012 3259 subiecto,
1031 3230 1066 3254 ut
1084 3223 1137 3265 sic,
1154 3230 1201 3254 est
1222 3224 1345 3255 bonum

286 3265 508 3298 immediatum
531 3266 668 3297 alterius.
698 3266 739 3297 Et
762 3273 808 3297 est
830 3276 934 3297 sermo
957 3267 996 3297 de
1019 3267 1122 3298 amico
1146 3274 1183 3298 ut
1205 3268 1345 3298 amabilis

286 3319 395 3340 amore
418 3310 582 3346 amicitiae,
607 3321 673 3341 non
696 3310 984 3350 concupiscentiae:
1009 3317 1132 3342 constat
1152 3312 1238 3342 enim
1257 3313 1344 3353 quod

286 3353 390 3384 amico
402 3355 477 3385 volo
493 3355 617 3385 bonum
628 3355 710 3385 vitae
723 3361 753 3385 et
768 3354 964 3395 reliquorum
981 3355 1141 3386 bonorum
1161 3365 1227 3386 non
1243 3363 1279 3387 ut
1290 3357 1345 3387 ha-

287 3398 379 3428 beam
401 3406 456 3430 aut
478 3406 548 3429 utar
566 3406 620 3430 aut
637 3398 721 3429 fruar
742 3398 822 3439 ipso,
843 3405 873 3429 et
889 3399 1104 3430 universaliter
1129 3409 1194 3430 non
1218 3407 1347 3440 propter

287 3450 349 3478 me,
365 3443 420 3473 sed
438 3449 568 3484 propter
589 3443 696 3483 ipsum
713 3442 862 3473 amicum.
886 3442 970 3482 Ergo
985 3442 1206 3474 immediatum
1224 3444 1347 3474 bonurn

287 3485 413 3517 alterius
429 3493 534 3527 potest
548 3497 615 3517 esse
634 3497 682 3517 res
698 3493 838 3527 separata
853 3487 993 3517 subiecto
1010 3488 1185 3518 secundum
1201 3487 1345 3528 seipsam.

428 3548 537 3572 Summas
556 3548 658 3572 Tnnon.
678 3548 708 3572 D.
723 3547 836 3572 ‘raonis
855 3547 886 3571 Τ.
906 3548 937 3571 V.

2378 168 2448 204 129

1449 232 1501 269 VI.
1525 232 1566 262 Et
1587 232 1638 263 hic
1653 232 1762 273 incipit
1784 240 1889 272 patere
1908 233 2084 263 secundum
2099 233 2125 269 *,
2150 235 2316 274 quomodo
2336 235 2452 265 scilicet

1394 286 1427 306 se
1450 276 1563 306 habeat
1586 277 1708 306 bonum
1731 276 1857 308 alterius
1880 277 1920 307 ad
1942 286 2086 307 amorem
2106 277 2259 308 amicitiae
2283 285 2313 309 et
2336 288 2451 308 concu—

1394 320 1573 360 piscentiae.
1598 320 1646 350 Ex
1667 320 1728 351 hoc
1748 321 1833 351 enim
1851 327 1937 361 patet
1952 321 2040 362 quod
2056 321 2216 352 obiectum
2231 322 2452 352 immediatum

1394 364 1511 394 amoris
1533 364 1687 394 amicitiae
1711 371 1758 395 est
1781 372 1920 405 separata
1943 365 1981 396 ab
2004 372 2130 396 amante
2149 375 2196 396 res
2212 367 2388 396 secundum
2404 376 2451 396 se—

1366 423 1368 443 2
1394 408 1507 448 ipsam.
1531 408 1572 439 Et
1593 408 1655 438 hoc
1671 408 1726 449 qui
1749 416 1850 448 negat,
1866 416 1958 449 neget
1973 409 2158 445 amicitiam3
2181 417 2211 440 et
2229 410 2308 440 inter
2322 410 2452 440 virtutes

1367 483 1369 491 ,Υ
1395 452 1588 492 theologicas
1612 459 1703 491 neget
1726 453 1885 483 caritatem
1908 463 1974 483 esse
1995 463 2134 484 amorem
2152 463 2218 494 quo
2238 454 2324 484 Deus
2339 463 2452 484 secun-

1395 496 1474 526 dum
1497 496 1650 536 seipsum,
1675 496 1707 526 in
1731 496 1849 536 seipso,
1875 504 2003 537 propter
2025 498 2167 537 seipsum
2189 504 2321 528 amatur.
2345 498 2388 528 Et
2410 497 2453 528 sic

1395 546 1449 571 aut
1473 539 1577 571 dicant
1600 540 1697 570 amari
1724 541 1847 571 bonum
1871 551 1937 571 non
1964 542 2147 582 proprium,
2172 551 2246 572 curn
2269 551 2305 572 ex
2329 541 2453 572 caritate

1395 583 1556 623 diligimus
1584 583 1689 614 Deum
1713 591 1743 614 et
1766 584 1845 615 alios
1873 585 2008 616 amicos:
2033 593 2087 616 aut
2110 585 2266 623 fateantur
2294 586 2401 616 Deum
2423 593 2454 616 et

1395 628 1515 658 amicos
1538 629 1715 658 secundum
1743 638 1775 658 se
1804 638 1871 659 esse
1898 629 1978 660 inter
2004 629 2132 670 propria
2158 630 2244 660 bona
2265 629 2452 665 amantium,

1396 672 1484 712 quod
1507 678 1553 702 est
1576 681 1696 702 verum.
1728 672 1775 702 Ex
1798 672 1846 702 his
1875 680 1982 704 autem
2005 681 2090 713 patet
2117 674 2206 713 quod
2232 673 2453 704 immediatum

1395 715 1555 746 obiectum
1578 716 1695 746 amoris
1718 716 1872 747 amicitiae
1896 724 1942 747 est
1965 718 2087 747 bonum
2108 725 2286 757 separatum
2311 718 2453 749 subiecto

1396 759 1572 790 secundum
1595 759 1745 799 seipsum.
1770 760 1810 790 Et
1829 770 1903 790 cum
1917 761 2071 801 cuiusque
2087 761 2203 791 amoris
2219 761 2379 792 obiectum
2395 762 2454 792 im-

1396 803 1580 839 mediatum,
1598 810 1632 833 ut
1648 803 1701 839 sic,
1717 804 1757 834 sit
1779 804 1945 844 proprium
1968 805 2090 836 bonum
2107 804 2249 841 amantis,
2266 812 2302 836 ut
2317 812 2402 845 patet
2417 815 2454 836 ex

1395 847 1579 877 auctoritate
1602 847 1730 878 inducta
1743 847 1774 883 *;
1799 858 1995 888 consequens
2019 856 2066 879 est
2083 849 2172 889 quod
2186 859 2234 879 res
2251 857 2391 889 separata
2407 859 2454 880 se-

1395 891 1537 921 cundum
1553 901 1586 920 se
1610 890 1649 921 sit
1672 891 1794 921 bonum
1817 891 1998 922 immediate
2018 893 2152 923 amabile
2168 903 2275 923 amore
2291 893 2453 929 amicitiae,

1395 945 1430 965 ac
1456 944 1512 974 per
1538 934 1599 964 hoc
1623 933 1783 965 obiectum
1811 935 2025 966 delectationis
2047 937 2087 966 ad
2109 937 2209 969 talem
2225 947 2366 968 amorem
2382 948 2454 977 spe·

1395 978 1522 1008 ctantis:
1543 988 1647 1018 neque
1671 978 1755 1008 enim
1779 985 1825 1009 est
1847 980 1967 1010 amicus
1987 980 2042 1020 qui
2065 991 2130 1010 non
2157 981 2272 1020 gaudet
2299 981 2337 1012 de
2362 982 2454 1012 bonis

1395 1022 1487 1053 amici
1510 1022 1686 1053 secundum
1709 1022 1849 1061 seipsum
1872 1023 2010 1054 amicum
2033 1031 2166 1054 tantum.

1448 1066 1495 1096 De
1510 1066 1682 1106 concupito
1695 1076 1769 1096 vero
1786 1066 1864 1097 scito
1881 1068 1968 1107 quod
1984 1068 2144 1107 duplicem
2160 1068 2253 1098 habet
2267 1076 2454 1108 respectum,

1395 1110 1511 1141 scilicet
1534 1110 1574 1140 ad
1597 1110 1893 1149 concupiscentem,
1919 1119 1948 1142 et
1971 1112 2010 1141 ad
2034 1121 2109 1142 eum
2133 1112 2184 1142 cui
2211 1113 2454 1152 concupiscitur,

1395 1154 1459 1184 sive
1482 1154 1542 1193 iste
1563 1154 1603 1185 sit
1632 1155 1767 1194 ipsemet
1794 1155 2021 1194 concupiscens
2045 1156 2108 1185 sive
2132 1156 2223 1186 alter:
2249 1157 2455 1196 concupitum

1396 1198 1482 1229 enim
1505 1205 1631 1238 oportet
1651 1199 1690 1229 ab
1706 1198 1814 1239 aliquo
1829 1206 1860 1230 et
1875 1199 1969 1229 alicui
1985 1200 2175 1239 concupisci.
2200 1199 2232 1230 Si
2258 1208 2456 1241 comparetur

1396 1242 1436 1272 ad
1459 1242 1745 1282 concupiscentem,
1763 1242 1806 1273 sic
1824 1243 1918 1274 habet
1933 1243 2087 1274 rationem
2107 1243 2271 1274 cuiusdam
2287 1245 2411 1285 termini
2426 1251 2457 1275 et

1397 1286 1484 1317 finis:
1508 1286 1663 1327 quoniam
1686 1287 1832 1317 terminat
1854 1293 1960 1317 actum
1991 1287 2246 1328 concupiscendi.
2277 1289 2317 1319 Et
2339 1288 2372 1318 in
2394 1289 2456 1319 hoc

1397 1338 1517 1362 exercet
1540 1331 1696 1361 rationem
1719 1330 1789 1361 finis
1810 1341 1876 1361 non
1892 1331 2084 1372 simpliciter,
2100 1333 2155 1362 sed
2170 1333 2345 1362 secundum
2360 1333 2454 1372 quid:

1397 1375 1478 1405 sicut
1500 1374 1644 1405 medium
1667 1374 1700 1405 in
1723 1382 1814 1405 motu
1838 1375 1931 1405 habet
1953 1375 2108 1406 rationem
2131 1375 2255 1406 termini
2280 1377 2456 1407 secundum

1397 1419 1486 1459 quid,
1509 1418 1627 1449 scilicet
1649 1425 1792 1458 respectu
1817 1419 2029 1458 praecedentis
2053 1420 2158 1460 partis.
2183 1419 2215 1450 Si
2239 1427 2346 1451 autem
2369 1431 2456 1450 com·

1398 1469 1524 1502 paretur
1547 1462 1586 1492 ad
1609 1472 1684 1492 eum
1708 1462 1758 1492 cui
1775 1463 2018 1502 concupiscitur,
2035 1464 2078 1494 sic
2094 1471 2222 1503 apparet
2239 1464 2339 1503 prima
2355 1464 2457 1495 fronte

1399 1506 1488 1547 quod
1510 1506 1604 1536 habet
1627 1506 1782 1536 rationem
1812 1506 1880 1536 eius
1911 1507 1998 1547 quod
2028 1514 2074 1537 est
2101 1514 2229 1547 propter
2247 1507 2359 1538 finem:
2383 1508 2458 1548 quia

1399 1550 1607 1590 concupitum
1630 1550 1723 1580 alicui
1742 1550 1909 1591 ordinatur
1928 1551 1960 1581 in
1983 1551 2076 1581 illum
2090 1558 2241 1591 tanquam
2260 1550 2366 1588 finem,
2384 1552 2458 1592 quia

1400 1602 1435 1626 ut
1458 1594 1502 1625 sic
1526 1604 1591 1624 non
1619 1594 1708 1624 aliter
1730 1600 1854 1624 amatur
1877 1594 1936 1624 nisi
1965 1602 2094 1634 propter
2115 1595 2216 1626 illum.
2244 1595 2458 1626 Veruntamen

1399 1649 1466 1669 non
1485 1638 1529 1669 sic
1553 1645 1608 1670 est.
1634 1638 1731 1675 Quod
1754 1638 1906 1678 probatur
1922 1649 1959 1669 ex
1978 1649 2016 1669 eo
2033 1639 2122 1679 quod
2139 1639 2247 1669 eadem
2263 1639 2343 1670 ratio
2359 1648 2404 1671 est
2419 1640 2458 1670 de

1400 1684 1487 1714 dono
1511 1693 1566 1713 seu
1591 1683 1664 1712 dato
1685 1682 1782 1718 alteri,
1799 1689 1829 1712 et
1844 1682 1883 1712 de
1902 1683 2090 1722 concupito:
2115 1690 2202 1713 actus
2226 1683 2311 1713 enim
2327 1683 2459 1714 exterior

1399 1727 1526 1767 signum
1556 1734 1587 1757 et
1616 1726 1742 1757 effectus
1766 1733 1812 1756 est
1833 1733 1920 1757 actus
1946 1727 2121 1763 interioris;
2152 1728 2241 1767 quod
2264 1727 2348 1757 enim
2372 1728 2458 1758 alteri

1399 1772 1500 1807 datur,
1524 1771 1569 1801 illi
1593 1770 1705 1811 procul
1728 1770 1825 1800 dubio
1849 1771 2093 1810 concupiscitur.
2118 1771 2180 1801 Sed
2203 1778 2325 1802 constat
2348 1772 2457 1802 datum
2477 1781 2479 1783 ·

1399 1816 1497 1851 alteri,
1515 1822 1550 1845 ut
1574 1815 1628 1850 sic,
1652 1824 1718 1844 non
1735 1815 1872 1844 ordinari
1887 1815 1920 1844 in
1936 1815 2028 1844 illum
2048 1815 2098 1845 cui
2115 1815 2224 1854 datum
2239 1822 2285 1845 est
2301 1822 2336 1846 ut
2350 1815 2456 1846 finem.

1399 1860 1484 1899 Ergo
1508 1858 1725 1899 concupitum,
1750 1865 1786 1889 ut
1808 1858 1861 1894 sic,
1886 1869 1951 1889 non
1975 1859 2139 1889 ordinatur
2161 1859 2199 1889 ad
2223 1869 2298 1889 eum
2314 1859 2365 1890 cui
2381 1869 2457 1890 con-

1399 1904 1570 1944 cupiscitur
1598 1910 1634 1934 ut
1658 1901 1769 1933 finem.
1791 1920 1812 1925 -
1837 1902 2055 1933 Manifestatur
2087 1903 2192 1932 minor
2215 1913 2252 1933 ex
2274 1904 2459 1934 auctoritate

1400 1948 1577 1989 Scripturae
1601 1947 1749 1978 tradentis
1761 1947 1879 1986 *quod
1894 1947 1980 1977 Deus
2004 1946 2090 1977 dedit
2104 1946 2222 1976 Filium
2245 1957 2341 1977 suum
2357 1948 2458 1984 nobis,

1399 1993 1442 2024 ita
1465 1992 1553 2033 quod
1576 1991 1608 2021 in
1632 1991 1694 2022 hoc
1717 1991 1958 2021 commendatur
1981 1991 2113 2022 caritatis
2137 1990 2260 2021 divinae
2279 1992 2459 2022 excellentia

1400 2037 1489 2078 quod
1512 2046 1577 2066 non
1602 2035 1708 2066 solum
1732 2035 1819 2065 dedit
1841 2035 1932 2065 nobis
1956 2035 2218 2074 redemptionem,
2235 2035 2409 2066 doctrinam
2429 2043 2460 2067 et

1400 2081 1479 2111 alios
1503 2080 1630 2111 effectus
1653 2089 1735 2120 quos
1759 2078 1857 2110 Filius
1881 2079 1939 2109 Dei
1963 2078 2045 2114 fecit,
2062 2079 2116 2109 sed
2140 2079 2226 2109 dedit
2244 2079 2336 2109 nobis
2352 2080 2458 2120 ipsum

1400 2125 1533 2156 Filium:
1558 2130 1594 2154 ut
1616 2124 1773 2154 discernas
1796 2123 1884 2164 quod
1907 2133 1974 2153 non
1993 2123 2099 2153 solum
2114 2123 2199 2154 dedit
2215 2123 2332 2153 Filium
2347 2134 2458 2154 secun-

1400 2170 1479 2200 dum
1502 2168 1639 2204 effectus,
1663 2168 1717 2198 sed
1740 2167 1836 2198 etiam
1859 2167 2016 2207 seipsum;
2041 2167 2186 2207 quamvis
2212 2177 2378 2207 nunquam
2401 2168 2459 2199 ista

1400 2214 1485 2244 datio
1509 2218 1686 2243 exerceatur
1708 2211 1768 2242 nisi
1792 2218 1996 2242 concurrente
2015 2211 2123 2252 aliquo
2143 2210 2273 2247 effectu;
2297 2212 2358 2242 hoc
2373 2212 2459 2242 enim

1400 2268 1466 2288 non
1489 2256 1624 2297 impedit
1647 2256 1725 2297 quin
1749 2255 1844 2286 etiam
1867 2255 1934 2295 ipse
1957 2255 2055 2291 Deus,
2080 2255 2257 2286 secundum
2275 2255 2307 2285 id
2322 2257 2412 2296 quod
2425 2257 2459 2286 in

1400 2312 1432 2332 se
1456 2309 1519 2339 est,
1540 2301 1648 2336 detur;
1677 2299 1821 2340 alioquin
1851 2306 1918 2330 tota
1945 2298 2022 2330 fides
2051 2299 2275 2330 incarnationis
2305 2300 2376 2330 Filii
2400 2301 2459 2331 Dei

1400 2346 1490 2387 perit.
1506 2364 1526 2368 -
1542 2345 1583 2376 Et
1602 2344 1753 2375 fundatur
1775 2343 1847 2379 hoc,
1864 2344 1939 2384 quia
1955 2351 2035 2384 quot
2050 2343 2154 2374 modis
2171 2343 2324 2383 contingit
2339 2344 2459 2384 aliquid

1399 2401 1467 2421 esse
1489 2391 1614 2420 bonum
1636 2388 1769 2419 alicuius
1793 2388 1899 2424 amati,
1925 2395 1972 2418 tot
1994 2388 2100 2418 modis
2123 2388 2278 2426 contingit
2302 2398 2368 2418 esse
2385 2399 2458 2419 con-

1399 2435 1544 2474 cupitum
1568 2433 1631 2463 illi:
1656 2432 1799 2472 alioquin
1822 2442 1889 2462 non
1912 2439 2020 2471 posset
2043 2433 2119 2472 quis
2138 2432 2218 2462 velle
2237 2432 2330 2462 alicui
2350 2433 2459 2463 omnia

1399 2488 1455 2508 sua
1479 2478 1574 2507 bona.
1602 2477 1664 2506 Sed
1687 2476 1841 2515 contingit
1863 2476 1984 2516 aliquid
2007 2485 2074 2506 esse
2098 2477 2220 2506 bonum
2243 2476 2370 2506 alterius
2392 2487 2458 2506 non

1399 2522 1506 2552 solum
1522 2526 1651 2560 propter
1669 2520 1786 2558 ipsum,
1803 2520 1858 2549 sed
1873 2529 1889 2549 e
1906 2529 2058 2550 converso
2078 2527 2114 2550 ut
2128 2519 2224 2550 finem
2241 2520 2348 2559 ipsius.
2374 2521 2457 2560 Ergo

1400 2564 1554 2604 contingit
1577 2563 1697 2604 aliquid
1721 2573 1786 2593 esse
1811 2563 2017 2603 concupitum
2046 2563 2138 2594 alicui
2165 2564 2253 2604 quod
2281 2574 2346 2594 non
2373 2564 2458 2594 ordi-

1400 2617 1492 2640 natur
1514 2608 1554 2638 ad
1572 2607 1651 2637 illud
1666 2613 1701 2637 ut
1715 2606 1822 2641 finem.
1839 2607 1893 2637 sed
1909 2617 1926 2636 e
1943 2617 2106 2637 converso.
2130 2607 2266 2637 Possum
2282 2607 2367 2637 enim
2384 2618 2458 2638 con-

1400 2653 1559 2693 cupiscere
1582 2651 1686 2681 amico
1702 2650 1790 2686 mihi,
1806 2651 1855 2680 vel
1874 2651 1976 2681 amico
1997 2661 2085 2685 meo,¹
2097 2650 2193 2681 finem
2210 2651 2368 2687 ultimum,
2386 2662 2457 2691 pro:

1400 2704 1469 2737 pter
1499 2705 1597 2736 quern
1626 2705 1750 2730 sumus,
1775 2695 1893 2735 absque
1922 2695 2124 2734 derogatione
2153 2694 2236 2725 illius
2265 2695 2352 2725 finis:
2377 2705 2458 2736 quae

1399 2740 1599 2771 interveniret
1622 2739 1647 2769 si
1670 2739 1736 2778 ipse
1760 2738 1831 2768 finis
1855 2739 2052 2769 ordinaretur
2074 2739 2107 2768 in
2131 2749 2182 2769 me
2198 2739 2247 2769 vel
2269 2739 2408 2770 amicum
2424 2747 2459 2770 ut

1399 2785 1432 2815 in
1456 2784 1562 2814 finem.
1588 2783 1684 2814 Aliud
1708 2789 1754 2813 est
1776 2792 1850 2823 ergo
1875 2782 2096 2822 concupiscere
2120 2783 2182 2813 hoc
2205 2783 2299 2813 mihi:
2325 2790 2355 2814 et
2372 2783 2458 2814 aliud

1400 2828 1623 2868 concupiscere
1647 2827 1708 2857 hoc
1732 2834 1860 2866 propter
1883 2837 1944 2858 me.

1454 2872 1540 2903 Cum
1563 2871 1612 2901 his
1634 2880 1739 2902 tamen
1755 2878 1826 2901 tene
1842 2871 1931 2911 quod
1946 2881 2042 2901 omne
2059 2871 2267 2911 concupitum
2282 2871 2458 2902 secundum

1400 2917 1520 2957 aliquid
1543 2922 1589 2946 est
1612 2922 1740 2955 propter
1770 2925 1845 2944 eum
1875 2915 1926 2945 cui
1956 2915 2205 2955 concupiscitur:
2231 2915 2306 2955 quia
2333 2922 2459 2955 oportet

1400 2961 1518 2991 salvare
1541 2960 1573 2989 in
1598 2959 1686 2989 omni
1710 2958 1881 2998 concupito
1905 2969 2049 2989 amorem
2075 2958 2244 2995 amicitiae,
2269 2969 2335 2999 quo
2358 2959 2458 2999 magis

1401 3011 1525 3035 amatur
1551 3003 1577 3034 is
1601 3003 1652 3034 cui
1680 3002 1914 3042 concupiscitur
1940 3013 2038 3043 quam
2071 3003 2288 3042 concupitum.
2318 3003 2410 3034 Unde
2433 3003 2458 3033 si

1401 3048 1569 3088 concupita
1592 3057 1640 3078 res
1659 3047 1699 3077 sit
1714 3046 2100 3086 simpliciterordinabilis
2115 3047 2148 3077 in
2165 3057 2239 3077 eum
2263 3047 2458 3086 concupisci-

1401 3093 1503 3123 biliter
1531 3099 1567 3122 ut
1593 3091 1709 3126 finem,
1734 3090 1940 3130 concupitum
1968 3090 2151 3131 simpliciter
2179 3091 2273 3121 habet
2303 3092 2458 3121 rationem

1401 3137 1468 3167 eius
1493 3136 1581 3177 quod
1597 3142 1643 3166 est
1659 3145 1724 3165 esse
1744 3141 1873 3174 propter
1895 3134 2044 3165 amicum.
2069 3135 2101 3165 Si
2119 3142 2226 3165 autem
2245 3145 2310 3165 non
2330 3135 2369 3166 sit
2384 3135 2457 3165 sim-

1399 3181 1521 3221 pliciter
1544 3179 1726 3210 ordinabilis
1749 3179 1782 3208 in
1806 3188 1881 3209 eum
1905 3186 1940 3210 ut
1962 3178 2070 3214 finem,
2094 3186 2165 3209 tum
2187 3179 2394 3219 concupitum
2410 3189 2457 3209 se-

1399 3225 1541 3255 cundum
1565 3223 1642 3264 quid
1665 3230 1798 3258 tantum,
1824 3222 1940 3253 scilicet
1958 3223 2134 3253 secundum
2158 3223 2296 3263 aliquem
2313 3223 2458 3253 effectum

1399 3268 1477 3305 eius,
1491 3268 1585 3298 habet
1600 3267 1754 3307 rationem
1771 3266 1837 3297 eius
1854 3267 1942 3307 quod
1962 3273 2008 3297 est
2023 3277 2090 3297 esse
2105 3273 2234 3307 propter
2250 3267 2399 3297 amicum.
2417 3267 2458 3296 Et

1399 3312 1552 3354 quoniam
1576 3311 1782 3351 concupitum
1807 3321 1872 3341 non
1897 3318 1943 3341 est
1965 3310 2143 3350 significans
2166 3318 2307 3341 amatum
2330 3317 2459 3351 propter

1399 3357 1542 3391 alterum,
1556 3356 1610 3386 sed
1626 3363 1768 3386 amatum
1784 3355 1887 3390 alteri;
1911 3362 1943 3385 et
1957 3362 2185 3395 consequenter
2200 3364 2265 3384 non
2282 3353 2458 3393 significans

1399 3401 1522 3431 bonum
1546 3406 1674 3440 propter
1698 3399 1849 3434 alterum,
1874 3399 1929 3429 sed
1952 3399 2075 3429 bonum
2099 3398 2241 3434 alterius,
2269 3398 2319 3428 cui
2343 3397 2458 3428 scilicet

1400 3443 1644 3484 concupiscitur,
1661 3443 1750 3484 quod
1769 3443 1905 3474 amicitia
1924 3449 2064 3473 amatur:
2089 3443 2129 3472 ad
2145 3449 2325 3482 utrumque,
2342 3441 2459 3472 scilicet

1401 3488 1573 3519 ordinabile
1597 3487 1780 3527 simpliciter
1803 3494 1834 3518 et
1856 3497 1921 3517 non
1946 3486 2117 3517 ordinabile
2142 3486 2333 3526 simpliciter,
2354 3495 2386 3516 se
2408 3496 2457 3516 ex-

2214 3555 2241 3579 ¹7

2479 241 2489 251 ’
2503 240 2539 262 Cf.
2554 246 2618 262 num.
2631 248 2653 262 v.

2482 856 2489 864 ·
2505 853 2575 875 Num.
2591 860 2621 880 tv,
2636 861 2658 875 v.

2487 1954 2494 1959 ·
2510 1951 2573 1972 Ioan.
2589 1957 2638 1978 cap.
2655 1958 2690 1977 ιιι,

2488 1983 2545 1999 vers.
2562 1977 2593 1999 16.
