2892 4056
181 255 190 265 “
200 254 259 275 Part.
271 253 288 278 Ι,

181 284 221 300 arr.
234 280 281 303 1:1¹¹
292 279 301 300 1
314 280 390 306 ¹¹⁹,qu.

181 311 224 332 cix,
242 310 282 327 art.
299 311 322 332 9.

317 259 338 274 u.
348 258 393 278 civ,

178 1131 188 1142 ⁴
202 1130 253 1157 ipsa
271 1131 294 1150 et
307 1130 332 1151 P.

174 1617 184 1627 ⁸
198 1617 248 1637 Art.
264 1622 283 1638 2.

258 2330 290 2350 vi,
301 2330 322 2345 n.
333 2330 353 2351 2,
363 2330 384 2352 3.

176 2325 272 2372 -ἓῗῖἦι,
288 2351 339 2372 lect.
355 2356 384 2372 vi.

176 2590 183 2598 ¹
199 2589 256 2616 Cap.
275 2594 304 2614 ιι,
320 2593 342 2608 n.
358 2587 384 2613 63

244 2621 285 2642 ιιι,
304 2620 327 2636 n.
343 2620 359 2635 ι.
376 2623 386 2629 ·

174 2621 248 2664 ἓξρὴι.
258 2641 309 2663 lect.
319 2647 344 2667 ιι,
352 2646 386 2662 ιιι.

174 2751 185 2761 ⁸
199 2751 248 2772 Art.
265 2756 339 2777 praec.

176 3076 184 3085 ·
200 3074 266 3096 Vers.
282 3080 306 3102 9.

174 3124 185 3135 ⁸
200 3123 267 3146 Vera.
281 3129 314 3152 23.

175 3311 186 3322 ⁴
202 3311 234 3333 Ca
253 3317 285 3338 .t,
300 3316 386 3338 n.19.-

177 3337 233 3359 S.T
251 3354 256 3358 .
272 3337 322 3359 lect.
338 3342 363 3358 ιι.

421 169 472 214 48

423 254 477 283 est
506 247 606 283 enim
622 259 735 295 supra
754 246 774 267 ³*
802 246 906 294 quod
926 247 1030 282 Deus
1059 255 1209 292 semper
1230 252 1407 292 operatur
1426 244 1478 280 iu-

422 299 685 336 stificationem
715 298 891 345 hominis,
917 298 1010 334 sicut
1037 297 1092 333 sol
1122 308 1273 345 semper
1301 304 1479 345 operatur

421 351 732 389 illuminationem
757 351 865 388 aeris.
895 350 1006 388 Unde
1021 348 1138 396 gratia
1156 361 1234 386 non
1249 349 1375 386 minus
1395 349 1480 386 facit

421 404 629 441 adveniens
648 404 750 441 fideli
770 416 886 451 quam
916 402 1123 440 adveniens
1142 401 1303 439 infideli:
1333 402 1422 450 quia
1442 402 1477 438 in

420 464 582 504 utroque
607 464 786 504 operatur
812 456 952 501 fidem,
982 455 1019 490 in
1048 466 1126 490 uno
1158 454 1312 503 quidem
1330 454 1478 491 'confir-

421 508 596 546 mando‘
625 521 709 545 eam
747 516 782 545 et
814 508 1068 557 perficiendO,
1107 507 1145 543 in
1187 506 1261 543 alio
1298 508 1345 544 de
1373 519 1477 543 novo

421 563 596 599 creando.

472 615 541 650 Vel
570 621 694 662 potest
717 613 789 650 dici
817 613 920 661 quod
940 613 1015 649 hoc
1041 620 1095 649 est
1113 625 1182 661 per
1202 612 1389 659 accidens,
1410 612 1479 649 sci-

418 666 502 703 licet
530 674 684 715 propter
712 665 997 714 dispositionem
1032 665 1200 711 subiecti,
1229 665 1334 712 quod
1362 666 1479 712 gratia

1134 165 1399 212 QUAESTIO
1431 165 1496 212 lV,
1526 165 1821 201 ARTICULUS
1850 165 1883 200 V

1533 255 1611 280 non
1641 250 1769 279 causat
1796 243 1914 279 fidem
1941 243 1980 279 in
2009 254 2056 279 eo
2086 242 2150 290 qui
2177 243 2304 279 habet.
2339 242 2444 279 Sicut
2462 253 2482 278 e
2503 253 2592 278 con-

1532 296 1645 332 trario
1675 295 1883 331 secundum
1904 302 2103 343 peccatum
2119 296 2278 332 mortale
2298 307 2375 332 non
2399 294 2492 331 tollit
2510 305 2591 342 gra—

1532 349 1622 386 tiam
1652 349 1700 384 ab
1730 359 1775 383 eo
1806 347 1869 396 qui
1899 359 1985 384 eam
2014 346 2139 384 amisit
2168 359 2236 396 per
2263 355 2463 396 peccatum
2490 359 2591 384 mor-

1531 402 1603 438 tale
1631 400 1876 448 praecedens.

1585 456 1644 489 An
1665 464 1837 495 QUARTUM
1860 464 2042 489 DmENDUM
2062 451 2168 499 quod
2191 464 2261 500 per
2279 453 2355 490 hoc
2372 451 2477 500 quod
2496 451 2592 488 fides

1533 506 1694 542 formata
1714 506 1756 542 fit
1784 506 1956 542 informis
1985 517 2063 542 non
2093 512 2259 541 mutatur
2285 505 2368 554 ipsa
2395 504 2503 550 fides,
2525 503 2592 540 sed

1534 566 1700 595 mutatur
1729 559 1941 596 subiectum
1970 557 2072 604 fidei,
2100 557 2205 606 quod
2235 565 2291 594 est
2311 557 2458 595 anima:
2487 555 2592 605 quod

1534 611 1767 660 quandoque
1803 611 1958 660 quidem
1994 611 2110 650 habet
2146 609 2266 647 fidem
2301 609 2381 648 sine
2420 609 2591 655 caritate,

1533 664 1767 713 quandoque
1795 672 1921 702 autem
1952 676 2038 701 cum
2070 663 2232 700 caritate.

470 796 495 828 ζ)
515 797 704 830 confirmando.
722 810 741 815 -
759 796 928 828 expectando
951 796 1162 828 ABCEFHILpK
1183 801 1208 820 et
1232 803 1258 825 x,
1287 796 1424 827 expiando
1444 795 1481 826 D,
1500 796 1680 828 expurgando
1700 796 1751 825 sK;
1771 803 1828 820 eam
1848 803 1901 820 om.
1921 796 1972 824 Pa,·
1989 795 2174 829 confirmando
2186 794 2271 827 fidem
2291 801 2371 825 super
2388 800 2439 817 ras.
2456 799 2483 817 ιι.

1093 875 1425 908 commentaria
1447 874 1697 908 Cardinalis
1719 875 1919 908 Caietani

447 966 467 985 N
491 955 583 985 titulo
608 954 728 986 articuli
753 954 855 995 quarti
884 955 1036 984 terminos
1061 965 1097 985 ex
1121 954 1320 995 praecedenti
1344 954 1476 984 articulo

421 967 621 1030 Ideclaratos
645 999 750 1029 habes.
779 998 872 1028 Fides
897 998 982 1028 enim
1006 998 1141 1029 formata
1165 998 1318 1038 significat
1340 997 1436 1028 fidem
1460 1008 1477 1027 a

417 1043 542 1073 caritate
565 1050 683 1073 actam:
708 1042 785 1072 fides
809 1053 883 1073 vero
911 1043 1057 1073 informis
1087 1042 1242 1082 significat
1271 1042 1367 1073 fidem
1395 1052 1478 1082 quae

417 1095 462 1118 est
485 1088 517 1117 in
542 1087 743 1117 existentibus
774 1093 857 1117 extra
887 1087 1055 1118 caritatem.
1090 1087 1130 1117 Et
1153 1094 1199 1117 est
1227 1097 1330 1117 sermo
1355 1086 1393 1116 de
1416 1086 1477 1116 fide

417 1141 480 1162 una
496 1138 526 1161 et
541 1131 652 1161 eadem
676 1130 887 1167 numeraliter,
906 1141 945 1161 an
962 1131 1096 1171 ipsamet
1108 1131 1124 1150 *
1141 1130 1194 1161 fiat
1210 1132 1248 1161 de
1268 1130 1399 1160 informi
1415 1129 1476 1160 for-

416 1182 514 1211 mata,
540 1185 614 1205 cum
637 1175 835 1206 Christianus
858 1175 1024 1214 poenitens
1047 1176 1224 1215 assequitur
1248 1175 1424 1204 caritatem:
1449 1180 1479 1203 et

416 1220 454 1250 de
478 1219 612 1250 formata
642 1218 803 1254 informis,
829 1229 903 1249 cum
932 1219 1064 1249 existens
1093 1219 1126 1248 in
1155 1219 1280 1249 caritate
1307 1218 1422 1248 labitur
1445 1218 1476 1247 in

415 1270 580 1303 peccatum
604 1263 737 1293 mortale
762 1262 835 1293 furti
859 1262 908 1292 vel
931 1262 1095 1292 homicidii
1119 1272 1250 1292 manens
1273 1261 1383 1292 fidelis.

472 1307 506 1337 In
531 1317 662 1346 corpore
687 1306 828 1337 eiusdem
852 1306 973 1336 articuli
997 1306 1131 1336 dubium
1153 1305 1290 1336 occurrit
1305 1305 1384 1335 circa
1399 1305 1478 1335 illud

415 1350 553 1381 dictum:
577 1351 618 1381 Id
639 1351 724 1391 quod
741 1351 883 1390 pertinet
905 1350 948 1380 ad
971 1350 1164 1380 voluntatem
1189 1359 1252 1380 non
1272 1359 1334 1390 per
1355 1359 1390 1380 se
1403 1358 1477 1389 per-

414 1396 492 1425 tinet
514 1394 558 1425 ad
574 1394 688 1435 fidem.
722 1395 795 1425 Hoc
818 1394 902 1424 enim
932 1394 1117 1424 contradicit
1145 1394 1306 1425 doctrinae
1333 1393 1478 1434 superius

414 1438 554 1469 traditae.
579 1438 762 1469 Subiectum
788 1448 927 1478 namque
950 1448 1006 1478 per
1029 1448 1062 1468 se
1085 1438 1184 1478 ipsius
1199 1437 1272 1468 fidei
1289 1447 1345 1477 per
1360 1447 1392 1468 se
1408 1447 1478 1477 per-

414 1483 492 1514 tinet
515 1483 554 1512 ad
577 1482 683 1518 fidem,
707 1482 750 1512 ita
773 1483 862 1523 quod
885 1482 982 1513 variat
1005 1482 1126 1522 ipsam:
1152 1489 1188 1513 ut
1211 1488 1297 1522 patet
1318 1481 1479 1512 inductive

415 1527 453 1557 de
469 1526 619 1557 omnibus
636 1536 692 1567 per
707 1537 739 1557 se
763 1526 910 1557 subiectis
925 1526 1079 1558 virtutum
1099 1533 1129 1557 et
1148 1526 1326 1557 habituum.
1351 1526 1413 1556 Sed
1432 1525 1478 1555 in-

414 1570 555 1601 tellectus
579 1581 645 1600 non
674 1571 833 1606 absolute,
858 1571 912 1600 sed
935 1577 1044 1601 motus
1068 1581 1085 1601 a
1108 1571 1271 1601 voluntate
1296 1577 1342 1600 est
1368 1580 1423 1610 per
1446 1579 1478 1600 se

414 1614 592 1645 subiectum
608 1614 691 1651 fidei,
708 1621 744 1645 ut
759 1614 955 1655 praedictum
972 1622 1018 1645 est
1033 1615 1058 1645 *.
1085 1614 1169 1654 Ergo
1185 1615 1217 1645 id
1234 1615 1322 1655 quod
1345 1614 1479 1654 pertinet

413 1659 452 1689 ad
476 1659 682 1695 voluntatem,
700 1658 816 1689 scilicet
839 1658 906 1698 ipsa
930 1658 1031 1690 motio
1049 1669 1067 1688 a
1082 1659 1255 1694 voluntate,
1273 1658 1408 1698 pertinet
1423 1668 1479 1698 per

1530 965 1562 984 se
1586 955 1626 984 ad
1650 953 1755 990 fidem,
1776 955 1819 985 ita
1843 955 1932 995 quod
1955 954 2052 985 variat
2074 954 2178 994 ipsam
2200 953 2347 984 varietate
2372 951 2593 992 corruptionis.

1530 999 1562 1029 Si
1587 998 1672 1029 enim
1696 999 1734 1028 ab
1758 998 1918 1029 intellectu
1936 998 2057 1028 auferas
2076 998 2108 1039 ly
2126 1003 2229 1028 motus
2247 1008 2267 1027 a
2285 998 2457 1033 voluntate,
2475 996 2595 1036 impos-

1531 1042 1618 1073 sibile
1643 1049 1689 1072 est
1712 1043 1801 1083 quod
1825 1050 1984 1074 remaneat
2006 1042 2083 1072 fides
2116 1042 2176 1072 nisi
2204 1042 2387 1082 aequivoce.
2420 1040 2496 1071 Ruit
2519 1050 2594 1080 ergo

1532 1087 1609 1117 ratio
1632 1087 1752 1117 litterae
1776 1097 1871 1126 super
1894 1086 1975 1117 dicta
1998 1086 2217 1126 propositione
2242 1085 2382 1116 fundata.

1586 1131 1636 1161 Ad
1660 1131 1722 1160 hoc
1746 1131 1868 1161 dicitur.
1893 1131 1943 1160 Ad
1966 1131 2164 1161 voluntatem
2183 1129 2303 1171 aliquid
2321 1136 2428 1169 potest
2441 1127 2595 1170 pertinere

1531 1174 1715 1214 dupliciter:
1742 1175 1856 1214 primo,
1874 1175 2051 1205 secundum
2067 1174 2293 1210 substantiam;
2317 1173 2468 1210 secundo,
2485 1181 2595 1204 secun-

1531 1218 1610 1248 dum
1633 1218 1871 1257 perfectionem.
1897 1219 1932 1248 ld
1954 1218 2043 1258 quod
2060 1218 2194 1258 pertinet
2212 1218 2252 1248 ad
2267 1217 2467 1249 voluntatem
2485 1224 2596 1248 secun—

1532 1262 1610 1291 dum
1633 1261 1732 1300 ipsius
1756 1261 1927 1292 voluntatis
1955 1261 2164 1292 substantiam
2191 1268 2237 1292 est
2267 1267 2356 1291 actus
2384 1260 2460 1292 eius.
2490 1259 2533 1291 Et
2556 1260 2596 1291 de

1530 1305 1592 1335 hoc
1616 1304 1736 1335 dictum
1759 1305 1819 1336 fuit
1841 1306 1931 1346 quod
1954 1315 2010 1346 per
2033 1315 2065 1335 se
2089 1305 2223 1346 pertinet
2247 1305 2286 1334 ad
2310 1303 2488 1346 subiectum
2510 1302 2595 1346 fidei.

1531 1350 1572 1380 Et
1595 1349 1779 1380 conceditur
1802 1350 1890 1390 quod
1913 1349 2046 1380 variaret
2068 1348 2179 1383 fidem.
2203 1356 2241 1379 ut
2263 1348 2425 1388 arguendo
2447 1343 2596 1387 tang-itur.

1532 1394 1567 1423 Id
1589 1403 1664 1423 vero
1689 1394 1777 1434 quod
1800 1393 1935 1434 pertinet
1958 1394 1996 1423 ad
2021 1393 2249 1434 perfectionem
2271 1391 2450 1423 voluntatis
2468 1398 2515 1422 est
2535 1391 2596 1421 ἰδοὺ

1532 1437 1625 1473 nitas,
1650 1437 1863 1474 laudabilitas,
1887 1445 1962 1474 etc.‚
1986 1444 2089 1468 actus:
2113 1438 2176 1468 hoc
2199 1436 2285 1468 enim
2312 1435 2348 1468 fit
2374 1435 2598 1476 per-htth

1532 1481 1666 1514 caritatis
1690 1482 1721 1512 in
1746 1482 1924 1522 proposito.
1948 1482 1988 1512 Et
2007 1482 2045 1512 de
2061 1482 2123 1512 hoc
2147 1482 2259 1512 dicitur
2277 1481 2338 1518 hic,
2352 1480 2524 1523 quodsnon
2542 1488 2599 1520 pet

1532 1536 1565 1556 se
1589 1533 1707 1566 spectat
1730 1527 1770 1556 ad
1790 1525 1896 1563 fidem,
1913 1526 1956 1557 ita
1972 1526 2061 1566 quod
2077 1526 2180 1566 ipsam
2196 1525 2373 1556 secundum
2389 1522 2597 1556 substantiam

1531 1570 1638 1601 variet.
1664 1570 1820 1608 Quamvis
1842 1570 2086 1612 quodammodo
2106 1570 2259 1610 pertineat
2274 1579 2330 1610 per
2346 1579 2378 1599 se
2394 1568 2434 1599 ad
2449 1567 2546 1598 fidem
2562 1573 2598 1598 ut

1531 1614 1630 1645 virtus
1654 1621 1708 1651 est,
1735 1622 1770 1645 ut
1791 1614 1872 1645 infra
1887 1614 1904 1633 '¹‘
1928 1614 2055 1654 patebit.

1163 1814 1519 1857 ARTICULUS
1554 1815 1839 1865 QUINTUS

1215 1909 1371 1940 UTRUM
1394 1908 1515 1939 F1DEs
1539 1909 1606 1939 Str
1628 1909 1788 1940 marus

591 1987 613 2011 l·
633 1987 687 2018 11⁸⁶,
707 1994 750 2019 qu.
770 1994 826 2018 va,
845 1991 892 2011 art.
911 1994 943 2018 43
963 1986 993 2010 111
1014 1986 1097 2016 Sent„
1118 1986 1177 2011 dist.
1196 1993 1265 2016 xxm,
1284 1994 1328 2018 qu.
1348 1993 1374 2016 11,
1395 1992 1441 2011 art.
1459 1994 1485 2017 4,
1504 1985 1554 2018 qu·
1578 1993 1604 2016 1;
1624 1993 1669 2018 qu.
1687 1993 1725 2017 ιιι,
1745 1991 1792 2011 art.
1815 1994 1836 2015 ι,
1856 1985 1905 2018 qu·
1927 1993 1955 2017 ²3
1977 1985 2018 2011 De
2040 1985 2129 2015 Verit„
2143 1993 2188 2018 qu.
2206 1992 2257 2015 xiv,
2276 1990 2323 2010 art.
2344 1983 2368 2014 3,
2387 1983 2418 2015 63

1108 2031 1149 2056 De
1173 2031 1278 2060 Vir-tut„
1298 2039 1342 2063 qu.
1361 2039 1378 2060 1,
1398 2035 1446 2055 art.
1465 2038 1495 2063 7;
1514 2030 1558 2055 Ad
1576 2030 1662 2060 Rom„
1682 2038 1737 2062 cap.
1756 2038 1772 2059 ι,
1794 2031 1850 2055 lect.
1869 2038 1904 2055 vr.

498 2129 504 2141 ι
547 2138 569 2150 „ff
593 2132 599 2144 ι
624 2122 646 2147 D
667 2122 830 2152 QUtNTuM
849 2122 902 2147 stc
927 2122 1167 2148 PROCEDlTUR.
1191 2110 1351 2147 Videtur
1369 2110 1474 2158 quod
1530 2109 1699 2147 cundum
1719 2109 1809 2146 illud
1828 2109 1880 2146 ad
1896 2110 2007 2146 Rom.
2024 2116 2047 2146 v
2063 2111 2099 2146 ⁴³:
2128 2109 2326 2158 Iustzflcati
2341 2121 2435 2159 ergo
2455 2121 2505 2146 ex
2516 2109 2596 2156 fide

429 2194 591 2294 '554¹‘less
625 2224 734 2254 natur
762 2217 810 2254 ad
839 2217 1004 2254 bonum:
1035 2229 1125 2253 narn
1153 2217 1272 2254 virtus
1300 2222 1355 2253 est
1379 2228 1476 2265 quae

466 2284 478 2299 κ*
490 2263 564 2301 ’Ἣῧ
580 2260 611 2303 K
625 2270 763 2307 bonum
787 2269 883 2316 facit
903 2270 1112 2316 habentem,
1134 2278 1176 2306 ut
1196 2269 1284 2306 dicit
1302 2268 1475 2306 Philoso-

412 2322 524 2370 phus,
540 2321 578 2358 in
595 2322 755 2359 IIEthic.
772 2322 792 2343 ’¹‘
821 2322 899 2359 Sed
927 2322 1023 2359 fides
1049 2322 1244 2359 ordinatur
1263 2323 1312 2359 ad
1325 2335 1474 2360 verum.

412 2375 515 2422 Ergo
544 2374 641 2412 fides
669 2388 748 2412 non
778 2383 832 2412 est
859 2375 989 2412 virtus.
1462 2409 1465 2412 ,

467 2439 501 2464 2.
523 2428 756 2475 PRAETEREA,
775 2428 978 2477 perfectior
997 2435 1053 2464 est
1070 2428 1190 2465 virtus
1209 2428 1332 2465 infusa
1358 2440 1474 2477 quam

413 2480 605 2529 acquisita.
636 2481 713 2519 Sed
742 2481 850 2527 fides,
879 2489 1036 2530 propter
1058 2481 1115 2518 sui
1136 2481 1475 2530 imperfectionem,

412 2546 491 2570 non
510 2534 662 2582 ponitur
680 2534 776 2572 inter
793 2533 949 2571 virtutes
969 2534 1237 2571 intellectuales
1257 2534 1474 2583 acquisitas:

412 2593 453 2623 ut
480 2594 584 2635 patet
614 2599 683 2636 per
711 2586 1010 2637 Philosophum,
1040 2587 1078 2624 in
1102 2587 1152 2624 VI
1177 2587 1298 2624 Ethic.
1325 2587 1345 2609 '¹‘
1373 2588 1474 2635 Ergo

413 2640 532 2676 multo
562 2639 688 2676 minus
716 2648 840 2688 potest
867 2640 959 2689 poni
986 2640 1106 2677 virtus
1135 2640 1269 2677 infusa.

468 2693 501 2729 3.
533 2694 772 2741 PRAETEREA,
807 2693 904 2731 fides
933 2694 1096 2731 formata
1125 2701 1162 2730 et
1188 2693 1362 2730 informis
1390 2701 1476 2730 sunt

413 2745 584 2782 eiusdem
605 2746 756 2796 speciei,
785 2754 826 2783 ut
849 2746 992 2784 dictum
1012 2755 1068 2783 est
1087 2748 1119 2783 ³⁸.
1150 2746 1228 2783 Sed
1246 2746 1344 2783 fides
1362 2745 1474 2782 infor-

413 2798 485 2835 mis
515 2811 592 2836 non
613 2807 668 2836 est
686 2799 825 2836 virtus:
855 2799 944 2850 quia
963 2812 1042 2837 non
1060 2800 1176 2836 habet
1195 2799 1473 2836 connexionem

414 2864 501 2888 cum
531 2852 609 2889 aliis
632 2852 844 2889 virtutibus.
875 2854 976 2901 Ergo
1006 2865 1077 2890 nec
1105 2852 1202 2890 fides
1230 2853 1392 2889 formata
1420 2860 1475 2889 est

412 2912 543 2941 Vlrtus.

465 2969 504 3003 4.
533 2958 774 3004 ΡΒΑΕΤΕΚΕΑ,
808 2959 947 3006 gratiae
984 2958 1097 3007 gratis
1131 2958 1240 2996 datae
1270 2965 1306 2995 et
1333 2958 1474 2994 fructus

414 3010 693 3058 distinguuntur
721 3023 742 3048 a
770 3011 981 3048 virtutibus.
1013 3012 1088 3049 Sed
1117 3011 1214 3048 fides
1234 3018 1476 3048 enumeratur

413 3063 509 3100 inter
532 3063 669 3111 gratias
697 3064 808 3111 gratis
830 3064 947 3111 datas,
978 3065 990 3100 I
1017 3065 1068 3101 ad
1085 3065 1171 3101 Cor.
1191 3076 1239 3101 xu
1254 3064 1289 3101 *z
1320 3072 1356 3101 et
1374 3063 1475 3101 simi-

413 3116 495 3153 liter
521 3115 617 3153 inter
637 3117 790 3164 fructus,
819 3117 871 3154 ad
887 3118 971 3155 Gal.
987 3129 1010 3153 v
1024 3117 1054 3154 ²³.
1085 3118 1188 3166 Ergo
1207 3117 1304 3154 fides
1324 3129 1402 3154 non
1422 3126 1476 3154 est

413 3177 543 3206 virtus.

469 3222 544 3259 SED
572 3233 719 3260 CONTRA
737 3234 803 3259 1-:s·r
830 3223 934 3271 quod
962 3223 1082 3260 homo
1110 3235 1178 3272 per
1196 3222 1354 3260 virtutes
1375 3223 1477 3260 iusti·

415 3275 565 3312 ficatur:
595 3287 684 3312 nam
714 3275 850 3312 iustitia
873 3282 927 3312 est
952 3282 1026 3313 tota
1050 3277 1180 3322 virtus,
1210 3284 1251 3312 ut
1278 3275 1412 3314 dicitur
1439 3276 1475 3313 in

414 3329 449 3365 V
467 3329 586 3365 Ethic.
607 3328 627 3350 '¹‘
656 3328 732 3366 Sed
760 3341 829 3377 per
856 3329 974 3366 fidem
1002 3330 1119 3366 homo
1150 3329 1389 3366 iustificatur:
1420 3342 1477 3366 se-

444 2124 490 2155 >sp
527 2128 544 2149 *ἰ

437 2139 598 2222 89ἱῇ
623 2163 720 2201 fides
750 2175 827 2200 non
855 2163 901 2200 sit
927 2162 1059 2202 virtus.
1088 2164 1216 2200 Virtus
1245 2163 1346 2200 enirn
1376 2163 1475 2200 ordi·
1523 2174 1660 2211 pacem
1688 2163 1868 2200 habemus
1887 2170 1956 2199 etc.
1987 2162 2090 2210 Ergo
2117 2162 2215 2200 fides
2243 2170 2299 2199 est
2325 2161 2455 2200 virtus.

1583 2216 1810 2252 RESPONDEO
1825 2227 2010 2252 monimum
2030 2216 2146 2264 quod,
2162 2215 2259 2253 sicut
2277 2227 2324 2252 ex
2337 2215 2563 2264 supradietis.
2574 2216 2595 2236 ³

1529 2276 1643 2318 patet,
1660 2269 1775 2306 virtus
1794 2270 1963 2306 humana
1979 2276 2035 2306 est
2052 2280 2122 2317 per
2140 2280 2258 2317 quam
2279 2275 2383 2305 actus
2401 2269 2595 2306 humanus

1530 2321 1700 2359 redditur
1718 2323 1854 2359 bonus.
1875 2322 1987 2359 Unde
2007 2321 2239 2370 quicumque
2257 2321 2407 2358 habitus
2422 2328 2479 2358 est
2497 2333 2596 2365 sem·

1530 2387 1598 2424 per
1624 2375 1852 2424 principium
1882 2375 1972 2412 boni
1996 2382 2114 2422 actus,
2143 2382 2269 2424 potest
2297 2373 2369 2412 dici
2388 2374 2509 2422 virtus
2527 2375 2596 2421 hu÷

1531 2440 1656 2467 mana.
1678 2428 1782 2464 Talis
1798 2435 1926 2464 autern
1940 2427 2091 2464 habitus
2107 2435 2163 2464 est
2180 2427 2279 2464 fides
2297 2427 2472 2466 formata.
2493 2427 2595 2466 Cum

1531 2481 1632 2518 enirn
1653 2481 1806 2518 credere
1827 2481 1873 2518 sit
1892 2488 1997 2518 actus
2015 2481 2225 2518 intellectus
2245 2480 2481 2518 assentientis
2499 2492 2595 2518 vero
2614 2514 2618 2523 ,

1531 2546 1576 2571 ex
1599 2533 1760 2583 irnperio
1779 2533 1998 2580 voluntatis,
2026 2535 2075 2572 ad
2103 2535 2177 2571 hoc
2206 2534 2310 2583 quod
2337 2533 2406 2571 iste
2424 2541 2532 2571 actus
2549 2532 2597 2570 sit

1529 2587 1718 2636 perfectus
1746 2587 1823 2624 duo
1853 2587 2104 2637 requiruntur.
2135 2588 2313 2633 Quorum
2330 2598 2452 2625 unum
2473 2594 2528 2624 est
2555 2593 2597 2623 ut

1530 2639 1764 2677 infallibiliter
1791 2640 2000 2678 intellectus
2026 2639 2157 2677 tendat
2177 2645 2193 2661 α
2221 2639 2260 2676 in
2287 2651 2399 2677 suum
2429 2640 2594 2687 bonum,

1530 2694 1635 2741 quod
1664 2700 1719 2729 est
1747 2705 1904 2730 verum:
1934 2692 2036 2730 aliud
2055 2700 2184 2731 autem
2205 2700 2260 2729 est
2287 2700 2329 2729 ut
2355 2691 2596 2735 infallibiliter

1529 2745 1723 2783 ordinetur
1750 2745 1799 2782 ad
1827 2745 2003 2782 ultimum
2032 2745 2168 2792 finem,
2197 2752 2354 2794 propter
2381 2757 2498 2794 quem
2525 2756 2594 2782 vo-

1529 2799 1652 2836 luntas
1684 2798 1838 2836 assentit
1865 2810 1971 2835 vero.
2010 2799 2059 2835 Et
2094 2806 2300 2848 utrumque
2333 2797 2524 2836 invenitur
2555 2797 2594 2835 in

1529 2859 1615 2889 actu
1643 2850 1734 2888 fidei
1762 2851 1957 2889 formatae.
1989 2852 2092 2888 Nam
2121 2863 2166 2888 ex
2185 2851 2330 2888 ratione
2359 2850 2476 2900 ipsius
2505 2850 2595 2888 fidei

1530 2913 1586 2942 est
1623 2904 1728 2954 quod
1760 2904 1967 2942 intellectus
2001 2916 2154 2953 semper
2190 2904 2331 2941 feratur
2362 2903 2401 2941 in
2433 2898 2594 2946 verum„

1530 2957 1620 3007 quia
1646 2957 1738 2995 fidei
1766 2970 1844 2995 non
1871 2965 1996 3007 potest
2023 2958 2179 2995 subesse
2208 2957 2357 3004 falsum,
2387 2965 2428 2994 ut
2446 2955 2596 3005 supraf!3

1529 3010 1701 3048 habitum
1731 3018 1806 3047 est:
1837 3023 1883 3047 ex
1911 3010 2062 3047 caritate
2087 3018 2228 3057 autem,
2258 3022 2357 3058 quae
2386 3010 2525 3047 format
2551 3009 2595 3047 fi-

1531 3064 1631 3111 dem,
1660 3065 1775 3101 habet
1801 3063 1930 3101 anima
1958 3064 2063 3112 quod
2086 3063 2324 3102 infallibiliter
2341 3064 2596 3101 voluntasor-

1531 3117 1680 3154 dinetur
1707 3117 1746 3154 in
1774 3118 1920 3155 bonurn
1949 3117 2082 3154 finem.
2116 3117 2165 3154 Et
2192 3116 2280 3155 ideo
2309 3116 2407 3154 fides
2432 3116 2595 3154 formata

1531 3178 1587 3208 est
1613 3169 1743 3207 virtus.
2317 3197 2319 3200 -
2570 3201 2572 3206 ,

1585 3223 1697 3260 Fides
1725 3230 1854 3260 autem
1877 3222 2051 3260 informis
2078 3234 2158 3260 non
2178 3230 2233 3260 est
2250 3221 2390 3260 virtus:
2419 3221 2508 3271 quia
2526 3220 2594 3259 etsi

1529 3277 1668 3314 habeat
1695 3276 1969 3325 perfectionem
1999 3275 2166 3320 debitam
2186 3283 2292 3313 actus
2310 3274 2402 3312 fidei
2420 3273 2593 3311 informis

1531 3342 1576 3366 ex
1604 3337 1708 3378 parte
1738 3329 1963 3375 intellectus,
1993 3341 2071 3366 non
2099 3336 2228 3366 tamen
2255 3328 2371 3366 habet
2396 3326 2593 3375 perfectio—

469 3460 495 3491 α)
515 3460 616 3484 tendat.
633 3473 651 3478 —
671 3460 791 3485 intendat
810 3460 950 3492 AEFHpB.
970 3474 989 3479 -
1008 3461 1057 3485 Pro
1076 3461 1180 3490 bonum,
1200 3461 1328 3486 obiectum
1349 3461 1438 3492 EKsB,
1452 3467 1476 3486 et
1495 3462 1528 3486 ita
1543 3462 1643 3494 aliquae
1662 3462 1795 3493 editiones,
1811 3469 1878 3494 quae
1895 3461 1980 3486 statim
2003 3462 2124 3486 voluntas
2143 3466 2201 3486 ante
2218 3459 2393 3493 infallibiliter
2411 3463 2592 3490 transponunt.

2623 1614 2633 1624 ·
2648 1613 2698 1634 Art.
2713 1617 2762 1640 κς.

2624 2111 2745 2140 'vui-a.

2622 2223 2631 2232 ·
2639 2221 2662 2244 1·
2674 2221 2729 2248 11¹⁶,
2739 2227 2777 2250 qu.
2789 2227 2835 2247 ινι,

2622 2252 2664 2271 ιη,
2678 2253 2698 2276 3.

2622 2965 2634 2977 ³
2648 2965 2696 2993 Qu.
2712 2970 2729 2992 ι,
2743 2967 2784 2986 ιη.
2799 2969 2821 2993 3.
