2892 4056
187 710 194 717 ·
211 708 246 729 Cf.
257 712 299 729 art.
311 708 333 729 ό,
345 707 372 728 ad
383 713 398 729 1.

189 1240 197 1247 ·
213 1237 246 1258 Cf.
263 1237 317 1258 ibid.
334 1237 361 1258 aa
377 1243 397 1265 3.

188 1861 195 1868 '
212 1859 267 1885 Cap.
285 1865 314 1879 ix.

188 2020 196 2028 ⁸
217 2018 273 2043 Cap.
288 2023 311 2041 v,
334 2022 356 2037 11·
376 2022 395 2039 1:

187 2051 237 2070 cap.
263 2049 300 2066 vu.
326 2048 348 2063 n.
369 2042 395 2065 6:

187 2077 238 2098 cap.
256 2076 288 2091 ir..
312 2075 333 2089 n.
368 2084 373 2089 .

187 2098 211 2118 S.
226 2097 270 2118 Th.
294 2097 345 2116 lect.
365 2101 395 2119 ιν,

185 2130 215 2145 γι,
233 2129 279 2144 vui.

285 2159 300 2174 ut

187 2185 394 2211 ’pust-,quasin

187 2215 228 2233 art.
246 2211 267 2232 6.

189 2603 198 2610 ⁸
215 2601 270 2628 Cap.
286 2608 313 2625 x,
329 2606 398 2621 n.2.-

189 2628 212 2649 S,
222 2627 266 2648 Th.
282 2628 332 2648 lect.
348 2633 380 2648 ix.

190 2716 199 2723 ⁸
207 2715 256 2735 Art.
267 2720 286 2740 2,
294 2720 340 2741 arg.
352 2713 399 2735 Sed

189 2743 249 2762 cont.

191 2969 295 2992 ⁴1³1110.
307 2975 398 2996 qu.x1v,

192 3001 233 3017 art.
249 3002 263 3016 1.

289 3027 303 3059 β

287 3084 303 3108 ⁴(

437 188 510 224 356
1071 187 1336 232 QUAESTlO
1367 186 1523 233 XLVII,
1552 186 1848 222 ARTICULUS
1876 186 1961 222 VlII

430 275 519 301 num,
540 275 606 296 non
630 266 724 296 dictat
747 265 897 296 naturalis
916 265 996 295 ratio
1020 264 1185 295 sufficienti
1203 264 1358 295 evidentia
1373 265 1492 305 absque
1517 274 1519 327 4
1547 270 1581 293 ut
1600 263 1731 301 attingat
1753 261 1850 292 finem
1866 262 2011 301 eligendo
2029 262 2082 293 illa
2097 273 2180 303 quae
2195 270 2269 295 sunt
2290 264 2331 294 ad
2346 263 2452 295 finem.
2479 264 2520 294 Et
2535 273 2608 304 pro-

429 309 558 340 rationis
586 309 744 340 discursu:
776 316 905 348 propter
935 309 1024 349 quod
1055 309 1094 338 de
1124 308 1185 338 hoc
1213 308 1315 338 variae
1345 308 1492 339 dicuntur
1517 330 1519 342 1
1546 313 1652 347 pterea
1674 306 1706 336 in
1734 306 1839 336 Prima
1864 306 2059 336 Secundae*
2082 306 2202 337 dictum
2223 314 2268 338 est
2298 308 2387 348 quod
2417 307 2608 338 inveniendo

430 354 609 393 opiniones.
624 354 664 384 Et
680 354 717 383 ad
730 353 884 383 moralem
900 352 1136 392 philosophiam
1153 358 1272 391 spectat
1286 353 1348 382 hoc
1363 352 1394 382 in
1408 362 1493 382 com—
1517 350 1519 364 ¹
1546 350 1650 390 dirigit
1668 349 1700 379 in
1716 350 1951 390 praestituendo
1967 349 2074 385 finem,
2099 357 2130 380 et
2145 360 2211 381 non
2228 351 2421 391 simpliciter.
2434 369 2456 375 -
2472 352 2512 382 Et
2528 362 2609 392 quo-

429 398 519 428 muni
550 398 774 433 determinare,
800 404 835 426 ut
859 397 985 426 evidens
1015 396 1107 426 nobis
1137 395 1186 426 sit.
1217 397 1268 426 Ad
1291 396 1491 436 prudentiam
1517 398 1519 430 ξ
1545 394 1645 424 modo
1668 400 1777 424 movet
1799 393 1948 424 virtutem
1971 394 2136 430 moralem,
2153 394 2317 426 educendo
2334 395 2423 426 illam
2439 396 2477 426 de
2497 403 2609 435 poten-

429 449 536 472 autem
566 449 686 481 spectat
710 441 755 471 uti
778 440 938 480 principiis
962 440 1020 475 his,
1044 440 1117 470 Non
1143 445 1189 469 est
1207 440 1290 479 plus
1312 441 1363 471 vel
1385 442 1492 470 minus
1517 466 1518 472 ,
1544 438 1587 468 tia
1610 438 1650 468 ad
1673 444 1791 473 actum,
1815 437 2057 468 determinando
2081 437 2224 477 eligenda
2248 446 2278 470 et
2300 439 2525 479 praecipiendo
2549 440 2609 470 ele-

428 486 661 523 delectandum,
685 484 892 524 operandum,
917 490 986 519 etc.⁷
1010 484 1066 514 sed
1082 483 1262 518 moderate:
1285 491 1315 514 et
1334 484 1491 524 applicare
1517 497 1518 519 i
1545 482 1685 512 ctionem
1700 481 1918 512 illorum.-Et
1933 491 2030 522 quare
2045 481 2146 521 magis
2161 482 2195 512 in
2211 481 2394 513 definitione
2409 483 2540 514 moralis
2550 483 2612 514 vir-

428 540 463 560 ea
483 530 521 559 ad
537 529 736 569 particulares
757 527 930 568 passiones,
948 527 1064 557 scilicet
1085 527 1165 557 hanc
1188 527 1277 563 iram,
1299 527 1380 558 hanc
1400 528 1491 558 tristi·
1544 525 1620 556 tutis
1631 525 1647 543 *
1663 525 1806 564 positum
1822 532 1867 556 est
1882 525 2025 556 medium
2041 535 2139 565 quam
2154 525 2236 562 finis,
2252 536 2308 559 seu
2324 527 2448 558 bonum
2462 527 2608 558 rationis:

427 574 513 607 tiam.
531 580 600 609 etc.‚
625 579 655 603 et
674 572 717 602 sic
741 572 950 602 determinare
974 581 1056 611 quae
1080 570 1121 605 sitv
1142 570 1265 602 tristitia
1288 571 1402 607 media,
1426 581 1492 602 non
1517 571 1518 597 ἓ
1545 569 1619 609 quia
1634 568 1751 599 scilicet
1774 569 1917 600 doctrina
1931 579 1968 600 ex
1992 569 2139 609 propriis,
2158 579 2224 600 non
2239 579 2276 600 ex
2299 571 2527 602 communibus
2542 580 2610 602 esse

427 618 528 648 maior
553 627 610 647 nec
629 616 733 646 minor
756 626 854 656 quam
877 622 1031 655 oporteat,
1057 625 1151 651 nunc,
1175 615 1236 651 hic,
1261 615 1349 651 mihi,
1382 615 1414 645 in
1437 616 1491 646 tali
1545 613 1650 648 debet3
1675 612 1819 644 medium
1842 620 1949 644 autem
1972 612 2130 653 specificat
2151 613 2250 644 finem
2273 620 2303 644 et
2326 614 2449 645 bonum
2468 614 2609 650 rationis,

427 672 510 697 casu,
529 668 586 691 etc.
609 661 650 691 Et
669 660 745 690 haec
769 667 815 690 est
838 660 918 690 ratio
942 669 1039 699 quare
1063 660 1249 699 prudentiae
1272 659 1422 690 tribuitur
1444 660 1492 690 in·
1544 657 1584 687 ad
1607 657 1670 687 hoc
1692 656 1809 688 scilicet
1838 657 1997 694 medium;
2022 664 2054 688 et
2076 657 2219 688 similiter
2249 657 2408 697 specificat
2438 659 2541 699 qualis
2565 665 2612 690 est

426 706 531 736 venire
556 704 707 740 medium,
734 704 892 744 synderesi
917 710 1024 734 autem
1048 703 1252 743 praestituere
1276 703 1373 734 finem
1395 702 1423 734 θ.
1543 700 1687 740 operatio
1712 701 1865 741 eligenda,
1890 701 1995 732 media
2018 701 2145 737 scilicet,
2169 711 2236 731 non
2260 707 2407 739 extrema,
2432 709 2463 733 et
2484 713 2550 733 non
2566 702 2611 733 di-

479 750 612 786 Quarto,
638 749 727 788 quod
751 748 868 778 modus
891 747 1075 778 inveniendi
1099 747 1243 779 medium
1267 748 1300 778 in
1316 748 1492 778 moralibus
1544 745 1585 775 cit
1609 751 1732 775 tantum
1754 745 1788 775 in
1811 746 1978 776 communi
2001 746 2091 786 quod
2113 745 2153 776 sit
2175 746 2270 776 bona.

426 804 443 823 a
467 793 633 833 prudentia
668 800 714 823 est
738 801 774 822 ex
797 798 884 832 parte
909 792 1066 822 materiae.
1099 793 1143 822 lta
1167 792 1255 832 quod
1279 791 1360 822 sicut
1381 792 1414 822 in
1438 802 1492 822 na·
1597 788 1634 818 II.
1655 789 1690 819 In
1714 789 1921 829 responsione
1944 790 1984 820 ad
2003 789 2131 820 tertium
2154 789 2250 821 habes
2267 789 2351 820 unde
2375 789 2503 820 reddere
2519 796 2611 829 potes

425 837 578 868 turalibus
608 845 704 875 agens
727 836 927 875 disponendo
959 836 1123 867 materiam
1153 835 1275 866 inducit
1297 835 1436 866 formam
1458 836 1491 866 in
1543 832 1637 862 aliam
1660 832 1818 864 rationem
1841 842 1938 874 quare
1953 833 2052 865 virtus
2076 833 2206 864 moralis
2230 843 2296 864 non
2311 839 2418 872 potest
2437 843 2504 864 esse
2523 843 2541 864 a
2557 843 2611 864 na-

425 881 598 917 materiam,
619 880 661 910 ita
683 880 716 910 in
741 881 914 911 moralibus
938 887 1020 911 recta
1043 880 1133 916 ratio,
1152 879 1392 911 determinando
1417 890 1492 920 ope-
1544 876 1658 906 tura*:
1687 876 1763 917 quia
1779 877 1896 908 scilicet
1911 877 2055 909 medium
2079 887 2145 908 non
2165 884 2270 918 potest
2285 887 2352 908 esse
2368 877 2612 908 determinatum

425 926 580 956 rationem
611 935 665 954 seu
696 925 879 964 passionem
909 924 941 954 in
966 935 1029 965 qua
1053 925 1190 955 salvatur
1219 924 1299 954 ratio
1323 924 1436 960 medii,
1462 931 1492 955 et
1516 930 1518 954 ῑ
1542 930 1560 950 a
1583 927 1703 956 natura,
1729 921 1804 961 quia
1827 928 1939 952 natura
1962 921 2169 952 determinata
2193 928 2239 951 est
2262 921 2302 951 ad
2326 931 2438 958 unum,
2465 921 2610 952 medium

425 969 647 1010 praecipiendo
671 970 760 1009 quod
783 969 836 999 illa
860 969 1003 1008 operatio
1028 969 1171 1008 eligatur,
1196 968 1270 999 facit
1284 969 1374 1009 quod
1397 979 1491 1009 appe·
1544 971 1652 994 autem
1675 974 1741 995 non
1765 975 1832 996 uno
1856 966 1910 996 Sed
1939 966 2048 996 multis
2081 965 2186 996 modis
2216 972 2343 1005 Oportet
2366 974 2450 1001 &⁵⁵⁶3
2482 972 2612 1006 Propter

424 1015 499 1044 titus
517 1014 635 1053 eligens
652 1013 839 1043 huiusmodi
863 1013 1083 1053 operationem
1108 1013 1194 1053 eligit
1217 1013 1437 1053 operationem
1458 1013 1491 1044 in
1542 1009 1632 1049 quod
1655 1009 1776 1040 ratione
1800 1010 2027 1040 determinatur
2049 1010 2081 1040 in
2106 1019 2306 1050 unoquoque
2334 1010 2512 1040 secundum
2536 1019 2611 1039 con-

425 1058 530 1088 medio
556 1057 797 1093 consistentem,
823 1058 911 1098 quod
935 1065 981 1088 est
1004 1057 1117 1096 eligere
1149 1057 1314 1087 materiam
1341 1057 1437 1087 medii
1462 1064 1492 1088 et
1515 1055 1518 1077 ³
1542 1052 1703 1092 fingenti&
1729 1053 1776 1083 Ex
1799 1053 1860 1084 hoc
1876 1064 2015 1095 namque
2038 1054 2126 1094 quod
2142 1054 2286 1084 medium
2310 1064 2376 1083 non
2393 1060 2439 1084 est
2462 1064 2480 1083 a
2500 1060 2612 1084 natura

423 1103 455 1132 id
480 1102 567 1142 quod
592 1108 639 1132 est
661 1102 701 1131 ad
723 1101 836 1137 finem;
870 1108 947 1142 puta
971 1109 1096 1132 tantum
1119 1102 1279 1142 talemque
1303 1111 1427 1132 sumere
1451 1102 1491 1132 ci-
1543 1097 1788 1127 determinatum
1811 1098 1954 1138 sequitur
1975 1098 2066 1138 quod
2087 1097 2186 1128 virtus
2211 1108 2293 1138 quae
2318 1105 2391 1129 nata
2414 1105 2461 1128 est
2484 1098 2611 1128 tendere

423 1147 502 1176 bum
526 1153 656 1185 propter
679 1145 785 1185 ipsum
810 1146 934 1176 bonum
958 1146 1098 1182 rationis,
1123 1146 1213 1185 quod
1237 1153 1283 1176 est
1306 1146 1459 1176 medium,
1541 1140 1581 1169 ad
1605 1140 1748 1170 medium
1771 1151 1837 1170 non
1861 1148 1908 1172 est
1931 1151 1948 1171 a
1971 1148 2096 1171 natura:
2126 1141 2282 1181 quoniam
2301 1149 2413 1172 natura
2429 1142 2534 1182 genita
2549 1141 2609 1172 vir-

480 1191 526 1220 Ex
550 1190 598 1220 his
621 1196 728 1220 autem
753 1197 839 1230 patet
862 1197 892 1220 et
915 1191 1083 1230 quomodo
1108 1186 1275 1229 prudentia
1298 1189 1439 1229 disponit
1454 1199 1490 1219 ea
1541 1190 1592 1234 113⁵
1615 1185 1654 1214 ad
1678 1194 1782 1214 unum
1813 1185 2019 1216 determinata
2043 1192 2104 1221 est,
2130 1191 2166 1215 ut
2189 1192 2275 1226 patet
2297 1185 2328 1215 in
2354 1185 2463 1216 habitu
2492 1185 2610 1226 princi-

424 1244 506 1274 quae
522 1241 596 1264 sunt
618 1234 657 1264 ad
681 1233 787 1270 finem,
812 1241 842 1264 et
858 1241 945 1275 parat
969 1244 1024 1273 per
1047 1234 1109 1264 hoc
1123 1234 1208 1263 viam
1222 1233 1328 1264 virtuti
1345 1233 1489 1263 morali*
1541 1237 1680 1267 plorum·

1206 1368 1525 1411 ARTICULUS
1555 1369 1830 1412 OCTAVUS
2172 1421 2174 1424 v

867 1459 1023 1489 UTRUM
1047 1444 1317 1489 PRAEciPERE
1342 1459 1409 1490 sn*
1433 1460 1698 1493 PRINCIPALIS
1721 1461 1865 1494 AcTus
1887 1463 2167 1494 PRUDENTIAE

671 1538 694 1562 1⁸
713 1537 769 1568 11¹⁹,
789 1545 833 1570 qu.
853 1545 912 1568 nvn,
932 1542 980 1562 art.
998 1536 1030 1567 6;
1050 1538 1080 1562 Ill
1101 1538 1186 1567 Sent„
1206 1538 1265 1562 dist.
1283 1546 1369 1569 xxxm,
1389 1546 1435 1571 qu.
1452 1546 1480 1569 11,
1501 1544 1549 1564 art.
1569 1539 1599 1570 35
1619 1540 1661 1565 De
1679 1540 1785 1570 Virtut„
1804 1549 1850 1574 qu.
1869 1548 1887 1570 ι,
1907 1546 1953 1566 art.
1976 1548 2020 1572 12,
2041 1542 2073 1566 ad
2093 1540 2141 1573 263
2161 1549 2206 1574 qu.
2224 1550 2249 1573 V,
2268 1547 2315 1567 art.
2338 1549 2364 1573 ις

1156 1573 1201 1597 Ad
1218 1573 1305 1602 Rom„
1325 1581 1382 1606 cap.
1400 1581 1454 1603 vm.
1474 1575 1531 1599 lect.
1550 1582 1571 1606 ις
1590 1575 1625 1599 VI
1646 1575 1741 1604 Ethic„
1761 1576 1819 1600 lect.
1838 1584 1872 1601 1¹.

512 1662 521 1675 ι
544 1667 595 1695 „5-
636 1656 658 1681 D
679 1655 854 1680 OCTAVUM
873 1655 926 1680 51c
946 1655 1186 1680 PROCEDITUR.
1202 1643 1361 1680 Videtur
1381 1645 1487 1692 quod
1512 1650 1515 1714 ἰ
1541 1653 1646 1683 actus
1676 1646 1755 1683 eius
1783 1647 2027 1696 praecipere:
2064 1648 2128 1697 qui
2161 1648 2317 1698 quidem
2353 1656 2459 1686 actus
2489 1649 2609 1687 consi-

495 1693 502 1701 '
552 1693 607 1745 ἦῆ
635 1697 856 1745 praecipere
875 1708 952 1733 non
974 1696 1019 1732 sit
1038 1696 1255 1745 principalis
1274 1704 1380 1733 actus
1398 1709 1488 1746 pru·
1513 1717 1514 1722 =
1542 1699 1602 1735 stit
1629 1699 1668 1735 in
1697 1700 1949 1748 applicatione
1978 1701 2263 1738 consiliatorum
2293 1709 2330 1738 et
2356 1701 2612 1740 iudicatorum

540 1776 559 1799 3
579 1747 798 1791 Y‘dentiae.
837 1749 1060 1797 Praecipere
1100 1750 1201 1786 enim
1239 1750 1403 1797 pertinet
1439 1750 1486 1787 ad
1513 1747 1515 1788 i
1542 1753 1590 1788 ad
1610 1753 1860 1800 operandum.
1891 1754 1940 1790 Et
1959 1754 2047 1802 quia
2066 1753 2135 1791 iste
2155 1762 2261 1791 actus
2281 1762 2336 1792 est
2355 1755 2612 1805 propinquior

482 1815 491 1826 .
513 1799 537 1825 3—
554 1807 578 1836 a)
593 1793 739 1839 &bona
777 1813 874 1850 quae
912 1809 1000 1838 sunt
1027 1802 1167 1839 fienda.
1199 1803 1276 1839 Sed
1313 1803 1489 1851 Augusti·
1514 1841 1515 1861 Χ
1542 1804 1608 1841 fini
1629 1804 1784 1843 rationis
1803 1806 2005 1855 practicae,
2026 1806 2114 1844 inde
2145 1815 2200 1844 est
2219 1807 2325 1856 quod
2344 1807 2413 1845 iste
2433 1816 2490 1846 est
2510 1809 2613 1858 prin-

424 1868 507 1902 nuS,
528 1856 616 1892 XIV
635 1855 680 1892 de
698 1854 801 1892 Trin.
817 1854 847 1901 ²⁸,
868 1855 976 1902 ponit
995 1862 1121 1891 actum
1136 1855 1360 1903 prudentiae
1374 1868 1488 1904 prae·
1514 1865 1515 1870 ¹
1543 1857 1672 1906 cipalis
1691 1866 1797 1895 actus
1826 1859 1980 1897 rationis
1999 1859 2203 1908 practicae,
2225 1868 2262 1897 et
2278 1873 2348 1909 per
2372 1868 2613 1911 consequens

425 1920 558 1946 cavere
586 1909 750 1945 insidias.
780 1909 881 1955 Ergo
910 1908 1132 1956 praecipere
1161 1921 1240 1945 non
1269 1917 1324 1946 est
1350 1909 1487 1958 princi·
1514 1911 1515 1959 i
1542 1911 1778 1959 prudentiae.

423 1962 519 2011 palis
548 1969 653 1998 actus
681 1961 917 2009 prudentiae.
1514 1978 1515 1983 ¹
1596 1965 1645 2001 Et
1663 1965 1776 2001 huius
1805 1965 1954 2013 signum
1985 1972 2039 2002 est
2067 1966 2173 2014 quod
2196 1965 2377 2015 perfectio
2406 1967 2492 2004 artis
2521 1972 2611 2005 con·-

479 2027 513 2052 2.
534 2016 769 2061 PRAETEREA,
792 2014 1047 2062 Philosophus
1068 2014 1166 2061 dicit,
1186 2014 1224 2051 in
1243 2015 1294 2051 VI
1314 2016 1434 2052 Ethic.
1455 2016 1486 2063 *,
1514 2015 1515 2036 ³
1543 2017 1635 2054 sistit
1670 2017 1709 2054 in
1742 2017 1959 2066 iudicando,
1994 2030 2072 2056 non
2101 2026 2230 2056 autem
2262 2019 2301 2057 in
2326 2019 2610 2070 praecipiendo.

353 2075 365 2095 ⁷
386 2080 395 2084 ·
424 2069 530 2116 quod
551 2068 748 2116 prudentis
766 2068 912 2104 videtur
929 2079 1008 2104 esse
1028 2072 1044 2088 ‘²
1073 2069 1165 2104 hene
1184 2068 1386 2105 consiliari.
1410 2069 1487 2106 Sed
1514 2070 1515 2115 ξ
1543 2070 1634 2107 Ideo
1664 2078 1859 2120 reputatur
1890 2070 2027 2108 melior
2054 2072 2184 2109 artifex
2212 2072 2278 2120 qui
2304 2073 2441 2110 volens
2477 2080 2611 2122 peccat

424 2121 517 2158 alius
547 2128 651 2157 actus
679 2120 830 2158 videtur
859 2132 942 2157 esse
972 2120 1158 2157 consiliari
1188 2128 1224 2157 et
1255 2122 1486 2171 praecipere,
1542 2123 1580 2160 in
1600 2130 1691 2172 arte,
1713 2124 1822 2173 quasi
1839 2125 1986 2163 habens
2015 2133 2160 2162 rectum
2188 2125 2385 2173 iudicium,
2406 2137 2522 2174 quam
2545 2125 2610 2177 qui

422 2183 464 2211 ut
493 2186 537 2211 ex
565 2173 788 2223 supradictis
806 2173 826 2195 '¹‘
853 2180 967 2222 patet.
998 2173 1099 2221 Ergo
1137 2175 1359 2223 prudentiae
1387 2176 1488 2224 prin·
1542 2185 1676 2225 peccat
1703 2178 1848 2225 nolens,
1875 2179 1979 2226 quod
2007 2178 2159 2216 videtur
2188 2188 2270 2215 esse
2299 2189 2343 2215 ex
2374 2180 2523 2216 defectu
2555 2180 2610 2216 iu-

424 2227 553 2276 cipalis
580 2236 687 2265 actus
715 2239 794 2264 non
823 2234 879 2263 est
906 2226 1139 2275 praecipere.
1514 2236 1515 2248 ¹
1544 2230 1642 2267 dicii.
1673 2230 1751 2268 Sed
1778 2230 1816 2267 in
1845 2230 2044 2279 prudentia
2066 2239 2121 2268 est
2141 2243 2160 2268 e
2181 2243 2381 2278 converse,
2407 2239 2449 2268 ut
2477 2231 2611 2270 dicitur

479 2282 513 2318 3.
548 2281 783 2328 PRAETEREA,
803 2279 1036 2328 praecipere,
1065 2281 1127 2316 vel
1155 2280 1358 2329 imperare,
1382 2281 1488 2319 vide·
1514 2299 1515 2302 ¹
1541 2283 1580 2320 in
1604 2284 1654 2320 Vl
1683 2283 1802 2320 Ethic.
1822 2283 1863 2320 *ε
1891 2283 2168 2333 imprudentior
2187 2285 2289 2334 enim
2318 2292 2374 2322 est
2392 2285 2457 2334 qui
2474 2285 2610 2324 voleus
2636 2298 2646 2308 ·

423 2343 484 2371 tur
510 2334 699 2382 pertinere
728 2333 777 2370 ad
803 2334 1055 2380 voluntatem,
1077 2332 1185 2369 cuius
1214 2334 1408 2371 obiectum
1435 2342 1490 2372 est
1514 2343 1516 2389 ᾖ
1542 2343 1684 2386 peccat,
1714 2336 1821 2385 quasi
1849 2337 2031 2375 deficiens
2059 2337 2097 2374 in
2124 2337 2322 2388 principali
2339 2345 2426 2375 actu
2444 2338 2610 2388 pruden-

423 2387 509 2424 finis
539 2394 576 2423 et
602 2398 699 2435 quae
729 2393 862 2423 movet
885 2385 976 2422 alias
1004 2386 1193 2434 potentias
1218 2387 1381 2424 animae.
1412 2388 1488 2426 Sed
1515 2398 1516 2414 ³
1543 2389 1628 2436 tiae,
1659 2389 1723 2438 qui
1751 2396 1807 2426 est
1820 2389 2053 2440 praecipere,
2079 2402 2196 2440 quam
2219 2391 2282 2440 qui
2300 2398 2435 2441 peccat
2461 2393 2607 2430 nolens.

424 2439 626 2489 prudentia
654 2451 733 2476 non
762 2446 817 2476 est
844 2439 883 2475 in
918 2439 1135 2486 voluntate,
1163 2441 1229 2476 sed
1257 2440 1296 2477 in
1330 2441 1487 2478 ratione.
1515 2476 1516 2486 2
1596 2444 1655 2479 An
1684 2453 1821 2479 PRIMUM
1849 2453 1948 2480 ano
1980 2455 2166 2481 memnon
2195 2442 2299 2493 quod
2327 2450 2433 2481 actus
2462 2443 2609 2494 praeci-'

425 2494 527 2541 Ergo
556 2492 781 2542 prudentiae
809 2500 914 2529 actus
941 2504 1021 2529 non
1050 2500 1105 2529 est
1132 2493 1363 2542 praecipere.
1515 2502 1517 2536 ἕ
1542 2495 1671 2545 piendi
1691 2507 1732 2532 se
1762 2496 1926 2533 extendit
1945 2504 1981 2533 et
2009 2496 2058 2533 ad
2077 2497 2180 2533 bona
2208 2497 2479 2547 prosequenda
2500 2505 2536 2536 et
2559 2484 2609 2535 aii

479 2547 553 2583 SED
587 2557 733 2583 CONTRA
768 2556 834 2582 iss-r
870 2546 975 2594 quod
1013 2546 1271 2594 Philosophus
1309 2547 1416 2594 dicit,
1451 2547 1488 2584 in
1544 2549 1646 2586 mala
1666 2548 1951 2586 cavenda—Et
1964 2557 2091 2587 tamen
2105 2561 2340 2599 praecavere
2358 2550 2511 2588 insidias
2529 2563 2609 2588 non

424 2600 475 2635 VI
504 2600 622 2636 Ethio.
643 2598 674 2646 ³¹⁸,
696 2598 802 2647 quod
823 2599 1027 2647 prudentia
1050 2600 1294 2648 praeceptiva
1323 2606 1386 2637 est.
1543 2601 1708 2639 attribuit
1725 2602 1960 2650 Augustinus
1978 2603 2202 2651 prudentiae
2230 2604 2340 2652 quasi
2359 2603 2608 2653 principalem

478 2653 707 2689 RESPONDEO
737 2663 921 2689 DlCENDUM
950 2652 1055 2700 quod
1075 2653 1276 2701 prudentia
1305 2662 1361 2690 est
1388 2662 1490 2691 recta
1515 2682 1517 2703 Ι
1543 2663 1671 2693 actum
1699 2655 1838 2703 ipsius:
1869 2656 1936 2693 sed
1957 2657 2045 2705 quia
2074 2656 2142 2693 iste
2162 2663 2267 2694 actus
2286 2657 2509 2706 prudentiae
2529 2669 2608 2695 non

426 2706 518 2743 ratio
540 2705 746 2753 agibilium,
762 2713 803 2741 ut
823 2717 936 2753 supra
954 2705 974 2727 '¹‘
994 2705 1135 2743 dictum
1157 2714 1223 2743 est.
1245 2707 1355 2743 Unde
1377 2719 1491 2755 opor·
1544 2716 1674 2746 manet
1701 2708 1740 2745 in
1769 2708 1899 2757 patria.

425 2767 476 2796 tet
496 2759 600 2807 quod
629 2759 688 2795 ille
718 2758 763 2795 sit
782 2758 1010 2807 praecipuus
1038 2767 1144 2796 actus
1172 2759 1396 2808 prudentiae
1425 2761 1490 2808 qui
1596 2764 1654 2798 An
1692 2773 1882 2798 SECUNDUM
1920 2773 2104 2798 mesanum
2142 2762 2245 2811 quod
2274 2761 2423 2799 bonitas
2463 2762 2607 2800 consilii

427 2820 481 2849 est
517 2812 744 2860 praecipuus
779 2820 885 2848 actus
927 2812 1081 2848 rationis
1126 2813 1331 2860 agibilium.
1371 2813 1490 2850 Cuius
1543 2814 1743 2864 requiritur
1770 2822 1812 2851 ut
1841 2826 1886 2850 ea
1913 2827 2012 2863 quae
2056 2822 2142 2852 sunt
2174 2815 2272 2851 bene
2301 2814 2455 2852 inventa
2490 2815 2608 2864 appli-

426 2865 583 2913 quidem
612 2872 699 2901 sunt
717 2872 791 2900 tres
810 2872 928 2901 actus.
959 2865 1135 2912 Quorum
1155 2865 1298 2914 primus
1321 2873 1377 2903 est
1401 2879 1489 2903 con·
1544 2875 1676 2904 centur
1704 2867 1753 2904 ad
1782 2879 1891 2915 opus,
1921 2868 1970 2904 Et
1997 2867 2086 2904 ideo
2122 2867 2343 2917 praecipere
2370 2868 2532 2917 pertinet
2558 2868 2608 2906 ad

426 2918 559 2955 siliari:
589 2918 693 2967 quod
722 2918 885 2966 pertinet
907 2919 957 2955 ad
984 2918 1259 2966 inventionem,
1280 2931 1370 2956 nam
1400 2932 1490 2957 con·
1543 2920 1798 2970 prudentiam,
1819 2931 1918 2970 quae
1948 2928 2003 2957 est
2030 2921 2129 2958 bene
2160 2919 2407 2958 consiliativa.
2592 2920 2599 2940 ³⁴

427 2971 539 3008 siliari
568 2979 623 3007 est
651 2983 847 3019 quaerere,
871 2970 914 3007 ut
940 2983 1055 3020 supra
1076 2973 1095 2993 *
1123 2972 1295 3010 habitum
1326 2980 1392 3010 est.
1424 2974 1490 3010 Se·
1597 2975 1656 3011 An
1687 2985 1849 3011 'ram-um
1885 2985 2070 3011 DICENDUM
2104 2973 2210 3024 quod
2244 2986 2403 3012 movere
2437 2968 2608 3021 absolute

428 3024 575 3061 cundus
613 3031 717 3060 actus
736 3021 751 3052 β
780 3031 835 3060 est
870 3023 1038 3061 iudicare
1068 3025 1115 3062 de
1152 3025 1334 3063 inventis:
1365 3034 1402 3062 et
1429 3026 1490 3064 hic
1543 3027 1705 3076 pertinet
1723 3027 1772 3064 ad
1800 3026 2050 3064 voluntatem.
2081 3027 2158 3064 Sed
2186 3026 2406 3076 praecipere
2428 3027 2610 3076 importat

428 3077 521 3115 sistit
538 3082 554 3105 Υ
583 3076 814 3126 speculativa
843 3077 949 3114 ratio.
981 3078 1058 3115 Sed
1076 3079 1243 3127 practica
1262 3079 1370 3126 ratio,
1391 3091 1490 3128 quae
1544 3080 1757 3117 motionem
1779 3091 1866 3117 cum
1895 3080 2064 3128 quadam
2089 3080 2339 3118 ordinatione.
2369 3081 2419 3117 Et
2445 3080 2533 3119 ideo
2554 3087 2611 3118 est

428 3130 622 3168 ordinatur
641 3129 689 3167 ad
710 3142 819 3178 OPUS,
839 3131 1011 3178 procedit
1034 3132 1201 3179 ulterius,
1222 3139 1259 3169 et
1287 3140 1343 3169 est
1361 3132 1490 3170 tertius
1544 3141 1649 3171 actus
1678 3133 1843 3181 rationis,
1864 3141 1905 3170 ut
1932 3145 2047 3183 supra
2064 3133 2086 3156 ‘⁸‘
2113 3133 2257 3171 dictum
2287 3140 2353 3170 est.

481 3261 508 3292 α)
528 3260 634 3286 videtur
652 3268 716 3286 esse.
734 3274 753 3280 -
769 3265 809 3286 est
827 3261 922 3291 PDGR‚
941 3269 996 3287 esse
1015 3263 1121 3288 videtur
1139 3264 1180 3289 ed.
1198 3271 1224 3288 a.
1596 3264 1622 3297 γ)
1642 3264 1684 3289 hic
1701 3264 1773 3289 sinit
1789 3277 1808 3283 -
1825 3263 1868 3289 hic
1878 3265 1934 3296 fiat
1952 3263 2090 3296 ABEFpC,
2109 3263 2152 3289 hic
2169 3266 2225 3289 sur
2241 3263 2291 3296 pr),
2311 3263 2361 3289 Ιιοι·
2370 3262 2440 3296 finit
2456 3263 2476 3294 1,
2493 3263 2544 3289 hoc
2553 3263 2610 3297 fiat

482 3294 507 3328 β)
525 3299 609 3321 actus.
628 3310 646 3315 -
665 3296 726 3322 Om.
746 3297 793 3322 Px.
1438 3323 1440 3326 ,
1544 3299 1592 3331 pK,
1611 3299 1660 3325 hoc
1670 3299 1744 3332 facit
1762 3299 1886 3325 PLsCKR
1904 3304 1930 3324 et
1947 3306 1991 3329 xa,
2011 3299 2103 3324 abrasa
2122 3306 2168 3332 pn.

2637 314 2646 322 ⁸
2653 312 2819 339 Qu.1„xv1,art.
2828 319 2848 341 3.

2637 338 2768 360 comment.
2785 345 2848 360 num.

2635 371 2685 389 xm,
2701 371 2740 386 xiv
2751 365 2791 389 [cf.
2808 368 2848 386 art.

2637 390 2751 418 praeced,
2777 391 2847 412 Com-

2637 421 2707 438 ment.
2725 423 2789 438 num.
2802 421 2835 438 ιιι.

2637 525 2647 536 '⁶
2659 525 2717 546 Vide
2733 531 2781 552 arg.
2796 531 2815 550 2,
2827 529 2848 547 et

2639 557 2686 578 arg.
2698 551 2746 573 Sed
2756 553 2847 573 contra.

2638 883 2646 892 ·
2654 882 2689 904 ef.
2696 881 2740 903 1²¹1·
2748 882 2801 908 nnn
2808 888 2847 910 qu.

2637 914 2702 935 mn,
2717 913 2759 931 art.
2775 915 2790 930 ι.

2635 3127 2674 3150 ⁸1¹·
2679 3127 2733 3154 11⁸⁴,
2741 3133 2781 3156 qu.
2790 3133 2846 3151 xvu.

2635 3158 2678 3179 m.
2692 3160 2709 3176 r.
