2892 4056
1050 157 1315 203 QUAESTIO
1346 157 1412 203 1V,
1442 158 1735 196 ARTICULUS
1766 160 1795 195 11

83 218 114 282 Ἰ
200 248 215 263 α
342 204 520 280 effluxu),
541 234 617 281 qui,
640 246 727 270 cum
749 240 766 256 ‘¹‘
789 235 882 272 nihil
907 235 1007 272 dicat
1027 236 1072 272 de
1095 235 1266 272 imitabili
1281 241 1318 271 et
1337 236 1399 282 fu-

105 293 185 340 ἑξῆς.
195 297 314 338 ¹122·ssss
341 286 492 336 giendo,
513 294 553 322 ut
572 286 706 323 dicitur
729 287 766 324 in
787 288 836 324 III
856 288 902 324 de
914 289 1054 324 Anima
1068 288 1099 334 ⁸¹²,
1121 300 1198 325 non
1223 295 1277 324 est
1299 287 1399 336 prin-

343 336 483 388 cipium
520 338 774 387 operationis:
811 340 908 377 fides
946 348 1072 377 autem
1111 348 1166 377 est
1202 352 1299 389 quae
1327 351 1400 388 per

340 390 571 428 dilectionem
600 397 789 439 operatur,
817 401 858 429 ut
887 393 1020 430 dicitur
1047 393 1098 429 ad
1127 393 1210 430 Gal.
1241 405 1263 428 v
1282 392 1312 429 ²¹⁸.
1343 392 1398 429 Si·

341 443 479 481 militer
514 443 628 481 etiam
657 457 727 481 nec
763 445 800 482 in
838 445 1027 482 intellectu
1062 445 1253 493 practico,
1292 444 1398 481 cuius

341 495 532 533 obiectum
560 505 616 533 est
642 509 776 534 verum
807 497 1026 545 contingens
1054 497 1214 533 factibile
1233 498 1295 533 vel
1323 497 1398 544 agi-

341 547 436 585 bile:
466 548 658 587 obiectum
688 551 790 587 enim
818 550 908 587 fidei
937 557 993 586 est
1018 561 1154 586 verum
1184 557 1395 596 aeternum,

340 608 382 637 ut
406 613 451 637 ex
478 602 701 651 supradictis
721 603 742 624 ¹¹
769 603 879 651 patet.
917 602 1008 639 Non
1037 613 1126 649 ergo
1155 602 1251 639 fides
1280 609 1334 638 est
1359 602 1396 638 in

339 653 528 691 intellectu
556 655 651 692 sicut
677 655 715 692 in
743 653 926 692 subiecto.

393 707 468 744 SED
496 719 641 745 CONTRA
667 719 734 747 EST
761 708 866 756 quod
893 706 984 744 fidei
1012 706 1180 743 succedit
1207 707 1303 744 visio
1332 718 1397 755 pa-

297 771 302 775 ·
338 759 450 796 triae:
479 760 691 797 secundum
720 759 810 796 illud
834 761 847 795 1
876 759 928 795 ad
958 760 1044 795 Cor.
1069 771 1128 796 xm
1148 759 1187 795 ³⁸:
1225 760 1397 796 Videmus

338 824 439 849 nunc
450 823 524 861 per
540 812 729 861 speculum
749 812 786 848 in
805 810 1031 861 aenigmate,
1052 817 1139 848 tunc
1157 818 1280 848 autem
1288 812 1398 861 facie

338 864 557 914 adfaciem.
576 865 651 902 Sed
666 862 763 902 visio
780 872 836 901 est
850 863 887 900 in
902 864 1100 901 intellectu
1119 865 1220 912 Ergo
1237 873 1272 901 et
1287 865 1394 901 fides.

389 919 615 969 ,Responnsso
639 911 822 955 bicennum
846 917 963 965 quod,
986 929 1073 954 cum
1093 917 1189 954 fides
1214 917 1259 954 sit
1282 930 1396 966 quae-

339 969 428 1006 dam
447 971 578 1014 virtus,
600 978 750 1018 oportet
773 971 876 1018 quod
902 977 1007 1006 actus
1028 970 1107 1006 eius
1131 970 1177 1006 sit
1195 970 1394 1018 perfectus.

336 1023 397 1058 Ad
417 1023 689 1070 perfectionem
714 1030 843 1059 autem
864 1030 969 1059 actus
989 1023 1053 1071 qui
1073 1035 1118 1059 ex
1138 1023 1289 1059 duobus
1310 1023 1396 1059 acti-

334 1074 393 1111 vis
411 1075 605 1125 principiis
632 1076 805 1123 procedit
833 1075 1030 1124 requiritur
1057 1076 1162 1124 quod
1190 1084 1395 1125 utrumque

146 1127 150 1129 Δ
196 1130 211 1164 β
335 1126 547 1165 activorum
567 1128 840 1177 principiorum
856 1126 871 1157 β
887 1129 931 1165 sit
948 1129 1174 1177 perfectum:
1196 1141 1274 1165 non
1295 1129 1395 1166 enim

334 1187 459 1228 potest
487 1181 584 1218 bene
613 1181 732 1218 secari
765 1181 836 1218 nisi
869 1189 905 1218 et
937 1194 1070 1218 secans
1105 1182 1243 1218 habeat
1276 1189 1396 1219 artem

335 1239 374 1270 et
399 1244 503 1271 serra
532 1234 580 1277 sit
594 1234 702 1277 >bene
732 1234 912 1283 disposita
931 1234 980 1271 ad
1007 1234 1227 1271 secandum.
1258 1234 1395 1283 Dispo-

323 1282 576 1324 sifid‘aiffem
608 1287 788 1324 fad-bene
816 1287 1006 1335 agendum
1044 1287 1080 1324 in
1119 1287 1187 1324 illis
1219 1287 1394 1336 potentiis

72 1366 76 1376 .
187 1350 206 1391 χ
330 1338 487 1396 &pintae
507 1352 604 1389 quae
624 1351 664 1377 se
683 1340 826 1389 habent
849 1340 900 1381 ad
918 1340 1093 1390 opposita
1111 1345 1126 1367 Υ
1147 1348 1203 1376 est
1225 1341 1392 1387 habitus,

95 1397 185 1451 2¹:²¹⁴?
198 1423 201 1427 Δ
215 1403 306 1452 *ἺᾞΞς
329 1385 509 1447 ,ηξῇιὶρτει
527 1388 791 1445 Jdietumflst.
822 1391 871 1436 Et
889 1392 977 1430 ideo
988 1400 1147 1441 ‚oportet
1166 1393 1270 1441 quod
1289 1403 1394 1431 actus

132 1439 139 1447 ⁰
191 1460 207 1486 a
238 1439 245 1451 '
270 1439 276 1450 '
329 1437 801 1499 Jpffiocleden's'exvduabus
833 1443 971 1482 talibus
995 1443 1008 1466 ³
1030 1444 1206 1493 potentiis
1239 1442 1287 1481 sff
1310 1457 1394 1494 per-

43 1537 49 1545 ,
327 1493 612 1553 {ecthshabim
636 1494 780 1545 aliquo
795 1497 1069 1546 praeexistente
1091 1497 1129 1534 in
1149 1506 1307 1546 utraque
1327 1510 1394 1546 po-

47 1552 51 1570 ³
93 1552 305 1608 *ssrgfflffi
327 1535 547 1605 φξῖῦξῇξωὲη.
567 1542 727 1589 Dictum
749 1559 804 1588 est
823 1557 950 1588 autem
970 1562 1084 1599 supra
1102 1549 1122 1571 *
1142 1550 1247 1598 quod
1267 1550 1394 1588 crede-

91 1587 135 1611 *
326 1595 458 1658 ffissist
481 1611 586 1646 actus
611 1600 820 1640 intellectus
845 1602 1056 1641 secundum
1086 1602 1191 1651 quod
1217 1611 1394 1641 movetur

329 1653 583 1711 qupluvntate
624 1656 672 1694 ad
713 1655 1018 1694 assentiendum:
1047 1655 1220 1705 procedit
1251 1656 1351 1693 enirn
1381 1662 1392 1677 ²

358 1700 549 1763 Ἷξᾷιῇφράὶ
577 1717 682 1757 actus
712 1717 747 1747 et
779 1722 800 1748 a
819 1710 1015 1749 voluntate
1050 1716 1087 1746 et
1114 1708 1162 1746 ab
1191 1709 1390 1746 intellectu.

90 1800 177 1824 ,ΜΡ
191 1805 296 1830 qma-n
398 1773 511 1816 emm
541 1771 698 1812 uterque
727 1770 838 1801 natus
867 1770 1019 1811 estper
1046 1761 1218 1799 habitum
1247 1761 1391 1811 perfici,

106 399 114 406 ·
130 396 196 419 Vers.
212 396 235 417 6.

103 610 114 620 ⁸
129 609 175 636 Qu.
197 615 216 635 ι,
238 612 279 630 art.
297 615 312 635 ι,

102 641 149 663 arg.
158 635 207 657 Sed
214 635 311 657 Coma.

99 766 112 777 ·
125 766 191 789 vm.
206 772 236 788 n.

326 1802 544 1869 ᾗβψῇρμω
567 1815 765 1869 >praedicta
783 1815 814 1853 *.
844 1815 893 1853 Et
911 1814 999 1852 ideo
1019 1822 1169 1864 oportet
1187 1814 1294 1863 quod
1312 1822 1389 1852 tarn

327 1953 363 1973 1η·
383 1946 411 1978 t)
423 1946 482 1979 Liui,
494 1953 564 1974 αω-
575 1958 594 1967 ·-
611 1947 768 1980 quicumque
785 1947 839 1977 AF,
852 1947 916 1979 quia
933 1953 992 1972 cum
1012 1947 1045 1978 H,
1063 1953 1123 1972 nam
1141 1947 1217 1974 PLa3
1235 1954 1283 1979 pro
1301 1947 1390 1971 imita-

329 1980 531 2015 bi(f„²¹¹1'.tal?1'1,1'a
544 1982 564 2007 F
565 1982 659 2015 ρᾼΒΕ,
677 1982 796 2008 evitabili
807 1980 1119 2014 PCDHfflLsABE(pG?)
1139 1987 1165 2008 et
1178 1989 1257 2012 ima„-
1276 1989 1323 2015 pro
1337 1988 1388 2006 non

325 2015 461 2050 estsergo
476 2019 532 2042 'non
546 2015 598 2042 *est*
609 2017 638 2047 L,
658 2022 711 2042 mm
730 2019 770 2043 est
787 2024 852 2051 ergo
872 2017 918 2042 Pa.

325 2048 410 2084 ψ’β).
426 2048 575 2080 acn'vomt'm
594 2053 801 2085 primipiorum.
818 2066 837 2073 -
859 2053 1008 2079 activorum
1029 2052 1194 2084 principium
1221 2052 1389 2080 ABFHLssa,

325 2087 478 2130 afigorqnt
487 2088 686 2126 prim-‘ipsorum
701 2088 866 2122 principium
885 2088 939 2124 ΕΚ,
959 2088 1075 2113 activum
1090 2087 1254 2120 principium
1274 2087 1315 2113 CI.

43 2154 47 2158 ἡ
84 2145 210 2190 ,ιιζίι.ι;,-,
243 2167 246 2186 i
273 2166 277 2172 ”
325 2164 399 2186 ‘silli
432 2164 464 2186 22·
491 2155 508 2159 Μ
555 2165 573 2185 ³¹
612 2167 615 2174 '

142 2200 156 2213 ‚r
175 2199 196 2213 ⁷.2=
231 2199 234 2202 ’
508 2214 510 2218 ,
579 2218 581 2221 Ι

352 2219 404 2243 ,μ’
480 2221 482 2229 ,
680 2220 682 2222 .
751 2224 753 2227 ,
815 2224 858 2232 *A

359 2247 381 2276 κ’
404 2247 600 2286 quaestionis
625 2254 754 2288 quartae
783 2247 917 2278 articulo
949 2246 1104 2282 secundo,
1129 2246 1249 2276 omisso
1274 2245 1389 2286 primo,

333 2258 496 2333 Idubium
519 2291 656 2332 occurrit
679 2291 804 2336 duplex.
829 2291 983 2327 Primum,
1008 2291 1176 2331 quomodo
1200 2290 1325 2320 credere
1351 2289 1391 2319 sit

324 2331 348 2364 *a
370 2323 498 2375 &noblis
521 2326 640 2371 abar-is,
653 2333 824 2366 'intellectu
849 2334 967 2366 scilicet
989 2341 1020 2365 et
1034 2335 1208 2365 voluntate.
1234 2333 1295 2364 Sed
1311 2343 1391 2374 quo-

91 2382 300 2409 ·An.4‚oomm.
324 2374 508 2409 ffiffin³‘hoe'
535 2376 570 2409 in
600 2376 784 2419 quaestione
815 2379 1118 2419 sexagesimaquinm
1132 2378 1156 2397 ¹*
1178 2378 1391 2418 praecedentis

91 2414 156 2431 πω·
170 2414 195 2430 ““
329 2422 415 2453 Libri
438 2422 559 2454 dietum
583 2429 650 2458 ests
662 2423 818 2453 solvendo
840 2423 996 2453 rationem
1011 2423 1106 2459 Secti,
1126 2423 1199 2452 ideo
1211 2423 1391 2452 'secundum

330 2466 465 2498 dubium
488 2477 525 2497 ex
548 2468 662 2498 eodem
685 2467 793 2504 Semo,
818 2466 850 2496 in
869 2477 929 2499 xxv
944 2467 1016 2498 dista
1033 2465 1104 2497 *111
1121 2466 1218 2502 Sent„
1243 2466 1389 2497 occurrit.

328 2511 421 2552 Etut
435 2511 628 2551 intelligatur
643 2511 787 2548 dubium,
800 2511 969 2551 praemitto
984 2510 1062 2541 duo.
1086 2510 1231 2541 Alterum
1243 2516 1290 2540 est
1301 2510 1390 2550 quod

329 2555 416 2598 aliud
439 2561 485 2586 est
507 2554 748 2596 fidemletleius
773 2561 888 2590 actum,
914 2554 1032 2586 scilicet
1055 2554 1187 2590 credere,
1213 2553 1390 2593 dependere

329 2610 348 2630 a
368 2599 548 2630 voluntate:
573 2607 603 2630 et
626 2599 711 2629 aliud
735 2605 782 2630 est
803 2597 900 2629 fidem
922 2598 1094 2638 perfectam
1117 2598 1148 2627 in
1165 2607 1225 2628 suo
1241 2604 1323 2633 actu,
1341 2597 1391 2627 vel

328 2650 436 2674 actum
451 2640 524 2674 fidei
539 2643 725 2683 perfectum,
737 2643 914 2682 dependere
930 2652 946 2672 a
962 2643 1125 2673 voluntate
1137 2641 1284 2682 perfecta,
1303 2641 1391 2672 Haec

272 2695 273 2698 ’
328 2687 415 2718 enim
438 2693 515 2718 sunt
526 2688 621 2718 ‘valde
630 2687 766 2723 -diversa,
783 2693 815 2717 et
832 2695 898 2717 non
911 2693 987 2717 sunt
1006 2685 1239 2716 confundenda.
1263 2686 1305 2715 Et
1319 2685 1391 2716 licet

328 2738 502 2772 utrumque
526 2731 565 2762 sit
587 2741 699 2762 verum
723 2738 753 2762 et
776 2737 930 2761 assertum
953 2731 992 2761 ab
1015 2731 1171 2766 Auctore,
1193 2736 1227 2759 et
1249 2730 1390 2770 primum

328 2786 388 2816 pro
411 2775 568 2816 principio
592 2783 623 2806 et
645 2775 822 2806 secundum
838 2785 897 2815 pro
914 2774 1119 2805 conclusione
1138 2774 1188 2804 hic
1204 2774 1388 2810 inductum;

329 2830 396 2850 non
419 2826 525 2850 tamen
549 2829 608 2860 pro
624 2820 739 2850 eodem
755 2819 910 2850 sumenda
929 2825 1012 2849 sunt.
1037 2818 1121 2855 Quia
1136 2817 1168 2848 in
1183 2817 1287 2857 primo
1305 2817 1389 2848 dicto

329 2863 408 2894 nihil
430 2863 518 2894 aliud
541 2863 733 2904 significatur
756 2863 816 2894 nisi
839 2863 927 2903 quod
955 2862 1079 2893 credere
1103 2868 1149 2892 est
1173 2872 1190 2891 a
1212 2862 1389 2892 voluntate:

329 2914 361 2938 et
382 2907 450 2938 noti
472 2907 597 2945 dicitur,
617 2917 634 2938 a
654 2907 818 2938 voluntate
841 2906 978 2947 perfecta
999 2916 1055 2946 per
1077 2905 1221 2936 habiturn
1245 2904 1389 2936 caritatis.

329 2951 370 2982 Et
392 2951 454 2981 hoc
478 2958 525 2982 est
546 2948 746 2982 verissimum
774 2958 805 2982 et
835 2951 1061 2981 certissimum:
1086 2950 1161 2991 quia
1193 2950 1317 2981 credere
1345 2956 1391 2980 est

328 2993 544 3026 voluntarium
560 2995 705 3035 positive,
719 3002 754 3026 ut
770 2995 957 3035 experimur.
975 2995 1010 3024 In
1027 2994 1166 3024 secundo
1183 3000 1289 3024 autem
1305 2993 1390 3024 dicto

329 3038 522 3079 significatur
545 3049 612 3071 non
635 3040 725 3080 quod
746 3039 882 3075 credere,
906 3039 961 3069 sed
985 3038 1074 3079 quod
1097 3039 1175 3068 bene
1199 3038 1324 3068 credere
1344 3045 1390 3069 est

329 3094 348 3115 a
369 3082 532 3115 voluntate
556 3083 695 3123 perfecta
715 3083 851 3115 caritate.

384 3127 530 3158 Alterum
551 3127 643 3168 quod
657 3127 826 3167 praemitto
842 3133 888 3158 est
902 3127 991 3167 quod
1006 3126 1120 3158 Scotus
1134 3125 1253 3157 ibidem
1268 3132 1390 3158 utrum-

329 3178 399 3212 que
416 3170 592 3203 confundit.
616 3171 751 3202 Nam‹in
769 3171 863 3202 titulo
883 3180 958 3201 suae
974 3170 1168 3210 quaestionis
1189 3169 1333 3210 loquitur
1351 3170 1390 3201 de

329 3214 401 3251 fide,
426 3221 456 3246 et
478 3215 510 3246 in
531 3224 662 3254 corpore
686 3214 808 3248 articuli
831 3214 869 3245 de
893 3221 963 3245 acm
988 3213 1143 3245 credendi.
1167 3213 1265 3245 Affert
1283 3221 1389 3245 tamen

329 3259 486 3291 rationem
509 3259 607 3290 huius
637 3259 756 3290 litterae
785 3265 894 3289 contra
917 3268 967 3294 se,
991 3257 1150 3298 explicans
1172 3257 1327 3289 maiorem
1350 3259 1390 3289 de

329 3310 400 3334 actu
429 3303 626 3343 dependente
649 3313 667 3333 a
690 3303 817 3334 duobus
844 3302 1009 3342 agentibus
1039 3302 1064 3333 si
1092 3302 1132 3333 sit
1153 3301 1328 3342 perfectus,
1353 3309 1389 3333 ut

328 3347 380 3379 hic
403 3347 583 3383 assumitur,
607 3354 638 3377 et
660 3353 794 3379 tractans
817 3345 1026 3386 postmodum
1042 3346 1224 3386 exemplum
1241 3347 1279 3377 de
1295 3357 1387 3377 serra.

328 3391 554 3427 Veruntamen,
579 3391 734 3432 quidquid
762 3390 829 3431 ipse
851 3389 1029 3427 intenderit,
1053 3389 1179 3422 afferam
1204 3400 1240 3421 ex
1263 3390 1333 3431 ipso
1357 3391 1389 3421 id

328 3436 417 3476 quod
442 3442 551 3466 contra
574 3445 633 3466 nos
657 3434 780 3475 opponi
803 3441 916 3474 potest.

91 2471 264 2501 ''Paean-r..

2454 160 2503 205 45

1452 236 1488 271 in
1508 236 1700 273 voluntate
1720 237 1765 273 sit
1788 237 1921 284 aliquis
1941 237 2089 273 habitus
2108 249 2224 285 quam
2251 237 2288 273 in
2307 236 2504 283 intellectu,

1453 287 1482 324 si
1512 288 1647 324 debeat
1675 297 1780 326 actus
1807 289 1898 326 fidei
1926 301 2007 326 esse
2035 290 2242 338 perfectus:
2271 289 2365 326 sicut
2394 289 2506 326 etiam

1452 340 1500 377 ad
1527 341 1602 376 hoc
1630 343 1731 389 quod
1761 350 1864 378 actus
1893 341 2193 390 concupiscibilis
2222 341 2268 378 sit
2297 341 2504 390 perfectus,

1452 400 1602 441 oportet
1629 394 1733 441 quod
1770 395 1815 430 sit
1850 394 2000 431 habitus
2032 393 2254 443 prudentiae
2288 394 2326 431 in
2362 394 2505 431 ratione

1452 453 1487 482 et
1505 445 1652 482 habitus
1672 447 1939 494 temperantiae
1960 447 1997 483 in
2022 446 2314 496 concupiscibili.
2341 447 2506 484 Credere

1451 497 1601 534 autem<
1616 506 1670 535 est
1685 498 1902 536 immediate
1921 507 2026 536 actus
2044 499 2267 536 intellectus:
2294 499 2384 547 quia
2403 500 2505 536 obie-

1452 559 1552 587 ctum
1581 551 1693 587 huius
1722 560 1825 588 actus
1846 560 1899 588 est
1917 564 2064 599 verum,
2086 553 2190 600 quod
2217 552 2368 601 proprie
2394 552 2505 600 perti-

1450 610 1514 639 net
1532 603 1579 639 ad
1598 603 1836 640 intellectum.
1858 605 1906 640 Et
1927 605 2011 641 ideo
2032 617 2186 642 necesse
2202 613 2258 642 est
2272 604 2377 653 quod
2396 605 2504 651 fides,

1451 668 1547 703 quae
1569 663 1623 692 est
1642 657 1838 704 proprium
1866 657 2092 706 principium
2121 658 2231 694 huius
2259 665 2374 705 actus,
2395 658 2441 694 sit
2468 657 2505 694 in

1451 708 1637 745 intellectu
1667 709 1760 745 sicut
1789 710 1827 745 in
1856 709 2036 746 subiecto.
2210 695 2215 719 κ

1502 763 1561 798 AD
1583 773 1720 798 ramum
1739 773 1836 798 ERGO
1857 773 2038 798 DlCENDUM
2068 763 2173 810 quod
2200 763 2432 810 Augustinus
2461 763 2505 799 fi-

1451 814 1539 850 dem
1560 814 1694 861 accipit
1720 826 1790 861 pro
1811 821 1895 850 actu
1923 814 2031 850 fidei:
2061 815 2125 862 qui
2146 815 2278 851 dicitur
2303 815 2504 852 consistere

1452 866 1488 902 in
1517 865 1750 902 credentium
1786 867 1979 903 voluntate
2017 867 2238 914 inquantum
2274 880 2318 904 ex
2345 868 2504 917 imperio

1449 918 1652 955 voluntatis
1681 919 1888 955 intellectus
1915 919 2154 956 credibilibus
2181 921 2343 957 assentit.

1503 974 1561 1009 An
1582 983 1770 1008 SECUNDUM
1789 983 1971 1008 DICENDUM
1991 972 2094 1020 quod
2115 985 2193 1009 non
2212 974 2335 1009 solum
2357 980 2506 1021 oportet

1450 1025 1683 1060 voluntatem
1714 1037 1795 1060 esse
1824 1033 2041 1073 promptam
2070 1025 2118 1061 acl
2147 1026 2416 1072 obediendum,
2437 1026 2504 1063 sed

1451 1077 1564 1113 etiam
1598 1077 1827 1113 intellectum
1861 1089 1942 1113 esse
1981 1077 2078 1113 bene
2115 1078 2336 1126 dispositum
2371 1079 2419 1115 ad
2448 1091 2504 1115 se-

1449 1129 1646 1178 quendum
1666 1129 1866 1177 imperium
1886 1130 2104 1166 voluntatis:
2135 1130 2229 1166 sicut
2248 1138 2397 1179 oportet
2416 1143 2505 1168 con-

1451 1182 1707 1231 cupiscibilem
1728 1193 1809 1218 esse
1830 1182 1926 1218 bene
1956 1182 2176 1230 dispositam
2198 1183 2246 1220 ad
2266 1184 2503 1232 sequendum

1450 1235 1652 1284 imperium
1689 1234 1852 1271 rationis.
1892 1236 1941 1271 Et
1967 1235 2054 1271 ideo
2088 1248 2165 1272 non
2199 1237 2321 1272 solum
2356 1244 2504 1284 oportet

1449 1300 1531 1324 esse
1559 1288 1730 1324 habitum
1749 1287 1896 1324 virtutis
1915 1287 1952 1324 in
1971 1289 2166 1325 voluntate
2195 1289 2415 1337 imperante,
2436 1289 2503 1326 sed

1449 1341 1562 1377 etiam
1591 1341 1630 1377 in
1657 1340 1845 1377 intellectu
1874 1341 2111 1379 assentiente.

1500 1395 1559 1430 An
1587 1405 1746 1430 TER’rmM
1774 1404 1956 1430 mcENDuM
1989 1393 2094 1442 quod
2121 1394 2218 1431 fides
2246 1402 2303 1430 est
2333 1393 2372 1430 in
2399 1394 2503 1431 intel-

1447 1446 1547 1482 lectu
1568 1445 1800 1494 speculativo
1830 1445 1924 1482 sicut
1951 1446 1989 1482 in
2017 1446 2208 1483 subiecto:
2238 1454 2279 1482 ut
2306 1446 2503 1491 manifeste

1449 1506 1550 1546 patet
1579 1510 1623 1534 ex
1655 1498 1744 1534 fidei
1774 1498 1935 1534 obiecto.
1977 1499 2052 1535 Sed
2082 1499 2170 1546 quia
2197 1498 2335 1535 veritas
2363 1499 2501 1547 prima,

1448 1562 1547 1599 quae
1577 1558 1632 1587 est
1659 1550 1748 1587 fidei
1778 1550 1983 1599 obiectum,
2013 1559 2068 1588 est
2094 1551 2180 1588 finis
2209 1551 2380 1588 omnium
2409 1552 2504 1589 desi-

1448 1603 1642 1640 deriorum
1672 1611 1708 1640 et
1736 1603 1930 1641 actionum
1958 1612 2195 1650 nostrarum,
2233 1612 2273 1640 ut
2308 1611 2410 1653 patet
2437 1617 2505 1653 per

1446 1655 1712 1704 Augustinum,
1734 1656 1771 1692 in
1802 1658 1815 1693 I
1845 1657 1890 1693 de
1912 1658 1949 1694 T
1944 1658 2016 1693 rin.
2037 1658 2073 1701 *ς
2105 1657 2191 1694 inde
2222 1665 2276 1694 est
2305 1657 2409 1706 quod
2436 1670 2505 1706 per

1448 1709 1686 1746 dilectionem
1717 1717 1905 1757 operatur.
1936 1709 2040 1746 Sicut
2060 1710 2171 1746 etiam
2195 1709 2401 1747 intellectus
2420 1723 2503 1759 spe-

1448 1761 1632 1798 culativus
1670 1761 1887 1798 extensione
1920 1762 1963 1799 fit
1994 1762 2202 1811 practicus,
2237 1770 2278 1799 ut
2305 1762 2438 1800 dicitur
2465 1763 2503 1800 in

1446 1816 1495 1851 III
1525 1815 1570 1851 de
1595 1815 1737 1851 Anima
1755 1814 1786 1851 *.

1480 1947 1523 1978 ·γ)
1542 1947 1674 1978 opposita.
1692 1959 1710 1964 —
1728 1946 1829 1971 obiecta
1849 1946 1895 1970 Pa.

1496 1980 1520 2012 δ)
1541 1981 1646 2006 talibus.
1665 1994 1683 1999 -
1702 1981 1799 2006 talibus
1817 1981 1970 2006 huiusmodi
1987 1981 2220 2006 ABCDEFHKLR.

1496 2016 1519 2047 ε)
1539 2016 1618 2041 enim.
1635 2030 1654 2035 -
1671 2019 1759 2041 autem
1780 2017 1825 2040 Pa.
1843 2030 1862 2035 -
1880 2017 1931 2041 Pro
1955 2019 2064 2049 uterque
2089 2020 2181 2046 natus,
2202 2020 2342 2049 utrumque
2361 2021 2440 2043 natus
2458 2017 2502 2042 ΑΕ

1444 2051 1520 2081 Fixa,
1540 2054 1681 2083 utrumque
1699 2055 1792 2076 natum
1811 2051 1840 2076 P.

1496 2086 1522 2119 ζ)
1541 2090 1639 2111 autem.
1652 2101 1670 2105 —
1688 2090 1715 2112 et
1729 2090 1818 2112 cetera
1831 2087 1911 2118 ΑΕΗ,
1927 2091 2015 2121 tamen
2030 2088 2060 2118 B,
2074 2091 2101 2112 et
2115 2091 2204 2113 cetera
2223 2090 2310 2112 tamen
2327 2088 2356 2120 F,
2369 2091 2394 2112 et
2407 2095 2466 2113 cum
2481 2088 2501 2112 L

940 2168 942 2171 ’
991 2167 1333 2200 'Commenta-ia
1355 2163 1606 2198 Oa'rdinalis
1627 2165 1828 2198 Caietam

1498 2245 1612 2285 Arguit
1635 2255 1709 2284 ergo
1734 2245 1847 2276 Scotus
1870 2246 1909 2276 ad
1931 2246 1993 2277 hoc
2016 2247 2104 2286 quod
2127 2247 2167 2276 ad
2196 2246 2370 2286 perfectum
2394 2253 2499 2277 actum

1443 2287 1515 2319 fidei
1539 2299 1605 2319 non
1629 2289 1797 2329 requiritur
1822 2289 1854 2319 in
1878 2290 2040 2320 voluntate
2066 2289 2216 2331 perfectio
2246 2300 2343 2331 quam
2367 2290 2499 2321 dicimus

1443 2333 1612 2365 caritatem.
1628 2334 1715 2364 Tum
1739 2333 1823 2374 quia,
1847 2334 1952 2374 posito
1975 2335 2062 2375 quod
2077 2334 2223 2365 voluntas
2238 2340 2364 2364 moveat
2382 2334 2500 2365 intelle-

1444 2384 1531 2409 ctum
1559 2377 1598 2407 ad
1626 2378 1835 2414 credendum,
1860 2378 1899 2408 ad
1923 2378 1984 2409 hoc
2011 2378 2128 2409 sufficit
2154 2378 2222 2418 ipsa
2245 2389 2318 2409 cum
2342 2378 2498 2409 intellectu

1443 2422 1598 2462 disposito
1621 2431 1678 2461 per
1696 2422 1840 2452 habitum
1855 2421 1928 2451 fidei
1944 2422 2146 2469 inclinantem
2162 2423 2356 2453 intellectum
2380 2423 2419 2452 ad
2436 2433 2499 2453 cre-

1443 2466 1594 2499 dendum.
1611 2483 1632 2488 -—
1647 2466 1735 2496 Tum
1758 2465 1842 2505 quia,
1858 2465 1939 2496 sicut
1953 2466 1986 2496 in
2003 2476 2085 2498 serra
2102 2466 2216 2497 sufficit
2231 2467 2347 2497 acuties
2363 2467 2403 2498 ad
2419 2467 2498 2497 scin-

1444 2510 1601 2545 dendum,
1625 2509 1668 2539 ita
1690 2509 1723 2539 in
1746 2509 1860 2540 virtute
1883 2510 2003 2540 motiva
2030 2510 2144 2542 sufficit
2169 2510 2238 2551 ipsa
2260 2511 2357 2542 virtus
2380 2511 2499 2541 motiva

1444 2553 1561 2593 absque
1593 2552 1700 2593 aliquo
1729 2552 1942 2592 superaddito.
1966 2571 1987 2577 ·-
2011 2555 2099 2585 Turn
2126 2555 2200 2595 quia
2223 2554 2394 2585 differentia
2419 2555 2499 2585 inter

1443 2603 1549 2627 actum
1576 2596 1722 2626 credendi
1749 2596 1968 2636 perfectiorem
1997 2603 2028 2628 et
2053 2598 2159 2628 minus
2187 2598 2362 2638 perfectum
2385 2597 2499 2628 sufficit

1443 2641 1531 2681 quod
1546 2640 1714 2671 reducatur
1724 2640 1757 2670 in
1773 2640 2013 2680 dispositionem
2028 2641 2203 2673 intellectus
2222 2641 2498 2682 proportionaliter

1443 2685 1542 2725 magis
1564 2684 1614 2714 vel
1637 2684 1743 2714 minus
1766 2684 1909 2724 perfecti:
1934 2691 1964 2715 et
1987 2695 2052 2715 non
2071 2691 2198 2726 oportet
2219 2692 2384 2726 propterea
2403 2686 2497 2716 aliam

1442 2729 1475 2760 in
1497 2729 1660 2759 voluntate
1683 2728 1908 2768 perfectionem
1931 2738 2059 2769 ponere.

1499 2773 1535 2803 11.
1559 2773 1611 2803 Ad
1634 2772 1773 2813 primum
1797 2773 1913 2803 horum
1935 2772 2048 2804 dicitur
2074 2774 2162 2813 quod
2185 2773 2270 2803 aliud
2289 2779 2335 2804 est
2353 2773 2443 2814 loqui
2458 2774 2497 2804 de

1444 2817 1580 2853 credere;
1605 2823 1635 2847 et
1650 2817 1735 2847 aliud
1752 2817 1790 2846 de
1805 2817 1943 2847 virtuose
1959 2818 2092 2847 credere.
2117 2817 2204 2848 Licet
2218 2817 2302 2847 enirn
2318 2818 2357 2847 ad
2372 2818 2496 2848 creden-

1443 2861 1520 2891 dum
1544 2867 1591 2891 sat
1614 2860 1654 2891 sit
1671 2861 1817 2891 voluntas
1842 2861 1907 2891 sine
1930 2861 2056 2897 habitu,
2081 2861 2120 2891 ad
2142 2861 2281 2891 virtuose
2304 2867 2410 2892 tamen
2434 2871 2496 2892 cre-

1444 2905 1594 2940 dendum,
1611 2905 1650 2935 de
1665 2915 1731 2945 quo
1745 2905 1815 2935 solo
1831 2911 1876 2935 est
1895 2914 1998 2935 sermo
2014 2906 2046 2935 in
2063 2905 2267 2936 conclusione
2282 2905 2350 2941 hac,
2367 2905 2498 2946 exigitur

1443 2949 1589 2980 voluntas
1612 2949 1747 2989 perfecta
1770 2949 1890 2985 habitu,
1914 2956 1950 2979 ut
1972 2949 2004 2979 in
2028 2949 2128 2979 littera
2151 2950 2311 2989 probatur.

1498 2993 1547 3023 Ad
1571 2993 1747 3023 secundum
1774 2999 1881 3023 autem
1909 2993 2020 3024 dicitur
2043 2993 2131 3033 quod
2158 2993 2244 3023 aliud
2273 3000 2319 3023 est
2347 2993 2436 3034 loqui
2459 2994 2497 3023 de

1443 3037 1597 3073 scindere;
1621 3044 1651 3068 et
1673 3037 1758 3067 aliud
1786 3037 1824 3067 de
1851 3038 1931 3068 bene
1953 3047 2066 3068 secare.
2095 3038 2162 3068 Nos
2191 3037 2324 3068 dicimus
2347 3038 2436 3078 quod
2458 3038 2496 3068 ad

1443 3082 1522 3112 bene
1553 3091 1654 3112 secare
1687 3080 1818 3121 exigitur
1846 3081 1996 3121 perfectio
2026 3081 2225 3112 instrumenti
2259 3088 2289 3112 et
2319 3081 2497 3121 principalis

1443 3125 1562 3165 agentis
1578 3134 1633 3165 per
1648 3132 1762 3156 artem:
1783 3131 1819 3156 ut
1833 3125 2020 3165 experientia
2036 3132 2174 3156 testatur.
2199 3125 2258 3156 lste
2275 3131 2380 3155 autem
2396 3125 2496 3155 homo

1443 3169 1577 3200 declinat
1599 3170 1639 3200 acl
1662 3176 1768 3199 actum
1791 3168 1952 3200 scindendi
1968 3169 2120 3206 absolute,
2137 3175 2167 3200 et
2182 3169 2328 3199 virtutem
2345 3168 2497 3199 motivam

1443 3224 1507 3244 non
1531 3213 1748 3254 principalem,
1771 3213 1873 3254 qualis
1897 3220 1943 3244 est
1961 3222 2051 3243 mens
2067 3219 2208 3253 respectu
2223 3211 2431 3243 artificialium
2447 3223 2495 3243 or-

1442 3268 1608 3298 ganorum.

1496 3302 1547 3333 Ad
1570 3301 1697 3332 tertium
1721 3301 1852 3332 demum
1879 3300 1992 3332 dicitur
2014 3301 2102 3341 quod
2125 3300 2311 3340 aequivocat
2333 3300 2372 3330 de
2395 3299 2495 3340 perfe-

1443 3346 1547 3376 ctione
1570 3352 1600 3376 et
1622 3344 1860 3385 imperfectione
1881 3351 1968 3376 actus
1985 3344 2139 3376 credendi.
2163 3346 2395 3383 Argumentum
2410 3343 2495 3374 enim

1442 3390 1584 3430 loquitur
1607 3390 1644 3420 de
1668 3388 1858 3429 perfectione
1880 3388 2021 3429 graduali
2040 3388 2214 3419 secundum
2230 3387 2389 3418 intensum
2405 3394 2435 3418 et
2449 3393 2495 3418 re-

1443 3433 1576 3464 missum
1600 3434 1631 3464 in
1656 3433 1767 3464 eadem
1794 3433 1910 3473 specie,
1936 3440 1971 3463 ut
1994 3433 2102 3463 album
2126 3431 2226 3462 differt
2248 3441 2265 3461 a
2288 3431 2387 3471 magis
2410 3431 2492 3462 albo.

2529 1672 2540 1683 ¹⁸
2556 1673 2611 1701 Cap.
2628 1679 2678 1701 viu,
2691 1680 2714 1695 x.

2529 1804 2539 1813 ⁸
2555 1803 2587 1824 Ca
2606 1819 2611 1824 .
2627 1810 2650 1829 x,
2665 1810 2687 1825 n.
2703 1810 2742 1825 2.-

2530 1829 2554 1851 S.
2565 1809 2610 1851 Tii.
2625 1830 2675 1851 lect.
2690 1837 2727 1851 xv.
