2892 4056
83 1183 174 1207 ’Vm
188 1190 209 1213 ⁵·

105 1450 164 1482 0⁸9·
181 1458 213 1480 Π»
228 1458 252 1482 fl:
267 1454 294 1479 ⁶3

127 1494 135 1501 ⁸
153 1483 296 1531 abt-mmlin:

80 1717 208 1748 ’να-..3.

81 1928 93 1941 ·
107 1927 210 1958 ναιφ

83 3075 166 3098 ’Text
173 3082 216 3104 ¹7·-
223 3076 295 3098 S.Th.

82 3102 136 3124 loct.
149 3109 172 3124 v.

972 113 1239 160 QUAESTIO
1268 114 1411 161 XXIII,
1439 113 1736 151 ARTICULUS
1765 113 1833 150 VII

322 191 496 232 praefertur
509 191 678 222 virtutibus
697 192 847 222 omnibus
874 191 1107 232 perficientibus
1126 193 1165 222 ad
1187 202 1380 232 cognoscen-

323 236 402 266 dum
423 235 539 266 Deum.
562 235 604 266 Et
626 236 666 265 ad
682 235 744 266 hoc
764 236 992 266 insinuandum
1007 236 1131 266 videtur
1145 239 1267 267 Auctor
1282 245 1381 276 appo-

322 279 421 310 suisse
444 277 497 308 illa
519 279 622 309 verba.
650 279 803 316 Quamvis
826 280 920 310 etiam
944 279 969 310 si
990 290 1055 310 non
1072 280 1284 320 apposuisset,
1307 280 1380 310 sub-

322 322 547 362 intelligeretur
576 324 689 353 ceteris
705 324 852 363 paribus.

2418 125 2482 161 171

1488 192 1529 222 Et
1551 192 1689 232 intellige
1713 192 1789 222 haec
1813 192 1852 222 de
1875 191 2057 232 cognitione
2074 198 2105 222 et
2119 191 2332 222 intellectione
2344 191 2423 227 viae,
2436 190 2491 221 ubi

1434 235 1559 266 dilectio
1576 237 1615 265 ad
1631 236 1737 266 Deum
1750 236 1783 266 in
1798 236 1913 277 seipso,
1931 235 2070 276 cognitio
2094 242 2200 266 autem
2215 235 2232 254 *
2255 235 2361 265 Deum
2384 235 2416 264 in
2432 244 2491 264 no-

1433 280 1480 310 bis
1500 290 1556 319 per
1571 279 1709 319 speciem
1724 279 1858 320 attingit.
1884 280 1918 310 In
1938 279 2038 320 patria
2054 286 2161 310 autem
2177 289 2267 309 secus
2284 285 2339 315 est,
2356 278 2410 309 ubi
2428 285 2493 308 tam

1433 323 1513 353 visio
1529 333 1627 363 quarn
1651 324 1777 354 dilectio
1792 324 1897 354 Deum
1920 323 2096 355 secundum
2119 333 2152 354 se
2176 323 2308 363 attingit.

1104 441 1419 484 ARTICULUS
1448 441 1714 483 SEPTIMUS

747 525 903 556 UTRUM
925 524 1019 555 smE
1043 524 1264 555 CARITATE
1288 524 1435 556 possm*
1458 525 1558 556 ESSE
1581 525 1746 562 ALIQUA
1769 526 1885 556 VERA
1908 525 2065 556 vlarus

836 593 860 618 1·
878 593 934 625 11⁸⁰,
953 601 999 626 qu.
1016 601 1072 624 LxV,
1092 599 1139 618 art.
1161 601 1183 623 2,
1200 601 1230 625 43
1250 594 1281 618 III
1300 594 1382 623 Seni„
1402 595 1461 619 dist.
1478 601 1554 624 xxvxi,
1572 602 1616 627 qu.
1635 602 1663 626 n,
1683 600 1729 620 art.
1747 603 1774 627 4,
1793 596 1842 628 qu⁸
1863 595 1886 626 3,
1905 596 1936 620 ad
1957 603 1981 621 2.

353 690 412 715 ff„
462 683 511 722 Μ(
536 671 558 696 n
576 671 756 697 seminum
775 671 828 696 sm
847 655 1086 695 PROCEDITUR.
1102 659 1262 696 Videtur
1275 660 1382 707 quod

352 709 386 753 Ἐἰ
456 700 508 771 ³332
535 712 616 749 sine
635 712 786 750 caritate
803 711 924 760 possit
950 723 1031 748 esse
1056 711 1182 759 aliqua
1199 724 1292 749 vera
1309 713 1382 749 vir-

379 683 485 708 ,«

343 811 357 821 β
382 811 479 853 >’ἵ”ἶὶὲ)
496 810 663 855 actum
690 817 916 866 producere.
947 817 1024 854 Sed
1052 817 1101 853 illi
1129 817 1194 864 qui
1218 830 1297 854 non
1315 818 1381 854 ha-

322 868 413 904 bent
431 867 623 906 caritatem
649 870 790 907 faciunt
817 869 963 918 aliquos
987 870 1111 906 bonos
1135 877 1261 906 actus:
1289 878 1380 918 puta

322 973 423 1011 milia
452 982 669 1023 operantur.
707 975 809 1023 Ergo
843 975 923 1012 sine
956 975 1107 1012 caritate
1143 983 1269 1024 potest
1297 987 1379 1012 esse

321 1026 448 1074 aliqua
474 1039 567 1064 vera
593 1028 726 1065 virtus.

374 1090 410 1116 2.
431 1079 668 1128 Palmam,
689 1080 823 1118 caritas
841 1092 920 1118 non
939 1088 1065 1130 potest
1084 1093 1166 1118 esse
1186 1079 1266 1117 sine
1285 1081 1379 1118 fide:

318 1132 493 1181 procedit
525 1134 627 1171 enirn
654 1146 704 1170 ex
728 1134 813 1181 fide
845 1147 919 1171 non
946 1135 1064 1181 ficta,
1103 1141 1145 1170 ut
1171 1134 1379 1181 Apostolus

320 1184 426 1232 dicit,
458 1187 471 1222 1
497 1187 591 1223 Tim.
617 1199 627 1223 1
654 1186 686 1223 ²².
717 1187 794 1225 Sed
826 1187 864 1224 in
891 1187 1106 1224 infidelibus
1140 1194 1264 1236 potest
1297 1199 1379 1224 esse

319 1249 412 1275 vera
438 1239 610 1287 'castitas‚
640 1239 733 1277 dum
762 1240 1086 1289 concupiscentias
1115 1240 1314 1285 cohibent;
1346 1247 1382 1276 et

313 1303 414 1329 ,vera
431 1289 581 1341 iustitia,
596 1292 690 1330 dum
710 1301 809 1330 recte
828 1293 1007 1331 iudicant.
1028 1294 1130 1341 Ergo
1150 1305 1243 1330 vera
1260 1293 1380 1330 virtus

319 1352 446 1393 potest
474 1357 557 1383 esse
585 1346 663 1382 sine
693 1346 857 1383 caritate.

376 1398 410 1434 3.
431 1398 665 1444 PRAETEREA,
694 1399 849 1435 scientia
878 1406 914 1434 et
933 1410 991 1435 ars
1012 1398 1202 1447 quaedam
1222 1398 1380 1434 virtutes

321 1443 419 1497 sunt,
449 1459 490 1488 ut
517 1458 619 1500 patet
645 1451 683 1487 in
701 1451 752 1487 VI
785 1451 906 1487 Ethic.
927 1450 947 1472 '¹‘
975 1450 1052 1487 Sed
1081 1450 1302 1487 huiusmodi
1325 1450 1380 1486 in·
1406 1481 1407 1488 ,

319 1503 524 1540 veniuntur
551 1504 590 1540 in
617 1503 838 1540 hominibus
857 1503 1120 1552 peccatoribus
1139 1515 1217 1539 non
1237 1503 1380 1539 haben-

318 1556 419 1592 tibus
439 1557 645 1595 caritatem.
675 1557 777 1604 Ergo
796 1568 889 1593 vera
907 1556 1027 1593 virtus
1053 1563 1178 1605 potest
1197 1568 1278 1594 esse
1299 1556 1380 1593 sine

320 1610 484 1647 caritate.

374 1663 448 1700 SED
481 1664 627 1699 coNTRA
659 1674 725 1699 EST
762 1662 867 1711 quod
901 1663 1110 1710 Apostolus
1144 1661 1252 1709 dicit,
1282 1663 1297 1698 I
1329 1663 1381 1698 ad

324 1715 412 1753 Cor.
432 1727 492 1752 xm
513 1716 550 1752 *z
579 1716 622 1752 Si
643 1716 864 1752 distribuero
884 1715 922 1752 in
942 1715 1056 1752 cibos.
1063 1726 1280 1763 pauperum
1299 1727 1378 1751 om-

319 1781 384 1806 nes
397 1769 606 1817 facultates
625 1781 740 1815 meas,
769 1774 805 1805 et
829 1769 862 1805 si
888 1768 1077 1805 tradidero
1097 1780 1233 1816 corpus
1252 1780 1377 1805 meum

318 1822 371 1859 ita
390 1827 430 1858 ut
446 1822 615 1867 ardeam,
635 1823 830 1859 caritatem
849 1827 974 1858 autem
999 1833 1074 1858 non
1093 1822 1266 1867 habeam,
1289 1822 1380 1858 nihil

318 1874 413 1912 mihi
432 1875 598 1923 prodest.
632 1875 710 1912 Sed
737 1875 857 1913 virtus
883 1887 976 1912 vera
1007 1875 1169 1911 multum
1201 1874 1376 1923 prodest:

319 1928 532 1974 secundum
561 1928 652 1966 illud
681 1929 768 1976 Sap.
789 1940 850 1965 vm
869 1927 905 1964 *z
934 1928 1178 1964 Sobrietatem
1211 1933 1248 1964 et
1277 1927 1378 1964 iusti-

315 1981 545 2029 mdocet,
561 1981 801 2029 prudentiam
825 1987 862 2018 et
881 1981 1068 2026 virtutem,
1088 1981 1221 2028 quibus
1244 1981 1282 2017 in
1301 1981 1378 2018 vita

273 2059 287 2065 »η
308 2033 412 2072 :nihil
428 2039 483 2071 est
500 2034 624 2071 utilius
642 2034 865 2071 hominibus.
894 2034 997 2081 Ergo
1018 2033 1098 2070 sine
1119 2034 1269 2071 caritate
1288 2046 1380 2071 vera

316 2086 438 2128 virtus
465 2099 550 2124 esse
578 2099 657 2124 non
684 2094 820 2135 potest.

372 2140 598 2186 Responnsso
629 2152 814 2178 DICENDUM
842 2139 947 2188 quod
965 2139 1085 2177 virtus
1109 2140 1303 2178 ordinatur
1331 2141 1378 2177 ad

285 2208 293 2220 ν
318 2193 489 2240 bonum,
521 2200 562 2230 ut
588 2205 703 2241 supra
721 2193 741 2215 ’¹‘
759 2193 933 2233 habitum
963 2200 1028 2230 est.
1068 2194 1219 2231 Bonum
1249 2200 1379 2230 autem

318 2244 572 2294 principaliter
599 2253 655 2282 est
681 2246 788 2283 finis:
823 2258 912 2283 nam
942 2258 986 2282 ea
1018 2258 1118 2294 quae
1145 2254 1232 2283 sunt
1259 2246 1308 2283 ad
1335 2246 1379 2282 fi-

319 2310 410 2335 nem
430 2310 508 2334 non
529 2298 704 2335 dicuntur
731 2299 834 2335 bona
861 2298 932 2335 nisi
961 2298 998 2335 in
1026 2299 1159 2336 ordine
1180 2299 1228 2336 ad
1247 2300 1377 2336 finem.

289 2348 293 2351 ’
320 2350 426 2388 Sicut
445 2363 536 2399 ergo
554 2352 695 2400 duplex
723 2359 779 2388 est
805 2351 904 2396 finis,
924 2363 1024 2388 unus
1052 2352 1207 2388 ultimus
1229 2360 1265 2388 et
1284 2352 1379 2388 alius

317 2404 535 2463 proximus,
574 2404 625 2441 ita
653 2404 766 2440 etiam
795 2412 852 2440 est
879 2403 1018 2452 duplex
1050 2405 1218 2441 bonum:
1256 2416 1378 2441 unum

318 2456 476 2506 quidem
494 2457 672 2494 ultimum
692 2454 724 2503 β,
745 2465 781 2493 et
799 2456 899 2493 aliud
918 2457 1138 2504 proximum
1162 2464 1199 2493 et
1216 2458 1380 2504 particu-

317 2509 408 2547 lare.
437 2510 624 2547 Ultimum
649 2509 806 2558 quidem
831 2517 867 2545 et
884 2513 900 2537 Υ
919 2509 1125 2558 principale
1145 2510 1292 2546 bonurn
1310 2509 1379 2545 ho-

319 2562 433 2599 minis
447 2570 503 2599 est
517 2563 589 2599 Dei
605 2562 740 2609 fruitio,
753 2562 966 2599 secundum
976 2563 1067 2599 illud
1081 2563 1220 2599 Psalm.
1232 2562 1268 2598 *ε
1278 2562 1382 2598 Mihi

318 2615 526 2653 adhaerere
552 2617 636 2652 Deo
664 2616 804 2652 bonum
831 2620 903 2651 est:
942 2623 978 2652 et
1005 2615 1054 2652 ad
1082 2616 1157 2652 hoc
1185 2615 1379 2652 ordinatur

318 2669 438 2706 homo
458 2681 527 2717 per
547 2669 752 2706 caritatem.
781 2669 934 2704 Bonum
955 2676 1083 2704 autem
1111 2668 1377 2704 secundarium

319 2729 356 2759 et
376 2721 485 2770 quasi
512 2721 735 2770 particulare
763 2720 930 2758 hominis
957 2728 1082 2769 potest
1109 2733 1191 2757 esse
1220 2721 1377 2769 duplex:

318 2785 439 2813 unum
468 2774 625 2822 quidem
653 2773 760 2821 quod
788 2782 844 2811 est
870 2785 960 2810 vere
989 2775 1148 2820 bonum,
1168 2781 1300 2822 utpote
1319 2785 1379 2810 or-

321 2826 496 2873 dinabile,
517 2828 703 2876 quantum
725 2834 780 2863 est
798 2827 835 2863 in
855 2839 907 2873 se,
926 2826 974 2863 ad
994 2826 1201 2875 principale
1220 2827 1377 2872 bonum,

320 2879 425 2928 quod
445 2886 501 2916 est
518 2880 674 2916 ultimus
692 2879 796 2926 finis;
821 2880 922 2916 aliud
939 2888 1066 2916 autem
1083 2887 1138 2916 est
1151 2880 1299 2916 bonum
1313 2891 1378 2927 ap-

320 2944 458 2980 parens
478 2939 515 2968 et
534 2945 613 2970 non
630 2944 767 2970 verum
779 2961 788 2978 ,
817 2932 906 2980 quia
925 2933 1079 2970 abducit
1097 2945 1119 2969 a
1138 2932 1240 2969 finali
1260 2933 1376 2969 bono.

375 2984 438 3022 Sic
456 2984 565 3032 igitur
582 2992 686 3033 patet
709 2985 814 3033 quod
832 2985 952 3022 virtus
971 2997 1063 3022 vera
1087 2985 1305 3033 simpliciter
1324 2993 1379 3022 est

320 3036 382 3074 illa
410 3050 508 3086 quae
537 3037 687 3075 ordinat
713 3037 762 3075 ad
782 3037 988 3086 principale
1017 3039 1163 3075 bonum
1190 3037 1376 3075 hominis:

321 3090 417 3127 sicut
445 3090 559 3127 etiam
591 3090 859 3139 Philosophus,
889 3090 926 3127 in
954 3091 1023 3127 VII
1051 3091 1199 3138 Physic.
1224 3090 1261 3136 *,
1291 3090 1378 3128 dicit

376 3219 403 3251 a)
415 3218 581 3252 famelicum.
594 3231 613 3237 —
626 3219 783 3243 esurientem
802 3220 834 3243 Α.

375 3253 401 3286 β)
421 3253 553 3278 ultimum.
567 3267 584 3273 -
598 3257 624 3278 et
643 3254 791 3278 universale
809 3254 906 3278 addunt
924 3255 971 3279 Pa.

374 3291 401 3322 γ)
421 3293 455 3314 et.
466 3302 485 3307 -
499 3289 560 3313 Om.
580 3289 634 3313 PG.

274 3351 278 3356 ¹
374 3323 399 3357 δ)
418 3325 579 3349 lucellorum.
593 3338 612 3342 -
625 3325 771 3356 loculorum
789 3325 853 3355 Lsx,
868 3325 1014 3350 iaculorum
1028 3333 1117 3358 margo
1130 3333 1157 3357 x,
1171 3326 1323 3352 locellorum
1336 3327 1377 3351 ed.

321 3366 339 3384 a
352 3365 377 3384 et
398 3360 474 3384 ceteri
493 3365 596 3391 excepta
615 3366 661 3390 εις
680 3367 727 3392 pro
746 3362 816 3384 metu
830 3363 1001 3385 contemnunt
1019 3361 1114 3390 aliena,
1129 3365 1198 3386 meta
1221 3361 1330 3393 (merita
1349 3362 1377 3392 C,

322 3397 406 3420 metus
425 3395 474 3423 Ga,
491 3398 560 3419 metu
574 3395 696 3426 rapinam
717 3395 735 3425 l,
755 3400 821 3427 spat.
834 3403 888 3420 vac.
908 3395 940 3426 F)
957 3399 1130 3421 contemnunt
1139 3396 1288 3422 alienarum
1301 3396 1377 3427 (alie-

383 719 407 740 5¹

344 793 365 810 1⁴
382 779 463 843 ἐν,
483 770 506 804 ‘6
535 772 607 802 tus.
635 764 790 802 Virtutis
815 764 914 801 enim
943 764 1140 813 proprium
1160 773 1215 801 est
1233 765 1380 802 bonum
1406 809 1407 819 γ

1434 660 1540 708 quod
1571 661 1691 697 virtus
1719 669 1775 698 est
1810 662 1997 710 dispositio
2027 661 2189 709 perfecti
2222 661 2274 697 ad
2299 660 2491 710 optimum.

1433 714 1482 749 Et
1501 713 1554 749 sic
1572 714 1674 750 nulla
1691 726 1784 751 vera
1802 714 1920 751 virtus
1939 722 2065 762 potest
2083 726 2165 750 esse
2186 713 2266 750 sine
2288 713 2451 750 caritate.
2468 733 2492 740 -

1434 765 1512 802 Sed
1540 765 1570 802 si
1599 766 1804 815 accipiatur
1830 767 1950 804 virtus
1986 767 2196 804 secundum
2233 767 2339 815 quod
2373 773 2428 802 est
2455 765 2494 802 in

1433 818 1566 854 ordine
1587 819 1635 855 ad
1655 819 1820 867 aliquem
1849 820 1966 856 finem
1994 819 2272 868 particularem,
2293 818 2347 856 sic
2369 826 2495 868 potest

1405 896 1407 920 ἒ
1432 870 1559 917 aliqua
1587 871 1706 907 virtus
1735 872 1808 908 dici
1837 872 1916 909 sine
1944 872 2108 918 caritate,
2138 872 2364 920 inquantum
2394 872 2493 908 ordi-

322 921 415 958 dum
444 922 593 959 nudum
610 922 789 970 vestiunt,
809 922 1025 959 famelicum
1046 927 1063 943 ‘²
1085 930 1246 971 pascunt
1274 930 1310 959 et
1333 923 1380 959 si·
1405 922 1407 944 ³

1433 929 1545 958 natur
1571 924 1619 960 ad
1648 923 1802 971 aliquod
1828 925 2051 972 particulare
2076 925 2235 961 bonum.

1487 975 1565 1012 Sed
1584 976 1615 1012 si
1633 975 1723 1012 illud
1747 977 1972 1025 particulare
2000 977 2146 1013 bonurn
2175 989 2255 1013 non
2283 976 2329 1013 sit
2355 988 2492 1013 verum

1432 1027 1592 1075 bonum,
1608 1029 1675 1065 sed
1695 1041 1893 1077 apparens,
1910 1030 2029 1067 virtus
2049 1029 2163 1066 etiam
2183 1040 2281 1078 quae
2301 1036 2357 1065 est
2375 1029 2412 1066 in
2434 1041 2494 1066 or-

1433 1080 1520 1118 dine
1542 1081 1591 1118 ad
1610 1082 1685 1118 hoc
1704 1082 1850 1120 bonum
1871 1095 1949 1119 non
1969 1082 2037 1118 erit
2050 1094 2142 1119 vera
2168 1082 2298 1125 virtus,
2319 1082 2387 1118 sed
2402 1082 2494 1118 falsa

1433 1134 1639 1171 similitudo
1654 1135 1824 1172 virtutis:
1844 1135 1940 1172 sicut
1958 1147 2032 1171 non
2051 1141 2107 1171 est
2117 1146 2209 1171 vera
2227 1135 2345 1171 virtus
2358 1146 2495 1171 avaro-

1433 1199 1518 1223 rum
1542 1188 1755 1235 prudentia,
1772 1200 1846 1236 qua
1870 1188 2089 1237 excogitant
2109 1188 2257 1224 diversa
2281 1199 2424 1237 genera
2439 1187 2494 1223 lu-

1433 1238 1653 1286 cellorum⁶;
1683 1246 1718 1276 et
1735 1252 1942 1277 avarorum
1972 1241 2119 1286 iustitia,
2136 1252 2211 1288 qua
2228 1241 2408 1290 gravium
2429 1240 2494 1277 da-

1433 1305 1608 1329 mnorum
1639 1298 1738 1329 metu
1771 1299 2013 1331 contemnunt
2047 1294 2191 1336 aliena‚·
2218 1299 2254 1330 et
2284 1305 2492 1330 avarorum

1433 1347 1699 1393 temperantia,
1726 1358 1801 1393 qua
1829 1347 2026 1392 luxuriae,
2059 1347 2239 1394 quoniam
2275 1352 2492 1396 sumptuosa

1433 1403 1497 1443 est,
1508 1399 1680 1434 cohibent
1691 1399 1892 1446 appetitum
1898 1412 1912 1443 ,·
1930 1405 1966 1435 et
1978 1410 2186 1435 avarorum
2189 1399 2392 1446 fortitudo,
2404 1410 2492 1446 qua,

1435 1455 1475 1486 ut
1496 1451 1551 1486 ait
1569 1451 1757 1487 Horatius
1775 1450 1807 1498 *,
1831 1466 1849 1484 «
1866 1463 1939 1499 per
1958 1463 2064 1487 mare
2081 1453 2304 1500 pauperiem
2315 1452 2493 1500 fugiunt,

1426 1515 1500 1551 per
1516 1515 1627 1549 saxa,
1642 1515 1714 1551 -per
1741 1504 1848 1552 ignes
1877 1519 1910 1550 »,
1938 1512 1980 1540 ut
2008 1504 2242 1551 Augustinus
2263 1503 2362 1550 dicit,
2385 1504 2421 1539 in
2443 1504 2494 1540 IV

1431 1555 1494 1592 lib.
1516 1562 1647 1593 contra
1666 1556 1805 1593 Iulian.
1821 1556 1841 1578 '¹‘
1856 1578 1880 1584 -
1897 1556 1936 1593 Si
1955 1569 2056 1593 vero>
2070 1557 2159 1594 illud
2180 1562 2192 1578 ε
2216 1558 2362 1593 bonum
2382 1557 2495 1605 parti-

1433 1609 1558 1646 culare
1574 1609 1621 1647 sit
1637 1622 1775 1647 verum
1795 1610 1955 1656 bonurn,
1971 1618 2062 1659 puta
2082 1610 2320 1647 conservatio
2337 1610 2494 1646 civitatis

1431 1662 1494 1699 vel
1520 1662 1661 1711 aliquid
1689 1663 1927 1709 huiusmodi,
1959 1663 2027 1699 erit
2053 1663 2209 1710 quidem
2238 1675 2330 1699 vera
2361 1663 2493 1710 virtus,

1433 1715 1500 1752 sed
1528 1715 1760 1764 imperfecta,
1781 1715 1850 1752 nisi
1879 1716 2063 1752 referatur
2090 1716 2139 1753 ad
2166 1716 2279 1752 finale
2310 1723 2346 1752 et
2372 1718 2494 1764 perfe-

1433 1776 1536 1805 etum
1555 1769 1716 1806 bonum.
1746 1769 1796 1805 Et
1822 1769 2033 1809 secundum
2064 1770 2139 1805 hoc
2157 1769 2377 1817 simpliciter
2403 1782 2495 1806 vera

1431 1821 1550 1859 virtus
1578 1822 1659 1858 sine
1688 1821 1841 1858 caritate
1869 1834 1952 1858 esse
1982 1834 2061 1858 non
2087 1829 2224 1870 potest.

1485 1876 1544 1911 An
1568 1886 1707 1912 Panium
1734 1886 1833 1911 ERGO
1858 1886 2042 1911 mcENDUM
2070 1876 2175 1923 quod
2204 1882 2310 1912 actus
2337 1874 2495 1911 alicuius

1433 1927 1587 1964 caritate
1607 1927 1767 1964 carentis
1785 1935 1911 1976 potest
1929 1939 2012 1964 esse
2032 1927 2183 1976 duplex.
2213 1928 2322 1965 Unus
2340 1927 2495 1977 quidem

1433 1980 1647 2018 secundum
1674 1981 1750 2017 hoc
1778 1981 1883 2029 quod
1912 1981 2065 2018 caritate
2094 1988 2215 2018 caret:
2245 1988 2377 2030 utpote
2405 1993 2493 2017 cum

1432 2033 1520 2070 facit
1539 2033 1680 2082 aliquid
1709 2034 1746 2070 in
1774 2034 1908 2071 ordine
1937 2034 1986 2070 ad
2013 2034 2052 2070 id
2079 2046 2149 2082 per
2177 2034 2282 2082 quod
2310 2041 2412 2070 caret
2436 2047 2495 2071 ca-

1432 2086 1552 2123 ritate.
1582 2087 1631 2123 Et
1648 2086 1732 2124 talis
1751 2095 1857 2123 actus
1877 2099 2030 2135 semper
2049 2095 2104 2124 est
2127 2088 2271 2124 malus:
2302 2087 2397 2124 sicut
2416 2089 2494 2124 Au-

1431 2139 1602 2187 gustinus
1640 2139 1739 2186 dicit,
1767 2139 1806 2177 in
1826 2140 1877 2176 IV
1895 2146 2027 2177 contra
2045 2140 2184 2176 Iulian.
2204 2139 2235 2186 ²¹³,
2264 2140 2369 2189 quod
2389 2148 2494 2177 actus

1431 2191 1606 2239 infidelis,
1627 2192 1855 2240 inquantum
1886 2201 1940 2230 est
1968 2193 2141 2239 infidelis,
2162 2205 2315 2241 semper
2335 2201 2391 2230 est
2407 2205 2495 2241 pec-

1433 2253 1576 2291 catum;
1594 2245 1706 2282 etiam
1723 2246 1752 2282 si
1771 2246 1921 2283 nudum
1941 2246 2086 2294 operiat
2104 2247 2166 2282 vel
2187 2246 2372 2294 quidquid
2393 2246 2494 2283 aliud

1431 2298 1652 2335 huiusmodi
1681 2299 1812 2345 faciat,
1851 2299 2031 2336 ordinans
2060 2299 2108 2336 ad
2137 2299 2254 2335 finem
2290 2311 2382 2336 suae
2411 2299 2494 2336 infi-

1433 2351 1604 2389 delitatis.
1625 2372 1649 2379 -
1668 2352 1776 2388 Alius
1805 2360 1933 2389 autem
1962 2360 2088 2401 potest
2107 2364 2189 2389 esse
2209 2360 2314 2389 actus
2334 2352 2494 2388 carentis

1433 2405 1584 2441 caritate
1621 2416 1700 2440 non
1736 2405 1951 2442 secundum
1978 2405 2016 2442 id
2045 2406 2151 2464 quod
2189 2405 2341 2442 caritate
2371 2413 2492 2451 caret,

1432 2456 1500 2493 sed
1519 2457 1733 2493 secundum
1761 2457 1867 2505 quod
1893 2458 2011 2494 habet
2038 2457 2191 2506 aliquod
2211 2458 2312 2494 aliud
2346 2457 2492 2494 donum

1431 2508 1516 2554 Dei,
1540 2509 1603 2545 vel
1631 2509 1749 2546 fidem
1777 2510 1839 2546 vel
1867 2522 1987 2558 spem,
2016 2511 2078 2547 vel
2107 2510 2218 2547 etiam
2249 2518 2405 2547 naturae
2425 2511 2493 2547 bo-

1431 2573 1538 2606 num,
1565 2562 1669 2610 quod
1698 2574 1777 2598 non
1804 2570 1927 2599 totum
1955 2575 2024 2610 per
2050 2571 2251 2610 peccatum
2280 2563 2431 2609 tollitur,
2452 2571 2494 2599 ut

1431 2626 1546 2662 supra
1565 2614 1585 2636 ’¹‘
1604 2615 1744 2651 dictum
1775 2622 1841 2652 est.
1872 2616 1919 2652 Et
1948 2616 2158 2652 secundum
2187 2617 2261 2652 hoc
2290 2616 2370 2652 sine
2399 2616 2492 2653 cari-

1431 2676 1505 2704 tate
1534 2674 1659 2715 potest
1686 2667 1842 2716 quidem
1873 2680 1954 2704 esse
1989 2668 2121 2716 aliquis
2155 2676 2260 2705 actus
2292 2669 2418 2706 bonus
2447 2681 2491 2705 ex
2517 2676 2529 2690 ³

1431 2733 1502 2758 suo
1521 2732 1678 2768 genere:
1709 2733 1786 2757 non
1814 2728 1943 2758 tamen
1968 2721 2132 2769 perfecte
2162 2722 2297 2767 bonus,
2318 2722 2407 2769 quia
2427 2722 2491 2758 de-

1433 2781 1488 2811 est
1515 2774 1641 2810 debita
1669 2774 1855 2811 ordinatio
1885 2774 1933 2810 ad
1960 2774 2136 2810 ultimum
2164 2774 2295 2810 finem.

1484 2829 1543 2863 AD
1558 2838 1748 2864 SECUNDUM
1762 2839 1946 2864 mCENDUM
1961 2827 2079 2875 quod,
2096 2839 2183 2863 cum
2194 2827 2281 2863 finis
2296 2839 2336 2863 se
2351 2828 2492 2864 habeat

1431 2880 1469 2916 in
1498 2879 1695 2926 agibilibus
1733 2880 1826 2916 sicut
1861 2879 2090 2928 principium
2123 2880 2162 2916 in
2195 2880 2439 2928 speculativis
2458 2879 2491 2926 ζ,

1431 2933 1527 2970 sicut
1553 2945 1632 2969 non
1658 2940 1782 2981 potest
1810 2945 1892 2969 esse
1922 2932 2137 2981 simpliciter
2154 2945 2248 2969 vera
2274 2933 2429 2970 scientia
2462 2934 2493 2970 si

1433 2985 1528 3022 desit
1547 2993 1648 3022 recta
1667 2985 1876 3022 aestimatio
1897 2985 1944 3022 de
1963 2985 2086 3034 primo
2108 2993 2143 3022 et
2166 2986 2492 3023 indemonstrabili

1431 3038 1638 3087 principi0;
1668 3039 1718 3075 ita
1738 3051 1815 3075 non
1835 3045 1959 3087 potest
1983 3051 2066 3075 esse
2090 3038 2308 3087 simpliciter
2325 3051 2417 3075 vera
2437 3039 2493 3076 iu-

1433 3091 1532 3128 stitia
1559 3099 1623 3128 aut
1654 3104 1745 3128 vera
1778 3091 1927 3128 castitas
1956 3091 1987 3128 si
2016 3091 2111 3128 desit
2142 3091 2331 3128 ordinatio
2365 3092 2492 3129 debita

1434 3227 1529 3246 norum
1552 3221 1716 3252 CDGKima)
1744 3221 1845 3246 codices
1870 3226 1896 3246 et
1917 3229 1948 3251 a;
1973 3229 2020 3254 pro
2042 3221 2167 3254 quoniam
2190 3224 2357 3253 sumptuosa,
2377 3227 2444 3252 quae
2462 3220 2488 3245 in

1432 3260 1587 3288 sumptuosa
1610 3257 1790 3289 ABGEFHpur,
1810 3264 1878 3289 quae
1895 3261 2051 3289 sumptuosa
2070 3257 2177 3285 PDILa,
2197 3264 2264 3289 quae
2283 3257 2308 3281 in
2328 3256 2490 3287 sumptuosis

1432 3292 1498 3323 Gsx,
1511 3299 1578 3324 quae
1597 3292 1623 3316 in
1640 3292 1677 3323 (in
1692 3300 1744 3316 om.
1760 3292 1808 3323 sK)
1822 3295 1978 3324 sumptuosa
1996 3300 2078 3317 causa
2092 3293 2122 3322 K,
2138 3293 2164 3317 in
2178 3293 2258 3324 (quae
2272 3294 2315 3323 sa)
2334 3294 2490 3323 sumptuosa

1431 3334 1462 3357 a;
1480 3332 1540 3359 post
1558 3327 1691 3352 Horatius
1710 3327 1729 3351 P
1748 3327 1818 3352 addit
1835 3328 1880 3352 lib.
1900 3328 1917 3352 1
1932 3328 2126 3360 Epistolarum.

1485 3363 1507 3394 ε)
1527 3362 1602 3387 illud.
1615 3362 1722 3387 -aliud
1740 3362 1893 3395 ABEFt-lpc
1912 3369 1938 3387 et
1955 3371 1981 3394 κ,
2000 3363 2109 3395 aliquod
2128 3363 2241 3387 DGIKL.

1483 3397 1508 3429 ζ)
1527 3398 1704 3430 speculativis.
1717 3412 1735 3417 -
1748 3398 1948 3430 speculabilibus
1967 3399 2014 3423 Pa.

2518 237 2529 248 ⁸
2538 239 2615 258 autem
2629 238 2663 259 ad
2675 238 2700 258 P.

2520 1453 2618 1483 ‘Epist
2643 1455 2681 1475 lib.
2706 1455 2730 1481 1,

2520 1480 2594 1507 Epist.
2604 1486 2620 1506 ι,
2630 1487 2689 1502 vers.
2696 1487 2730 1508 45.

2520 1560 2530 1569 ⁴
2545 1559 2601 1586 Cap.
2617 1565 2652 1580 ui.

2521 2146 2530 2154 '
2546 2146 2601 2166 Loe.
2616 2145 2655 2166 cit.

2518 2617 2592 2664 lflssm
2607 2625 2621 2639 x
2646 2625 2659 2639 a

2567 2644 2599 2671 ⁸⁸,
2606 2634 2730 2672 qinux'va
