2892 4056
83 317 92 327 ⁸
103 316 149 343 Qu.
164 321 236 342 axvn,
251 318 292 336 art.

83 342 107 369 6,
121 341 149 363 ad
162 348 183 370 3.

87 617 94 624 ·
110 614 180 635 Num.
195 620 246 636 vin.

91 2067 104 2078 ’
112 2065 124 2089 1
131 2065 166 2088 ad
177 2066 242 2093 Cor..
252 2071 303 2094 eap-

50 2118 55 2123 ⁴
90 2098 142 2120 ιιιι,
156 2098 215 2115 vura.
226 2098 259 2115 ιο.

93 2194 105 2205 ⁸
118 2193 189 2216 Num.
203 2199 244 2215 vu.

312 397 399 427 -facie
423 397 462 427 ad
486 397 606 428 faciem.
632 398 679 427 Ex
693 398 750 428 hac
773 399 858 428 enim
874 398 1076 428 essentialiter
1094 398 1233 428 diversae
1248 397 1377 428 rationis

973 145 1238 192 QUAESTlo
1267 145 1410 192 xx1v,

319 223 396 253 haec
420 222 607 253 conveniant
623 223 661 252 de
678 222 760 253 facto
778 223 904 260 caritati,
920 223 1310 259 ostendaturydicendum
1329 229 1375 252 est

319 266 409 307 quod
430 266 462 296 in
478 266 579 297 littera
601 266 731 306 ponitur
745 267 872 307 propria
894 267 980 298 radix
1002 267 1114 298 tamin
1138 267 1243 297 Prima
1257 267 1374 297 Secun-

321 309 410 340 dae*
433 320 529 350 quam
559 309 619 340 hic.
651 310 692 340 Et
728 318 773 341 est
801 311 972 341 differentia
1001 311 1081 341 inter
1107 310 1180 340 fidei
1210 311 1318 341 lumen
1346 316 1377 340 et

321 353 440 384 clarum
457 354 541 384 diem
565 354 704 384 caelestis
727 355 853 394 patriae,
875 365 948 385 cum
971 355 1056 385 Deus
1080 354 1199 384 amicus
1222 354 1377 384 videbitur

323 441 502 480 cognitione
533 441 583 471 hic
614 448 644 471 et
672 441 704 471 in
728 442 826 482 patria
861 441 1064 481 consequitur
1101 442 1209 472 caritas
1240 441 1378 471 diversae

322 484 451 515 rationis
467 484 706 521 accidentaliter,
722 495 803 526 quae
823 485 984 516 constituit
1003 485 1141 515 diversae
1165 485 1295 516 rationis
1318 492 1378 515 sta-

322 534 393 558 tum
415 528 447 557 in
465 528 599 565 caritate,
624 535 654 559 et
678 536 906 570 consequenter
928 528 1154 568 perfectionem
1170 535 1200 559 et
1222 529 1379 569 quantita—

321 578 399 609 tem,
423 577 459 601 ut
481 572 673 602 declaratum
696 579 751 604 est.

378 614 461 646 XIV.
486 615 544 645 His
568 622 675 646 autern
691 615 847 652 discussis,
864 615 1053 655 respondere
1069 615 1260 655 argumentis
1274 615 1291 635 *
1314 625 1380 646 non

323 664 370 688 est
392 658 525 690 difficile.
558 660 650 690 Unde
673 660 712 689 ad
735 659 875 700 primum
905 659 1018 689 dicitur
1039 659 1138 699 quod,
1166 669 1240 689 cum
1271 660 1380 690 caritas

324 701 363 732 sit
385 702 518 742 qualitas
542 703 718 733 secundum
747 709 892 732 naturam
915 712 1007 732 suam
1038 702 1154 742 patriae
1177 703 1326 739 caelestis,
1351 710 1382 734 et

324 746 500 776 secundum
522 747 683 787 quandam
705 746 941 776 inchoationem
958 745 991 775 in
1006 746 1056 776 via
1079 755 1243 782 concessa;
1267 756 1304 776 ex
1319 747 1381 777 hoc

323 789 394 828 ipso
418 796 504 829 patet
526 791 613 830 quod
636 799 702 820 non
725 796 772 820 est
793 789 889 825 fictio,
914 789 968 819 sed
992 799 1028 819 ex
1044 796 1154 820 natura
1177 790 1220 819 rei
1236 790 1280 820 sic
1294 800 1382 820 com-

324 833 502 864 municatae
525 842 722 874 consequens
749 833 837 873 quod
859 833 972 863 habeat
995 833 1073 862 duas
1106 833 1293 873 quantitates
1317 834 1381 874 spi-

324 876 452 907 rituales
475 876 643 907 intensivas
659 877 852 906 diversarum
868 876 1028 907 rationum
1043 876 1281 912 accidentaliter,
1301 878 1382 908 sicut

326 920 427 950 homo
451 920 545 950 habet
566 919 735 960 pueritiam
751 926 782 950 et
803 919 991 950 virilitatem.
1016 920 1157 960 Utraque
1180 920 1264 949 enim
1288 921 1383 951 habet

325 973 417 994 suam
439 963 600 1003 propriam
623 963 831 1004 quantitatem
853 963 1054 1003 perfectionis
1073 970 1103 993 et
1122 963 1338 994 habitudinem
1355 971 1385 994 et

326 1013 454 1042 statum,
482 1013 513 1037 et
535 1007 766 1038 accidentaliter
792 1007 985 1038 conveniunt
1012 1007 1135 1037 homini
1164 1008 1328 1039 absolute:
1354 1015 1384 1038 et

325 1059 432 1080 rursus
456 1057 588 1091 utraque
611 1050 705 1082 habet
726 1051 935 1091 quantitatem
958 1051 1052 1082 molis
1075 1051 1268 1082 diversarum
1291 1052 1384 1082 ratio-

325 1103 405 1123 num
428 1094 666 1131 accidentaliter,
691 1095 770 1125 dum
793 1095 826 1125 in
848 1105 949 1135 puero
965 1104 1090 1135 semper
1112 1102 1158 1125 est
1173 1096 1310 1126 admixta
1326 1105 1384 1136 po-

325 1136 451 1173 tentiae,
475 1137 506 1167 in
530 1138 598 1168 viro
622 1145 729 1169 autem
756 1149 835 1179 pure
857 1139 890 1169 in
913 1145 984 1170 actu
1014 1138 1257 1181 (considerando
1280 1140 1384 1170 virum

326 1181 503 1211 secundum
525 1182 558 1212 id
582 1183 671 1222 quod
699 1182 901 1223 perfectionis
930 1190 992 1218 est,
1016 1193 1082 1213 non
1106 1190 1202 1223 prout
1224 1193 1384 1214 senescere

325 1223 454 1267 potest).
479 1225 529 1256 Sic
545 1225 631 1256 enim
657 1226 766 1257 caritas
788 1227 882 1257 habet
902 1234 1010 1264 status,
1033 1227 1214 1258 latitudines
1238 1234 1268 1258 et
1287 1238 1386 1268 quan-

325 1268 430 1299 titates
452 1268 646 1302 diversarum
670 1270 840 1307 rationum,
863 1277 899 1301 ut
921 1278 1006 1310 patet
1025 1281 1062 1301 ex
1085 1271 1184 1302 dictis.

341 1327 352 1329 ⁰
381 1313 432 1342 Ad
456 1314 632 1344 secundum
655 1314 777 1350 dicitur,
802 1325 839 1345 ex
861 1315 971 1345 eadem
995 1315 1106 1351 radice,
1129 1315 1218 1355 quod
1240 1315 1315 1355 quia
1338 1325 1387 1345 ca·-

326 1355 400 1386 ritas
424 1363 471 1387 est
485 1357 622 1388 amicitia
645 1359 857 1388 connaturalis
871 1358 998 1398 patriae,
1016 1368 1080 1388 non
1097 1359 1165 1388 viae
1184 1358 1243 1389 nisi
1258 1358 1387 1389 inchoa-

326 1399 400 1435 five,
423 1399 496 1431 ideo
519 1401 656 1441 perfecta
679 1408 710 1431 et
731 1402 914 1442 imperfecta
937 1401 1049 1432 notitia
1072 1402 1164 1432 amici
1194 1402 1387 1432 diversarum

326 1443 487 1475 rationum
509 1444 608 1475 variat
629 1445 836 1485 quantitatem
861 1446 1036 1476 secundum
1066 1445 1203 1475 diversas
1233 1445 1386 1481 rationes;

328 1497 394 1518 non
409 1494 516 1519 autem
539 1498 761 1529 quaecumque
784 1489 956 1520 differentia
979 1490 1155 1520 secundum
1170 1489 1342 1529 perfectam
1359 1495 1389 1520 et

327 1530 435 1562 minus
464 1531 634 1572 perfectam
668 1532 822 1563 notitiam.
854 1533 905 1563 Sic
928 1539 1035 1564 autem
1066 1543 1132 1564 esse
1161 1533 1193 1563 in
1222 1533 1388 1573 proposito

327 1581 422 1614 patet.
446 1575 488 1606 Et
509 1575 611 1606 simile
633 1575 757 1607 videtur
779 1576 811 1606 in
834 1576 999 1607 similibus.

382 1620 434 1649 Ad
463 1619 592 1650 tem'urn
623 1619 687 1650 iam
717 1620 838 1651 dictum
866 1628 913 1651 est
941 1622 1031 1661 quod
1062 1627 1203 1651 remanet
1232 1621 1389 1661 quantitas

327 1662 414 1703 prior
436 1663 469 1693 in
493 1664 689 1700 succedente,
714 1664 839 1695 sublato
863 1675 901 1695 eo
925 1665 1013 1705 quod
1037 1672 1103 1695 erat
1125 1665 1388 1704 imperfectionis:

327 1706 410 1738 sicut
431 1707 464 1737 in
486 1707 555 1738 viro
583 1714 724 1738 remanet
746 1708 896 1748 perfectio
919 1709 1087 1748 pueritiae,
1104 1709 1190 1739 iuxta
1213 1709 1389 1739 doctrinam

329 1751 487 1791 Apostoli,
504 1753 666 1782 evacuatis
687 1753 736 1782 his
758 1762 840 1792 quae
863 1758 956 1783 erant
972 1754 1115 1793 parvuli.
1140 1753 1190 1783 Sic
1213 1760 1320 1783 autem
1342 1763 1389 1783 re-

329 1804 457 1825 manere
479 1805 546 1826 non
569 1802 634 1831 est,
658 1796 785 1836 proprie
809 1796 989 1837 loquendo,
1013 1797 1091 1827 duas
1115 1797 1304 1837 quantitates
1333 1804 1388 1828 aut

329 1838 538 1879 perfectiones
554 1839 747 1870 diversarum
765 1840 927 1871 rationum
942 1850 1118 1871 remanere:
1140 1841 1194 1870 sed
1211 1851 1307 1871 unam
1323 1848 1390 1871 tan-

328 1889 399 1914 tum
414 1883 597 1924 simpliciter
612 1891 841 1920 consummate,
859 1884 1046 1915 retinentem
1061 1885 1190 1915 alteram
1213 1885 1389 1915 secundum

328 1927 362 1958 id
385 1927 474 1967 quod
496 1927 697 1967 perfectionis
719 1927 862 1959 habebat.
887 1929 928 1959 Et
950 1935 1116 1968 propterea
1139 1939 1204 1959 non
1224 1930 1391 1969 oportebat

329 1980 480 2012 quaerere
497 1981 606 2002 causas
629 1978 684 2002 aut
702 1972 836 2002 modum
856 1972 1068 2012 corruptionis
1084 1972 1204 2012 primae
1227 1973 1390 2013 perfectio-

329 2015 379 2046 nis
393 2021 424 2045 et
446 2015 638 2056 quantitatis,
659 2016 713 2046 sed
728 2015 976 2056 imperfectionis
995 2017 1159 2047 admixtae.
1183 2017 1231 2047 De
1245 2027 1309 2058 qua
1325 2027 1390 2047 non

330 2065 457 2099 oportet
473 2059 646 2090 sollicitari:
671 2059 746 2100 quia
762 2059 914 2100 scriptum
938 2066 985 2090 est
999 2060 1031 2090 *:
1059 2060 1139 2090 Cum
1164 2062 1286 2092 venerit
1307 2062 1391 2101 quod

324 2103 506 2144 perfectum
530 2108 588 2140 est,
612 2103 820 2134 evacuabitur
841 2104 925 2144 quod
948 2114 990 2134 ex
1007 2109 1104 2143 parte
1127 2110 1183 2134 est.

383 2147 451 2177 XV.
476 2146 527 2177 Ad
550 2147 684 2177 dubium
707 2154 814 2178 autem
838 2154 964 2178 motum
988 2148 1020 2178 in
1043 2148 1250 2187 responsione
1273 2149 1312 2178 ad
1328 2149 1391 2188 pri-

331 2190 450 2221 mum*
468 2191 567 2221 modo
584 2190 754 2222 dicendum
770 2198 817 2221 est
837 2192 924 2230 quod
946 2201 1020 2222 cum
1040 2192 1175 2222 termino
1195 2192 1322 2222 alterius
1344 2201 1390 2222 ra-

331 2234 428 2266 tionis
450 2241 510 2265 stat
532 2233 669 2265 infinitas
699 2241 808 2266 motus
838 2235 999 2275 augmenti
1022 2245 1088 2265 non
1119 2236 1311 2276 simpliciter,
1336 2237 1391 2266 sed

333 2278 510 2309 secundum
531 2278 740 2319 quantitatem
763 2279 842 2309 viae.
866 2279 960 2310 Verbi
983 2279 1096 2319 gratia,
1121 2289 1194 2310 cum
1217 2280 1279 2310 hoc
1302 2281 1390 2320 quod

332 2329 540 2362 augmentum
569 2322 722 2361 pueritiae
751 2323 937 2353 terminatur
959 2323 999 2352 ad
1021 2323 1215 2359 virilitatem,
1240 2333 1322 2364 quae
1345 2331 1392 2354 est

333 2366 460 2397 alterius
482 2365 621 2402 rationis,
646 2372 706 2396 stat
724 2367 812 2406 quod
831 2374 1039 2406 augmentum
1058 2367 1210 2406 pueritiae
1225 2374 1341 2398 crescat
1359 2368 1392 2397 in

332 2409 495 2440 infinitum
517 2419 583 2439 non
606 2409 790 2451 simpliciter
812 2407 902 2451 (quia
925 2410 969 2440 sIc
992 2420 1158 2450 nunquam
1179 2411 1392 2450 perveniretur

333 2454 374 2484 ad
396 2451 611 2495 virilitatem),
642 2454 697 2483 sed
726 2453 807 2483 infra
837 2453 1036 2484 latitudinem
1065 2454 1233 2493 pueritiae:
1267 2461 1391 2484 constat

334 2497 420 2529 enim
432 2497 521 2538 quod
535 2497 677 2538 quandiu
694 2497 765 2538 quis
781 2503 827 2527 est
838 2507 926 2537 puer,
939 2507 1064 2537 semper
1079 2497 1172 2528 habet
1186 2507 1252 2538 quo
1265 2504 1390 2534 crescat,

335 2548 366 2572 et
377 2551 476 2583 quam
490 2541 632 2581 primum
647 2551 783 2572 crescere
798 2550 863 2571 non
879 2548 993 2581 potest,
1006 2551 1085 2580 puer
1099 2541 1236 2581 amplius
1253 2551 1319 2571 non
1336 2549 1391 2572 est.

334 2586 376 2616 Et
398 2585 541 2615 similiter
570 2594 644 2615 cum
671 2585 733 2615 hoc
763 2585 852 2625 quod
875 2585 929 2615 lux
959 2585 1114 2615 matutina
1144 2585 1331 2616 terminatur
1353 2586 1392 2615 ad

335 2629 521 2670 perfectum·
541 2628 638 2664 diem,
670 2635 730 2660 stat
757 2629 846 2668 quod
869 2635 1075 2668 augmentum
1106 2629 1186 2659 lucis
1217 2629 1391 2660 matutinae

335 2673 376 2704 sit
397 2673 430 2703 in
453 2672 623 2708 infinitum,
643 2682 708 2703 non
733 2673 808 2712 quia
829 2672 862 2702 in
886 2672 1045 2703 infinitum
1061 2672 1243 2712 simpliciter
1259 2683 1394 2703 crescere

335 2717 437 2758 possit
460 2715 519 2758 (sic
533 2716 626 2746 enim
643 2726 809 2756 nunquam
833 2716 872 2746 ad
888 2716 1063 2756 perfectum
1087 2716 1171 2746 diem
1193 2715 1393 2757 perveniret),

336 2761 391 2792 sed
415 2761 491 2801 quia
512 2759 593 2790 infra
615 2760 814 2791 latitudinem
845 2760 923 2790 lucis
948 2760 1119 2790 matutinae
1150 2770 1274 2800 semper
1301 2761 1395 2791 habet

337 2814 403 2846 quo
427 2810 559 2835 crescat:
584 2804 610 2834 si
633 2804 719 2834 enim
742 2804 878 2844 amplius
901 2814 1036 2835 crescere
1060 2814 1125 2834 non
1150 2810 1267 2844 posset,
1291 2811 1394 2835 matu-

336 2848 403 2879 tina
425 2857 491 2878 non
514 2854 603 2878 esset.
628 2848 700 2878 I-Ioc
723 2857 797 2887 ergo
821 2848 920 2878 modo
937 2848 1154 2888 accipiendum
1172 2854 1218 2878 est
1231 2849 1323 2888 quod
1342 2858 1394 2879 ca-
1420 2830 1423 2872 l

337 2891 411 2922 ritas
434 2891 466 2921 in
490 2897 572 2921 statu
595 2891 664 2922 viae
688 2898 792 2931 potest
815 2892 921 2931 augeri
944 2891 976 2922 in
999 2891 1175 2922 infinitum:
1199 2892 1232 2932 ly
1255 2891 1340 2922 enim
1363 2893 1396 2922 in

337 2940 424 2966 statu
447 2936 518 2966 viae
540 2941 587 2965 est
609 2935 750 2966 conditio
765 2935 975 2966 determinans
998 2943 1205 2976 augmentum
1225 2935 1307 2965 infra
1329 2936 1396 2967 lati-

338 2978 484 3010 tudinem
506 2977 706 3018 perfectionis
729 2979 874 3019 propriae
897 2979 990 3010 statui
1013 2979 1149 3010 viatoris.
1174 2980 1215 3009 Et
1233 2986 1398 3019 propterea

340 3032 415 3052 cum
437 3022 498 3052 hoc
521 3022 610 3062 quod
633 3023 766 3053 caritatis
789 3030 996 3062 augmentum
1021 3030 1066 3053 est
1089 3024 1127 3053 ad
1151 3029 1272 3053 certum
1294 3024 1397 3054 termi-

340 3075 421 3096 num
443 3065 569 3096 alterius
592 3066 720 3096 rationis
733 3089 741 3101 ‚
776 3067 893 3097 scilicet
919 3066 1145 3107 perfectionem
1175 3066 1292 3107 patriae
1305 3090 1312 3103 ,
1338 3074 1398 3098 stat

341 3109 429 3150 quod
452 3108 585 3139 caritatis
609 3116 816 3149 augmentum
831 3110 871 3140 sit
893 3111 924 3140 in
941 3110 1100 3141 infinitum
1124 3120 1189 3140 non
1205 3111 1397 3150 simpliciter,

341 3153 396 3183 sed
417 3152 451 3183 in
474 3159 556 3183 statu
585 3153 672 3189 viae,
703 3153 764 3184 hoc
787 3160 834 3184 est
861 3154 940 3184 infra
969 3154 1168 3184 latitudinem
1197 3154 1397 3194 perfectionis

340 3197 424 3227 viae:
450 3206 574 3236 semper
596 3197 681 3227 enim
696 3197 790 3227 habet
812 3207 879 3237 quo
902 3205 1018 3228 crescat
1033 3198 1142 3228 caritas
1160 3198 1238 3228 viae.
1263 3199 1304 3229 Et
1318 3199 1398 3229 inter

341 3241 499 3280 signatum
511 3240 692 3277 terminum,
707 3247 785 3280 puta
796 3240 1022 3281 perfectionem
1033 3241 1160 3281 patriae,
1177 3249 1208 3273 et
1218 3242 1398 3273 inchoatam

343 3284 502 3316 caritatem
525 3284 594 3314 viae
617 3284 650 3314 in
673 3285 784 3320 Paulo,
807 3284 888 3315 sicut
906 3295 971 3315 non
995 3291 1042 3315 est
1064 3292 1170 3316 motus
1189 3287 1350 3326 augmenti
1365 3287 1397 3316 in

341 3327 502 3359 infinitum
525 3328 716 3368 simpliciter,
741 3329 783 3359 ita
806 3338 871 3358 non
895 3335 941 3359 est
964 3328 1108 3360 distantia
1130 3329 1251 3360 infinita
1274 3330 1394 3370 simpli-

343 3372 433 3403 citer:
458 3372 512 3402 sed
535 3371 615 3402 sicut
638 3379 684 3402 est
707 3379 814 3402 motus
838 3372 999 3412 augmenti
1021 3372 1054 3402 in
1076 3372 1236 3404 infinitum
1251 3373 1331 3404 infra
1353 3374 1399 3404 la·-

342 3415 510 3446 titudinem
539 3415 739 3455 perfectionis
763 3416 845 3452 viae,
869 3416 912 3446 ita
934 3423 981 3446 est
1010 3416 1154 3447 distantia
1183 3417 1215 3447 in
1238 3416 1397 3448 infinitum

343 3460 520 3490 secundum
534 3459 732 3490 latitudinem
747 3459 947 3500 perfectionis
962 3460 1041 3491 viae.
1065 3460 1106 3491 Et
1130 3460 1272 3491 similiter
1294 3467 1398 3501 potest
1423 3462 1426 3496 Ι

1439 144 1732 182 ARTICULUS
1760 144 1828 180 VII

1429 222 1488 252 dici
1512 222 1600 262 quod
1623 222 1702 252 inter
1725 221 1906 252 inchoatam
1937 220 2095 251 caritatem
2119 219 2151 249 in
2175 219 2237 249 hoc
2261 226 2291 249 et
2314 220 2486 250 terminum

1428 267 1460 296 in
1483 266 1583 305 patria
1606 272 1652 296 est
1675 265 1821 296 distantia
1844 264 1932 295 finita
1955 263 2148 303 simpliciter,
2174 269 2302 303 propter
2319 264 2407 303 quod
2430 273 2487 303 per

1429 316 1555 340 motum
1579 309 1737 349 augmenti
1768 309 1896 339 tandem
1927 308 2108 347 pervenitur
2138 307 2177 337 ad
2201 306 2374 347 perfectum
2402 307 2486 337 diem

1431 353 1570 384 caelestis
1586 353 1718 393 patriae;
1741 353 1794 382 sed
1811 360 1856 383 est
1875 351 1996 382 infinita
2012 351 2189 391 secundum
2205 350 2405 381 latitudinem
2421 361 2488 391 per-

1430 397 1576 428 fectionis
1597 397 1675 433 viae,
1700 403 1828 436 propter
1851 396 1940 436 quod
1964 396 2117 435 contingit
2140 402 2266 425 motum
2282 394 2314 424 in
2338 395 2387 424 via
2411 405 2489 425 sem-

1431 451 1487 482 per
1509 450 1654 471 crescere.
1679 441 1725 470 Ex
1741 441 1802 470 hoc
1825 440 1919 479 igitur
1934 440 2023 480 quod
2042 446 2088 470 est
2111 439 2161 470 hic
2180 438 2363 478 simpliciter
2386 437 2489 469 finitas

1432 492 1462 516 et
1486 485 1661 515 secundum
1688 485 1756 514 viae
1786 484 1941 514 rationem
1973 483 2128 519 infinitas,
2152 483 2224 513 ideo
2249 489 2280 513 et
2303 489 2409 512 motus
2439 483 2489 512 hic

1431 529 1598 559 inchoatus
1625 528 1668 558 ibi
1691 528 1890 558 terminatur:
1918 534 1949 557 et
1972 527 2050 557 dum
2072 527 2122 557 hic
2146 533 2192 557 est
2219 533 2343 562 motus,
2367 536 2491 566 semper

1433 579 1538 613 potest
1560 582 1704 607 crescere,
1729 572 1816 612 quod
1841 571 2031 611 significatur
2058 581 2114 611 per
2136 577 2344 610 augmentum
2367 570 2399 600 in
2422 569 2490 600 infi-

1433 617 1536 647 nitum
1552 616 1585 645 in
1601 623 1683 647 statu
1700 616 1776 646 viae.
1793 632 1813 638 -
1828 616 1894 645 Nec
1909 614 2023 645 fallaris
2038 615 2178 650 demum,
2194 613 2323 650 novitie,
2341 613 2373 643 in
2389 614 2489 644 decla-

1433 660 1608 691 rationibus
1632 667 1662 690 et
1685 659 1836 699 exemplis
1862 658 1951 694 datis,
1975 668 2128 699 quaerens
2159 658 2380 688 omnimodam
2403 658 2489 688 simi-

1433 704 1618 735 litudinem:
1643 703 1758 733 sufficit
1780 702 1864 732 enirn
1884 702 2141 742 proportionalis.
2165 703 2250 733 Tota
2271 701 2427 742 siquidem
2441 702 2492 732 via

1434 748 1604 788 praesentis
1627 747 1718 782 vitae,
1743 746 1807 776 sive
1830 751 1926 786 parva
1948 747 2012 776 sive
2036 755 2150 785 magna
2173 746 2221 781 sit,
2246 744 2492 786 proportionalis

1435 791 1587 832 pueritiae
1618 797 1648 821 et
1671 800 1764 820 mane
1787 797 1848 820 est:
1872 790 2030 830 quaelibet
2059 799 2189 830 quoque
2213 789 2351 820 caelestis
2374 790 2493 829 patriae

1435 835 1570 870 mansio,
1596 834 1659 863 sive
1683 833 1833 864 excelsior
1856 834 1919 863 sive
1943 833 2049 864 minus
2073 833 2153 863 celsa
2175 833 2224 869 sit,
2248 833 2494 873 proportionalis

1435 878 1570 908 virilitati
1594 884 1624 907 et
1647 877 1785 917 perfecto
1809 877 1870 906 diei
1894 883 1949 907 est.
2327 891 2330 894 Δ

1491 921 1573 951 XVI.
1589 921 1636 951 Ex
1651 921 1766 961 quibus
1786 921 1945 956 omnibus,
1962 920 2082 950 collatis
2101 930 2175 950 cum
2191 920 2332 950 doctrina
2347 920 2495 951 Auctoris

1435 972 1501 996 tam
1524 965 1575 995 hic
1590 964 1667 995 etin
1691 964 1823 994 articulo
1847 964 2000 1004 sequenti,
2017 964 2051 993 in·
2072 964 2278 1003 responsione
2302 965 2341 994 ad
2355 964 2493 1000 tertium,

1436 1009 1527 1039 valde
1543 1009 1582 1038 ad
1599 1007 1809 1048 propositum,
1827 1017 1923 1048 quam
1943 1007 1975 1037 in
1992 1007 2053 1048 Qq.
2070 1008 2109 1038 de
2130 1008 2301 1038 Virtutibus
2315 1008 2342 1045 *,
2367 1015 2495 1048 apparet

1438 1053 1526 1093 quod
1543 1052 1635 1083 multi
1658 1051 1691 1082 in
1707 1051 1765 1081 hac
1789 1061 1820 1081 re
1841 1052 2014 1091 disputasse
2037 1051 2183 1082 videntur
2205 1061 2270 1081 non
2289 1052 2495 1092 percipientes

1438 1103 1578 1127 mentem
1607 1095 1771 1131 Auctoris,
1803 1096 1857 1125 sed
1881 1102 2027 1135 putantes
2059 1096 2144 1135 apud
2167 1096 2303 1125 eundem
2337 1096 2495 1127 caritatem

1438 1140 1621 1181 simpliciter
1645 1139 1751 1179 augeri
1774 1149 1868 1178 posse
1891 1139 1924 1169 in
1948 1138 2120 1175 infinitum;
2146 1149 2202 1169 nec
2222 1139 2388 1170 advertisse
2407 1141 2496 1180 quod

1437 1185 1476 1215 de
1500 1184 1633 1215 caritatis
1656 1183 1849 1223 perfectione
1873 1193 1939 1213 non
1962 1182 2154 1222 simpliciter,
2180 1183 2233 1212 sed
2255 1183 2287 1212 in
2312 1190 2393 1213 statu
2417 1184 2495 1220 viae,

1438 1231 1559 1259 Auctor
1574 1227 1719 1268 loquens,
1735 1233 1944 1266 augmentum
1957 1226 1990 1256 in
2006 1226 2166 1258 infinitum
2182 1233 2213 1256 et
2228 1236 2351 1267 semper
2362 1237 2497 1258 crescere

1438 1272 1556 1312 posuit.
1592 1272 1684 1302 Unde
1708 1271 1786 1301 nihil
1809 1270 1887 1300 mihi
1909 1271 2034 1301 videtur
2061 1280 2136 1301 cum
2159 1270 2340 1301 adversariis
2364 1278 2498 1302 tractan-

1439 1317 1518 1347 dum
1533 1315 1592 1345 nisi
1612 1324 1730 1346 unum:
1754 1315 1921 1355 quomodo
1937 1314 2053 1345 scilicet
2068 1324 2142 1344 cum
2160 1321 2331 1354 augmento
2346 1315 2380 1344 in
2394 1315 2498 1346 infini-

1438 1368 1508 1390 tum
1532 1359 1665 1390 caritatis
1689 1359 1721 1388 in
1744 1359 1794 1388 via
1820 1359 1955 1389 salvetur
1983 1358 2262 1398 proportionaliter
2290 1367 2498 1398 augmentum

1438 1404 1471 1433 in
1495 1403 1604 1443 patria,
1629 1403 1747 1442 absque
1771 1412 1809 1432 eo
1832 1403 1920 1442 quod
1945 1402 2039 1432 etiam
2061 1402 2093 1432 in
2117 1402 2215 1442 patria
2238 1413 2304 1433 non
2327 1403 2427 1442 possit
2450 1414 2499 1433 ca-

1439 1447 1512 1477 ritas
1535 1446 1642 1485 augeri
1665 1446 1697 1475 in
1721 1445 1891 1476 infinitum.
1915 1446 2070 1476 Videntur
2089 1446 2174 1476 enim
2197 1446 2273 1476 haec
2292 1446 2350 1476 sibi
2365 1447 2500 1477 invicem

1440 1490 1607 1521 adversari.
1634 1490 1718 1519 Nam
1741 1496 1864 1520 constat
1886 1490 1974 1529 quod
1997 1496 2118 1530 quanto
2141 1489 2242 1519 maior
2265 1497 2312 1520 est
2335 1491 2443 1521 caritas
2467 1491 2499 1520 in

1438 1534 1498 1570 via,
1515 1541 1604 1564 tanto
1621 1533 1723 1563 maior
1737 1533 2015 1573 proportionaliter
2029 1533 2086 1563 erit
2101 1533 2196 1563 etiam
2211 1533 2243 1563 in
2259 1534 2374 1573 patria:
2399 1544 2499 1574 quan-

1440 1585 1511 1608 tum
1538 1577 1622 1608 enim
1650 1587 1733 1607 unus
1756 1584 1882 1607 sanctus
1910 1576 2039 1607 excessit
2065 1577 2199 1607 alterum
2226 1578 2401 1608 secundum
2425 1578 2501 1608 cari-

1439 1628 1537 1652 tatem
1552 1621 1584 1651 in
1599 1621 1659 1657 via,
1683 1627 1772 1651 tanto
1795 1620 2074 1661 proportionaliter
2097 1620 2215 1651 excedit
2231 1621 2367 1651 eundem
2390 1622 2423 1652 in
2447 1632 2501 1662 pa-

1441 1666 1514 1702 tria,
1539 1665 1634 1696 etiam
1667 1666 1843 1695 secundum
1871 1665 2040 1695 caritatem.
2070 1665 2111 1695 Et
2137 1671 2302 1704 propterea
2331 1665 2356 1695 si
2379 1665 2410 1695 in
2433 1665 2502 1696 infi-

1440 1710 1544 1740 nitum
1567 1715 1699 1749 augetur
1715 1709 1824 1739 caritas
1847 1709 1879 1738 in
1894 1709 1960 1745 via,
1985 1709 2027 1739 ita
2051 1708 2138 1748 quod
2162 1718 2369 1749 quocumque
2392 1717 2501 1740 sancto

1442 1755 1516 1784 dato
1539 1753 1572 1783 in
1595 1753 1645 1782 via
1668 1759 1774 1793 potest
1796 1753 1828 1782 in
1852 1753 1962 1783 eadem
1986 1753 2051 1782 dari
2070 1752 2205 1783 sanctior
2220 1753 2287 1793 ipse
2306 1753 2355 1783 vel
2378 1754 2454 1784 alter
2469 1754 2501 1783 in

1441 1798 1491 1827 via
1507 1795 1663 1839 (alioquin
1679 1807 1745 1827 non
1761 1803 1842 1827 esset
1860 1796 1892 1826 in
1907 1795 1971 1838 via)
1984 1805 1990 1833 ;
2015 1803 2140 1836 oportet
2159 1803 2387 1837 consequenter
2402 1798 2504 1828 dicere

1442 1841 1531 1882 quod
1557 1841 1652 1871 etiam
1678 1841 1710 1870 in
1738 1841 1838 1880 patria
1863 1840 1972 1871 caritas
1998 1847 2102 1880 potest
2130 1841 2236 1880 augeri
2265 1841 2298 1871 in
2324 1840 2501 1877 infinitum,

1442 1886 1485 1916 ita
1506 1885 1595 1925 quod
1616 1894 1822 1925 quocumque
1850 1891 1958 1915 sancto
1988 1884 2061 1914 dato
2085 1890 2190 1924 potest
2213 1884 2278 1914 dari
2301 1884 2437 1915 sanctior
2458 1895 2503 1915 es-

1442 1929 1621 1971 sentialiter.
1646 1946 1666 1950 -
1689 1929 1730 1958 Et
1753 1927 1956 1958 confirmatur
1979 1928 2041 1959 hoc
2070 1928 2102 1958 in
2126 1928 2253 1968 angelis.
2279 1928 2362 1964 Quia
2385 1938 2504 1969 suppo-

1443 1973 1549 2003 nendo
1584 1972 1672 2013 quod
1702 1982 1909 2012 quocumque
1932 1972 2045 2011 angelo
2076 1978 2180 2002 creato
2210 1972 2297 2002 Deus
2324 1972 2424 2011 possit
2452 1982 2503 2002 su-

1443 2018 1600 2057 periorem
1625 2025 1746 2052 creare,
1771 2023 1800 2046 et
1827 2016 1915 2056 quod
1939 2016 2048 2046 caritas
2074 2016 2165 2045 detur
2187 2015 2231 2045 eis
2255 2016 2430 2046 secundum
2454 2026 2504 2046 ca-

1443 2060 1610 2101 pacitatem
1635 2059 1842 2095 naturalium;
1867 2059 2009 2100 sequitur
2033 2066 2063 2090 et
2085 2059 2174 2100 quod
2198 2059 2306 2089 caritas
2320 2059 2388 2090 viae
2411 2060 2443 2090 in
2459 2060 2504 2090 eis

1442 2104 1483 2135 sit
1496 2103 1736 2144 augmentabilis
1752 2103 1785 2133 in
1800 2102 1961 2134 infinitum
1975 2103 2061 2134 iuxta
2072 2110 2280 2143 augmentum
2295 2104 2503 2140 naturalium;

1443 2155 1474 2179 et
1496 2149 1585 2189 quod
1609 2147 1717 2178 caritas
1741 2147 1858 2187 patriae
1879 2147 1912 2177 in
1937 2148 2055 2178 eisdem
2078 2147 2117 2177 sit
2140 2147 2379 2186 augmentabilis
2402 2147 2435 2177 in
2457 2149 2504 2178 in-

1443 2192 1570 2223 finitum
1601 2191 1881 2232 proportionaliter
1908 2192 1947 2221 ad
1977 2197 2185 2231 augmentum
2214 2191 2348 2222 caritatis
2374 2191 2442 2222 viae
2471 2192 2504 2222 in

1443 2236 1574 2266 eisdem.
1609 2236 1739 2272 Quanto
1767 2235 1853 2265 enim
1879 2241 2035 2265 crearetur
2063 2235 2194 2275 angelus
2223 2235 2383 2275 superior,
2415 2242 2504 2266 tanto

1444 2280 1598 2311 maiorem
1629 2279 1789 2310 caritatem
1815 2279 1882 2309 viae
1913 2279 2052 2309 haberet:
2083 2285 2114 2309 et
2142 2285 2262 2319 quanto
2294 2279 2396 2309 maior
2424 2287 2505 2310 esset

1443 2324 1554 2355 caritas
1576 2323 1767 2359 viae,.tanto
1791 2323 1893 2353 maior
1915 2330 1996 2353 esset
2019 2323 2127 2353 caritas
2150 2323 2277 2362 patriae.

1511 2368 1607 2398 XVII.
1632 2368 1694 2398 Sed
1717 2368 1779 2397 hoc
1802 2367 1946 2403 dubium,
1971 2377 2045 2398 cum
2061 2367 2125 2397 suis
2140 2366 2278 2400 motivis.
2295 2376 2361 2396 non
2377 2367 2504 2397 aliunde

1443 2412 1635 2442 solvendum
1659 2417 1720 2441 est:
1753 2417 1788 2441 ut
1811 2411 1906 2441 etiam
1929 2421 1966 2441 ex
1988 2411 2050 2441 hoc
2077 2411 2261 2455 qstendatur
2283 2410 2424 2441 soliditas
2439 2411 2504 2441 'do-

1444 2455 1577 2490 ctrinae,
1609 2454 1754 2494 exposito
1784 2455 1868 2494 quod
1901 2455 1977 2494 quid
2011 2459 2057 2485 est
2086 2454 2244 2485 reddentis
2276 2454 2431 2485 rationem
2467 2455 2504 2485 de

1444 2498 1604 2529 omnibus.
1632 2497 1717 2528 Scito
1740 2497 1845 2537 igitur,
1870 2507 1907 2528 ex
1930 2498 1971 2527 111
1986 2498 2114 2538 Physic.
2131 2498 2158 2535 *,
2183 2499 2271 2539 quod
2294 2498 2369 2538 quia
2391 2498 2506 2529 infiniti

1444 2542 1524 2572 ratio
1548 2551 1613 2571 non
1631 2548 1678 2571 est
1699 2547 1736 2571 ut
1758 2541 1837 2571 ratio
1856 2541 2047 2572 substantiae
2070 2543 2125 2572 sed
2148 2542 2325 2578 accidentis,
2341 2541 2413 2572 ideo
2430 2552 2505 2572 con-

1444 2586 1579 2616 ditiones
1595 2584 1708 2614 infiniti
1724 2584 1804 2614 infra
1821 2585 1951 2616 subiecti
1970 2585 2169 2616 latitudinem
2185 2586 2385 2616 clauduntur.
2410 2586 2505 2617 Verbi

1445 2629 1558 2669 gratia,
1583 2639 1620 2658 ex
1643 2628 1704 2658 hoc
1734 2628 1823 2669 quod
1849 2629 1979 2668 ponitur
2004 2629 2086 2659 linea
2108 2629 2246 2665 infinita,
2275 2639 2339 2659 non
2363 2630 2506 2670 sequitur

1445 2673 1534 2714 quod
1548 2672 1656 2702 omnia
1673 2679 1816 2712 occupet,
1841 2679 1895 2703 aut
1918 2673 2006 2713 quod
2029 2673 2107 2703 nihil
2123 2680 2207 2703 extra
2222 2673 2324 2713 ipsam
2349 2673 2400 2703 sit:
2425 2684 2506 2714 quo-

1445 2717 1532 2747 niam
1554 2716 1690 2746 infinitas
1706 2716 1786 2747 infra
1808 2717 1907 2747 lineae
1923 2717 2079 2747 rationem
2095 2717 2265 2753 clauditur;
2290 2723 2320 2747 et
2343 2717 2444 2747 simile
2461 2726 2507 2749 est

1446 2761 1479 2791 in
1495 2761 1570 2791 aliis.
1591 2761 1631 2790 Et
1646 2760 1718 2790 hinc
1735 2761 1834 2790 oritur
1849 2760 2020 2791 differentia
2031 2761 2112 2791 inter
2123 2771 2159 2791 ea
2174 2771 2255 2801 quae
2268 2768 2508 2802 consequuntur

1449 2805 1488 2835 ad
1511 2810 1718 2844 augmentum
1741 2804 1774 2834 in
1797 2803 1957 2835 infinitum
1980 2804 2111 2835 alicuius
2135 2805 2287 2841 absolute,
2313 2812 2343 2835 et
2366 2815 2402 2835 ea
2425 2815 2507 2845 quae

1449 2855 1688 2888 consequuntur
1713 2848 1752 2877 ad
1780 2854 1986 2887 augmentum
2013 2848 2046 2878 in
2073 2848 2232 2879 infinitum
2258 2849 2399 2879 eiusdem
2425 2849 2507 2880 infra

1449 2893 1544 2924 talem
1567 2892 1774 2922 latitudinem.
1798 2893 1881 2922 Nam
1905 2892 1944 2922 ad
1967 2892 2109 2928 alicuius,
2134 2899 2211 2932 puta
2233 2892 2343 2929 lineae,
2364 2893 2507 2924 absolute

1448 2943 1655 2977 augmentum
1689 2935 1721 2965 in
1755 2934 1914 2966 infinitum
1946 2936 2088 2976 sequitur
2119 2936 2332 2967 interminatio
2363 2937 2507 2967 absolute

1448 2980 1664 3020 longitudinis,
1682 2980 1724 3009 sic
1744 2980 1832 3020 quod
1846 2989 1917 3018 ⁴non
1930 2986 1976 3010 est
1995 2980 2066 3010 dare
2085 2980 2202 3010 lineam
2220 2980 2263 3010 ita
2280 2981 2409 3020 longam
2430 2981 2507 3021 quin

1449 3024 1549 3064 possit
1577 3024 1642 3054 dari
1670 3023 1805 3063 longior.
1839 3024 1890 3053 Ad
1920 3031 2128 3063 augmentum
2155 3031 2261 3054 autem
2287 3025 2319 3054 in
2348 3024 2507 3056 infinitum

2410 143 2479 189 187

1422 3100 1424 3106 y
1448 3068 1549 3098 lineae
1571 3067 1651 3097 infra
1676 3067 1875 3098 latitudinem
1905 3067 2042 3107 partium
2073 3068 2315 3098 decidendarum
2339 3065 2377 3098 ab
2401 3069 2507 3109 aliqua

1448 3112 1530 3142 linea
1553 3111 1649 3147 finita,
1670 3121 1735 3140 non
1752 3110 1893 3151 sequitur
1914 3111 2082 3151 longitudo
2099 3111 2336 3142 interminabilis
2356 3111 2399 3142 sic
2418 3113 2507 3153 quod

1449 3156 1614 3186 excedatur
1632 3164 1853 3195 quaecumque
1871 3155 1982 3185 dabilis
2000 3155 2180 3196 longitudo:
2206 3157 2259 3186 sed
2279 3156 2420 3196 sequitur
2438 3157 2507 3186 lon-

1449 3200 1559 3239 gitudo
1582 3199 1820 3229 interminabilis
1843 3199 1886 3229 sic
1909 3199 1998 3239 quod
2020 3199 2073 3229 illa
2096 3199 2178 3229 linea
2202 3209 2366 3239 nunquam
2386 3199 2444 3230 erit
2465 3200 2507 3231 ita

1449 3244 1544 3283 longa
1567 3243 1644 3282 quin
1667 3243 1767 3282 possit
1790 3252 1856 3273 esse
1878 3242 2013 3283 longior.
2037 3243 2132 3274 Verbi
2151 3243 2256 3283 gratia,
2281 3243 2343 3273 sint
2366 3243 2446 3274 duae
2469 3243 2506 3273 li-

1450 3297 1526 3318 neae
1549 3287 1724 3326 tripedales,
1749 3286 1866 3317 scilicet
1889 3289 1918 3317 A
1941 3293 1971 3317 et
1992 3286 2027 3317 Β.
2051 3286 2226 3326 Dupliciter
2248 3293 2353 3326 potest
2374 3289 2402 3316 A
2424 3287 2507 3318 linea

1450 3330 1557 3370 augeri
1571 3331 1603 3360 in
1618 3329 1787 3361 infinitum.
1810 3330 1928 3366 Primo,
1945 3330 2138 3370 simpliciter:
2159 3337 2189 3361 et
2204 3330 2247 3360 sic
2263 3330 2404 3371 sequitur
2418 3331 2507 3371 quod

1451 3374 1570 3405 excedit
1593 3384 1722 3404 omnem
1745 3373 1866 3405 finitam
1889 3374 2134 3414 longitudinem,
2159 3381 2194 3404 ut
2216 3380 2310 3414 patet.
2343 3373 2505 3410 Secundo,

1450 3418 1530 3449 infra
1553 3418 1750 3448 latitudinem
1773 3417 1967 3448 infinitarum
1989 3418 2127 3458 partium
2142 3418 2174 3447 in
2190 3427 2268 3458 quas
2287 3424 2392 3458 potest
2410 3418 2507 3448 dividi

1451 3462 1533 3492 linea
1555 3462 1594 3492 B:
1626 3468 1672 3492 est
1695 3461 1780 3492 enim
1813 3461 1975 3492 divisibilis
1998 3461 2030 3491 in
2053 3461 2230 3497 infinitum,
2254 3469 2284 3492 et
2307 3462 2350 3492 sic
2374 3464 2401 3492 A
2424 3461 2507 3492 linea

2522 1010 2531 1018 ⁸
2547 1008 2594 1035 Qu.
2610 1013 2634 1033 n,
2645 1011 2687 1028 art.
2698 1013 2730 1034 ιο,

2521 1035 2549 1056 ad
2562 1041 2575 1062 3
2589 1034 2612 1055 in
2627 1040 2682 1061 opp.

2532 2505 2587 2552 aql!
2630 2531 2680 2552 lect.
2700 2537 2740 2552 vir.

2532 2568 2542 2572 -
2558 2557 2594 2579 Cf.
2609 2557 2740 2585 Metaphys.

2532 2584 2571 2605 lib.
2591 2583 2623 2609 X,
2646 2589 2695 2610 cap.
2717 2590 2740 2608 x,

2532 2610 2686 2662 351?i.0⁸f.³‚}¹.¹‘
2701 2610 2740 2631 m..

2632 2511 2657 2531 v,
2679 2511 2700 2526 n.
2716 2511 2740 2531 23
