2892 4056
0 310 2 324 2
50 298 260 320 'S.Th.lect.xv1n.

0 325 3 336 '
50 336 60 341 -
79 324 132 347 Did.
153 324 192 347 lib.
211 324 260 351 lv,

0 360 5 389 [f
49 357 100 379 cap.
115 357 160 378 xvi,
174 357 197 372 u.
211 358 232 372 2.

46 1157 78 1175 ,νι
82 1158 139 1171 ττι,

41 1344 182 1381 ‘vuinn-

39 1779 123 1803 und.

38 2364 166 2393 'Vsu-3.

970 158 1235 205 QUAEsrio
1265 158 1368 205 xiv,
1398 157 1692 194 ART1CULus
1723 158 1773 194 1v

287 234 420 272 dicitur
446 235 483 271 in
513 236 620 272 malis
648 237 752 284 quod
782 244 836 273 est
864 237 1072 274 maximum
1100 237 1265 273 malum:
1301 243 1342 272 ut

286 295 389 336 patet
422 300 492 336 per
518 288 817 336 Philosophum,
846 290 884 326 in
903 290 938 326 V
956 290 1171 338 Metaphys.
1192 289 1212 311 ²¹²
1241 289 1340 326 Cum

285 340 395 387 igitur
421 347 620 388 peccatum
650 341 687 378 in
717 342 896 390 Spiritum
917 343 1099 379 Sanctum
1128 342 1174 379 sit
1201 341 1341 390 gravis-

286 392 447 439 simum,
476 392 627 430 videtur
663 395 767 444 quod
795 396 914 431 homo
953 395 1001 431 ad
1029 396 1103 431 hoc
1140 402 1339 443 peccatum

284 445 481 494 perveniat
507 458 576 494 per
604 447 675 484 alia
703 455 859 496 peccata
886 447 1048 483 minora.

339 509 374 535 2.
404 499 645 545 PRAETEREA,
673 512 831 548 peccare
868 500 906 536 in
941 499 1123 546 Spiritum
1159 500 1340 536 Sanctum

284 558 340 586 est
367 562 526 598 peccare
555 564 600 588 ex
637 560 736 589 certa
764 551 925 596 malitia,
955 551 1035 587 sive
1069 563 1115 587 ex
1144 552 1339 588 electione.

285 602 361 639 Sed
380 603 455 640 hoc
475 616 554 641 non
573 605 697 641 statim
716 612 842 655 potest
857 605 990 650 homo,
1011 611 1217 652 antequam
1246 605 1341 641 mul-

282 655 392 703 toties
425 657 658 705 peccaverit:
699 657 786 694 dicit
814 656 915 693 enim
944 655 1220 705 Philosophus,
1250 657 1287 693 in
1306 657 1341 693 V

189 722 223 734 ··
250 714 256 733 ³
281 709 401 745 Ethic.
430 709 460 756 ²⁸,
491 711 612 757 quod,
641 710 672 747 si
692 715 709 730 ²
736 710 857 746 homo
885 708 1003 757 possit
1030 707 1167 745 iniusta
1195 709 1338 756 facere,

282 773 361 798 non
390 769 517 798 tamen
546 770 671 811 potest
698 761 822 801 statim
852 761 1000 810 operari
1038 761 1132 797 sicut
1160 761 1338 808 iniustus,

282 814 422 854 scilicet
450 827 494 851 ex
531 815 725 852 electione.
761 815 861 861 Ergo
890 813 1040 850 videtur
1069 815 1172 862 quod
1207 827 1340 862 pecca-

282 874 363 904 tum
399 868 436 904 in
465 867 646 916 Spiritum
682 867 862 903 Sanctum
897 876 974 902 non
1003 865 1123 914 possit
1157 868 1339 903 committi

283 920 351 957 nisi
378 927 465 969 post
492 918 563 956 alia
589 927 756 967 peccata.

338 973 372 1010 3.
401 973 634 1018 PRAETEREA,
649 971 881 1020 poenitentia
901 979 938 1007 et
952 971 1239 1019 impoenitentia
1254 980 1340 1009 sunt

282 1024 381 1062 circa
407 1025 521 1062 idem.
553 1025 629 1061 Sed
651 1023 883 1072 poenitentia
902 1036 980 1060 non
1009 1031 1064 1060 est
1087 1023 1158 1060 nisi
1186 1024 1233 1060 de
1253 1037 1339 1073 pec-

281 1077 370 1114 catis
397 1077 616 1126 praeteritis.
656 1077 758 1124 Ergo
788 1077 900 1113 etiam
934 1087 1060 1124 neque
1088 1076 1339 1125 impoeniten—

245 1154 248 1157 -
279 1129 349 1176 tia,
379 1142 479 1178 quae
507 1137 563 1166 est
597 1129 742 1179 species
778 1129 922 1178 peccati
956 1129 995 1166 in
1029 1130 1211 1178 Spiritum
1246 1131 1340 1168 San-

241 1187 244 1196 ’
281 1190 395 1220 ctum.
438 1183 643 1220 Peccatum
689 1194 778 1230 ergo
816 1183 853 1219 in
893 1182 1073 1231 Spiritum
1112 1183 1294 1220 Sanctum
1324 1181 1340 1213 β

279 1235 554 1285 praesupponit
581 1236 652 1274 alia
678 1243 845 1284 peccata.

279 1289 411 1330 *Sua
424 1299 583 1326 CONTRA
619 1300 685 1326 EST
711 1288 818 1337 quod
831 1287 956 1337 facile
992 1293 1046 1324 est
1072 1288 1108 1324 in
1144 1295 1339 1337 conspectu

278 1341 356 1379 Dei
367 1342 487 1389 subito
501 1342 698 1378 honestare
701 1353 923 1390 pauperem,
936 1349 977 1377 ut
991 1339 1127 1378 dicitur
1137 1341 1252 1378 Eccli.
1263 1354 1298 1378 XI
1307 1341 1338 1379 *.

280 1395 382 1443 Ergo
402 1407 422 1431 e
439 1394 627 1432 contrario
642 1394 821 1443 possibile
843 1402 908 1440 est,
925 1393 1137 1430 secundum
1157 1394 1339 1431 malitiam

279 1447 479 1487 daemonis
498 1447 740 1495 suggerentis,
761 1454 803 1483 ut
830 1446 954 1484 statim
978 1445 1113 1493 aliquis
1141 1446 1341 1484 inducatur

278 1500 318 1545 {m
331 1499 604 1549 ,gravissimum
622 1507 836 1548 peccatum,
857 1499 962 1548 quod
983 1506 1038 1535 est
1055 1503 1071 1526 Υ
1099 1499 1137 1535 in
1158 1499 1339 1548 Spiritum

242 1578 244 1585 ‹
278 1553 476 1593 Sanctum.

331 1607 557 1643 RESPONDEO
585 1617 770 1642 DICENDUM
799 1604 917 1653 quod,
939 1604 1036 1641 sicut
1059 1604 1202 1641 dictum
1231 1612 1287 1641 est
1307 1604 1339 1652 ³⁸,

276 1670 438 1708 peccare
457 1659 496 1695 in
525 1658 708 1707 Spiritum
729 1659 911 1695 Sanctum
939 1670 1019 1695 uno
1039 1659 1157 1695 modo
1179 1665 1235 1694 est
1252 1670 1340 1706 pec-

278 1724 364 1751 care
384 1724 430 1748 ex
458 1719 559 1748 certa
578 1711 731 1748 malitia.
753 1711 811 1748 Ex
839 1718 940 1748 cena
960 1718 1090 1748 autem
1110 1709 1252 1748 malitia
1272 1711 1340 1748 du-

276 1765 422 1815 pliciter
448 1776 608 1813 peccare
629 1763 818 1812 contingit,
840 1763 935 1801 sicut
963 1762 1106 1801 dictum
1127 1770 1182 1800 est
1200 1763 1231 1800 ³⁸.
1252 1764 1340 1801 Uno

278 1818 413 1866 modo,
434 1829 480 1854 ex
499 1817 738 1854 inclinatione
759 1817 929 1854 habitus:
956 1818 1061 1865 quod
1081 1829 1159 1853 non
1181 1824 1236 1853 est
1254 1829 1342 1866 pro-

276 1871 359 1920 prie
384 1882 544 1920 peccare
562 1870 601 1908 in
631 1870 810 1919 Spiritum
833 1871 1028 1907 Sanctum.
1050 1871 1099 1907 Et
1126 1870 1201 1906 hoc
1220 1869 1340 1907 modo

276 1936 437 1974 peccare
457 1935 502 1960 ex
523 1930 623 1960 certa
642 1922 785 1960 malitia
803 1935 882 1960 non
898 1923 1077 1971 contingit
1095 1935 1117 1959 a
1135 1922 1339 1972 principio:

277 1985 428 2027 oportet
448 1976 550 2014 enim
565 1983 670 2014 actus
685 1983 931 2025 peccatorum
945 1976 1176 2025 praecedere
1197 1988 1241 2012 ex
1261 1975 1342 2025 qui-

277 2031 350 2075 bus
388 2037 564 2068 causetur
600 2029 751 2066 habitus
780 2028 828 2066 ad
864 2029 1107 2078 peccandum
1144 2028 1339 2066 inclinans.

329 2084 416 2121 Alio
437 2082 555 2120 modo
574 2090 700 2130 potest
727 2082 862 2131 aliquis
881 2094 1041 2132 peccare
1071 2094 1115 2118 ex
1136 2089 1236 2119 certa
1260 2094 1342 2119 ma—

275 2136 353 2175 litia
371 2135 584 2174 abiiciendo
598 2148 669 2184 per
688 2142 950 2183 contemptum
967 2147 1012 2172 ea
1025 2147 1094 2184 per
1109 2146 1206 2184 quae
1221 2135 1340 2172 homo

277 2190 475 2229 retrahitur
507 2201 530 2226 a
555 2188 751 2238 peccando
780 2185 814 2224 ⁶:
843 2188 950 2236 quod
984 2187 1137 2236 proprie
1172 2195 1226 2224 est
1254 2200 1340 2237 pec-

278 2255 364 2281 care
392 2243 432 2280 in
452 2241 631 2291 Spiritum
657 2241 852 2288 Sanctum,
873 2241 968 2278 sicut
991 2241 1134 2278 dictum
1160 2248 1215 2278 est
1232 2240 1264 2277 ²⁸.
1295 2241 1343 2277 Et

277 2296 353 2333 hoc
381 2295 495 2333 etiam
521 2295 748 2344 plerumque
766 2294 1039 2343 praesupponit
1066 2293 1137 2330 alia
1164 2302 1341 2342 peccata:

279 2348 370 2398 quia
397 2348 492 2386 sicut
524 2347 659 2385 dieitur
685 2347 865 2384 Proverb.
894 2359 979 2384 xvm
1006 2347 1036 2393 ²³²,
1067 2347 1221 2395 impius,
1255 2359 1341 2383 cum

279 2402 318 2439 in
331 2401 568 2450 profundum
592 2405 836 2448 peccatorum
854 2400 1008 2446 venerit,
1028 2400 1239 2436 contemnit.
1269 2400 1342 2436 Po-

277 2462 350 2492 test
368 2462 498 2492 tamen
526 2453 743 2500 contingere
763 2452 868 2501 quod
895 2451 1030 2501 aliquis
1048 2452 1087 2489 in
1110 2452 1236 2500 primo
1256 2459 1342 2488 actu

277 2507 422 2556 peccati
443 2507 481 2544 in
511 2506 692 2555 Spiritum
723 2506 905 2542 Sanctum
925 2512 1058 2553 peccet
1085 2517 1153 2553 per
1174 2512 1342 2541 contem-

331 2648 358 2681 α)
376 2648 410 2672 si.
422 2661 442 2667 -
459 2646 509 2672 etsi
527 2646 555 2670 P.

330 2682 356 2716 β)
377 2683 515 2708 Sanctum.
527 2695 547 2700 -
563 2681 663 2706 scilicet
681 2680 752 2712 quod
771 2680 870 2704 dictum
895 2683 936 2704 est
954 2679 1153 2711 impoenitentia
1178 2679 1275 2703 addunt
1294 2680 1340 2703 Ρα.
1365 2675 1366 2680 ’

329 2717 355 2778 ἔ)
374 2721 454 2743 est.—
467 2719 606 2750 peccatum
625 2716 695 2740 addit
714 2715 740 2740 Ρ.

345 2754 354 2786 )
370 2748 517 2785 peccando.
528 2765 545 2770 -
560 2755 672 2783 peccato
691 2751 720 2775 Ρ.

2382 168 2451 204 117

1396 243 1523 284 ptum:
1544 243 1624 272 tum
1644 243 1799 284 propter
1817 235 2024 271 libertatem
2049 234 2208 281 arbitrii;
2238 242 2318 270 tum
2340 234 2451 270 etiam

1395 296 1550 337 propter
1587 289 1724 325 multas
1759 287 2022 337 dispositiones
2062 288 2353 335 praecedentes;
2391 288 2452 323 vel

1397 340 1509 378 etiam
1546 348 1702 389 propter
1737 340 1890 389 aliquod
1926 341 2137 377 vehemens
2178 339 2366 376 motivum
2404 339 2452 375 ad

1396 394 1538 430 malum
1568 401 1604 429 et
1633 393 1796 430 debilem
1826 393 2003 430 affectum
2023 392 2189 429 hominis
2217 393 2263 429 ad
2292 393 2450 428 bonum.

1396 446 1444 483 Et
1471 445 1558 482 ideo
1587 445 1624 482 in
1652 445 1742 483 viris
1769 446 1943 495 perfectis
1970 447 2045 482 hoc
2072 445 2135 482 vix
2163 453 2227 481 aut
2255 457 2451 493 nunquam

1396 498 1564 536 accidere
1592 506 1716 546 potest
1745 499 1847 547 quod
1876 499 1999 536 statim
2029 511 2050 535 a
2079 497 2261 547 principio
2296 505 2454 546 peccent

1395 552 1432 588 in
1449 551 1629 600 Spiritum
1647 552 1840 588 Sanctum.
1862 552 1972 588 Unde
1989 551 2076 588 dicit
2091 551 2286 598 Origenes,
2302 550 2342 586 in
2357 551 2370 586 Ι
2385 551 2452 586 Pe-

1396 605 1533 642 riarch.
1563 604 1600 639 ·'‘·:
1629 604 1719 640 Non
1748 605 1914 641 arbitror
1947 605 2049 652 quod
2073 604 2207 652 aliquis
2235 615 2284 639 ex
2310 603 2367 639 his
2390 603 2455 651 qui

1396 658 1433 694 in
1465 669 1612 694 summo
1644 658 1887 705 perfectoque
1913 662 1925 677 Ε
1965 657 2092 707 gradu
2129 656 2367 701 constiterint,
2403 655 2455 692 ad

1393 710 1555 747 subitum
1584 716 1786 746 evacuetur
1812 715 1878 746 aut
1903 710 2068 746 decidat:
2104 710 2170 746 sed
2194 708 2379 757 paulatim
2407 719 2454 744 ac

1390 775 1462 811 per
1492 768 1622 811 partes
1659 774 1743 798 eum
1778 762 1946 799 decidere
1980 774 2127 799 necesse
2161 768 2224 798 est.
2254 782 2278 789 -
2308 762 2357 798 Et
2394 773 2454 797 ea-

1395 816 1483 852 dem
1513 814 1604 851 ratio
1634 822 1690 851 est
1717 815 1747 851 si
1774 822 1974 863 peccatum
1995 815 2032 851 in
2062 815 2242 863 Spiritum
2272 815 2452 851 Sanctum

1394 867 1598 915 accipiatur
1635 868 1682 904 ad
1720 867 1879 904 litteram
1916 880 1986 916 pro
2023 867 2257 915 blasphemia
2295 866 2453 915 Spiritus

1395 919 1534 956 Sancti.
1565 919 1669 955 Talis
1699 919 1799 955 enim
1828 920 2064 968 blasphemia
2084 920 2131 956 de
2160 932 2234 968 qua
2263 919 2454 956 Dominus

1393 972 1569 1021 loquitur,
1586 984 1738 1020 semper
1764 984 1808 1008 ex
1833 973 1996 1009 malitiae
2026 980 2243 1021 contemptu
2271 973 2453 1020 procedit.

1448 1024 1487 1061 Si
1506 1037 1599 1061 vero
1619 1037 1688 1073 per
1705 1032 1904 1072 peccatum
1923 1026 1960 1061 in
1981 1025 2159 1073 Spiritum
2190 1026 2370 1062 Sanctum
2400 1025 2454 1061 in-

1393 1077 1578 1125 telligatur
1605 1077 1728 1113 finalis
1757 1077 2054 1125 impoenitentia,
2076 1079 2286 1115 secundum
2315 1078 2455 1114 intelle-

1394 1138 1497 1168 ctum
1531 1129 1751 1178 Augustini,
1782 1131 2043 1178 quaestionem
2078 1143 2157 1168 non
2197 1131 2330 1167 habet:
2367 1131 2455 1180 quia

1394 1183 1443 1221 ad
1461 1190 1662 1232 peccatum
1682 1183 1719 1220 in
1741 1183 1921 1232 Spiritum
1943 1184 2126 1220 Sanctum
2147 1183 2347 1232 requiritur
2366 1195 2455 1220 con·

1393 1236 1550 1274 tinuatio
1580 1243 1824 1284 peccatorum
1852 1249 1974 1285 usque
2003 1236 2040 1273 in
2069 1237 2187 1274 finem
2215 1236 2328 1273 vitae.

1447 1291 1506 1326 Αι)
1534 1301 1672 1326 PRIMUM
1700 1301 1798 1326 ERGO
1827 1301 2010 1327 mOENDuM
2039 1289 2146 1338 quod
2175 1297 2252 1326 tam
2282 1289 2319 1325 in
2349 1289 2453 1325 bono

1395 1354 1511 1390 quam
1531 1341 1568 1378 in
1597 1342 1712 1387 malo,
1732 1350 1774 1378 ut
1801 1341 1839 1379 in
1865 1342 2049 1391 pluribus,
2069 1342 2287 1390 proceditur
2309 1342 2357 1378 ab
2386 1341 2455 1378 im-

1394 1394 1562 1443 perfecto
1595 1394 1644 1430 ad
1671 1395 1902 1442 perfectum,
1932 1402 2045 1443 prout
2071 1396 2189 1432 homo
2217 1395 2368 1444 proficit
2393 1395 2455 1432 vel

1394 1447 1432 1483 in
1460 1447 1565 1483 bono
1584 1447 1647 1483 vel
1676 1447 1715 1483 in
1743 1447 1857 1484 malo.
1888 1448 1936 1484 Et
1955 1455 2083 1484 tamen
2112 1448 2149 1484 in
2174 1455 2336 1496 utroque
2355 1459 2455 1484 unus

1394 1507 1519 1548 potest
1536 1499 1701 1547 incipere
1730 1512 1752 1536 a
1780 1500 1915 1536 maiori
1944 1513 2059 1549 quam
2086 1500 2191 1538 alius.
2222 1501 2271 1537 Et
2298 1500 2347 1537 ita
2366 1500 2455 1537 illud

1394 1564 1417 1589 a
1444 1564 1522 1600 quo
1552 1551 1685 1600 aliquis
1704 1550 1717 1577 ἶ
1744 1552 1888 1601 incipit,
1917 1560 2042 1601 potest
2071 1565 2152 1589 esse
2180 1553 2389 1602 perfectum
2417 1553 2455 1590 in

1394 1605 1499 1642 bono
1526 1605 1588 1642 vel
1616 1604 1655 1642 in
1683 1606 1786 1642 malo
1815 1605 2027 1642 secundum
2062 1618 2181 1653 genus
2210 1618 2342 1652 suum3
2370 1605 2456 1643 licet

1394 1657 1440 1694 sit
1466 1658 1730 1707 imperfectum
1760 1659 1972 1695 secundum
2001 1658 2137 1695 seriem
2167 1671 2368 1707 processus
2387 1659 2455 1696 ho-

1394 1710 1504 1748 minis
1532 1710 1571 1747 in
1599 1710 1734 1747 melius
1761 1711 1823 1748 vel
1851 1711 1889 1748 in
1916 1711 2024 1760 peius
2052 1711 2295 1760 proficientis.

1447 1766 1506 1801 An
1534 1775 1724 1800 SECUNDUM
1744 1776 1927 1802 DICENDUM
1957 1765 2060 1813 quod
2080 1765 2173 1801 ratio
2203 1765 2263 1801 illa
2283 1765 2456 1813 procedit

1395 1817 1441 1854 de
1469 1824 1626 1866 peccato
1647 1822 1665 1843 η
1695 1829 1740 1853 ex
1775 1817 1914 1854 malitia
1951 1817 2107 1867 quando
2138 1825 2192 1854 est
2229 1830 2273 1854 ex
2302 1817 2454 1854 inclina-

1393 1871 1495 1907 tione
1523 1869 1686 1906 habitus.

1446 1924 1505 1959 AD
1532 1934 1693 1959 TERTiuM
1721 1934 1905 1959 DiCENDuM
1939 1923 2057 1971 quod,
2088 1922 2118 1959 si
2147 1922 2351 1971 accipiatur
2386 1923 2455 1959 im-

1394 1975 1625 2024 poenitentia
1654 1975 1864 2012 secundum
1893 1974 2140 2012 intentionem
2167 1975 2377 2023 Augustini,
2399 1989 2455 2013 se-

1396 2030 1564 2065 cundum
1602 2028 1708 2076 quod
1745 2028 1923 2076 importat
1960 2028 2262 2078 permanentiam
2299 2029 2338 2066 in
2368 2041 2456 2077 pec-

1396 2089 1480 2118 cato
1520 2093 1639 2129 usque
1669 2081 1706 2118 in
1735 2081 1870 2127 finem,
1901 2082 1954 2118 sic
1980 2083 2137 2131 planum
2172 2089 2227 2118 est
2254 2081 2358 2131 quod
2386 2082 2455 2119 im-

1395 2133 1626 2184 poenitentia
1653 2134 1929 2182 praesupponit
1950 2142 2119 2183 peccata,
2141 2134 2233 2171 sicut
2262 2143 2298 2172 et
2324 2135 2456 2184 poeni-

1396 2187 1521 2224 tentia.
1560 2187 1637 2224 Sed
1666 2187 1695 2223 si
1723 2188 1927 2235 loquamur
1955 2188 2001 2225 de
2038 2187 2323 2236 impoenitentia
2349 2188 2456 2225 habi-

1395 2240 1498 2286 tuali,
1519 2240 1731 2277 secundum
1759 2240 1864 2289 quod
1891 2241 2044 2289 ponitur
2075 2240 2219 2289 species
2246 2241 2392 2289 peccati
2418 2241 2456 2278 in

1398 2293 1577 2342 Spiritum
1609 2293 1803 2339 Sanctum,
1825 2293 1877 2329 sic
1906 2293 2146 2331 manifestum
2173 2301 2228 2330 est
2255 2295 2359 2342 quod
2386 2293 2455 2330 im-

1396 2346 1626 2395 poenitentia
1657 2353 1781 2395 potest
1810 2358 1891 2382 esse
1930 2347 2041 2384 etiam
2069 2355 2155 2384 ante
2183 2353 2358 2395 peccata:
2388 2359 2456 2395 po-

1395 2407 1466 2436 test
1487 2399 1588 2436 enim
1617 2398 1677 2436 ille
1705 2398 1769 2447 qui
1789 2411 1987 2448 nunquam
2011 2399 2185 2449 peccavit
2209 2400 2351 2436 habere
2370 2412 2456 2448 pro-

1396 2451 1561 2500 positum
1598 2452 1661 2488 vel
1698 2451 1917 2499 poenitendi
1949 2453 2012 2489 vel
2039 2448 2117 2490 no'n
2153 2452 2394 2501 poenitendi,
2425 2453 2455 2490 si

1397 2504 1629 2551 contingeret
1657 2516 1744 2540 eum
1773 2516 1944 2552 peccare.

1409 2679 1414 2683 ι
1447 2643 1470 2684 ε.)
1484 2643 1666 2676 perfectoque.
1678 2656 1695 2661 -
1710 2642 1885 2676 perfectionis
1904 2643 2016 2672 PGLsB.
2029 2650 2081 2675 per
2094 2643 2286 2677 perfectionem
2306 2644 2337 2673 D,
2352 2645 2456 2677 persec-

1393 2678 1595 2745 twrguililaeiuis.
1608 2726 1628 2732 —
1645 2713 1748 2745 aliquid
1765 2713 2065 2738 PABCDEFHIKLRM.

1446 2749 1472 2781 η)
1488 2751 1608 2780 peccato.
1621 2762 1640 2767 -
1657 2748 1797 2773 commisso
1815 2748 1885 2772 addit
1903 2748 1931 2773 P.

961 2819 1292 2853 Commentario.
1316 2819 1566 2852 Cardinalis
1590 2818 1788 2851 Caietani

309 2915 328 2934 u
352 2903 484 2934 articulo
509 2908 622 2943 quarto
647 2908 722 2931 nota
745 2902 834 2941 quod
856 2901 888 2941 ly
906 2902 1015 2940 primo
1037 2900 1180 2939 positum
1196 2899 1228 2929 in
1245 2899 1338 2930 titulo

281 2917 377 2978 Inon
401 2947 476 2978 dicit
499 2946 644 2977 ordinem
667 2946 707 2975 ad
730 2944 952 2975 omnimodam
974 2944 1175 2985 negationem
1192 2950 1339 2983 peccato—

278 3002 348 3023 rum
373 2991 406 3021 in
426 2990 611 3032 praeterito:
637 2989 690 3020 sed
707 2989 747 3019 ad
761 2989 962 3029 negationem
979 2995 1182 3028 peccatorum
1198 2997 1339 3027 perseve-

278 3036 416 3067 rantium
439 3044 494 3065 seu
518 3033 783 3074 permanentium.
810 3033 854 3063 lta
877 3033 966 3073 quod
989 3042 1054 3062 non
1079 3039 1125 3062 est
1139 3031 1282 3072 quaestio
1299 3041 1339 3061 an

277 3081 378 3111 homo
398 3078 499 3119 possit
517 3087 644 3118 peccare
660 3077 693 3107 in
709 3077 862 3117 Spiritum
878 3077 1030 3118 Sanctum
1046 3083 1217 3116 antequam
1233 3082 1340 3116 peccet

278 3124 311 3154 in
335 3123 402 3154 aliis
426 3122 576 3162 peccatis:
601 3122 656 3152 sed
672 3131 711 3151 an
728 3121 827 3151 homo
844 3121 984 3151 mundus
1000 3131 1017 3150 a
1035 3126 1174 3160 peccato,
1191 3128 1248 3159 per
1263 3129 1341 3160 poe-¹

278 3167 443 3199 nitentiam
466 3166 516 3197 vel
537 3165 753 3196 innocentiam
777 3165 996 3205 baptismalem
1019 3164 1069 3194 vel
1092 3164 1187 3194 etiam
1207 3173 1263 3204 per
1277 3164 1339 3194 hoc

278 3212 366 3253 quod
391 3220 556 3251 nunquam
581 3210 719 3250 peccavit
741 3209 924 3244 mortaliter,
948 3208 1049 3248 possit
1072 3217 1200 3248 peccare
1221 3207 1253 3237 in
1270 3207 1338 3248 Spi-

1394 2899 1491 2929 ritum
1514 2899 1665 2929 Sanctum
1690 2899 1804 2939 primo.
1828 2899 1870 2929 Et
1892 2899 1978 2929 hunc
2001 2909 2067 2929 esse
2088 2909 2217 2930 sensum
2240 2899 2401 2930 intentum
2419 2900 2458 2930 ab

1394 2946 1534 2974 Auctore
1557 2943 1657 2973 littera
1680 2943 1859 2973 manifestat
1882 2944 2076 2983 respondens
2100 2943 2311 2973 diversimode
2329 2944 2367 2974 de
2384 2954 2457 2974 casu

1393 2987 1605 3027 perfectorum
1629 2994 1659 3018 et
1682 2988 1720 3017 de
1744 2997 1818 3017 casu
1842 2987 1924 3017 male
1953 2987 2191 3027 dispositorum.
2217 2987 2344 3017 Horum
2369 2988 2454 3018 enirn

1394 3031 1500 3072 aliqui,
1517 3031 1597 3072 [qui]
1624 3031 1739 3061 scilicet
1762 3038 1831 3061 ante
1852 3030 2084 3061 confessionem
2109 3037 2140 3061 et
2163 3031 2385 3062 contritionem
2405 3042 2455 3061 as-

1394 3076 1473 3106 sueti
1497 3082 1570 3106 sunt
1585 3075 1864 3115 desperationibus,
1877 3074 2111 3106 infidelitatibus
2130 3082 2160 3105 et
2178 3075 2318 3111 luxuriis,
2335 3076 2454 3115 absque

1393 3119 1493 3150 multa
1523 3118 1704 3150 difficultate
1734 3119 1933 3155 recidivando
1957 3126 2165 3150 contemnunt
2196 3119 2348 3159 Spiritum
2378 3119 2454 3150 San-

1393 3171 1496 3200 ctum,
1521 3171 1650 3204 propter
1680 3163 1827 3203 reliquias
1857 3163 2111 3204 praecedentium
2143 3163 2295 3194 scelerum
2331 3163 2370 3193 ad
2394 3163 2457 3193 hoc

1393 3207 1642 3248 disponentium.

1326 3319 1629 3355 .0ffi·—-—-—
1638 3335 1684 3337 A*
1693 3335 1948 3338 μή

2479 615 2490 625 “
2505 614 2561 642 cap.
2576 620 2612 635 ιιι.
