2892 4056
201 780 238 827 ⁸1?
245 779 408 808 11³²,qu.1.x1x‚

214 812 224 827 r
235 822 240 827 .
257 812 272 827 1.

239 1733 282 1748 ers».
298 1733 331 1754 22,
346 1733 378 1755 23.

452 204 525 240 386

1135 204 1400 249 QUAESTIO
1430 205 1512 252 LIl,
1542 206 1838 242 ARTICULUS
1868 206 1919 242 IV

1188 321 1506 362 ARTICULUS
1535 321 1806 371 QUARTUS

549 413 700 444 UTRUM
725 412 889 449 QUINTA
912 410 1175 447 BEATiruno,
1194 411 1311 447 QUAE
1336 412 1415 442 EST
1439 412 1495 441 DE
1519 412 1836 449 MISERICORDIA,
1861 413 2146 444 RESPONDEAT
2169 414 2291 445 DONo
2316 415 2497 447 CONSILII

873 489 895 513 1⁸
915 489 969 519 11²⁰,
990 496 1033 521 qu.
1052 496 1119 520 mx,
1140 471 1186 514 art.
1208 489 1230 519 3,
1250 490 1281 514 ad
1303 489 1331 519 33
1350 490 1380 514 111
1401 491 1482 520 Sent„
1503 491 1560 515 dist.
1579 498 1659 521 xxx1v‚
1679 498 1724 523 qu.
1741 498 1758 519 1,
1778 495 1823 516 art.
1842 499 1859 523 4
1866 498 1872 521 ;
1894 492 1923 516 In
1943 492 2049 521 Matth„
2070 500 2124 524 cap.
2143 500 2167 517 v-

575 589 588 600 t

580 611 586 621 ῃ

472 574 518 605 ῃ»
648 572 670 596 D
690 571 860 601 QUARTUM
879 571 931 595 sm
953 570 1191 595 PROCEDlTUR.
1212 559 1370 596 Videtur
1389 560 1492 608 quod

465 582 627 673 7μέΞῷ
648 612 776 659 quinta
814 611 1024 658 beatitudo,
1054 623 1151 658 quae
1181 619 1236 647 est
1273 612 1320 648 de
1350 612 1493 649 miseri-

455 663 494 723 ’ᾖ
516 680 577 715 ’.ς
592 655 796 710 cordia,
826 675 904 721 non
940 663 1167 722 respondeat
1195 664 1298 700 dono
1337 665 1490 723 consilii.

607 709 795 754 xxOrnnes
820 728 921 752 emm
949 716 1198 752 beatltudmes
1227 724 1313 753 sunt
1336 719 1492 765 qmdam

436 776 540 805 actus
558 769 750 815 virtutum,
781 775 822 804 ut
842 780 956 816 supra
974 767 994 789 ’¹‘
1021 768 1192 805 habitum
1222 777 1287 805 est.
1320 770 1396 806 Sed
1424 782 1493 818 per

434 874 534 920 Ergo
565 873 720 910 consilio
749 885 828 910 non
856 874 1061 921 respondet
1094 873 1213 921 magis
1241 874 1370 922 quinta
1403 876 1491 912 bea-

434 926 553 962 titudo
582 938 698 975 quam
727 926 810 962 alia.

487 990 520 1014 2.
551 979 792 1026 PRAETEREA,
829 985 1031 1026 praecepta
1060 977 1196 1014 dantur
1225 980 1271 1015 de
1303 980 1362 1016 his
1391 992 1489 1028 quae

432 1083 479 1120 de
498 1083 555 1120 his
574 1095 673 1131 quae
701 1096 779 1120 non
807 1091 893 1121 sunt
920 1083 967 1121 de
995 1083 1214 1120 necessitate
1243 1085 1382 1122 salutis.
1418 1087 1490 1123 Mi-

432 1135 635 1173 sericordia
671 1144 800 1173 autem
838 1144 893 1173 est
921 1136 968 1173 de
1005 1136 1228 1182 necessitate
1261 1138 1402 1185 salutis,
1433 1151 1490 1175 se-

432 1189 599 1226 cundum
619 1189 710 1226 illud
730 1191 802 1226 Iac.
825 1201 847 1226 11
865 1189 902 1226 *z
930 1189 1116 1226 Iudicium
1135 1189 1215 1225 sine
1232 1190 1489 1227 misericordia

430 1307 508 1332 non
545 1302 601 1331 est
630 1295 676 1331 de
705 1295 926 1331 necessitate
965 1294 1113 1340 salutis,
1143 1295 1210 1330 sed
1246 1295 1407 1343 pertinet
1440 1297 1488 1333 ad

430 1347 702 1396 perfectionem
730 1347 841 1394 vitae,
869 1354 910 1383 ut
938 1354 1040 1395 patet
1067 1346 1201 1383 Matth.
1230 1359 1290 1384 xix
1313 1349 1343 1384 *.
1386 1349 1487 1396 Ergo

430 1401 534 1438 dono
555 1399 697 1437 consilii
726 1399 846 1447 magis
874 1401 1078 1448 respondet
1105 1399 1299 1437 beatitudo
1326 1413 1489 1450 pauper—

484 1507 517 1543 3.
547 1507 782 1552 PRAETEREA,
813 1506 954 1542 fructus
983 1512 1267 1552 consequuntur
1295 1506 1343 1543 ad
1372 1507 1488 1543 beati—

428 1559 596 1596 tudines:
626 1559 831 1607 important
859 1558 959 1595 enim
981 1556 1270 1596 delectationem
1292 1560 1487 1606 quandam

429 1612 658 1660 spiritualem
687 1623 785 1658 quae
805 1611 1047 1660 consequitur
1073 1609 1261 1661 perfectos
1290 1619 1395 1648 actus
1413 1612 1488 1649 vir-

527 578 533 591 '
589 588 611 605 π

435 821 632 857 consilium
656 821 693 857 in
714 821 891 857 omnibus
910 820 1093 857 virtutum
1119 820 1264 857 actibus
1285 821 1490 870 dirigimur.

433 1038 518 1067 sunt
537 1031 584 1067 de
604 1031 825 1068 necessitate
844 1030 988 1067 salutis:
1015 1030 1214 1067 consilium
1234 1040 1361 1069 autem
1382 1033 1491 1070 datur

431 1242 467 1278 ei
480 1247 497 1263 α
517 1242 582 1290 qui
599 1254 672 1278 non
681 1242 782 1290 fecit
797 1242 1112 1278 misericordiam:
1135 1250 1338 1289 paupertas
1362 1250 1489 1280 autem

429 1453 512 1491 tatis
540 1465 656 1501 quam
686 1452 879 1489 beatitudo
908 1451 1204 1489 misericordiae.

428 1672 563 1701 tutum.
594 1664 671 1700 Sed
698 1665 794 1700 inter
821 1664 961 1700 fructus
990 1676 1068 1701 non
1096 1664 1250 1713 ponitur
1273 1664 1413 1712 aliquid
1431 1677 1487 1701 re-

424 1717 621 1766 spondens
650 1716 752 1753 dono
782 1716 937 1764 consilii,
966 1724 1007 1752 ut
1034 1725 1137 1765 patet
1167 1717 1250 1755 Gal.
1271 1729 1296 1753 v
1313 1716 1344 1754 ⁹¹².
1385 1718 1487 1765 Ergo

429 1770 542 1806 etiam
557 1769 749 1806 beatitudo
765 1769 1049 1806 misericordiae
1064 1783 1142 1807 non
1162 1769 1368 1818 respondet
1383 1770 1486 1807 dono

430 1821 585 1859 consilii.

483 1876 557 1912 SED
577 1886 722 1911 CONTRA
744 1886 810 1911 EST
829 1874 934 1922 quod
952 1875 1184 1922 Augustinus
1209 1875 1308 1923 dicit,
1334 1875 1372 1911 in
1391 1874 1486 1912 libro

429 1928 475 1964 de
502 1928 622 1964 Serm.
651 1929 764 1964 Dom.
794 1928 831 1964 in
859 1928 994 1964 Monte
1014 1928 1054 1964 *t
1088 1928 1293 1965 Consilium
1317 1928 1489 1965 convenit

429 2075 519 2099 PGsK.

482 2040 510 2071 α)
529 2040 562 2065 εἰ.
579 2053 597 2060 —-
609 2040 660 2073 fiet
682 2041 707 2065 ei
730 2041 770 2065 ed.
788 2048 820 2071 a,
831 2040 883 2073 flet
906 2040 946 2065 illi
963 2041 983 2065 P
990 2048 997 2071 ;
1018 2048 1066 2074 pro
1082 2041 1168 2074 fecit,
1186 2041 1287 2074 fecerit
1311 2042 1352 2067 ed.
1370 2048 1402 2070 a,
1415 2041 1487 2075 facit
1512 2039 1516 2105 Ι

1547 561 1867 598 misericordibus.-
1913 563 2001 610 quia
2039 562 2189 599 unicum
2229 564 2434 601 remedium
2472 571 2526 602 est
2559 567 2605 602 de

1546 613 1657 649 tantis
1684 614 1793 650 malis
1821 615 1913 660 erui,
1942 615 2126 651 dimittere
2152 615 2235 651 aliis
2263 621 2299 652 et
2323 616 2426 654 dare.

1599 666 1824 702 RESPONDEO
1860 678 2049 704 D1cENDUM-
2075 668 2179 715 quod
2217 668 2414 705 consilium
2451 670 2602 719 proprie

1546 725 1601 754 est
1630 718 1676 754 de
1704 718 1762 755 his
1790 731 1888 766 quae
1917 727 2004 756 sunt
2030 720 2134 756 utilia
2162 721 2210 758 ad
2244 721 2375 758 finem.
2419 721 2529 759 Unde
2559 735 2604 759 ea

1545 782 1643 818 quae
1664 771 1828 807 maxime
1848 779 1935 808 sunt
1952 773 2055 809 utilia
2075 773 2121 810 ad
2142 773 2260 809 finem
2280 774 2446 811 maxime
2465 775 2605 812 debent

1545 824 1844 872 correspondere
1865 824 1968 861 dono
1989 825 2145 862 consilii.
2182 827 2268 862 Hoc
2296 833 2423 863 autem
2453 835 2508 863 est
2535 828 2604 864 mi-

1544 875 1764 913 sericordia:
1794 877 2006 923 secundum
2025 878 2116 915 illud
2138 879 2150 914 Ι
2172 879 2223 915 ad
2244 878 2339 915 Tim.
2361 891 2396 915 1v
2414 878 2453 915 *ε
2482 879 2605 917 Pietas

1543 929 1595 965 ad
1611 929 1739 966 omnia
1768 930 1865 966 utilis
1883 936 1946 966 est.
1976 931 2026 967 Et
2053 931 2140 968 ideo
2161 931 2370 979 specialiter
2390 931 2493 969 dono
2514 944 2603 969 con-

1543 981 1613 1018 silii
1640 982 1844 1030 respondet
1871 982 2064 1020 beatitudo
2090 983 2385 1031 misericordiae,
2407 997 2486 1021 non
2509 985 2605 1022 sicut

1543 1034 1714 1082 elicienti,
1744 1036 1811 1072 sed
1839 1034 1934 1072 sicut
1962 1036 2143 1083 dirigenti.

1595 1089 1654 1123 AD
1669 1099 1806 1124 PRIMUM
1822 1099 1920 1124 ERGO
1935 1099 2120 1125 DICENDUM
2130 1089 2235 1136 quod
2252 1089 2320 1125 etsi
2336 1089 2535 1126 consilium
2551 1089 2605 1127 di-

1542 1139 1636 1186 rigat
1650 1139 1686 1175 in
1697 1139 1877 1175 omnibus
1892 1140 2038 1176 actibus
2047 1141 2245 1188 virtutum,
2257 1141 2466 1189 specialiter
2474 1150 2604 1179 tamen

1543 1191 1665 1238 dirigit
1675 1191 1713 1227 in
1725 1191 1905 1239 operibus
1918 1192 2209 1240 misericordiae,
2219 1193 2363 1230 ratione
2374 1194 2478 1231 iam*
2493 1195 2602 1232 dicta.

1594 1245 1653 1280 An
1677 1255 1867 1280 SECUNDUM
1886 1256 2070 1282 DICENDUM
2095 1245 2199 1293 quod
2228 1246 2439 1293 consilium,
2470 1259 2603 1284 secun-

1543 1296 1635 1332 dum
1665 1296 1770 1344 quod
1799 1304 1854 1333 est
1874 1296 2019 1334 donum
2041 1297 2199 1346 Spiritus
2228 1298 2366 1345 Sancti,
2389 1298 2511 1346 dirigit
2533 1312 2603 1337 nos

1541 1348 1579 1385 in
1604 1349 1782 1386 omnibus
1802 1361 1900 1397 quae
1921 1349 2143 1387 ordinantur
2161 1350 2200 1387 in
2223 1351 2342 1388 finem
2361 1351 2462 1388 vitae
2486 1359 2604 1389 aeter-

1541 1413 1625 1448 nae,
1655 1401 1734 1438 sive
1764 1401 1837 1438 sint
1860 1402 1906 1439 de
1926 1403 2147 1439 necessitate
2175 1403 2304 1440 salutis
2327 1403 2408 1440 sive
2436 1415 2526 1441 non.
2555 1405 2604 1441 Et

1540 1462 1667 1491 tamen
1695 1466 1774 1491 non
1803 1467 1920 1492 omne
1948 1468 2045 1504 opus
2074 1455 2357 1494 misericordiae
2387 1463 2443 1493 est
2470 1457 2518 1493 de
2539 1469 2604 1494 ne·

1541 1506 1711 1544 cessitate
1740 1507 1880 1544 salutis.

1592 1561 1652 1596 AD
1688 1571 1848 1597 Tam-mm
1884 1571 2068 1598 DICENDUM
2105 1561 2210 1609 quod
2247 1562 2389 1598 fructus
2426 1561 2604 1610 importat

1541 1611 1738 1660 quoddam
1758 1610 1773 1641 β
1801 1612 1987 1649 ultimum.
2018 1615 2060 1650 In
2087 1614 2262 1662 practicis
2290 1621 2417 1651 autem
2445 1626 2523 1651 non
2548 1622 2604 1652 est

1540 1665 1716 1701 ultimum
1749 1665 1788 1702 in
1817 1665 2043 1713 cognitione,
2073 1666 2141 1703 sed
2167 1666 2207 1703 in
2236 1667 2473 1716 operatione,
2503 1679 2602 1715 quae

1541 1725 1596 1754 est
1623 1717 1721 1754 finis.
1752 1718 1801 1754 Et
1819 1717 1906 1754 ideo
1927 1718 2023 1755 inter
2042 1719 2183 1756 fructus
2208 1719 2298 1756 nihil
2324 1719 2478 1768 ponitur
2497 1722 2603 1768 quod

1540 1770 1726 1818 pertineat
1753 1770 1802 1807 ad
1830 1770 2086 1818 cognitionem
2114 1769 2338 1820 practicam,
2375 1773 2443 1809 sed
2476 1773 2601 1811 solum

1542 1835 1587 1859 ea
1614 1835 1713 1870 quae
1740 1822 1928 1871 pertinent
1955 1824 2004 1860 ad
2032 1824 2285 1872 operationes,
2314 1825 2353 1862 in
2381 1825 2519 1874 quibus
2539 1837 2602 1863 co-

1540 1875 1655 1923 gnitio
1683 1875 1848 1924 practica
1872 1876 2003 1924 dirigit.
2034 1878 2134 1914 Inter
2152 1889 2251 1925 quae
2277 1877 2431 1926 ponitur
2453 1877 2603 1916 bonitas

1542 1935 1578 1965 et
1605 1928 1825 1976 benignitas,
1856 1941 1955 1978 quae
1983 1930 2215 1978 respondent
2242 1929 2535 1967 misericordiae.

1595 2040 1620 2075 β)
1640 2042 1784 2074 quoddam.
1801 2055 1820 2061 —
1837 2042 1942 2075 quidem
1963 2043 1992 2068 Ρ.

2632 890 2640 899 '
2656 889 2721 912 Vera.
2737 890 2759 911 8.

2630 1204 2641 1215 ⁵
2655 1203 2680 1225 In
2696 1209 2800 1232 corpore.

2727 1625 2743 1660 β
