2892 4056
203 1242 211 1250 “
225 1240 320 1261 Aristot.
335 1239 410 1260 Ethic.

202 1267 240 1287 lib.
261 1267 277 1291 l,
296 1271 321 1287 ca
339 1280 346 1287 .
361 1271 412 1291 vui,

202 1299 223 1313 n.
248 1299 277 1313 12.
293 1304 303 1308 -
343 1307 348 1313 .
366 1292 410 1313 Th.

202 1320 251 1340 lect.
268 1324 315 1340 xm.

200 1899 208 1908 ⁸
221 1899 257 1919 Au
276 1913 281 1919 .
297 1898 331 1919 De
345 1897 409 1918 Trin.

198 1925 237 1946 lib.
281 1941 286 1950 ,
297 1930 347 1951 cap.
358 1929 409 1945 vin.

200 2249 218 2269 ‘l
225 2250 236 2261 ’Ἰ
243 2249 296 2275 111⁸,
304 2254 410 2276 qu.xxx1,

199 2279 240 2296 art.
256 2282 274 2303 5.

201 2426 308 2450 'Ariston
318 2425 411 2451 Phreic.

199 2453 238 2473 lib.
252 2452 304 2474 VIII
329 2458 354 2473 ca
372 2467 378 2472 .
390 2458 411 2477 v,

201 2485 222 2499 n.
232 2485 251 2506 7.
259 2491 268 2495 -
279 2458 411 2501 S.¹l'h.l)ect.

200 2511 231 2526 ix.

202 2685 254 2707 'Ca
273 2701 279 2706 .
294 2691 317 2710 n,
333 2691 355 2706 n.
369 2690 412 2712 9.-

201 2713 225 2733 S.
235 2712 254 2733 Τ
274 2727 279 2732 .
294 2712 346 2733 lect.
360 2717 390 2732 ιιι.

445 152 514 188 166

439 227 536 258 ditam
560 227 694 258 naturali
717 227 885 267 potentiae,
910 236 965 266 per
987 235 1085 266 quam
1108 225 1246 255 formam
1270 225 1438 256 inclinatur
1460 226 1498 256 ad

438 271 571 303 caritatis
587 278 703 302 actum.
723 289 743 292 —
766 271 853 301 Haec
876 277 922 300 est
937 269 1015 299 ratio
1034 269 1153 299 litterae
1172 269 1327 300 ostensive
1346 269 1497 300 formata:

438 315 583 356 quamvis
601 315 634 345 in
650 315 750 345 littera
770 315 863 344 ducat
879 313 918 343 ad
934 313 1168 349 inconveniens,
1185 313 1260 353 quia
1278 313 1395 343 scilicet
1412 319 1499 344 actus

439 358 571 389 caritatis
587 365 667 388 esset
685 357 897 397 imperfectior
911 366 947 385 ex
962 365 1036 386 suae
1052 356 1271 396 productionis
1287 357 1385 387 modo
1403 366 1499 397 quam

438 402 499 432 sint
523 409 609 432 actus
633 402 788 432 naturales
812 407 842 430 et
865 406 951 430 actus
973 399 1136 430 virtutum.

493 446 636 476 Secunda
659 445 737 475 ratio
754 450 800 474 est
815 443 891 483 quia
914 449 1001 473 actus
1018 443 1150 474 caritatis
1175 453 1240 474 non
1255 450 1335 474 esset
1356 443 1467 485 facilia.
1481 459 1499 465 -

439 490 479 520 Et
502 489 628 529 sequela
644 488 774 528 quidem
790 494 884 527 patet.
901 505 921 510 -
937 487 961 517 F
964 487 1067 518 alsitas
1090 497 1166 518 vero
1183 487 1404 528 consequentis
1418 497 1500 526 ›pro-

439 534 542 564 batur:
567 534 641 572 quia
674 532 764 562 nulla
787 532 890 561 uirtus
918 531 1011 562 habet
1041 536 1164 562 tantam
1192 532 1428 562 inclinationem
1458 530 1501 560 ad

438 586 532 607 suum
557 581 662 606 actum
687 577 769 606 sicut
793 576 922 606 caritas,

494 619 599 649 Tertia
625 619 704 649 ratio
732 625 778 648 est
799 618 873 658 quia
900 625 987 649 actus
1017 618 1149 649 caritatis
1176 628 1242 648 non
1270 625 1349 648 esset
1371 618 1501 648 delecta-

439 662 517 693 bilis.
530 680 550 685 -
568 663 607 692 Et
619 662 747 702 sequela
761 661 903 692 similiter
915 662 995 692 clara
1009 669 1063 692 est.
1077 680 1095 684 —
1111 662 1152 692 Et
1168 661 1285 692 falsitas
1305 671 1501 702 consequen-

438 707 476 737 tis
507 707 672 745 probatur:
697 707 772 746 quia
796 706 886 736 nulla
911 707 1011 737 virtus
1034 707 1078 737 ita
1101 706 1327 737 delectabiliter
1349 710 1502 746 operatur

437 752 519 780 sicut
541 751 670 780 caritas.

494 793 531 823 11.
557 793 647 824 Circa
678 793 733 823 has
763 793 890 824 ultimas
920 794 1056 824 rationes
1087 793 1221 824 dubium
1252 793 1396 830 occurrit,
1426 792 1500 833 quia

439 837 554 867 falsum
577 837 700 867 videtur
715 838 803 878 quod
828 837 914 868 nulla
929 837 1027 868 virtus
1048 837 1160 868 habeat
1182 844 1301 868 tantam
1324 835 1500 868 inclinatio—

439 890 512 911 nem
528 881 559 910 in
577 891 672 911 suum
692 888 797 912 actum
817 887 847 912 et
864 881 1104 912 delectationem
1123 882 1204 912 sicut
1223 882 1341 912 caritas.
1367 880 1501 911 Constat

439 925 524 955 enim
554 926 659 964 quod,
691 925 970 965 proportionaliter
997 926 1179 966 loquendo,
1211 926 1370 966 quaelibet
1402 925 1500 955 virtus

439 978 538 1009 aeque
553 968 684 999 inclinat
704 969 744 999 ad
759 976 866 1000 actum
889 969 1065 1010 proprium,
1091 979 1164 1000 cum
1180 969 1220 1001 sit
1234 970 1401 1010 proprium
1416 969 1500 1008 prin-

439 1013 559 1052 cipium
582 1013 649 1043 eius
673 1013 861 1044 elicitivum:
891 1014 963 1044 licet
986 1014 1175 1050 subiectum,
1193 1014 1236 1044 sic
1252 1014 1303 1044 vel
1326 1013 1415 1044 aliter
1438 1012 1498 1043 dis-

438 1057 590 1096 positum,
606 1066 671 1087 uon
688 1067 788 1097 aeque
801 1057 971 1089 inclinetur
985 1058 1025 1088 ad
1044 1065 1151 1089 actum
1172 1057 1262 1088 istius
1278 1057 1401 1088 virtutis
1420 1057 1500 1088 sicut

437 1100 531 1136 illius,
556 1107 592 1131 ut
614 1106 710 1141 patet.
734 1101 775 1131 Et
797 1101 899 1132 simile
922 1109 968 1132 est
984 1102 1022 1132 de
1039 1101 1255 1138 delectatione,
1280 1101 1312 1131 in
1332 1101 1500 1131 virtutibus

439 1144 549 1175 saltem
572 1145 688 1185 quibus
711 1155 777 1175 non
802 1153 848 1176 est
870 1146 1047 1177 admixtum
1070 1146 1193 1176 malum
1216 1145 1247 1175 in
1264 1145 1410 1176 materia:
1436 1154 1498 1174 non
1516 1174 1523 1178 ,

439 1189 524 1218 enim
546 1194 594 1219 est
615 1190 718 1219 iustus
741 1190 797 1230 qui
819 1199 881 1220 non
904 1190 1027 1231 gaudet
1049 1190 1139 1221 iustis
1162 1189 1319 1229 operibus,
1344 1198 1402 1218 nec
1425 1188 1499 1218 libe-

439 1233 520 1263 ralis
534 1233 590 1273 qui
605 1243 666 1263 non
683 1233 805 1273 gaudet
823 1234 1017 1271 liberalibus,
1035 1239 1065 1264 et
1078 1235 1125 1264 sic
1138 1233 1178 1263 de
1191 1233 1264 1263 aliis
1278 1232 1304 1263 *.
1334 1233 1500 1270 Quantum

438 1276 524 1307 enim
548 1283 594 1307 est
624 1287 660 1307 ex
683 1284 771 1316 parte
794 1277 932 1314 virtutis,
956 1287 1057 1318 aequa
1086 1284 1132 1308 est
1155 1283 1186 1307 et
1208 1276 1369 1307 inclinatio
1393 1283 1423 1307 et
1446 1276 1500 1306 de-

437 1320 562 1351 lectatio
585 1320 618 1350 in
640 1327 722 1356 actu,
746 1321 819 1352 licet
841 1331 877 1352 ex
901 1328 988 1361 parte
1011 1321 1142 1352 subiecti
1165 1320 1253 1351 aliter
1276 1320 1446 1360 contingat.

492 1364 543 1394 Ad
567 1364 662 1394 huius
679 1365 868 1396 evidentiam
889 1365 966 1396 scito
983 1365 1072 1406 quod
1095 1372 1182 1396 actus
1198 1364 1331 1395 aliarum
1347 1364 1499 1395 virtutum

439 1407 604 1447 dupliciter
618 1408 701 1438 sumi
725 1415 869 1449 possunt,
886 1409 1038 1440 informes
1062 1409 1179 1440 scilicet
1202 1415 1232 1439 et
1247 1408 1389 1440 formati:
1414 1414 1500 1438 actus

438 1459 546 1482 autem
562 1452 705 1488 caritatis,
731 1463 806 1484 cum
829 1463 894 1484 non
911 1453 1012 1494 possit
1033 1464 1100 1484 esse
1114 1453 1269 1488 informis,
1295 1463 1361 1483 uno
1377 1458 1499 1483 tantum

438 1496 538 1526 modo
562 1497 645 1527 sumi
669 1504 784 1537 potest.
816 1498 948 1534 Rursus,
973 1505 1094 1539 quanto
1118 1497 1239 1538 aliquid
1262 1503 1307 1527 est
1322 1496 1499 1537 perfectius,

438 1546 527 1570 tanto
543 1541 700 1581 appetitus
722 1541 871 1581 proprius
886 1541 971 1572 illius
987 1549 1033 1573 est
1054 1541 1236 1582 perfectior:
1262 1541 1502 1581 proportionata

439 1584 526 1614 enim
541 1592 667 1625 oportet
683 1594 758 1622 esse,
776 1593 806 1616 et
821 1586 865 1616 rei
880 1585 1058 1625 perfectiori
1081 1585 1320 1616 inclinationem
1339 1584 1501 1625 propriam

438 1628 657 1668 perfectiorem
681 1629 819 1670 coaptari
843 1636 978 1670 oportet.
1002 1630 1034 1660 Si
1058 1630 1152 1670 igitur
1176 1636 1291 1660 ceteras
1309 1629 1438 1660 virtutes
1462 1629 1500 1659 ad

437 1672 585 1712 proprios
613 1680 700 1703 actus
729 1673 882 1704 informes
912 1684 948 1704 ex
977 1684 1056 1710 una,
1087 1681 1118 1704 et
1148 1673 1307 1703 caritatem
1335 1673 1374 1703 ad
1405 1682 1499 1703 suum

437 1723 544 1746 actum
560 1726 596 1746 ex
612 1717 706 1747 altera
723 1724 810 1756 parte
827 1717 1012 1754 referamus;
1031 1717 1235 1747 manifestum
1254 1723 1309 1752 est,
1328 1726 1402 1747 cum
1414 1723 1501 1747 actus

437 1760 571 1790 caritatis
590 1760 630 1791 sit
648 1760 760 1791 melior
783 1761 851 1791 aliis
870 1761 1000 1797 actibus,
1018 1768 1048 1792 et
1071 1761 1181 1792 caritas
1200 1760 1240 1791 sit
1259 1760 1372 1791 melior
1393 1760 1501 1791 ceteris

436 1804 613 1840 virtutibus,
627 1804 716 1845 quod
730 1805 892 1836 inclinatio
906 1805 1038 1837 caritatis
1055 1812 1102 1836 est
1116 1804 1218 1835 maior
1229 1804 1268 1834 ad
1283 1814 1379 1835 suum
1394 1810 1501 1835 actum

437 1858 535 1889 quam
558 1848 691 1879 aliarum
715 1849 754 1879 ad
778 1859 864 1880 suos.
888 1849 976 1880 Tum
999 1849 1074 1890 quia
1098 1850 1129 1879 in
1154 1850 1203 1880 his
1225 1858 1308 1890 quae
1331 1858 1394 1879 non
1418 1848 1501 1879 mole

437 1902 558 1933 magna
581 1897 658 1922 sunt
680 1891 762 1924 idem
780 1899 826 1924 est
843 1894 948 1924 maius
965 1894 1050 1934 quod
1065 1893 1178 1924 melius
1193 1892 1223 1922 *ε
1250 1902 1284 1923 ae
1301 1903 1357 1933 per
1372 1892 1434 1923 hoc
1451 1902 1499 1923 ca-

436 1936 534 1967 ritatis
563 1935 741 1972 inclinatio,
768 1947 841 1967 cum
865 1938 904 1968 sit
926 1938 1054 1974 melior,
1079 1937 1138 1968 erit
1164 1937 1280 1967 maior.
1315 1937 1403 1967 Tum
1426 1936 1501 1977 quia

436 1980 582 2010 videmus
598 1981 687 2021 quod
701 1981 801 2020 magis
817 1981 985 2012 inclinatur
1000 1982 1159 2022 appetitus
1183 1981 1328 2022 superior
1350 1981 1389 2011 ad
1405 1979 1510 2011 suum*

437 2025 561 2055 bonum
575 2034 674 2065 quam
690 2025 847 2064 appetitus
863 2025 992 2056 inferior
1006 2026 1047 2056 ad
1063 2034 1172 2056 suum:
1198 2032 1234 2056 ut
1255 2032 1386 2056 testatur
1400 2025 1502 2055 maior

437 2068 603 2099 delectatio
620 2078 818 2109 consequens
836 2069 1011 2101 satietatem
1027 2069 1186 2110 appetitus
1201 2069 1372 2110 superioris
1393 2069 1426 2100 in
1442 2079 1501 2100 suo

437 2113 541 2148 bono;
566 2113 638 2152 plus
663 2112 749 2143 enim
773 2113 944 2144 delectatur
966 2114 1113 2145 voluntas
1137 2113 1169 2144 in
1192 2113 1418 2145 consecutione
1434 2123 1502 2154 per-

437 2156 517 2187 fecta
541 2156 589 2187 sui
619 2156 696 2187 boni
720 2167 817 2198 quam
843 2157 1002 2198 appetitus
1026 2158 1192 2188 sensitivus
1221 2158 1254 2188 in
1278 2157 1503 2189 consecutione

437 2201 487 2231 sui
510 2200 587 2231 boni
596 2202 606 2237 ,⁷
628 2207 664 2231 ut
692 2200 725 2231 in
748 2201 946 2241 praecedenti
970 2202 1066 2233 Libro
1090 2205 1228 2238 Auctor,
1252 2202 1285 2232 in
1309 2208 1440 2233 tractatu
1465 2202 1504 2232 de

438 2244 645 2276 delectatione
659 2244 686 2280 *,
711 2245 842 2284 aperuit.

493 2288 525 2319 Si
549 2295 656 2320 autern
679 2288 852 2319 referamus
875 2299 988 2319 omnes
1009 2289 1139 2320 virtutes
1163 2289 1203 2320 ad
1227 2295 1315 2320 actus
1339 2289 1502 2324 formatos,

439 2339 561 2363 constat
584 2333 678 2363 etiam
701 2333 789 2373 quod
820 2332 930 2363 caritas
963 2333 1064 2373 magis
1088 2333 1217 2364 inclinat
1247 2334 1285 2363 ad
1309 2339 1415 2363 actum
1439 2333 1502 2363 for-

438 2376 578 2407 matum:
604 2387 640 2406 ea
663 2377 784 2406 ratione
809 2376 883 2417 quia
897 2377 981 2416 quod
1005 2382 1050 2407 est
1059 2387 1121 2417 per
1135 2387 1170 2407 se
1180 2378 1290 2417 potius
1309 2382 1355 2407 est
1369 2387 1405 2407 eo
1420 2377 1503 2417 quod

439 2426 486 2451 est
502 2430 566 2460 per
588 2421 678 2451 aliud
693 2420 719 2451 *.
743 2421 895 2461 Reliquae
921 2421 1006 2451 enim
1028 2421 1159 2451 virtutes
1183 2431 1238 2461 per
1261 2421 1429 2457 caritatem,
1455 2431 1502 2451 ca-

439 2465 512 2495 ritas
536 2470 643 2494 autem
666 2474 722 2504 per
745 2465 881 2504 seipsam
904 2464 936 2494 in
961 2471 1065 2495 actum
1091 2464 1264 2495 formatum
1286 2464 1396 2495 tendit.

494 2508 535 2539 Et
550 2518 585 2539 ex
601 2508 663 2538 hoc
686 2515 772 2548 patet
788 2509 883 2539 etiam
898 2509 986 2549 quod
1011 2509 1098 2539 nulla
1120 2509 1163 2539 ita
1187 2508 1410 2539 delectabiliter
1425 2518 1502 2548 ope-

439 2560 533 2583 ratur.
572 2552 660 2582 Tum
683 2552 757 2592 quia
785 2552 939 2582 maiorem
967 2552 1205 2583 inclinationem
1235 2552 1337 2582 maior
1361 2552 1503 2592 sequitur

439 2596 615 2627 delectatio.
633 2597 721 2626 Tum
736 2596 811 2636 quia
825 2596 934 2627 caritas
951 2597 1087 2626 maxime
1103 2596 1198 2627 libere
1215 2602 1373 2636 operatur,
1390 2603 1502 2636 utpote

440 2650 588 2680 suprema
607 2640 769 2676 virtutum,
794 2648 824 2671 et
848 2650 865 2670 a
887 2641 975 2671 nulla
998 2641 1058 2671 alia
1082 2649 1188 2677 mota,
1214 2647 1329 2671 ceteras
1353 2650 1500 2671 movens:

440 2685 573 2715 liberum
612 2684 697 2714 enim
726 2685 778 2715 sui
807 2694 906 2715 causa
944 2690 1007 2722 est,
1042 2691 1077 2715 ut
1107 2684 1220 2716 dicitur
1243 2685 1254 2714 Ι
1278 2685 1461 2725 Metaphys.
1486 2682 1502 2699 *

441 2728 575 2759 Constat
604 2735 710 2759 autem
734 2729 822 2769 quod
852 2736 974 2769 quanto
1004 2728 1142 2765 liberius,
1167 2735 1255 2759 tanto
1287 2728 1501 2758 delectabilius

439 2772 512 2813 quis
535 2779 693 2812 operatur.

494 2816 602 2847 Potest
622 2826 754 2856 quoque
768 2825 832 2846 una
848 2816 1029 2846 communis
1053 2826 1148 2846 causa
1171 2816 1259 2846 reddi
1276 2825 1374 2856 quare
1393 2815 1502 2846 caritas

1087 148 1352 194 QUAESTIO
1381 149 1524 196 XXIII,
1553 148 1849 185 ARTICULUS
1878 149 1910 184 11

1552 225 1639 256 venit
1653 225 1795 256 inclinari
1809 225 1843 255 in
1859 234 1935 255 suos
1952 231 2048 256 actus.
2064 241 2085 248 -
2102 225 2190 256 quta
2204 232 2311 256 autem
2333 232 2405 256 ante
2421 225 2513 261 dicta,
2529 231 2615 265 patet

1554 269 1672 300 solutio
1697 268 1896 299 obiectorum
1919 277 1956 298 ex
1978 268 2040 298 hoc
2063 268 2161 308 quod,
2180 268 2252 301 licet
2275 269 2314 300 sit
2343 269 2515 310 aequalitas
2539 278 2612 309 pro-

1554 312 1740 353 portionalis
1759 312 1790 342 in
1809 311 1958 342 omnibus
1973 311 2140 343 virtutibus
2156 312 2195 346 ad
2211 322 2286 344 suos
2309 319 2407 350 actus,
2422 323 2487 343 non
2508 319 2613 343 tamen

1555 363 1601 386 est
1631 355 1801 396 aequalitas
1824 355 2040 396 quantitativa.
2077 355 2209 395 Propter
2233 366 2331 396 quam
2358 356 2614 397 inaequalitatem

1555 399 1675 430 dictum
1699 406 1745 430 est
1768 399 1856 440 quod
1887 399 1973 429 nulla
1998 398 2095 429 virtus
2119 399 2212 430 habet
2234 407 2354 431 tantam
2377 399 2615 431 inclinationem

1555 443 1595 474 ad
1617 453 1714 473 suum
1737 450 1854 474 actum.

1609 487 1660 517 111.
1685 486 1776 517 Circa
1799 487 1925 518 easdem
1947 486 2084 517 rationes
2108 486 2242 517 dubium
2265 487 2401 519 occurrit
2423 487 2507 527 quia,
2524 487 2550 517 si
2566 496 2615 518 ca-

1554 531 1627 561 ritas
1651 531 1742 571 ponit
1764 531 1797 560 in
1813 531 1919 562 anima
1941 531 2000 561 hos
2015 537 2076 560 tres
2099 530 2215 560 modos
2230 531 2389 571 operandi,
2414 531 2530 562 scilicet
2544 539 2615 571 per-

1555 575 1651 610 fecte,
1675 573 1806 605 faciliter
1828 581 1859 606 et
1882 574 2118 610 delectabiliter,
2142 573 2258 614 poterit
2287 574 2375 616 quis,
2409 581 2553 615 expertus
2582 573 2614 604 in

1556 618 1659 658 seipso
1690 617 1829 655 faciliter,
1853 618 2074 649 delectabiliter
2097 624 2191 658 atque
2207 624 2243 648 ut
2265 618 2508 649 connaturaliter
2531 627 2615 648 exer-

1556 662 1666 693 citium
1690 668 1777 692 actus
1797 660 1940 698 caritatis,
1963 661 2040 693 scire
2059 671 2115 702 per
2131 661 2353 701 experientiam
2372 659 2468 703 (quae
2484 669 2531 692 est
2549 671 2615 692 ma-

1554 706 1639 736 xima
1662 704 1831 748 certitudo)
1854 715 1892 748 se·
1903 715 1970 736 esse
1992 706 2025 736 in
2040 706 2174 736 caritate.
2198 705 2296 742 Quod
2314 710 2362 736 est
2381 705 2615 736 inconveniens.

1609 750 1660 780 Ad
1682 750 1745 781 hoc
1768 749 1882 781 dicitur
1896 750 1984 791 quod
2008 757 2095 781 actus
2119 749 2250 780 refertur
2273 749 2313 780 ad
2335 748 2480 780 habitum
2502 756 2533 780 et
2555 760 2615 790 po-

1554 794 1685 824 tentiam
1709 804 1726 824 a
1753 794 1869 834 quibus
1899 801 1954 825 est.
1992 794 2033 825 Et
2052 794 2139 830 licet,
2163 792 2327 823 referendo
2356 799 2464 824 actum
2492 793 2533 823 ad
2560 793 2616 824 ha-

1554 838 1667 874 bitum,
1691 836 1909 869 convenientia
1925 837 1964 868 sit
1979 837 2066 869 -inter
2088 837 2213 868 habitus
2236 835 2406 878 acquisitos
2430 842 2461 867 et
2482 836 2615 873 infusos,

1554 882 1629 924 quia
1644 881 1776 923 quilibet
1799 881 2035 922 perfectionem,
2060 881 2240 912 facilitatem
2263 888 2294 912 et
2315 880 2558 912 delectationem
2580 891 2617 912 ex

1553 926 1607 957 illa
1630 933 1717 966 parte
1740 926 1843 962 habet,
1868 932 1903 956 ut
1926 926 2046 956 dictum
2071 925 2162 962 est*;
2194 925 2358 956 referendo
2382 931 2487 955 tamen
2511 930 2617 955 actum

1554 971 1593 1001 ad
1617 970 1792 1011 potentiam
1815 969 2024 1010 operativam,
2056 969 2228 1000 differentia
2251 977 2299 1000 est
2321 970 2401 1000 inter
2423 975 2512 1000 actus
2533 969 2618 999 habi-

1554 1022 1648 1046 tuum
1675 1014 1903 1055 acquisitorum
1926 1021 1957 1045 et
1977 1013 2159 1045 infusorum
2188 1013 2268 1045 circa
2291 1012 2618 1045 communicationem

1554 1059 1669 1089 harum
1689 1057 1923 1088 conditionum.
1948 1057 2111 1096 Quoniam
2126 1058 2159 1089 in
2175 1057 2336 1098 acquisitis
2350 1063 2509 1098 quantum
2524 1057 2619 1088 habet

1554 1102 1733 1133 subiectum
1755 1102 1794 1131 de
1816 1101 1936 1138 habitu,
1961 1108 2085 1132 tanturn
2107 1101 2202 1132 habet
2225 1102 2263 1132 de
2285 1098 2497 1142 perfectionis,
2522 1100 2618 1133 facili-

1552 1146 1623 1176 tatis
1643 1151 1674 1176 et
1692 1144 1909 1176 delectationis
1932 1145 2048 1175 modo:
2073 1151 2103 1175 et
2122 1145 2184 1176 hoc
2202 1145 2278 1186 quia
2297 1145 2424 1176 habitus
2447 1145 2619 1186 acquiritur

1554 1199 1591 1220 ex
1610 1189 1740 1224 actibus,
1758 1198 1795 1219 ex
1810 1188 1927 1229 quibus
1946 1188 2107 1228 operativa
2125 1189 2268 1229 potentia
2286 1188 2440 1220 continuo
2459 1188 2619 1230 perficitur

1553 1240 1584 1264 et
1606 1233 1775 1263 inclinatur
1797 1232 1898 1272 magis
1912 1233 1952 1263 ad
1967 1232 2086 1263 similes
2108 1239 2208 1264 actus.
2232 1233 2268 1263 In
2283 1232 2398 1264 infusis
2421 1239 2529 1264 autem
2544 1233 2618 1264 sub-

1553 1278 1671 1308 iectum
1697 1276 1790 1307 habet
1815 1276 1959 1307 habitum
1979 1276 2046 1308 sine
2065 1277 2127 1307 hoc
2148 1277 2238 1317 quod
2256 1276 2434 1309 subiectum
2454 1276 2620 1317 participet

1553 1321 1662 1362 ipsum
1685 1330 1740 1361 per
1762 1320 1899 1351 modum
1922 1320 2047 1351 habitus
2070 1320 2201 1352 firmiter
2222 1327 2254 1351 et
2276 1320 2481 1362 conformiter
2503 1321 2553 1361 ad*
2571 1319 2620 1359 in-

1555 1365 1760 1396 clinationem
1778 1364 1874 1403 illius,
1891 1371 2021 1405 propter
2035 1364 2220 1406 oppositam
2239 1373 2385 1397 causam:
2409 1363 2485 1406 quia
2503 1362 2621 1403 scilicet

1554 1419 1620 1440 non
1644 1419 1681 1439 ex
1704 1408 1834 1445 actibus,
1859 1409 1913 1439 sed
1937 1409 1976 1439 de
1999 1408 2075 1439 foris
2090 1408 2184 1440 venit.
2209 1409 2250 1440 Et
2272 1415 2440 1450 propterea
2459 1406 2562 1449 evenit
2584 1406 2620 1439 ut

1553 1454 1586 1484 in
1601 1452 1762 1495 acquisitis
1777 1452 1930 1484 continua
1941 1452 2107 1484 delectatio
2123 1453 2156 1483 in
2171 1462 2268 1493 opere
2283 1452 2324 1484 sit
2338 1453 2466 1494 signum
2481 1452 2620 1492 generati

1554 1497 1693 1529 habitus:
1729 1497 1763 1527 in
1792 1496 1905 1528 infusis
1927 1506 2003 1528 vero
2035 1497 2162 1528 habitus
2192 1503 2239 1528 est
2267 1497 2388 1538 absque
2410 1495 2620 1529 delectatione

1553 1541 1789 1573 communicata
1805 1541 1957 1573 subiecto.
1985 1541 2119 1581 Propter
2133 1541 2223 1582 quod
2238 1540 2352 1573 dicitur
2366 1541 2516 1573 inlinere
2529 1541 2619 1582 qnod

1555 1586 1642 1617 nulla
1664 1586 1762 1616 virtus
1778 1585 1822 1615 sic
1845 1585 1975 1616 inclinat
1998 1592 2029 1616 et
2044 1585 2190 1616 delectat:
2216 1593 2247 1617 et
2261 1595 2327 1616 non
2351 1584 2480 1618 dicitur:
2496 1584 2619 1625 ,Nullus

1553 1630 1672 1661 habens
1686 1629 1836 1660 virtutem
1859 1635 1984 1660 tantum
1999 1628 2167 1661 inclinatur
2182 1636 2212 1660 et
2227 1629 2409 1661 delectatur.
2431 1629 2474 1660 Et
2510 1629 2618 1671 nando

1554 1674 1648 1705 etiam
1673 1673 1824 1704 continua
1847 1679 1894 1704 est
1917 1673 2083 1704 delectatio
2106 1673 2138 1703 in
2162 1683 2273 1714 opere,
2298 1682 2366 1704 non·
2387 1679 2434 1705 est
2455 1673 2488 1704 in
2503 1668 2619 1714 allibil'e

1553 1718 1690 1758 signum,
1711 1717 1856 1758 quamvis
1875 1716 2052 1757 plurimum
2069 1717 2249 1754 verisimile,
2268 1716 2366 1748 infusi
2382 1717 2523 1748 habitus:
2543 1716 2619 1792 guia

1553 1768 1658 1802 potest
1681 1771 1718 1792 ex
1741 1761 1896 1802 acquisito
1920 1761 2016 1791 simili
2038 1761 2165 1798 habitu,
2188 1761 2239 1792 vel
2261 1761 2459 1792 connaturali
2489 1761 2500 1792 i

1552 1806 1658 1842 tione,
1684 1805 1848 1836 delectatio
1871 1805 1903 1835 in
1927 1815 2023 1845 opere
2045 1805 2140 1836 simili
2164 1805 2253 1846 operi
2275 1805 2401 1839 habims
2422 1805 2522 1837 infusi
2546 1814 2619 1846 puer

1552 1859 1670 1880 venire.

1609 1893 1659 1924 Ad
1683 1892 1896 1924 obiectionem
1919 1902 1994 1932 ergo
2014 1891 2128 1924 dicitur
2144 1893 2243 1934 quod,
2259 1892 2405 1933 quamvis
2427 1886 2620 1931 habenshjfi·

1553 1938 1656 1969 bitum
1669 1937 1814 1967 infusum
1833 1943 1863 1967 et
1878 1943 1970 1968 utens
1986 1934 2042 1968 illo
2065 1936 2105 1967 sit
2123 1936 2316 1978 principium
2337 1943 2425 1968 actus
2443 1934 2620 1981 perfeetum

1554 1988 1712 2024 quantum
1742 1981 1782 2012 ad
1806 1980 2018 2020 integritatem
2047 1987 2220 2021 antequam
2249 1980 2392 2012 firmetur
2420 1975 2621 2020 habitur-'set

1554 2032 1712 2067 quantum
1727 2025 1768 2055 ad
1783 2025 1920 2055 modum
1943 2024 2128 2065 integritatis
2151 2031 2324 2066 postquam
2345 2025 2473 2056 habitus
2493 2025 2528 2056 in
2582 2035 2620 2056 us

1554 2070 1697 2102 firmatus
1729 2076 1774 2101 est
1801 2079 1857 2109 per
1880 2069 2017 2100 modum
2049 2069 2192 2106 habitus;
2224 2075 2256 2100 et
2277 2068 2422 2103 similiter
2450 2068 2528 2102 indi

1555 2121 1713 2156 quantum
1745 2120 1791 2144 est
1814 2123 1851 2144 ex
1874 2120 1961 2154 parte
1984 2113 2127 2150 habitus,
2153 2119 2183 2144 et
2207 2113 2333 2154 deberet
2358 2113 2433 2145 inde
2454 2111 2619 2156 delectari,

1555 2165 1627 2190 ante
1643 2157 1804 2189 firmatum
1816 2157 1974 2193 habitum;
1987 2163 2017 2188 et
2033 2163 2107 2198 post
2118 2156 2208 2198 quasi
2224 2154 2466 2188 connaturalem
2475 2153 2621 2195 habitum

1555 2201 1698 2242 infusum
1718 2201 1836 2232 facturn
1857 2201 2040 2242 simpliciter
2062 2200 2229 2232 inclinetur
2248 2208 2279 2232 et
2297 2201 2468 2233 delectetur
2485 2197 2620 2235 ininius

1555 2245 1681 2276 habitus
1700 2245 1796 2276 infusi
1812 2247 1925 2285 opere:
1950 2254 2016 2276 non
2040 2251 2146 2275 tamen
2166 2244 2309 2285 sequitur
2324 2244 2413 2288 quod
2431 2241 2621 2285 experientia

1555 2296 1638 2321 certa
1655 2295 1826 2330 cognoscat
1840 2289 1873 2319 in
1889 2299 1922 2319 se
1938 2298 2005 2319 esse
2024 2288 2169 2319 habitum
2188 2288 2332 2319 infusum
2345 2288 2476 2319 illorum
2490 2282 2621 2320 actufim

1555 2333 1763 2374 principium}
1794 2333 1869 2374 quia
1892 2340 1980 2364 actus
2003 2332 2047 2363 illi
2072 2339 2207 2372 possunt
2236 2342 2273 2363 ex
2292 2333 2356 2364 alio
2384 2332 2621 2373 principioexv'·

1556 2385 1658 2418 pertas
1689 2377 1887 2408 conditiones
1912 2383 1942 2407 et
1965 2377 2080 2407 modos
2111 2376 2235 2412 habere,
2266 2376 2384 2407 scilicet
2406 2387 2443 2407 ex
2465 2376 2620 2418 acquisito

1555 2421 1664 2452 habitu
1688 2421 1782 2451 simili
1801 2421 1851 2451 vel
1870 2420 2004 2451 naturali
2027 2420 2239 2452 inclinatione.
2263 2421 2417 2451 Notanter
2431 2428 2539 2452 autem
2557 2420 2621 2452 dixi

1556 2470 1723 2505 expertos:
1746 2464 1900 2505 quoniam
1923 2474 1982 2494 nos
2006 2474 2073 2494 esse
2097 2464 2272 2505 perfectum
2295 2464 2488 2505 principium
2510 2473 2620 2496 secun-

1555 2510 1635 2540 dum
1657 2518 1725 2539 rem
1747 2515 1835 2539 actus
1859 2508 2035 2541 secundum
2058 2518 2125 2538 rem
2148 2508 2274 2540 habitus
2296 2508 2402 2545 infusi,
2426 2508 2573 2549 quamvis
2586 2509 2620 2540 in

1556 2553 1647 2584 nobis
1671 2553 1725 2589 sit,
1751 2562 1817 2582 non
1841 2559 1946 2583 tamen
1971 2552 2158 2592 experimur.
2183 2552 2216 2583 Si
2239 2553 2325 2583 enim
2347 2553 2410 2583 hoc
2431 2553 2622 2593 experientia

1555 2606 1837 2637 cognosceremus,
1862 2596 2032 2626 certissima
2063 2595 2245 2636 cognitione
2269 2596 2442 2634 caritatem,
2466 2596 2564 2628 fidem
2591 2603 2622 2629 et

1555 2651 1646 2681 spem
1668 2641 1788 2671 infusas
1805 2641 1837 2670 in
1852 2639 1944 2670 nobis
1968 2650 2034 2671 esse
2059 2640 2226 2670 sciremus:
2251 2641 2313 2671 hoc
2329 2640 2415 2671 enim
2433 2651 2499 2672 non
2514 2645 2622 2681 potest

1555 2685 1703 2725 supplere
1725 2684 1851 2715 habitus
1870 2683 2041 2725 acquisitus
2064 2690 2119 2714 aut
2137 2683 2299 2714 inclinatio
2323 2684 2484 2720 naturalis,
2507 2691 2544 2715 ut
2562 2685 2620 2716 sci-

1554 2728 1627 2759 licet
1646 2728 1826 2758 constituat*
1839 2727 2031 2768 principium
2054 2727 2229 2767 perfectum
2253 2734 2341 2758 actus
2357 2729 2534 2759 secundum
2552 2738 2620 2759 rem

1555 2771 1739 2812 pertinentis
1771 2772 1812 2802 ad
1834 2771 1980 2802 habitum
2008 2770 2168 2808 infusum,
2193 2779 2228 2802 ut
2250 2778 2346 2812 patet.
2384 2772 2426 2802 Et
2452 2779 2620 2813 proptera

1555 2818 1678 2846 Auctor
1693 2825 1729 2846 ex
1752 2815 1874 2846 ratione
1896 2815 2026 2855 perfecti
2047 2815 2195 2856 principii
2218 2815 2364 2856 probavit
2386 2815 2418 2846 in
2441 2816 2543 2847 littera
2564 2811 2621 2849 αι’-

441 2859 539 2899 magis
563 2860 692 2891 inclinat
722 2866 752 2890 et
774 2860 922 2891 delectat:
950 2860 1025 2900 quia
1048 2870 1084 2890 ex
1107 2859 1235 2900 propria
1265 2860 1389 2891 ratione
1409 2859 1502 2890 habet
1528 2856 1530 2895 l
1557 2860 1734 2891 cessitatem
1757 2859 1901 2895 caritatis,
1918 2858 1995 2890 etin
2017 2869 2053 2890 ea
2068 2859 2213 2896 fundavit
2228 2859 2482 2891 conclusionem:
2508 2866 2620 2893 etnon

441 2904 529 2944 quod
553 2899 592 2935 sit
613 2903 782 2935 habitualis
801 2913 900 2940 amor,
925 2904 975 2934 cui
999 2914 1055 2944 per
1069 2914 1101 2934 se
1125 2903 1229 2944 primo
1246 2903 1393 2935 convenit
1415 2903 1501 2935 incli—

441 2947 527 2979 natio
552 2955 582 2979 et
604 2948 769 2979 delectatio
792 2948 826 2978 in
849 2958 954 2988 opere.
979 2947 1098 2978 Omnia
1121 2948 1206 2978 enim
1225 2957 1446 2988 quaecumque
1469 2948 1501 2978 in

1529 2900 1530 2926 l
1556 2914 1651 2944 super
1674 2903 1926 2944 promptitudine
1940 2910 1972 2934 et
1986 2900 2202 2940 delectatione,
2227 2913 2310 2944 quae
2325 2911 2463 2944 possunt
2480 2904 2620 2947 suppleri

1529 2940 1530 2978 l
1556 2958 1612 2988 per
1634 2947 1873 2979 inclinationem
1896 2947 2040 2988 acquisiti
2062 2947 2189 2978 habitus
2211 2948 2262 2978 vel
2286 2954 2427 2979 naturae.

441 2991 561 3032 aliquid
583 2991 783 3027 inclinantur,
807 2991 998 3033 inquantum
1022 2999 1129 3023 amant
1151 2991 1230 3022 illud
1256 2991 1447 3023 inclinantur
1470 2992 1502 3022 in
1529 2989 1530 3024 ἕ

1612 2992 1664 3022 IV.
1689 2992 1725 3022 In
1749 2991 1862 3022 eodem
1885 2991 2017 3022 articulo
2041 2991 2192 3028 secundo,
2213 2991 2246 3022 in
2269 2992 2476 3032 responsione
2496 2992 2539 3023 ad
2561 2999 2620 3023 ter-

440 3035 535 3066 illud:
575 3035 642 3076 ipse
665 3045 740 3075 ergo
765 3045 855 3066 amor
883 3036 983 3076 magis
1013 3035 1141 3066 inclinat
1170 3036 1210 3066 ad
1240 3036 1424 3066 amandum.
1463 3036 1504 3066 Et
1529 3046 1530 3078 l
1556 3036 1647 3072 tium,
1669 3035 1804 3066 dubium
1827 3035 1962 3066 occurrit
1986 3035 2065 3066 circa
2089 3035 2175 3066 illam
2198 3035 2326 3066 allatam
2348 3035 2621 3076 propositionem:

441 3079 583 3110 similiter
614 3080 647 3109 in
678 3079 933 3120 quibuscumque
966 3079 1175 3116 delectamur,
1200 3086 1356 3120 quatenus
1392 3079 1503 3110 amatis
1529 3082 1530 3118 l
1559 3080 1689 3110 Caritas
1711 3084 1865 3120 operatur
1878 3079 2080 3120 formaliter,
2098 3086 2156 3110 etc.
2180 3079 2238 3110 Est
2260 3079 2346 3110 enim
2369 3080 2476 3120 potius
2499 3081 2539 3110 ad
2560 3089 2620 3120 op·

443 3123 653 3154 delectamur:
674 3130 794 3163 quanto
818 3133 892 3163 ergo
917 3123 1016 3163 magis
1038 3123 1105 3163 ipse
1127 3133 1220 3154 amor
1237 3123 1270 3154 in
1293 3133 1352 3154 suo
1377 3123 1503 3154 amandi
1529 3120 1531 3174 Ἰ
1557 3123 1699 3164 positum
1722 3133 1820 3164 quam
1843 3123 1884 3154 ad
1901 3123 2072 3154 intentunu
2109 3123 2273 3161 Quoniam
2300 3124 2423 3163 operari
2445 3123 2621 3160 formaliter

443 3177 538 3208 opere
560 3166 780 3198 delectabitur!
804 3167 845 3197 Et
863 3174 992 3207 propter
1011 3167 1091 3198 hanc
1115 3168 1280 3203 rationem,
1297 3177 1378 3207 quae
1402 3173 1448 3198 est
1467 3177 1503 3197 ex
1529 3181 1530 3209 χ
1557 3167 1724 3208 dupliciter
1738 3167 1870 3207 intelligi
1885 3174 2009 3207 potest:
2033 3167 2084 3198 vel
2107 3167 2294 3208 principiare
2309 3178 2393 3208 opus
2416 3175 2452 3199 ut
2471 3167 2621 3204 formam,

442 3211 577 3251 propriis
597 3211 745 3247 caritatis,
769 3211 844 3251 quia
866 3211 954 3242 nulla
977 3211 1075 3242 virtus
1105 3211 1165 3242 nisi
1188 3211 1297 3242 caritas
1327 3217 1374 3242 est
1395 3221 1502 3249 arnor,
1529 3223 1530 3263 i
1556 3212 1636 3242 idest
1659 3221 1725 3252 quo
1746 3211 1865 3252 aliquid
1890 3218 2046 3252 operatur,
2064 3218 2099 3242 ut
2115 3211 2200 3242 calor
2223 3219 2269 3242 est
2291 3211 2486 3252 principium
2506 3211 2621 3243 odefa-

443 3259 565 3286 Auctor
586 3255 654 3286 sine
677 3255 864 3295 probatione
888 3254 958 3291 alia,
982 3262 1018 3285 ut
1041 3262 1130 3294 puto,
1155 3255 1361 3295 pertransivit.
1529 3276 1530 3285 1
1557 3255 1674 3292 ciendi;
1706 3256 1755 3286 vel
1778 3255 1878 3286 facere
1902 3255 2048 3286 effectum
2076 3255 2258 3292 formalem,
2288 3263 2325 3286 ut
2346 3255 2432 3287 calor
2455 3255 2530 3286 facit
2551 3265 2619 3286 esse

501 3299 542 3330 Et
572 3309 628 3339 per
658 3299 739 3330 hanc
770 3305 855 3339 patet
884 3299 1002 3329 solutio
1036 3299 1234 3330 obiectorum
1266 3299 1299 3330 in
1329 3306 1502 3339 promptu:
1557 3299 1695 3330 calidum
1711 3299 1743 3330 id
1758 3299 1791 3330 in
1813 3309 1879 3340 quo
1903 3305 1958 3330 est.
1983 3300 2199 3340 Quocumque
2219 3306 2327 3330 autem
2347 3299 2448 3330 modo
2463 3306 2617 3335 sumatur,

444 3342 518 3383 quia
548 3343 665 3375 scilicet
694 3353 760 3374 non
792 3350 839 3373 est
867 3352 968 3382 aequa
996 3343 1191 3383 comparatio
1222 3343 1446 3374 inclinatorum
1475 3349 1504 3373 et
1557 3343 1583 3374 si
1606 3343 1710 3373 forma
1732 3342 1806 3374 facit
1829 3343 1975 3374 effectum
2007 3342 2183 3379 infinitum,
2212 3353 2249 3374 ex
2269 3344 2371 3375 modo
2396 3343 2530 3374 faciendi
2551 3352 2619 3373 non

443 3386 667 3418 inclinationis.
703 3387 841 3418 Virtutes
872 3386 957 3416 enim
988 3393 1106 3417 ceterae
1137 3394 1210 3418 sunt
1238 3387 1318 3418 sicut
1338 3386 1504 3417 inclinatae
1529 3372 1531 3411 ,¹
1556 3387 1699 3418 evaditur
1721 3387 1799 3428 quin
1830 3387 1870 3418 sit
1891 3386 2026 3418 infinita:
2057 3387 2160 3418 immo
2187 3387 2295 3427 potius
2326 3386 2459 3418 infertur
2479 3385 2618 3418 infinitas

445 3431 484 3461 ad
509 3440 584 3461 suos
607 3437 712 3461 actus:
746 3430 855 3461 caritas
878 3438 985 3462 autem
1009 3437 1054 3460 est
1076 3430 1144 3470 ipsa
1168 3431 1329 3462 inclinatio
1352 3430 1386 3461 in
1409 3440 1504 3461 suum
1529 3415 1530 3457 l
1556 3431 1676 3462 formae
1707 3441 1743 3462 ex
1767 3430 1877 3462 effectu
1909 3431 2035 3462 formali
2058 3438 2088 3462 et
2110 3437 2180 3462 actu
2210 3431 2330 3467 elicito,
2355 3431 2381 3461 si
2403 3431 2443 3462 sit
2464 3429 2617 3467 infinitus,

446 3481 561 3505 actum.
585 3475 624 3505 Et
639 3475 710 3505 ideo
728 3474 846 3505 caritati
869 3474 983 3514 prim0,
1008 3474 1134 3514 reliquis
1155 3485 1210 3514 per
1226 3485 1257 3504 se
1273 3475 1412 3505 secundo
1429 3485 1502 3505 con·
1528 3471 1530 3494 >¹
1556 3475 1630 3515 quia
1647 3482 1769 3506 constat
1791 3476 1878 3515 quod
1895 3475 2052 3515 quantitas
2073 3474 2238 3515 utriusque
2253 3474 2394 3515 sequitur
2409 3475 2616 3515 quantitatem

2643 928 2654 939 “
2667 910 2740 950 Num.
2755 933 2772 950 1.
