2892 4056
984 153 1248 199 QUAESTIO
1277 154 1364 200 XX,
1393 154 1687 192 ARTICULUS
1717 155 1767 192 lV
2385 157 2454 193 155

298 229 376 268 Sed
408 236 537 266 tamen
560 234 572 250 ⁸
605 229 691 278 quia
718 230 798 278 spei
817 230 1009 268 obiectum
1042 239 1098 268 est
1124 232 1282 278 bonum,
1308 231 1347 268 in
1373 231 1375 270 Ι
1400 232 1523 280 gentia
1538 233 1800 270 considerandi
1820 233 1949 270 divina
1964 233 2148 270 beneficia
2168 245 2213 270 ex
2228 234 2358 270 acedia
2371 246 2456 283 pro-

296 282 401 331 quod
429 281 643 318 naturaliter
668 282 786 319 tendit
812 283 1011 332 appetitus,
1031 297 1109 321 non
1136 292 1262 321 autem
1291 297 1348 321 re·
1373 291 1376 343 ἰ
1399 285 1514 322 venit.
1545 286 1674 322 Homo
1704 285 1804 323 enim
1823 285 1980 323 affectus
2008 286 2134 334 aliqua
2152 286 2329 335 passione
2349 299 2456 335 prae-

296 333 388 383 fugit
405 332 419 359 ζ
441 335 490 371 ab
519 346 566 371 eo
594 335 828 382 naturaliter,
857 336 924 373 sed
951 337 1077 374 solum
1104 345 1258 387 propter
1285 337 1348 374 ali-
1402 337 1510 386 cipue
1547 337 1608 374 illa
1646 338 1783 386 cogitat
1817 350 1915 388 quae
1943 339 1992 376 ad
2020 338 2121 375 illam
2150 338 2336 387 pertinent
2371 351 2457 387 pas-

296 386 403 436 quod
421 386 737 435 impedimentum
757 389 1043 437 superveniens;
1066 389 1154 428 ideo
1174 390 1348 428 directius
1402 389 1563 428 sionem.
1600 391 1712 427 Unde
1738 391 1858 428 homo
1886 391 1924 428 in
1951 391 2103 432 tristitiis
2131 391 2352 428 constitutus
2380 404 2458 428 non

296 439 452 489 quidem
476 452 522 476 ex
546 453 612 489 spe
636 441 754 477 oritur
775 440 968 489 gaudium,
989 441 1200 491 desperatio
1219 450 1348 480 autern
1374 461 1377 497 3
1404 441 1450 479 de
1479 442 1576 479 facili
1608 443 1732 492 aliqua
1764 456 1906 491 magna,
1934 451 1971 480 et
2001 443 2167 481 iucunda
2196 443 2352 491 cogitat,
2391 445 2457 480 sed

297 504 318 528 e
339 504 526 530 converso
555 505 601 529 ex
628 493 781 530 tristitia.
1375 500 1378 543 Ι
1403 496 1529 532 solum
1547 495 1675 542 tristia,
1696 496 1766 532 nisi
1788 508 1858 544 per
1882 508 2062 544 magnum
2088 504 2267 533 conatum
2291 509 2331 533 se
2351 508 2458 533 aver-

349 546 408 581 An
435 556 594 582 TER-'rium
612 558 795 584 memnon
824 548 925 594 quod
954 546 1034 594 ipsa
1063 547 1173 583 etiarn
1193 553 1211 574 η
1236 547 1350 595 negli-
1373 546 1377 596 Ι
1403 555 1456 584 tat
1483 560 1505 584 a
1533 548 1709 585 tristibus.

350 708 373 742 ε)
393 711 491 734 tamen.
504 722 524 727 -
535 709 597 734 Om.
615 710 648 734 G.

347 743 373 776 ζ)
392 744 501 777 refugit.
513 758 532 763 -
545 744 658 770 afmait
671 745 717 770 Pa.

1456 713 1484 744 η)
1503 713 1622 738 etiam-
1636 713 1696 738 cm.
1716 713 1776 745 Ppc
1794 718 1820 738 et
1837 720 1863 738 a.

964 831 1295 864 Commentaria.
1317 833 1568 865 Cardinalis
1588 835 1790 867 Caietani

326 937 347 957 u
370 927 501 959 articulo
525 933 638 968 quarto
661 927 804 958 eiusdem
831 927 1025 968 quaestionis
1052 927 1186 958 dubium
1213 929 1350 959 occurrit

300 939 366 1002 Ide
381 971 508 1002 veritate
530 970 616 1001 illius
638 970 772 1010 rationis
787 970 818 1001 in
834 970 936 1002 littera
952 971 1100 1009 redditae,
1117 971 1248 1003 scilicet:
1277 972 1351 1003 Pos-

295 1015 386 1046 sibile
398 1019 447 1046 est
453 1016 623 1055 proprium
639 1015 792 1045 obiectum
808 1016 886 1055 spei,
910 1015 1024 1046 bonum
1046 1021 1152 1046 autem
1168 1021 1198 1046 et
1211 1016 1350 1046 arduum

295 1059 391 1090 enam
413 1058 457 1090 ad
471 1056 555 1089 alias
570 1059 740 1099 passiones
754 1059 928 1099 pertinent.
958 1059 1001 1090 Et
1018 1066 1064 1090 est
1079 1059 1158 1091 ratio
1175 1059 1262 1090 dubii
1277 1060 1352 1101 quia

295 1101 390 1135 etiam
412 1102 562 1143 possibile
584 1102 624 1132 ad
647 1102 722 1132 alias
744 1102 907 1142 passiones
930 1103 1078 1143 pertinet:
1107 1104 1204 1135 timor
1222 1104 1307 1134 enim
1323 1110 1353 1135 et

294 1145 426 1185 audacia
447 1155 514 1177 non
536 1153 611 1177 sunt
633 1146 698 1177 nisi'
715 1153 858 1188 respectu
880 1147 1092 1187 possibilium.

349 1190 402 1221 Ad
428 1190 491 1221 hoc
520 1190 654 1221 breviter
682 1190 796 1224 dicitur
817 1192 906 1233 quod
936 1191 987 1222 hic
1013 1201 1080 1222 non
1109 1199 1156 1223 est
1185 1201 1289 1223 sermo
1313 1192 1353 1223 de

1403 930 1492 970 quod
1514 929 1648 966 luxuria,
1673 930 1842 961 detinendo
1865 930 2011 961 affectum
2034 932 2074 961 ad
2097 931 2239 967 carnalia,
2263 942 2298 962 ac
2321 942 2376 972 per
2397 932 2459 963 hoc

1403 971 1577 1013 spiritualia
1605 980 1660 1004 aut
1683 983 1750 1004 non
1773 974 1857 1004 bona
1880 981 1935 1005 aut
1957 985 2023 1005 non
2046 984 2160 1015 magna
2182 975 2265 1005 bona
2289 975 2416 1006 afferens
2431 975 2458 1012 *,

1404 1026 1471 1047 non
1494 1023 1541 1047 est
1562 1017 1690 1058 propria
1714 1027 1807 1048 causa
1831 1018 2064 1058 desperationis,
2087 1019 2141 1048 sed
2165 1029 2258 1049 causa
2280 1019 2459 1050 communis

1404 1060 1578 1091 multarum
1601 1061 1756 1092 malarum
1780 1061 1965 1101 passionum
1988 1071 2060 1102 erga
2082 1063 2167 1092 bona
2186 1062 2367 1103 spiritualia,
2382 1069 2459 1103 puta

1404 1104 1479 1140 odii,
1496 1105 1750 1142 abominationis,
1767 1105 1908 1137 tristitiae
1931 1106 1969 1136 de
1992 1106 2085 1136 bonis
2109 1106 2331 1146 spiritualibus,
2346 1113 2377 1138 et
2396 1106 2459 1137 irae

1404 1155 1513 1179 contra
1527 1148 1702 1189 ingerentes
1718 1149 1892 1190 spiritualia
1905 1149 2110 1190 impedientia
2125 1150 2272 1181 earnalia:
2287 1150 2365 1182 haec
2374 1150 2460 1181 enim

1403 1202 1441 1223 ex
1463 1192 1706 1233 parvipensione
1729 1193 1940 1234 spiritualium
1961 1193 2140 1234 insurgunt.
2164 1194 2226 1225 Sed
2249 1194 2364 1231 acedia,
2383 1193 2459 1224 deii—

2486 979 2495 988 ·
2509 984 2622 1000 aream
2628 979 2644 1000 θ’

294 1233 437 1277 possibili
453 1234 606 1271 absolute,
621 1234 676 1264 sed
699 1241 736 1265 ut
757 1234 944 1266 determinat
963 1236 1087 1267 bonum
1102 1236 1249 1276 arduum.
1272 1236 1352 1267 Tale

294 1275 380 1309 daim
403 1277 654 1315 consternans
677 1279 744 1325 spei
774 1289 842 1310 esse
869 1279 1035 1320 proprium
1065 1279 1225 1311 obiectum
1254 1286 1291 1311 ut
1312 1279 1352 1310 ad

239 1343 265 1347 ψ
278 1321 471 1364 m
483 1315 713 1363 consequenter
741 1323 968 1364 desperationis
997 1329 1034 1354 ut
1062 1333 1080 1354 a
1102 1333 1179 1364 quo.
1210 1323 1252 1354 Et
1273 1323 1351 1355 haec

294 1365 437 1399 intentio
451 1366 601 1400 Auctoris
627 1364 780 1407 patet'ex
809 1377 849 1398 eo
877 1368 968 1408 quod
996 1367 1046 1417 hic
1075 1367 1210 1398 intendit
1238 1368 1351 1399 docere

298 1418 302 1431 ι
325 1431 327 1434 ·
523 1430 530 1436 ι

1404 1236 1516 1267 ciendo
1540 1236 1687 1276 spiritum
1709 1236 1753 1268 sic
1781 1244 1816 1269 ut
1838 1237 1981 1269 videatur
2007 1238 2097 1279 quod
2125 1248 2190 1269 non
2213 1237 2314 1278 possit
2335 1238 2374 1269 ad
2397 1237 2459 1278 spi-

1403 1279 1527 1311 ritualia
1550 1281 1635 1311 bona
1656 1281 1837 1321 pervenire,
1867 1288 1914 1312 est
1935 1280 2064 1322 propria
2093 1291 2186 1312 causa
2216 1281 2458 1323 desperationis,

1404 1333 1486 1365 quae
1515 1324 1641 1364 respicit
1670 1325 1819 1365 possibile
1849 1325 2060 1357 determinans
2089 1324 2247 1365 futurum,
2263 1326 2385 1356 bonum
2412 1335 2459 1355 ar-

1403 1369 1516 1399 duum.

314 2800 370 2831 (141
409 2801 412 2821 ζ
