2892 4056
405 182 475 217 158

451 263 509 298 An
547 273 682 298 PR1MUM
719 272 816 297 ERGO
849 272 1030 297 nicnunum
1075 260 1179 306 quod
1210 259 1481 307 praesumere'

398 312 602 362 aliquando
641 314 794 363 ponitur
826 326 895 361 pro
923 324 1094 360 sperare:
1133 312 1220 360 quia
1254 312 1334 360 ipsa
1368 325 1454 360 spes

399 374 498 403 recta
523 379 619 415 quae
646 367 805 403 habetur
834 365 880 402 de
908 366 992 401 Deo
1022 364 1280 412 praesumptio
1304 365 1455 402 videtur

397 418 427 453 si
447 427 684 456 mensuretur
713 419 922 454 secundum
951 417 1209 453 conditionem
1230 417 1452 454 humanam.

397 472 488 508 Non
508 480 634 508 autem
655 478 708 507 est
726 470 984 518 praesumptio
1006 469 1269 524 siaattendatur
1293 469 1454 506 immen-

397 524 485 560 sitas
515 524 689 560 bonitatis
719 522 881 559 divinae.

449 579 506 613 AD
532 588 720 613 SECUNDUM
745 586 927 611 DICENDUM
957 574 1061 622 quod
1090 574 1350 622 praesumptio
1375 587 1454 611 non

396 628 573 677 importat
602 639 913 676 superexcessum
934 627 1013 675 spei
1036 639 1079 663 ex
1099 627 1173 663 hoc
1194 627 1299 674 quod
1320 627 1453 675 aliquis

260 680 273 704 ὃ
396 681 506 717 11111115
526 679 538 702 ⁶
558 689 681 729 speret
710 680 756 716 de
785 681 893 716 Deo:
923 680 989 716 sed
1020 692 1063 716 ex
1092 680 1167 716 hoc
1196 680 1301 726 quod
1327 688 1453 728 sperat

396 734 442 770 de
471 735 555 770 Deo
585 733 725 781 aliquid
755 733 859 781 quod
886 733 972 769 Deo
1002 744 1079 768 non
1109 733 1297 769 convenit.
1335 733 1451 779 Quod

395 786 507 822 etiarn
547 794 602 822 est
629 786 755 822 minus
790 797 942 834 sperare
977 785 1023 822 de
1054 797 1120 821 eo:
1160 785 1248 834 quia
1285 786 1359 821 hoc
1397 793 1452 821 est

445 880 469 911 δ)
492 881 579 906 nimis.
592 895 610 900 —
625 882 711 906 minus
732 882 781 906 PE.
795 895 814 901 —
827 882 878 906 Pro
896 884 992 914 speret,
1011 885 1103 914 sperat
1122 882 1263 907 PDGKLa.

1074 181 1340 226 QUAESTIO
1370 182 1474 227 XXI,
1504 181 1800 217 ARTICULUS
1831 182 1880 216 111

1508 259 1587 295 eius
1619 258 1796 294 virtutem
1835 259 2123 306 quodammodo
2163 259 2394 309 diminuere,
2432 269 2474 298 ut
2511 261 2564 298 di-

1508 320 1609 348 ctum
1632 318 1687 347 est
1705 310 1735 346 ³³².

1559 367 1617 400 An
1647 375 1805 400 TERTIUM
1834 375 2018 400 DICENDUM
2047 364 2150 411 quod
2178 377 2336 413 peccare
2365 378 2452 403 cum
2478 378 2564 414 pro-

1479 435 1480 440 =
1505 416 1630 463 posito
1659 415 1930 464 perseverandi
1962 415 1999 452 in
2033 423 2191 464 peccato
2225 417 2294 454 sub
2327 431 2394 467 spe
2426 418 2563 455 veniae

1506 469 1553 504 ad
1582 468 1932 517 praesumptionem
1960 468 2132 516 pertinet.
2172 470 2220 506 Et
2247 471 2321 507 hoc
2349 483 2427 507 non
2457 471 2565 508 dimi-

1506 521 1606 563 nuit,
1646 522 1710 558 sed
1739 529 1852 568 auget
1883 529 2095 569 peccatum.
2134 522 2297 560 Peccare
2335 531 2463 560 autem
2493 524 2564 560 sub

1478 618 1479 622 Ἰ
1505 587 1572 622 spe
1593 574 1730 610 veniae
1752 574 1984 623 quandoque
2014 574 2279 622 percipiendae
2309 588 2396 612 cum
2425 589 2566 625 propo-

1478 628 1479 684 }
1505 627 1575 663 sito
1597 627 1808 663 abstinendi
1827 639 1849 663 a
1868 628 2025 675 peccato
2056 635 2091 663 et
2118 627 2338 675 poenitendi
2367 629 2415 665 de
2434 629 2517 677 ipso
2537 634 2562 675 ²,

1478 689 1479 721 ἢ
1504 680 1579 716 hoc
1609 692 1687 716 non
1716 687 1771 716 est
1798 680 2138 728 praesumptionis,
2169 680 2236 717 sed
2264 681 2339 717 hoc
2365 690 2564 729 peccatum

1478 731 1479 766 ἒ
1505 732 1698 770 diminuit:
1729 732 1818 780 quia
1846 745 1914 780 per
1941 734 2016 770 hoc
2042 733 2195 770 videtur
2222 733 2364 769 habere
2390 735 2566 771 volunta-

1504 793 1581 821 tem
1613 785 1739 822 minus
1766 785 1959 822 firmatam
1989 786 2036 823 acl
2065 785 2318 834 peccandum.

1561 891 1571 906 ε
1574 888 1583 914 y
1604 884 1669 914 ipso.
1682 896 1702 902 -
1711 886 1822 914 peccato
1837 883 1925 912 PGna,
1934 885 2046 914 peccato
2061 882 2117 914 ipso
2132 882 2160 912 F,
2176 882 2222 906 sed
2235 882 2357 915 expungit
2371 885 2491 914 peccato.

1062 942 1395 975 Commentariis
1417 943 1668 976 Cardinalis
1690 943 1890 975 Caieta-ni

423 1019 443 1038 N
466 1008 598 1039 articulo
627 1009 784 1044 secundo,
809 1008 841 1037 in
865 1008 1070 1048 responsione
1098 1009 1138 1038 ad
1162 1009 1354 1045 secundum,
1386 1018 1450 1038 me-

156 1056 364 1102 ’ἑὶυανωεττ-ὁ,
396 1021 532 1082 Imento
570 1052 730 1083 doctrinae
764 1052 910 1092 superius
932 1051 951 1070 ’θ
984 1052 1122 1088 habitae,
1155 1053 1322 1093 quomodo
1354 1053 1451 1083 virtus
1476 1065 1478 1101 1

155 1089 166 1103 a
193 1088 215 1107 23
232 1082 364 1104 Comment.

155 1115 217 1129 num.
233 1114 264 1129 ιι.
392 1097 571 1136 theologica
594 1096 633 1127 sit
655 1097 687 1126 in
711 1096 827 1127 medio.

450 1141 485 1170 In
508 1139 715 1180 responsione
738 1150 812 1170 vero
837 1140 876 1170 ad
899 1140 1036 1176 tertium,
1055 1141 1179 1170 adverte
1202 1141 1276 1170 hinc
1291 1141 1452 1180 vulgarem

392 1194 528 1215 errorem
553 1185 735 1225 putantium
752 1185 840 1225 quod
864 1194 996 1224 peccans
1020 1185 1078 1214 sub
1098 1191 1258 1224 praetextu
1275 1185 1363 1224 quod
1382 1191 1455 1223 post

1475 1012 1478 1064 1
1504 1007 1704 1039 confitebitur
1719 1015 1750 1039 et
1765 1008 1858 1039 faciet
1873 1009 2110 1049 poenitentiam,
2127 1009 2216 1050 peius
2233 1009 2333 1040 faciat.
2359 1010 2465 1040 Habes
2481 1010 2567 1040 enim

1504 1053 1578 1083 hinc
1593 1053 1680 1093 quod
1703 1053 1860 1089 diminuit,
1885 1063 1951 1083 non
1975 1060 2122 1093 aggravat
2144 1061 2323 1093 peccatum:
2348 1061 2394 1084 est
2410 1053 2495 1084 enim
2510 1064 2566 1084 vo-

1477 1110 1479 1125 ι
1503 1097 1633 1127 luntatis
1656 1097 1852 1127 transitoriae
1875 1104 1906 1127 et
1929 1107 1994 1127 non
2018 1098 2184 1137 pertinacis
2207 1097 2240 1127 in
2263 1098 2359 1129 malo.

2591 318 2672 365 LdA1n.
2689 317 2802 345 praeced„

1561 1141 1595 1170 ln
1611 1141 1739 1181 reliquis
1756 1141 1898 1171 eiusdem
1910 1142 2105 1181 quaestionis
2121 1142 2258 1172 articulis
2275 1142 2353 1172 nihil
2365 1142 2567 1173 scribendum
2617 1137 2620 1139 Α

1477 1132 1479 1148 Ι

1478 1157 1480 1222 i
1506 1185 1651 1214 occurrit.

1190 1285 1507 1326 ARTICULUS
1537 1285 1764 1326 TERTIUS

797 1360 951 1390 UTRUM
975 1358 1276 1389 PRAESUMPTIO
1299 1358 1430 1389 MAGIS
1453 1358 1718 1389 OPPONATUR
1741 1358 1894 1390 T1MOR1
1919 1359 2044 1395 QUAM
2068 1359 2156 1390 SPEI

602 1437 623 1461 D
642 1436 802 1462 TERTIUM
823 1436 876 1461 sm
897 1436 1137 1462 PROCEDITUR.
1157 1424 1318 1462 Videtur
1346 1423 1451 1473 quod

528 1478 859 1538 praesumptio
902 1477 1022 1526 magis
1066 1485 1284 1526 opponatur
1324 1477 1452 1514 timori

407 1520 592 1620 steph}
601 1543 718 1578 quam
737 1532 849 1621 ffspei.
898 1531 1129 1621 ltnopdinatio
1149 1530 1267 1620 8(1111111
1305 1530 1450 1567 timoris

448 1598 458 1610 κ
569 1596 746 1633 μ011110111
763 1597 809 1621 ur
836 1596 939 1621 reco
983 1596 1106 1621 1111011.
1178 1596 1197 1620 e
1253 1596 1450 1632 praesum—

390 1635 468 1684 ptio
488 1634 637 1673 videtur
655 1637 703 1674 ad
727 1637 1047 1674 inordinationem
1072 1637 1217 1674 timoris
1241 1637 1448 1686 pertinere:

392 1687 526 1725 dicitur
545 1690 646 1726 enim
666 1691 753 1739 Sap.
773 1703 846 1727 xvu
865 1690 903 1727 *ε
934 1691 1090 1738 Semper
1107 1690 1320 1738 praesumit
1336 1702 1450 1728 saeva

383 1742 606 1789 perturbata
635 1744 882 1787 conscientia;
911 1751 947 1780 et
975 1743 1118 1780 ibidem
1138 1743 1159 1765 '¹‘
1178 1743 1312 1780 dicitur
1345 1743 1451 1791 quod

390 1795 502 1830 timor
520 1801 574 1832 est
584 1797 901 1846 praesumptionis
920 1797 1148 1833 adiutorium
1169 1802 1197 1832 α.
1220 1797 1322 1844 Ergo
1343 1808 1451 1845 prae-

390 1847 555 1896 sumptio
580 1849 787 1897 opponitur
805 1849 931 1886 timori
951 1849 1072 1897 magis
1092 1861 1208 1897 quam
1230 1849 1322 1897 spei.

444 1912 479 1937 2.
514 1902 755 1949 PRAETEREA,
800 1903 985 1940 contraria
1024 1911 1110 1946 sunt
1147 1914 1245 1950 quae
1284 1901 1451 1939 maxime

390 1953 538 1991 distant.
583 1956 658 1992 Sed
687 1956 947 2005 praesumptio
977 1956 1095 2003 magis
1125 1955 1236 1992 distat
1263 1968 1285 1992 a
1313 1955 1449 1993 timore

390 2018 506 2054 quam
535 2021 556 2043 a
577 2021 664 2056 spe:
694 2009 782 2057 quia
811 2010 1070 2057 praesumptio
1100 2009 1279 2057 importat
1299 2016 1449 2045 motum

427 1443 484 1477 ξδ’
509 1446 578 1492 ¹¹6(

151 1691 161 1701 ·
182 1690 248 1712 Vei-s.
265 1697 298 1713 ιο.

151 1749 162 1759 ”
178 1748 243 1770 Vers.
260 1754 286 1770 11.

248 1806 264 1821 α

389 2060 437 2096 ad
467 2073 569 2107 rem,
609 2063 703 2098 sicut
733 2071 767 2098 et
796 2075 903 2111 spes;
942 2062 1056 2099 timor
1084 2070 1211 2098 autem
1249 2070 1397 2098 motum
1429 2074 1450 2098 a
1477 2063 1478 2080 ²

389 2125 440 2149 re.
473 2114 574 2161 Ergo
603 2116 862 2164 praesumptio
897 2115 1017 2163 magis
1046 2115 1295 2152 contrariatur
1323 2115 1450 2151 timori
1477 2142 1478 2151 ,

389 2178 505 2213 quarn
534 2179 626 2216 spei.

444 2221 477 2256 3.
513 2221 753 2266 PRAETEREA,
792 2221 1052 2269 praesumptio
1091 2221 1254 2258 totaliter
1289 2221 1451 2258 excludit

388 2272 587 2310 timorem:
618 2287 695 2310 non
715 2282 842 2311 autem
867 2274 1030 2310 totaliter
1058 2274 1220 2310 excludit
1240 2287 1361 2323 spem,
1382 2274 1450 2311 sed

389 2326 513 2362 solum
548 2327 812 2364 rectitudinem
841 2326 856 2356 β
884 2327 975 2375 spei.
1017 2322 1116 2363 Cum
1151 2339 1241 2374 ergo
1276 2327 1450 2375 opposita

389 2379 460 2415 sint
480 2391 577 2427 quae
593 2393 632 2416 se
648 2380 878 2426 interimunt,
895 2380 1046 2416 videtur
1065 2380 1169 2428 quod
1189 2380 1449 2429 praesumptio

389 2432 508 2478 magis
537 2441 753 2481 opponatur
780 2433 904 2469 timori
933 2445 1049 2481 quam
1080 2433 1172 2481 spei.

443 2485 516 2521 SED
556 2497 700 2523 CONTRA
733 2498 799 2523 EST
836 2486 942 2534 quod
972 2486 1048 2522 duo
1078 2485 1244 2522 invicem
1274 2486 1450 2534 opposita

389 2537 478 2574 vitia
507 2539 780 2576 contrariantur
809 2539 873 2575 uni
902 2539 1049 2575 virtuti:
1085 2539 1180 2574 sicut
1207 2538 1385 2575 timiditas
1414 2547 1451 2575 et

389 2590 548 2627 audacia
567 2592 783 2629 fortitudini.
811 2592 888 2628 Sed
908 2599 1106 2640 peccatum
1127 2591 1449 2640 praesumptionis
1475 2631 1477 2641 y

390 2644 638 2682 contrariatur
664 2652 822 2694 peccato
851 2644 1141 2693 desperationis,
1171 2645 1276 2692 quod
1307 2645 1448 2682 directe
1475 2645 1477 2692 ζ

389 2697 595 2745 opponitur
623 2698 714 2746 spei.
758 2699 860 2745 Ergo
888 2698 1038 2734 videtur
1066 2698 1171 2746 quod
1200 2698 1312 2734 etiam
1341 2710 1449 2746 prae·
1475 2699 1477 2723 ἵ

390 2751 555 2798 sumptio
586 2751 761 2788 directius
780 2755 796 2779 Υ
816 2751 895 2799 spei
923 2759 1152 2799 opponatur.

443 2803 667 2841 Raspomo
709 2815 892 2841 DlCENDtJM
926 2803 1051 2851 quod,
1082 2804 1178 2840 sicut
1214 2803 1446 2850 Augustinus

390 2855 493 2902 dicit,
524 2857 561 2893 in
591 2858 641 2893 IV
670 2864 800 2894 contra
829 2857 964 2893 Iulian.
985 2856 1021 2903 ²¹²,
1051 2857 1224 2893 omnibus
1251 2856 1448 2892 virtutihus

391 2920 464 2944 non
492 2910 613 2946 solum
647 2916 733 2947 sunt
758 2910 847 2946 vitia
882 2911 1080 2958 manifesta
1114 2909 1334 2946 discretione
1361 2920 1448 2945 con-

390 2962 521 3007 traria,
545 2962 639 2999 sicut
668 2963 892 3010 prudentiae
929 2963 1138 2999 temeritas:
1175 2973 1306 3001 verum
1335 2961 1447 2998 etiam

253 3009 267 3033 ὅ
389 3014 514 3051 vicina
533 3013 546 3036 ὅ
565 3016 861 3063 quodammodo,
896 3027 964 3052 nec
990 3016 1162 3060 veritate,
1192 3015 1258 3051 sed
1284 3014 1447 3062 quadam

151 2859 161 2869 ⁸
176 2858 231 2885 Cap.
248 2864 281 2879 111.

389 3068 510 3114 specie
540 3068 696 3114 fallente
727 3068 882 3113 similia,
919 3069 1014 3104 sicut
1043 3068 1268 3116 prudentiae
1299 3067 1446 3103 astutia.
1473 3087 1474 3105 i

275 3154 291 3172 ,1
391 3120 440 3156 Ε1
466 3121 539 3156 hoc
569 3121 684 3157 etiam
703 3126 716 3142 ⁸
734 3121 989 3168 Philosophus
1019 3121 1118 3167 dicit,
1146 3121 1181 3158 111
1213 3122 1243 3156 11
1271 3120 1392 3156 Ethic.
1415 3121 1445 3165 *,

291 3180 303 3194 ²
329 3180 363 3195 ·'‘·
391 3173 496 3220 quod
523 3173 642 3210 virtus
670 3174 855 3210 maiorem
887 3173 1192 3210 convenientiam
1210 3173 1362 3210 videtur
1384 3173 1449 3209 ha-

445 3271 472 3303 α)
492 3271 574 3303 Sap...
597 3271 772 3296 adiutorium.
785 3284 803 3288 —
824 3270 888 3302 Sap.
908 3278 947 3295 xvi
967 3272 1038 3303 quod
1056 3272 1138 3296 timor
1159 3274 1198 3295 est
1219 3269 1447 3302 praesumptionis

390 3306 568 3336 adiutorium,
592 3309 618 3331 et
637 3306 708 3340 infra
725 3313 785 3335 xvxi,
805 3305 915 3337 Semper
932 3306 1082 3338 praesumit
1103 3313 1181 3330 saeva
1204 3303 1305 3338 (suevia
1324 3303 1446 3337 ABHpK)

388 3342 548 3374 perturbata
566 3341 727 3366 conscientia
745 3340 846 3365 codices
865 3345 890 3365 et
908 3347 934 3365 a.

446 3376 470 3409 β)
491 3377 684 3402 rectitudinem.
697 3390 716 3395 -
729 3376 913 3401 certitudinem
933 3377 979 3400 Pa.

444 3414 470 3445 γ)
489 3412 625 3437 directius.
638 3425 657 3431 -
670 3412 770 3437 directe
788 3412 820 3435 Η.

444 3447 468 3472 81
488 3448 567 3472 etiam
588 3447 684 3472 vicina.
703 3446 817 3471 -etiam
837 3446 903 3470 vitia
927 3446 1044 3478 DpGxn,
1065 3447 1106 3471 vel
1124 3446 1210 3471 vicina
1229 3446 1261 3477 Η,
1279 3449 1306 3470 et
1323 3445 1410 3470 vicina
1429 3445 1446 3475 1,

392 3485 417 3507 et
432 3483 497 3507 vitia
512 3483 564 3511 Pa,·
577 3490 624 3515 pro
638 3489 691 3511 nec,
706 3489 756 3507 non
769 3482 831 3510 Pla;
844 3489 892 3514 pro
899 3481 1019 3514 fallente,
1027 3482 1183 3515 flagellante
1193 3481 1391 3514 px,sallerante
1406 3487 1446 3505 sx-

1505 1424 1595 1460 bere
1625 1436 1713 1460 cum
1733 1437 1811 1460 uno
1841 1425 2106 1474 oppositorum
2125 1424 2305 1461 vitiorum
2335 1437 2452 1474 quam
2479 1420 2568 1463 cum

1505 1477 1598 1514 alio:
1629 1477 1724 1514 sicut
1743 1478 1992 1526 temperantia
2014 1490 2103 1514 cum
2130 1477 2413 1515 insensibilitate
2437 1486 2472 1515 et
2491 1478 2566 1515 for-

1504 1530 1624 1567 titudo
1655 1542 1743 1567 cum
1772 1530 1942 1567 audacia.
1977 1530 2242 1579 Praesumptio
2270 1530 2381 1578 igitur
2408 1531 2567 1568 manife-

1477 1597 1478 1608 1
1504 1590 1601 1620 513111
1630 1583 1913 1632 oppositionem
1940 1584 2093 1621 videtur
2119 1585 2261 1621 habere
2290 1584 2338 1622 ad
2366 1584 2564 1622 timorem:

1477 1645 1479 1691 [
1504 1636 1709 1684 praecipue
1738 1636 1926 1684 servilem,
1947 1637 2011 1684 qui
2041 1637 2189 1686 respicit
2207 1636 2220 1662 t
2237 1649 2406 1685 poenam
2427 1649 2471 1675 ex
2491 1637 2565 1675 Dei

1477 1693 1478 1727 i
1504 1689 1641 1726 iustitia
1660 1681 1966 1737 provenientem,
1984 1690 2088 1726 cuius
2108 1689 2374 1727 remissionem
2394 1701 2566 1739 presum-

1505 1742 1583 1790 ptio
1621 1750 1756 1791 sperat.
1802 1742 1879 1779 Sed
1916 1743 2128 1780 secundum
2164 1743 2358 1791 quandam
2383 1748 2402 1771 η
2429 1743 2564 1780 falsam

1505 1795 1789 1831 similitudinem
1819 1795 1940 1843 magis
1968 1795 2217 1832 contrariatur
2244 1795 2346 1845 spei:
2382 1795 2471 1844 quia
2497 1796 2567 1833 im·

1477 1844 1479 1874 ἶ
1504 1856 1629 1896 portat
1657 1849 1849 1896 quandam
1878 1848 2132 1886 inordinatam
2166 1860 2275 1897 spem
2305 1849 2352 1886 de
2380 1849 2478 1886 Deo.
2518 1844 2568 1887 E‘t

1505 1901 1595 1949 quia
1615 1901 1789 1938 directius
1808 1900 1932 1949 aliqua
1953 1909 2199 1950 opponuntur
2226 1913 2326 1950 quae
2347 1909 2434 1939 sunt
2453 1898 2565 1950 unius

1505 1954 1652 2002 generis
1690 1966 1804 2002 quam
1845 1966 1942 2002 quae
1981 1962 2068 1991 sunt
2104 1966 2288 2002 generum
2325 1954 2567 1994 diversorum

1476 2019 1479 2052 5
1505 2010 1610 2054 (nam
1640 2006 1826 2043 contraria
1854 2015 1942 2044 sunt
1969 2007 2006 2044 in
2036 2007 2174 2044 eodem
2203 2009 2370 2055 genere),
2399 2007 2487 2044 ideo
2513 2007 2568 2044 di·-

1476 2053 1478 2061 ’
1505 2060 1641 2097 rectius
1661 2060 1917 2109 praesumptio
1947 2059 2152 2109 opponitur
2180 2060 2260 2109 spei
2281 2072 2399 2109 quam
2419 2059 2563 2097 timori:

1504 2121 1708 2164 utrumque
1738 2113 1839 2149 enim
1870 2113 2018 2161 respicit
2046 2113 2148 2150 idem
2177 2113 2371 2150 obiectum
2393 2113 2451 2150 cui
2471 2112 2567 2150 inni-

1476 2209 1478 2219 ,
1503 2166 1602 2212 titur,
1624 2166 1690 2203 sed
1710 2178 1797 2214 spes
1817 2166 1997 2211 ordinate,
2019 2166 2279 2214 praesumptio
2300 2166 2525 2203 inordinate.

1557 2221 1616 2256 Αι)
1636 2231 1773 2256 ΡκιΜυΜ
1797 2230 1894 2256 ERGO
1920 2230 2103 2256 DICENDUM
2124 2219 2228 2266 quod
2254 2218 2348 2255 sicut
2369 2231 2456 2268 spes
2477 2219 2567 2255 abu-

1504 2274 1584 2310 sive
1614 2272 1748 2309 dicitur
1777 2271 1823 2308 de
1852 2272 1977 2318 malo,
2015 2271 2166 2321 proprie
2195 2279 2323 2308 autem
2363 2273 2409 2309 de
2439 2272 2565 2319 bono,

1476 2327 1478 2336 ’
1504 2326 1553 2363 113
1569 2325 1681 2362 etiam
1701 2325 1972 2374 praesumptio.
1994 2325 2043 2361 Et
2057 2324 2269 2361 secundum
2283 2325 2386 2361 hunc
2400 2324 2565 2362 modum

1476 2391 1477 2418 1
1504 2378 1731 2416 inordinatio
1752 2377 1895 2414 timoris
1915 2377 2174 2426 praesumptio
2195 2377 2339 2414 dicitur.
2539 2408 2541 2410 .

1476 2460 1477 2478 ss
1556 2434 1614 2468 AD
1630 2442 1820 2468 SECUNDUM
1835 2442 2019 2467 mCENDUM
2039 2430 2144 2479 quod
2159 2429 2347 2467 contraria
2362 2437 2450 2468 sunt
2461 2439 2542 2478 ‘qua

1476 2489 1477 2501 ³
1504 2484 1667 2523 maxime
1697 2483 1832 2520 distant
1865 2483 1902 2520 in
1936 2483 2073 2520 eodem
2107 2495 2258 2531 genere.
2297 2481 2565 2532 Praesumptio

1504 2545 1630 2574 autem
1651 2544 1688 2573 et
1706 2549 1792 2586 spes
1813 2537 2019 2585 important
2037 2543 2187 2572 motum
2213 2535 2385 2573 eiusdem
2404 2535 2564 2583 generis,

1503 2590 1568 2638 qui
1587 2597 1711 2639 potest
1737 2601 1818 2626 esse
1837 2590 1899 2626 vel
1925 2589 2120 2626 ordinatus
2148 2589 2210 2626 vel
2238 2588 2485 2626 inordinatus.
2516 2588 2566 2625 Et

1502 2643 1589 2680 ideo
1610 2642 1872 2692 praesumptio
1893 2642 2069 2679 directius
2089 2641 2337 2679 contrariatur
2351 2642 2430 2691 spei
2446 2652 2564 2690 quam

1501 2697 1646 2733 timori:
1687 2707 1776 2732 nam
1810 2695 1890 2744 spei
1919 2695 2168 2732 contrariatur
2204 2693 2348 2731 ratione
2385 2693 2564 2743 propriae

1474 2771 1476 2778 ι
1503 2748 1756 2790 differentiae,
1791 2748 1886 2784 sicut
1914 2747 2170 2784 inordinatum
2200 2747 2395 2793 ordinat03
2435 2746 2562 2783 timori

1503 2809 1630 2838 autem
1651 2800 1899 2837 contrariatur
1927 2800 2071 2837 ratione
2100 2799 2336 2837 differentiae
2365 2799 2422 2836 sui
2450 2811 2564 2847 gene-

1503 2855 1568 2900 ris,
1599 2854 1739 2890 scilicet
1767 2861 1894 2890 motus
1922 2853 2003 2901 spei
2022 2851 2046 2890 ⁰.

1554 2909 1613 2944 An
1637 2918 1795 2944 Teanum
1819 2917 2003 2943 11101,ΝοοΜ
2031 2905 2136 2954 quod
2161 2905 2251 2953 quia
2269 2910 2278 2926 ⁸
2301 2905 2562 2954 praesumptio

1473 2981 1475 2996 i
1501 2960 1747 2997 contrariatur
1773 2959 1898 2996 timori
1937 2958 2198 2995 contrarietate
2226 2957 2395 3006 generis,
2433 2957 2562 2995 virtuti

1501 3022 1629 3050 autern
1659 3012 1740 3061 spei
1768 3012 2030 3049 contrarietate
2059 3011 2306 3058 differentiae,
2336 3010 2423 3047 ideo
2451 3020 2562 3059 prae-

1501 3066 1667 3114 sumptio
1697 3065 1860 3102 excludit
1886 3065 2049 3102 totaliter
2075 3064 2253 3101 timorem
2284 3063 2397 3100 etiam
2423 3058 2560 3101 'secun-

1503 3121 1595 3156 dum
1615 3131 1750 3166 genus:
1771 3130 1879 3166 spem
1899 3125 2027 3155 autem
2050 3129 2127 3154 non
2148 3116 2310 3154 excludit
2328 3116 2398 3153 nisi
2416 3116 2562 3154 ratione

1502 3172 1748 3218 differentiae,
1771 3171 2007 3208 excludendo
2030 3170 2110 3207 eius
2130 3169 2420 3207 ordinationem.

1462 2581 1477 2591 a

1554 3276 1575 3299 ε)
1595 3269 1684 3293 etiam.
1700 3282 1717 3287 -
1728 3269 1789 3293 Om.
1809 3269 1842 3293 G.

1553 3303 1577 3335 ζ)
1598 3303 1713 3335 respicit.
1726 3317 1745 3322 —
1759 3303 1861 3334 respuit
1879 3302 2077 3327 ABEFHKLsC
2096 3307 2122 3326 et
2140 3310 2157 3326 11
2163 3308 2170 3331 ;
2190 3301 2228 3334 pC
2247 3301 2347 3326 abrasa.

1553 3340 1579 3370 η)
1598 3338 1742 3370 quandam.
1755 3352 1775 3358 —
1789 3339 1849 3363 Om.
1873 3339 1919 3363 Ρα.

1553 3372 1576 3404 Θ)
1596 3374 1695 3399 scilicet
1714 3377 1800 3398 motus
1818 3374 1882 3405 spei.
1895 3387 1914 3394 —
1926 3374 1987 3398 Om.
2007 3373 2109 3406 aliquae
2128 3373 2260 3397 editiones.

1472 3399 1475 3424 l
1554 3409 1572 3440 t)
1592 3409 1662 3442 quia.
1676 3422 1694 3427 -
1708 3409 1770 3433 Om.
1789 3409 1857 3440 Plpc
1876 3414 1902 3433 et
1919 3416 1945 3433 a.
