2892 4056
420 228 492 263 262

1082 230 1348 276 QUAESTIO
1378 232 1555 277 XXXIII,
1585 231 1879 267 ARTICULUS
1910 231 1923 266 I

893 409 1306 485 QUAESTIO
1344 409 2115 466 TRIGESIMATERTIA

1046 525 1130 564 DE
1164 524 1598 566 CORRECTIONE
1631 525 1965 566 FRATERNA

1238 636 1272 660 IN
1303 637 1401 661 OCTO
1431 635 1635 661 ARTICULOS
1663 635 1780 660 DIVISA

499 729 605 753 EiNnE
640 715 960 752 considerandum
981 723 1036 752 est
1065 717 1111 752 de
1142 717 1377 753 correctione
1406 717 1476 754 fra-

414 841 462 875 Et
491 837 587 873 circa
615 836 690 871 hoc
719 841 952 882 quaeruntur
981 841 1081 871 octo.

467 896 618 933 Primo:
647 901 775 930 utrum
804 894 968 930 fraterna
997 894 1181 931 correctio
1211 895 1257 931 sit
1285 903 1390 932 actus
1419 908 1479 933 ca—

519 954 648 992 ritatis.
1292 998 1294 1000 v

467 1014 664 1052 Secundo:
693 1019 822 1048 utrum
851 1012 898 1048 sit
926 1012 997 1048 sub
1025 1021 1246 1062 praecepto.

465 1075 614 1113 Tertio:
644 1080 770 1110 utrum
799 1074 874 1109 hoc
902 1081 1151 1122 praeceptum
1173 1076 1350 1113 extendat
1370 1089 1411 1113 se
1431 1078 1477 1114 ad

271 1150 287 1166 α
518 1147 667 1181 omnes,
696 1134 759 1170 vel
788 1134 912 1170 solum
940 1134 977 1171 in
1006 1136 1182 1182 praelatis
1204 1141 1231 1172 α.
1340 1139 1344 1142 ’

1583 717 1752 763 Quarto:
1781 724 1909 753 utrum
1930 716 2070 753 subditi
2098 724 2295 755 teneantur
2320 731 2365 756 ex
2388 720 2463 756 hoc
2487 733 2599 768 prae-

1636 777 1747 817 cepto
1776 771 1966 817 praelatos
1996 769 2196 817 corrigere.

1584 822 1746 869 Quinto:
1776 831 1904 860 utrum
1933 831 2112 871 peccator
2139 824 2260 872 possit
2289 824 2491 872 corrigere.

1585 876 1721 912 Sexto:
1752 883 1880 913 utrum
1900 877 2034 924 aliquis
2054 879 2191 915 debeat
2211 877 2346 926 corrigi
2366 878 2431 925 qui
2451 891 2496 915 ex
2517 890 2600 915 cor-

1638 929 1807 967 rectione
1836 931 1879 967 fit
1907 930 2080 968 deterior.

1586 981 1778 1030 Septimo:
1808 991 1936 1020 utrum
1957 992 2100 1021 secreta
2121 983 2304 1020 correctio
2330 983 2468 1021 debeat
2490 996 2600 1032 prae-

1638 1036 1775 1073 cedere
1805 1036 2143 1074 denuntiationem.

1587 1088 1754 1125 Octavo:
1788 1098 1917 1127 utrum
1946 1091 2099 1127 testium
2129 1090 2296 1127 inductio
2326 1089 2465 1127 debeat
2492 1102 2600 1138 prae-

1639 1143 1774 1179 cedere
1805 1143 2147 1182 denuntiationem.

1228 1231 1546 1276 ARTICULUS
1578 1236 1785 1278 PRIMUS

906 1317 1062 1348 UTRUM
1085 1318 1320 1350 FRATERNA
1344 1319 1598 1353 CORREcrlo
1622 1323 1689 1354 SIT
1713 1324 1857 1356 Aeros
1880 1326 2112 1357 CARITATIS

854 1391 946 1423 Supra,
966 1398 1011 1423 qu.
1031 1399 1106 1422 xxxn,
1127 1397 1175 1418 art.
1196 1400 1219 1423 2,
1239 1394 1271 1418 ad
1292 1393 1305 1418 3
1312 1401 1320 1424 ς
1339 1394 1412 1423 infra,
1432 1400 1480 1423 art.
1500 1395 1513 1420 3
1520 1402 1528 1426 ;
1548 1397 1582 1422 1V
1601 1398 1684 1429 Sent„
1705 1400 1764 1424 dist.
1782 1407 1832 1431 xix,
1852 1408 1898 1433 qu.
1916 1408 1944 1431 11,
1964 1405 2011 1425 art.
2034 1408 2055 1432 1,
2075 1400 2108 1424 ad
2126 1399 2152 1425 6.

437 1487 501 1526 sti'
526 1475 642 1551 {qn
668 1473 806 1499 ramum
834 1473 888 1498 sm
917 1472 1159 1500 PROCEmTtJR.
1190 1464 1352 1502 Videtur
1371 1466 1478 1514 quod

435 1519 490 1551 υ·
534 1521 597 1565 a

425 1575 429 1581 .
456 1530 481 1584 il
528 1550 608 1600 >2st-

620 1517 785 1553 fraterna
805 1515 990 1552 correctio
1011 1529 1090 1553 non
1111 1517 1157 1554 sit
1176 1526 1282 1555 actus
1302 1519 1477 1558 caritatis.

440 1607 449 1621 A
470 1589 537 1618 μγ
565 1580 595 1619 (2.
620 1569 719 1607 Dicit
747 1568 848 1606 enim
879 1569 1050 1607 Glossa’?
1078 1572 1214 1608 Matth.
1234 1583 1332 1619 xvm,
1363 1585 1480 1621 super

464 1602 554 1656 §⁴³33
575 1618 711 1663 &illud
725 1622 760 1671 '³‘,
791 1623 833 1660 Si
851 1623 1070 1670 peccaverit
1095 1625 1132 1661 in
1162 1630 1197 1661 te
1212 1627 1346 1673 frater
1373 1632 1476 1672 tuus,

409 1679 515 1727 quod
550 1681 662 1716 frater
690 1684 747 1713 est
781 1677 997 1723 arguendus
1024 1690 1075 1714 ex
1101 1677 1178 1725 zelo
1199 1679 1370 1716 iustitiae.
1401 1680 1479 1716 Sed

408 1733 547 1771 iustitia
576 1740 631 1769 est
657 1729 776 1767 virtus
806 1730 980 1768 distincta
1009 1743 1031 1766 a
1060 1731 1225 1769 caritate.
1262 1734 1365 1780 Ergo
1395 1745 1479 1771 cor-

408 1787 523 1823 rectio
544 1786 706 1822 fraterna
726 1796 804 1820 non
825 1792 880 1820 est
899 1792 1005 1822 actus
1025 1784 1199 1831 caritatis,
1216 1786 1284 1822 sed
1304 1786 1478 1825 iustitiae.

462 1853 496 1877 2.
527 1841 760 1884 PRAETEREA,
792 1839 975 1876 correctio
1005 1837 1169 1874 fraterna
1196 1838 1240 1874 fit
1267 1851 1337 1887 per
1357 1852 1480 1878 secre-

406 1903 485 1932 tam
506 1890 822 1930 admonitionem.
854 1893 930 1928 Sed
960 1891 1172 1928 admonitio
1195 1899 1249 1928 est
1274 1893 1477 1931 consilium

408 1948 626 1997 quoddam,
661 1945 767 1992 quod
804 1945 967 1992 pertinet
1001 1944 1050 1980 ad
1081 1944 1349 1993 prudentiam:
1387 1959 1478 1996 pru-

408 2001 529 2039 dentis
551 2000 651 2036 enim
680 2005 734 2035 est
762 2010 840 2034 esse
859 2000 951 2036 bene
970 1997 1258 2044 consiliativum‚
1278 2006 1320 2035 ut
1340 1999 1478 2037 dicitur

170 2052 380 2104 gcqffffjlvgggffgvffj
407 2056 444 2092 in
474 2056 523 2091 VI
548 2053 668 2089 Ethic.
693 2051 712 2072 ’¹‘
755 2052 857 2099 Ergo
892 2053 1056 2089 fraterna
1094 2052 1279 2088 correctio
1315 2065 1393 2090 non
1424 2062 1480 2091 est

170 2110 379 2163 §.f-&afgssflffg’g
407 2116 512 2146 actus
543 2105 717 2152 caritatis,
748 2106 816 2141 sed
844 2106 1083 2153 prudentiae.

169 2142 243 2211 335&
268 2163 320 2184 ¹²⁰¹·
340 2169 378 2189 ''1‘
461 2163 496 2199 3.
528 2162 763 2205 PRAETEREA,
786 2159 962 2196 contrarii
982 2165 1088 2195 actus
1107 2170 1187 2195 non
1209 2159 1400 2207 pertinent
1428 2160 1476 2197 ad

408 2216 570 2253 eandem
597 2213 791 2250 virtutem.
822 2214 900 2250 Sed
928 2219 1155 2261 supportare
1175 2220 1401 2260 peccantem
1424 2221 1480 2250 est

407 2277 513 2306 actus
533 2267 712 2305 caritatis:
743 2266 956 2303 secundum
977 2265 1067 2302 illud
1087 2266 1138 2302 ad
1160 2265 1244 2303 Gal.
1260 2266 1344 2303 V1*:
1370 2266 1478 2303 Alter

405 2323 558 2360 alterius
586 2332 703 2357 onera
731 2325 900 2369 portate,
930 2325 966 2355 et
990 2319 1045 2355 sic
1071 2318 1320 2366 adimplebitis
1351 2320 1475 2368 legem

411 2377 559 2421 Christi,
580 2386 679 2423 quae
700 2381 756 2410 est
774 2373 834 2410 lex
854 2371 1027 2409 caritatis.
1057 2371 1160 2419 Ergo
1189 2372 1343 2409 videtur
1371 2373 1478 2420 quod

407 2430 595 2477 corrigere
614 2428 767 2464 fratrem
787 2432 1024 2476 peccantem,
1042 2424 1148 2472 quod
1168 2433 1224 2461 est
1244 2425 1478 2463 contrarium

407 2480 698 2532 supportationi,
729 2492 807 2517 non
837 2480 882 2517 sit
911 2487 1016 2516 actus
1046 2477 1223 2515 caritatis.

462 2537 536 2573 SED
561 2532 726 2579 εοΝτιιΑζ
753 2533 944 2581 corripere
970 2530 1256 2579 delinquentem
1281 2538 1337 2569 est
1361 2543 1479 2580 quae-

409 2590 499 2627 dam
528 2589 773 2635 eleemosyna
802 2585 1017 2635 spiritualiS.
1049 2584 1126 2621 Sed
1156 2585 1403 2633 eleemosyna
1423 2592 1479 2622 est

171 2650 379 2678 ’Qu-xxxmarm·
407 2651 512 2680 actus
534 2641 708 2686 caritatis,
727 2647 769 2677 ut
788 2652 903 2688 supra
917 2639 937 2661 ’¹‘
957 2639 1100 2675 dictum
1123 2645 1188 2675 est.
1214 2639 1317 2686 Ergo
1339 2645 1376 2675 et
1395 2650 1478 2675 cor-

408 2696 524 2734 rectio
554 2696 718 2732 fraterna
746 2700 802 2730 est
829 2701 935 2730 actus
965 2690 1138 2728 caritatis.

461 2751 686 2786 RESPONDEO
706 2757 891 2784 DICENDUM
912 2757 1011 2788 Quoi)
1037 2743 1222 2780 correctio
1253 2743 1476 2791 delinquen-

408 2803 453 2839 tis
479 2809 533 2838 est
561 2800 760 2850 quoddam
785 2799 999 2836 remedium
1028 2797 1134 2846 quod
1163 2797 1278 2842 debet
1306 2797 1479 2833 adhiberi

409 2863 539 2892 contra
571 2861 772 2902 peccatum
802 2852 969 2889 alicuius,
1007 2851 1214 2887 Peccatum
1249 2857 1376 2886 autem
1413 2850 1477 2886 ali-

409 2908 515 2945 cuius
545 2907 741 2955 dupliciter
771 2904 1002 2943 considerari
1029 2910 1173 2952 potest:
1207 2915 1286 2940 uno
1322 2902 1478 2951 quidem

408 2962 539 3006 modo,
560 2960 785 3008 inquantum
806 2967 861 2995 est
880 2958 1064 2995 nocivum
1085 2956 1119 2992 ei
1139 2955 1204 3004 qui
1224 2963 1374 3004 peccat3
1402 2956 1476 2992 alio

410 3015 542 3059 modo,
558 3014 783 3060 inquantum
803 3012 924 3059 vergit
943 3011 980 3047 in
1001 3016 1279 3047 nocumentum
1299 3008 1476 3055 aliorum,

410 3067 475 3115 qui
495 3078 540 3103 ex
561 3066 641 3102 eius
669 3072 825 3113 peccato
854 3066 1054 3101 laeduntur
1073 3062 1135 3098 vel
1155 3061 1475 3107 scandalizantur3

410 3127 446 3156 et
467 3120 579 3156 etiam
594 3119 819 3166 inquantum
836 3125 891 3154 est
910 3118 948 3153 in
963 3122 1241 3153 nocumentum
1262 3114 1354 3151 boni
1370 3127 1475 3151 com—

409 3173 547 3218 munis,
579 3171 684 3208 cuius
704 3171 842 3207 iustitia
870 3183 938 3218 per
966 3176 1167 3218 peccatum
1196 3168 1363 3204 hominis
1392 3179 1476 3216 per-

409 3227 591 3263 turbatur.
623 3224 772 3272 Duplex
793 3236 881 3271 ergo
911 3230 966 3259 est
995 3221 1179 3258 correctio
1209 3220 1473 3269 delinquentis.

410 3280 495 3317 Una
520 3277 676 3327 quidem
706 3289 802 3325 quae
823 3276 978 3312 adhibet
997 3274 1211 3312 remedium
1241 3281 1400 3322 peccato
1421 3273 1475 3310 in-

170 2274 176 2280 ·
194 2271 258 2292 Vers.
273 2278 294 2293 2.

411 3339 595 3381 quantum
625 3337 681 3366 est
714 3329 909 3378 quoddam
938 3330 1081 3365 malum
1111 3327 1227 3376 ipsius
1260 3326 1474 3374 peccantis:
1500 3343 1503 3356 ι

464 3458 490 3489 α)
511 3458 536 3482 in
553 3456 695 3498 praelatis,
713 3469 733 3474 —
747 3456 879 3488 praelatis
898 3456 951 3486 EL,
971 3455 1007 3479 ad
1021 3456 1160 3487 praelatos
1180 3455 1291 3480 GsCKn.

463 3492 489 3560 ἓξ
509 3492 745 3560 ἵῇἔ-ἰεῗι-ε-Ἴνοιῖιῖας
764 3531 824 3559 post
845 3526 969 3551 caritatis
987 3526 1033 3550 Pa.

1530 1476 1567 1505 et
1594 1470 1664 1507 ista
1694 1479 1748 1508 est
1776 1471 1927 1520 proprie
1956 1471 2120 1508 fraterna
2149 1471 2347 1519 correctio,
2378 1482 2477 1523 quae
2501 1471 2602 1522 ordi-

1529 1530 1641 1559 natur
1668 1524 1717 1561 ad
1747 1524 2055 1562 emendationem
2086 1524 2352 1572 delinquentis.
2381 1525 2602 1577 Remoyere

1530 1583 1657 1612 autem
1687 1578 1833 1614 malurn
1862 1577 2019 1614 alicuius
2053 1577 2224 1615 eiusdem
2253 1577 2410 1615 rationis
2444 1585 2500 1614 est
2532 1574 2603 1615 εἶθ

1529 1630 1678 1667 bonum
1707 1630 1789 1667 eius
1821 1643 2039 1679 procurare.
2078 1632 2291 1668 Procurare
2319 1638 2447 1668 autem
2479 1631 2602 1668 fratris

1530 1683 1678 1719 bonum
1706 1683 1869 1732 pertinet
1891 1684 1940 1720 ad
1965 1684 2172 1731 caritatem,
2193 1695 2263 1732 per
2281 1695 2398 1732 quam
2418 1685 2602 1733 volumus

1530 1743 1567 1772 et
1585 1748 1793 1784 operamur
1812 1737 1960 1773 bonum
1980 1737 2116 1777 amico.
2145 1737 2257 1774 Unde
2279 1737 2393 1774 etiam
2413 1732 2600 1774 correctio

1529 1789 1693 1826 fraterna
1723 1797 1778 1826 est
1805 1797 1910 1826 actus
1934 1790 2121 1827 caritatis:
2151 1790 2238 1839 quia
2266 1802 2335 1838 per
2363 1802 2450 1827 earn
2479 1790 2602 1838 repel-

1527 1842 1640 1879 limus
1661 1843 1806 1879 malum
1826 1843 1960 1890 fratris,
1990 1843 2130 1880 scilicet
2157 1850 2373 1891 peccatum.
2404 1844 2524 1880 Cuius
2545 1855 2602 1879 re-

1529 1896 1648 1932 motio
1679 1895 1799 1942 magis
1836 1896 1999 1944 pertinet
2031 1896 2080 1933 ad
2113 1896 2307 1932 caritatem
2337 1908 2455 1945 quarn
2486 1896 2602 1932 etiam

1527 1948 1692 1986 remotio
1728 1949 1921 1985 exterioris
1959 1949 2111 1996 damni,
2140 1949 2203 1986 vel
2241 1949 2354 1985 etiam
2393 1949 2602 1997 corporalis

1528 2002 1773 2039 nocumenti:
1817 2009 1959 2050 quanto
1998 2002 2230 2039 contrarium
2266 2002 2418 2038 bonum
2451 2001 2602 2039 virtutis

1528 2055 1650 2103 magis
1684 2062 1740 2091 est
1771 2055 1886 2091 affine
1915 2055 2059 2092 caritati
2096 2067 2214 2103 quam
2251 2055 2399 2091 bonum
2429 2055 2602 2104 corporis

1526 2109 1590 2146 vel
1623 2108 1855 2145 exteriorum
1890 2120 2029 2145 rerum.
2068 2109 2181 2145 Unde
2214 2107 2400 2145 correctio
2435 2108 2602 2144 fraterna

1528 2162 1648 2210 magis
1673 2166 1688 2189 Υ
1723 2169 1779 2197 est
1807 2168 1912 2197 actus
1941 2161 2103 2198 caritatis
2133 2172 2250 2210 quam
2275 2161 2421 2197 curatio
2442 2160 2602 2199 infirmi—

1525 2215 1611 2252 tatis
1641 2214 1860 2263 corporalis,
1888 2215 1951 2250 vel
1980 2214 2185 2252 subventio
2214 2226 2290 2262 qua
2309 2213 2520 2250 excluditur
2540 2212 2610 2251 ex?

1526 2268 1642 2304 terior
1679 2274 1836 2314 egestas.
1874 2287 1898 2294 -
1936 2267 2022 2304 Alia
2055 2279 2148 2303 vero
2188 2266 2374 2304 correctio
2409 2274 2465 2304 est
2501 2279 2602 2316 quae

1526 2321 1682 2358 adhibet
1701 2319 1917 2357 remedium
1946 2320 2091 2369 peccati
2111 2319 2364 2368 delinquentis
2385 2319 2602 2357 secundum

1528 2373 1635 2422 quod
1664 2380 1720 2410 est
1746 2372 1784 2409 in
1804 2373 1950 2409 malum
1970 2373 2145 2419 aliorum,
2168 2380 2205 2409 et
2224 2372 2338 2409 etiam
2353 2370 2366 2394 δ
2394 2372 2601 2422 praecipue

1526 2427 1565 2464 in
1585 2433 1863 2463 nocumentum
1880 2426 2097 2462 communis
2117 2425 2221 2463 boni.
2242 2426 2292 2462 Et
2310 2425 2394 2462 talis
2414 2425 2601 2463 correctio

1528 2487 1585 2517 est
1612 2486 1718 2516 actus
1745 2478 1919 2525 iustitiae,
1951 2478 2057 2515 cuius
2078 2486 2134 2515 est
2162 2490 2392 2516 conservare
2413 2478 2602 2517 rectitudi-

1527 2544 1618 2571 nem
1647 2531 1810 2568 iustitiae
1839 2532 1953 2568 unius
1984 2532 2032 2568 ad
2061 2531 2178 2569 alium
2198 2537 2223 2568 ².

1581 2587 1640 2622 An
1665 2595 1803 2622 PRIMUM
1829 2596 1928 2621 ERGO
1966 2597 2151 2622 DlCENDUM
2179 2584 2286 2633 quod
2312 2584 2439 2632 glossa
2457 2584 2519 2622 illa
2547 2585 2602 2622 lo-

1527 2638 1654 2688 quitur
1682 2637 1730 2675 de
1754 2638 1924 2674 secunda
1945 2637 2194 2686 correctione,
2223 2650 2324 2686 quae
2345 2644 2401 2674 est
2419 2644 2526 2675 actus
2545 2637 2602 2675 iu-

1526 2691 1660 2728 stitiae.
1681 2712 1705 2718 -
1724 2690 1808 2738 Vel,
1829 2690 1859 2727 si
1879 2691 2058 2740 loquatur
2079 2691 2193 2728 etiam
2214 2691 2260 2728 de
2280 2690 2419 2739 prima,
2435 2690 2603 2728 iustitia‘

1526 2744 1578 2781 ibi
1598 2744 1761 2780 sumitur
1780 2743 1992 2780 secundum
2022 2744 2125 2792 quod
2149 2751 2204 2780 est
2222 2743 2447 2780 universalis
2466 2743 2599 2792 virtus,

1526 2806 1568 2833 ut
1596 2796 1732 2833 infra*
1760 2796 1924 2833 dicetur:
1961 2804 2075 2844 prout
2109 2796 2224 2833 etiam
2257 2808 2369 2833 omne
2398 2802 2600 2844 peccatum

1528 2855 1582 2886 est
1608 2849 1795 2897 iniquitas,
1823 2856 1866 2884 ut
1894 2849 2029 2885 dicitur
2057 2850 2196 2886 IIoan.
2219 2849 2300 2896 111*,
2332 2849 2439 2898 quasi
2468 2857 2600 2887 contra

1529 2902 1708 2939 iustitiam
1739 2901 1912 2938 existens.

1580 2958 1639 2992 AD
1664 2967 1856 2992 SECUNDUM
1875 2966 2061 2991 mCENDUM
2081 2955 2197 3003 quod,
2227 2954 2323 2991 sicut
2342 2954 2599 3004 Philosophus

1529 3009 1629 3055 dicit,
1659 3008 1697 3044 in
1724 3009 1775 3044 VI
1795 3007 1915 3044 Ethic.
1932 3007 1963 3054 ²¹⁶,
1986 3008 2191 3055 prudentia
2208 3008 2313 3056 facit
2339 3008 2598 3046 rectitudinem

1527 3062 1564 3098 in
1594 3062 1651 3098 his
1678 3073 1776 3109 quae
1797 3066 1886 3097 sunt
1910 3061 1962 3097 ad
1976 3062 2113 3108 finem,
2139 3061 2192 3098 rde
2222 3061 2360 3110 quibus
2391 3068 2446 3097 est
2475 3061 2598 3098 consi-

1526 3114 1620 3151 lium
1641 3121 1678 3150 et
1699 3113 1843 3150 electio.
1874 3114 2027 3150 Tamen
2048 3126 2136 3150 cum
2165 3126 2233 3162 per
2261 3113 2504 3162 prudentiam
2532 3114 2598 3151 ali-

1528 3167 1620 3216 quid
1648 3174 1748 3203 recte
1768 3166 1916 3214 agimus
1945 3166 1992 3203 ad
2021 3167 2140 3204 finem
2170 3167 2327 3204 alicuius
2346 3166 2493 3204 virtutis
2513 3179 2598 3204 mo-

1528 3221 1625 3267 ralis,
1656 3227 1747 3268 puta
1766 3219 2040 3267 temperantiae
2059 3220 2122 3257 vel
2150 3219 2391 3267 fortitudinis,
2412 3227 2517 3257 actus
2536 3219 2596 3257 ille

1529 3280 1584 3308 est
1611 3272 1864 3321 principaliter
1882 3272 1979 3309 illius
1998 3273 2147 3309 virtutis
2176 3274 2223 3310 ad
2253 3273 2359 3310 cuius
2387 3273 2508 3310 finem
2537 3285 2597 3310 or-

1529 3325 1689 3362 dinatur.
1721 3325 1821 3372 Quia
1851 3338 1940 3373 ergo
1969 3326 2181 3363 admonitio
2211 3338 2310 3374 quae
2339 3326 2381 3363 fit
2410 3326 2447 3362 in
2473 3337 2597 3363 corre-

1580 3452 1604 3484 δ)
1623 3453 1712 3478 etiam.
1731 3468 1749 3472 —
1768 3454 1828 3478 Om.
1848 3455 1904 3479 PsC
1924 3460 1949 3479 et
1969 3462 1994 3479 a.

1580 3489 1601 3520 ε)
1621 3489 1711 3513 alium.
1729 3501 1748 3507 —
1766 3490 1879 3514 alterum
1899 3490 1947 3514 Pa.

1578 3523 1603 3555 ζ)
1624 3524 1734 3548 iustitia.
1752 3538 1772 3542 —
1790 3527 1852 3548 tunc
1871 3524 1974 3549 iustitia
1995 3524 2042 3549 Ρα.

2726 2692 2742 2721 ζ

2627 2809 2638 2819 ’
2648 2808 2695 2836 Qu.
2704 2814 2769 2834 ινιιι,
2776 2812 2811 2830 ιη
2817 2815 2839 2836 5.

2627 2861 2635 2869 ·
2653 2861 2720 2883 Vers-
2732 2868 2757 2888 4.

2626 3014 2838 3042 ‘Ca.xu‚n.6.-
2878 3026 2879 3031 =

2626 3041 2651 3063 S.
2700 3041 2811 3064 .lect.x.
