2892 4056
0 211 2 228 ,Α
0 0 8 180 vuar-vnn..

0 917 7 1019 —vnv--ss—
0 841 5 890 --ψ
0 671 5 830 .-.--”-,-«
0 507 7 657 ---——,-‘‹-

169 292 183 308 κ

73 392 81 400 ”
95 390 119 411 ln
134 395 239 417 corpore.

167 490 185 515 λ

71 650 83 662 ’
99 651 153 682 μδ.
178 650 261 697 Octof.

71 679 147 698 cruam
156 676 235 704 Quae:
246 692 261 703 .,

71 703 119 730 Qu.
134 709 212 724 xxxvr.

145 2013 265 2052 &aas
306 2032 338 2063 ιο

196 2064 206 2077 ‚
330 2064 335 2070 ,γ

996 144 1263 191 QUAESTIO
1293 143 1433 191 xxw,
1462 144 1759 182 ART1cULus
1787 143 1822 180 x

309 224 397 261 dem
426 223 546 260 modo
575 234 615 259 se
644 223 759 259 habet
787 224 833 260 ad
863 230 1111 271 augmentum
1141 230 1178 259 et
1205 222 1367 260 diminu-

308 276 475 312 tionem:
501 282 628 324 potest
657 275 758 312 enim
778 276 920 313 habere
941 287 1096 314 causam
1112 283 1319 324 augentem
1338 280 1367 322 ²,

285 329 376 372 ,sed
395 327 474 366 non
496 336 623 377 potest
650 328 791 365 habere
821 341 976 366 causam
1004 329 1254 376 minuentem,
1275 328 1370 366 sicut

309 380 452 419 dictum
479 388 535 418 est
553 381 583 417 *.
613 381 725 418 Unde
754 381 847 419 ratio
875 394 954 418 non
982 381 1159 429 sequitur.

361 436 420 471 Αι)
447 444 637 471 SECUNDUM
665 446 850 471 mcennum
882 434 987 483 quod
1015 434 1154 482 duplex
1183 442 1238 470 est
1266 433 1369 482 cupi-

310 486 425 524 ditas.·
453 487 538 524 Una
566 486 723 535 quidem
752 499 828 535 qua
847 485 861 508 λ
880 486 966 523 finis
1000 486 1038 522 in
1072 487 1250 523 creaturis
1279 498 1368 523 con-

309 538 480 576 stituitur.
518 539 568 576 Et
593 540 689 576 haec
717 539 878 577 totaliter
911 539 1116 576 mortificat
1153 541 1368 576 caritatem:

309 603 398 629 cum
417 591 464 631 sit
481 600 667 630 venenum
694 592 824 641 ipsius,
853 598 894 628 ut
921 591 1155 639 Augustinus
1185 591 1274 629 dicit
1300 591 1368 628 ibi-

309 643 399 682 dem
418 644 449 682 *.
485 643 537 682 ‘Et
564 646 639 682 hoc
665 645 753 682 facit
781 645 886 693 quod
914 644 1020 680 Deus
1048 644 1175 680 minus
1203 651 1368 692 ametur,
1393 651 1395 654 '

308 697 446 734 scilicet
465 709 582 745 quarn
603 697 718 736 debet
731 697 849 734 amari
870 707 915 732 ex
930 696 1094 743 caritate,
1111 709 1190 733 non
1209 697 1367 744 quidem

309 750 502 787 caritatem
522 750 785 797 diminuendo,
806 749 881 786 sed
901 760 985 785 eam
1006 749 1170 786 totaliter
1187 750 1368 786 tollendo.

308 803 356 839 Et
385 803 437 840 sic
465 802 750 851 intelligendum
780 809 835 838 est
862 803 967 850 quod
997 801 1146 848 dicitur,
1174 802 1308 838 Minus
1336 807 1370 839 te

307 861 415 893 amat
446 856 514 909 qai
547 861 668 901 tecum
703 854 847 903 aliquid
872 859 998 891 amat:
1034 854 1209 891 subditur
1243 854 1367 901 enim,

308 908 410 957 quod
435 920 512 953 nan
528 908 690 956 propter
716 913 752 944 te
778 913 892 944 amat.
932 906 1048 953 Quod
1081 919 1160 944 non
1189 906 1370 954 contingit
1392 944 1394 959 Α

307 961 349 999 in
373 968 533 1009 peccato
551 960 716 1007 -veniali,
745 961 812 997 sed
841 960 967 996 solum
996 959 1035 996 in
1061 959 1233 996 mortali:
1263 959 1369 1008 quod
1392 965 1394 994 j

360 1071 386 1102 z)
403 1073 555 1102 augentem.
573 1083 592 1090 —
610 1073 732 1102 agentem
752 1070 822 1102 Ppc.

359 1104 388 1137 λ)
406 1112 469 1137 qua.
485 1119 504 1124 —
522 1112 589 1137 quae
607 1105 788 1135 ABEFHIKL,
806 1113 860 1129 om.
879 1112 923 1138 px,
943 1105 969 1129 in
989 1112 1042 1137 qua
1061 1112 1101 1129 sn.

2408 147 2477 193 193

1423 222 1522 259 enim
1552 230 1701 259 amatur
1728 223 1766 260 in
1793 230 1950 272 peccato
1978 222 2135 269 veniali,
2169 230 2324 271 propter
2352 224 2479 260 Deum

1422 282 1573 312 amatur
1598 275 1750 322 habitu,
1781 276 1847 313 etsi
1881 287 1959 312 non
1988 283 2085 312 actu.
2109 295 2129 302 —
2155 275 2223 312 Est
2250 283 2378 312 autem
2408 276 2480 312 alia

1423 328 1606 377 cupiditas
1640 328 1798 365 venialis
1834 327 2010 377 peccati,¹
2037 340 2135 376 quae
2163 340 2317 376 semper
2335 334 2352 356 μ
2373 328 2480 365 dimi-

1423 381 1550 418 nuitur
1575 393 1645 429 per
1673 381 1887 419 caritatem:
1926 381 1994 419 sed
2021 388 2151 418 tamen
2182 381 2264 418 talis
2299 381 2481 430 cupiditas

1423 433 1615 470 caritatem
1645 433 1855 471 diminuere
1891 446 1970 471 non
2002 441 2147 483 potest,
2186 434 2331 470 ratione
2367 434 2443 471 iam
2462 433 2482 455 '¹‘

1423 486 1533 523 dicta.

1475 540 1534 575 An
1562 549 1724 576 TER’rtuM
1743 551 1926 576 DICENDUM
1947 540 2050 588 quod
2077 539 2116 576 in
2136 539 2323 576 infusione
2354 539 2483 576 carita-

1421 591 1467 629 tis
1487 591 1686 641 requiritur
1704 599 1831 630 motus
1849 592 1955 629 liberi
1985 591 2124 629 arbitrii
2144 591 2175 640 *‚
2196 593 2292 629 sicut
2310 605 2425 641 supra
2444 593 2483 614 ²¹⁶*

1424 644 1565 682 dictum
1595 652 1661 681 est.
1704 645 1754 681 Et
1779 644 1866 681 ideo
1899 645 1992 682 illud
2024 646 2128 693 quod
2163 645 2337 682 diminuit
2364 646 2484 682 inten-

1422 697 1571 734 sionem
1591 697 1696 734 liberi
1716 698 1869 744 arbitrii,
1890 697 2111 746 dispositive
2140 706 2319 747 operatur
2342 698 2391 735 ad
2409 699 2484 735 hoc

1421 750 1527 797 quod
1556 750 1688 786 caritas
1716 750 1952 787 infundenda
1980 750 2026 786 sit
2052 750 2187 787 minor.
2224 752 2300 788 Sed
2320 751 2369 788 ad
2394 764 2484 788 con-

1422 802 1679 839 servationem
1709 802 1869 840 caritatis
1898 815 1977 840 non
2006 803 2208 851 requiritur
2230 811 2357 840 motus
2376 804 2484 841 liberi

1421 854 1582 891 arbitrii:
1613 855 1781 903 alioquin
1799 867 1878 892 non
1898 863 2114 892 remaneret
2135 856 2173 893 in
2196 857 2483 894 dormientibus.

1421 906 1531 944 Unde
1552 919 1621 955 per
1639 907 1960 955 impedimentum
1986 908 2208 945 intensionis
2232 918 2358 946 motus
2378 910 2485 947 liberi

1421 959 1562 996 arbitrii
1589 972 1668 996 non
1697 959 1919 996 diminuitur
1947 961 2091 997 caritas.

1430 1079 1433 1083 ·
1479 1069 1508 1102 μ)
1527 1075 1639 1100 semper.
1657 1082 1676 1087 -
1694 1075 1745 1093 non
1765 1075 1868 1100 semper
1887 1069 1988 1101 aliquae
2007 1070 2141 1094 editiones.

981 1166 1315 1198 Commentaria
1337 1165 1590 1198 Car-<linaiis
1612 1165 1812 1198 Caietam

338 1243 362 1268 n
384 1236 517 1267 articulo
541 1236 677 1272 decimo,
702 1236 828 1267 omissis
851 1243 966 1268 octavo
987 1243 1018 1267 et
1041 1245 1141 1272 nono,
1163 1235 1299 1273 dubium
1319 1245 1371 1266 oc-

339 1280 449 1321 currit:
474 1280 651 1318 Quomodo
671 1287 838 1321 peccatum
853 1280 987 1311 mortale
1003 1279 1143 1310 effective
1161 1279 1245 1310 tollit
1261 1279 1370 1310 carita-

306 1330 388 1355 tem:
412 1334 487 1355 cum
510 1324 620 1355 caritas
635 1335 653 1355 a
669 1325 740 1355 solo
762 1325 833 1355 Deo
849 1325 888 1355 sit
906 1324 1055 1360 effective,
1072 1331 1103 1354 et
1117 1325 1156 1354 ab
1171 1324 1285 1354 eodem
1300 1323 1370 1353 solo

309 1368 447 1400 effective
471 1367 692 1400 conservetur?
706 1386 728 1392 -
744 1368 968 1399 Communiter
989 1378 1120 1409 quoque
1146 1367 1259 1410 dicitur
1281 1367 1371 1407 quod

307 1419 475 1454 peecatum
487 1413 622 1445 mortale
638 1412 813 1453 corrumpit
831 1412 991 1455 caritatem
1014 1411 1226 1443 demeritorie:
1251 1414 1372 1454 Auctor

308 1457 466 1499 autemin
480 1456 589 1497 'littera
611 1456 686 1488 dicit
708 1457 798 1497 quod
821 1457 947 1487 duobus
962 1456 1077 1495 modis,
1094 1453 1218 1493 scilicet>
1232 1454 1371 1494 effective

309 1496 348 1539 ιζ’
363 1498 572 1538 demeritorie.

310 1538 498 1575 “¹''Ad'hoc
520 1543 656 1575 dubium
686 1543 800 1574 dicitur
831 1543 920 1584 quod
948 1543 1058 1574 caritas
1091 1543 1158 1574 sine
1181 1541 1279 1573 dubio
1303 1553 1371 1573 cor-

307 1583 630 1630 rtifflpitur'effective
652 1597 671 1617 a
693 1587 999 1628 quolibet'peccato
1016 1586 1153 1624 mortali,
1176 1594 1209 1617 et
1231 1595 1296 1617 non
1321 1596 1371 1617 so-.

306 1626 610 1664 liiuffleffle‘ritorie.
633 1631 752 1663 Modus
774 1638 883 1662 autem
905 1639 953 1663 est
974 1632 1007 1663 in
1031 1632 1215 1672 attingendo
1237 1640 1372 1672 compo-

254 1687 255 1692 *
307 1676 405 1714 situm
427 1686 469 1713 ex¹
487 1675 593 1709 anima
616 1682 649 1707 et
669 1676 796 1708 caritate
819 1686 857 1709 ex
878 1683 965 1717 parte
980 1675 1126 1713 subiecti,
1150 1675 1315 1708 efficiendo
1338 1675 1371 1707 in

307 1720 691 1772 ffldemffdispositlionem
713 1721 903 1752 contrariam
919 1721 1048 1752 caritati.
1071 1721 1121 1752 Ad
1143 1720 1233 1751 cuius
1250 1720 1372 1751 eviden-
1396 1751 1397 1755 ,

306 1772 386 1806 uam
407 1761 487 1804 scito
511 1762 600 1806 quod
624 1765 900 1805 quemadmodum
927 1765 961 1796 in
983 1765 1178 1796 naturalibus
1201 1765 1307 1803 anima
1327 1775 1372 1795 ra-

307 1798 439 1841 {ianuis
457 1808 570 1840 ‘al‘solo
593 1806 663 1840 Deo
691 1808 727 1839 fit
749 1809 783 1839 in
807 1819 956 1851 corpore,
988 1816 1018 1840 et
1041 1815 1157 1846 tamen,
1185 1809 1260 1850 quia
1283 1819 1371 1839 com-

307 1852 513 1895 posituffi'e'x
534 1853 640 1884 anima
666 1852 812 1884 rationali
843 1861 882 1884 et·
897 1862 1030 1894 corpore
1062 1863 1099 1884 ex
1120 1860 1209 1894 parte
1241 1852 1372 1884 subiecti

308 1898 448 1930 summat
470 1894 576 1938 agenti
597 1897 742 1933 nami-ali,
765 1903 845 1938 puta
871 1897 948 1938 igni,
973 1907 1048 1928 eum
1070 1897 1161 1938 ignis,
1191 1898 1315 1937 agendo
1337 1897 1371 1927 in

309 1947 426 1983 corpus
455 1941 782 1978 humanum‚.„effieit
811 1949 936 1975 tantum
971 1942 1084 1975 caloris
1105 1949 1143 1974 ut
1165 1942 1372 1974 contrarietur

308 1980 469 2018 mansioni
492 1986 617 2016 animae
639 1985 673 2018 iu
697 1996 841 2031 corpore,
859 1986 941 2027 ignis
971 1986 1110 2024 effective
1132 1986 1246 2018 dicitur
1268 1986 1371 2027 expel-

394 2029 535 2062 animam
565 2028 583 2060 a'
606 2039 758 2070 corpore;
778 2028 819 2061 ‘et
846 2031 871 2061 si
894 2031 927 2061 in
950 2031 1022 2072 ipsa
1052 2030 1237 2072 expulsione
1266 2031 1372 2060 anima

375 2070 478 2107 aeret·
485 2082 562 2110 esse,
581 2072 663 2114 ignis
686 2076 752 2105 n‘on
764 2075 874 2105 'solum
897 2075 1051 2106 diceretur
1064 2074 1204 2106 effective
1219 2075 1372 2116 expellere

308 2117 656 2159 hnmaniw‘eoipore,
681 2119 736 2150 sed
759 2128 963 2159 corrumpere
980 2119 1101 2159 ipsam:
1124 2119 1167 2150 ita
1191 2119 1372 2160 proportio-

308 2156 420 2196 οὔκω(
441 2159 744 2204 esttinvproposito.
769 2163 854 2200 Quia
875 2164 948 2194 licet
970 2173 988 2194 a
1007 2164 1078 2194 solo
1105 2164 1175 2194 Deo
1198 2164 1238 2197 sit
1261 2164 1371 2195 caritas

308 2207 463 2246 ‘mm
478 2205 627 2244 effective,
642 2217 662 2242 a
675 2208 840 2243 voluntate
854 2214 962 2250 tamen
976 2208 1118 2249 humana
1131 2208 1290 2248 dependet
1304 2208 1373 2239 effe·

310 2251 389 2298 ctive
403 2257 572 2294 peccatum
593 2252 726 2295 mortale
749 2252 966 2287 inducendum
981 2252 1016 2293 in
1036 2252 1181 2293 animam
1198 2253 1371 2294 propriam,

310 2290 504 2335 eontrarium
525 2289 702 2330 inhaesioni
725 2294 859 2327 caritatis
882 2295 915 2326 in
945 2294 1051 2326 anima
1073 2294 1141 2327 illa:
1168 2306 1203 2327 ac
1227 2306 1284 2337 per
1311 2297 1372 2329 hoc

310 2336 458 2382 p‘e‘ccans‘
473 2338 648 2370 mortaliter
677 2337 815 2370 effective
845 2338 972 2380 expellit
1001 2340 1161 2371 caritatem
1187 2341 1226 2371 ab
1257 2340 1371 2372 anima.

310 2385 352 2416 Et
374 2383 449 2425 quia
465 2382 575 2413 caritas
593 2390 640 2413 est
662 2382 766 2413 forma
780 2392 863 2423 quae
881 2382 915 2413 in
936 2383 987 2414 sui
1001 2383 1188 2423 expulsione
1209 2385 1248 2414 ab
1264 2386 1371 2416 anima

310 2428 426 2460 desinit
447 2435 535 2462 ense,
556 2427 630 2457 ideo
659 2435 727 2457 non
748 2428 858 2458 solum
879 2427 1019 2458 effective
1049 2428 1176 2468 expellit
1198 2429 1237 2458 ab
1267 2430 1373 2460 anima

310 2472 482 2511 ear-itatem,
506 2471 562 2501 sed
584 2470 760 2511 corrumpit
781 2471 884 2511 ipsam
908 2471 1078 2502 caritatem.

365 2516 418 2562 Ad
435 2515 574 2557 primam
586 2525 661 2555 ergo
678 2515 891 2547 obiectionem
905 2515 939 2546 in
954 2515 1141 2556 oppositum
1159 2515 1271 2546 dicitur
1284 2517 1374 2558 quod

266 2569 270 2574 ·
310 2551 386 2602 quia
415 2558 488 2603 plus
511 2558 680 2600 requiritur
708 2559 748 2589 ad
778 2558 1047 2590 constructionem
1071 2570 1168 2600 quam
1191 2561 1231 2590 ad
1254 2561 1373 2592 destru-

311 2601 466 2640 ctionemss
491 2596 537 2634 et:1
550 2603 666 2634 bonum
697 2605 864 2645 consurgit
886 2612 928 2634 ex
956 2613 1055 2634 causa
1079 2605 1225 2645 integra,
1250 2605 1371 2635 malum

277 2672 282 2677 .
309 2654 416 2680 autem
447 2656 489 2678 ex
512 2647 767 2687 particularibus
799 2647 974 2689 defectibus
987 2648 1020 2678 *z
1048 2648 1122 2678 ideo
1145 2658 1211 2678 non
1235 2655 1282 2679 est
1313 2649 1370 2679 mi-

272 2693 282 2730 ',
309 2702 384 2725 rum
406 2692 432 2723 si
454 2692 564 2724 cantas
586 2692 727 2733 requirat
747 2692 854 2722 Deum
877 2700 916 2722 ex
937 2701 994 2722 sua
1019 2692 1117 2732 gratia
1140 2698 1296 2732 agentem,
1316 2703 1374 2724 nec

309 2738 351 2778 ad
380 2736 447 2768 eius
477 2735 638 2772 actionem>
663 2737 847 2776 ponendam
876 2735 1034 2769 sufficiant
1067 2746 1163 2776 opera
1196 2744 1319 2774 nostra;
1344 2745 1374 2769 et

309 2781 351 2819 ad
370 2780 554 2816 faciendum
575 2780 682 2811 Deum
704 2790 770 2811 non
795 2787 1033 2812 conservantem
1055 2780 1137 2811 hanc
1159 2781 1319 2812 caritatem
1339 2781 1373 2812 in

310 2823 382 2862 hoc,
406 2818 563 2855 sufficiant
586 2834 683 2865 opera
706 2832 824 2855 nostra.
855 2824 968 2866 Neque
992 2824 1077 2855 enim
1100 2824 1162 2856 hoc
1190 2835 1226 2855 ex
1248 2825 1374 2856 infirma

309 2868 425 2900 virtute
449 2869 663 2899 conservantis
685 2869 838 2908 procedit,
862 2868 923 2899 sed'
940 2878 977 2899 ex
992 2875 1104 2899 natura
1127 2869 1171 2899 rei
1186 2879 1373 2900 conservan-

311 2914 369 2944 dae
390 2913 424 2943 in
447 2912 520 2943 hoc.
544 2912 682 2952 Oportet
703 2913 787 2944 enim
812 2919 910 2949 aenis,
936 2913 1016 2944 sicut
1038 2911 1114 2949 fieri,
1131 2913 1174 2944 ita
1196 2920 1227 2944 et
1249 2923 1374 2945 conser-

310 2957 377 2989 vari
398 2956 433 2987 in
455 2955 593 2996 patiente
616 2956 790 2996 disposito:
814 2966 850 2987 ac
872 2966 929 2997 per
948 2957 1022 2992 hoc,
1045 2957 1211 2988 sicut-non
1234 2957 1311 2994 fieri,
1330 2958 1374 2989 ita

311 3011 371 3033 nec
393 2999 619 3033 conservantia
633 3001 775 3032 subiecto
799 3001 952 3031 contrarie
976 3001 1141 3041 disposito.
1166 3002 1207 3032 Et
1229 3009 1373 3042 propter-

313 3055 350 3085 ea
371 3045 440 3086 ipsa
468 3053 517 3075 res
540 3054 622 3084 quae
645 3045 859 3076 conservanda
882 3053 956 3080 erat,
981 3046 1019 3076 ab
1043 3052 1171 3076 auctore
1201 3046 1374 3078 contrariae

313 3086 530 3130 dispositionis
553 3088 586 3118 in
609 3088 751 3119 subiecto
775 3089 937 3130 corrumpi
961 3087 1098 3119 effective
1123 3089 1247 3120 dicitur.

366 3132 417 3163 Ad
440 3132 654 3162 obiectionem
676 3138 783 3163 autem
807 3141 844 3162 ex
867 3132 951 3163 dicto
983 3133 1158 3169 communi,
1188 3133 1260 3164 dico
1284 3133 1374 3175 quod

276 3190 285 3193 -
311 3177 422 3207 videor
438 3176 568 3216 experiri
584 3176 705 3207 dictum
720 3176 908 3211 Aristotelis.
924 3176 958 3206 in
974 3176 1000 3206 11
1019 3177 1202 3217 Memphys.
1218 3177 1248 3207 *ε
1273 3176 1374 3218 quam

313 3227 377 3252 tam
394 3221 455 3251 vim
471 3220 565 3252 habet
583 3221 787 3252 consuetudo.
810 3220 856 3250 Ex
878 3220 967 3251 dictis
991 3221 1077 3251 enim
1101 3221 1267 3252 manifeste
1295 3232 1372 3253 con·

313 3272 374 3296 stat
397 3265 485 3306 quod
509 3274 642 3304 peccans
666 3265 848 3300 mortaliter,
878 3271 914 3295 ut
936 3264 989 3301 sic,
1014 3275 1080 3295 non
1104 3265 1211 3296 solum
1234 3266 1373 3297 demere-

312 3316 364 3341 tur
386 3309 516 3349 perdere
540 3309 716 3346 caritatem;
740 3309 805 3344 sed,
829 3308 855 3339 si
871 3315 951 3339 esset
973 3315 1058 3340 extra
1073 3315 1191 3340 statum
1206 3310 1310 3341 meriti
1324 3311 1374 3341 vel

313 3352 466 3389 demeriti,
491 3363 527 3383 ex
549 3353 618 3392 ipsa
641 3353 857 3389 contrarietate
880 3353 920 3383 ad
944 3352 1104 3384 caritatem
1125 3354 1252 3394 expellit
1267 3355 1373 3386 carita-

1423 1244 1538 1274 negare
1561 1234 1709 1265 videntur
1730 1235 1763 1265 id
1778 1236 1883 1276 quod,
1901 1235 1927 1266 si
1952 1236 2116 1275 diligenter
2138 1237 2358 1276 perspicerent,
2374 1238 2488 1269 docent

1423 1279 1457 1308 in
1480 1278 1653 1309 similibus:
1678 1286 1756 1319 puta
1777 1279 1810 1309 in
1834 1279 1972 1310 effective
1997 1280 2170 1320 expellente
2190 1281 2329 1312 animam
2352 1283 2486 1313 rationa-

1423 1323 1696 1363 lemva‘corpore
1714 1330 1744 1354 et
1758 1323 1791 1353 in
1814 1323 1952 1354 effective
1976 1332 2156 1364 apponente
2180 1326 2380 1356 obstaculum
2407 1327 2488 1357 inter

1424 1376 1529 1396 aerem
1553 1374 1584 1397 et
1606 1377 1722 1406 corpus
1745 1367 1928 1398 illuminans
1952 1369 2100 1399 eundem.

1479 1411 1518 1441 11.
1541 1411 1577 1440 In
1594 1412 1708 1442 eodem
1730 1411 1863 1443 articulo
1887 1412 2012 1442 decimo
2035 1413 2170 1443 dubium
2193 1414 2330 1443 occurrit
2352 1414 2433 1445 circa
2450 1414 2487 1444 il-

1424 1453 1495 1484 lud:
1515 1454 1687 1492 Quantitas
1703 1457 1848 1486 caritatis
1862 1466 1959 1496 quam
1975 1457 2068 1487 habet
2083 1458 2115 1488 in
2128 1458 2366 1497 comparatione
2381 1459 2424 1489 ad
2438 1459 2488 1489 ob-

1425 1499 1538 1529 iectum
1553 1500 1732 1539 proprium,
1747 1501 1850 1530 minui
1862 1510 1925 1530 non
1934 1506 2051 1540 potest,
2065 1502 2148 1532 sicut
2162 1511 2220 1531 nec
2234 1503 2363 1543 augeri,
2381 1508 2416 1533 ut
2430 1512 2486 1534 su-

1418 1551 1484 1582 pra
1507 1542 1626 1573 dictum
1651 1547 1707 1574 est.
1732 1543 1866 1574 Videtur
1888 1545 1974 1574 enim
2003 1545 2065 1575 hoc
2089 1545 2221 1581 falsum;
2252 1553 2282 1576 et
2305 1546 2485 1577 contrariari

1425 1586 1611 1626 supradictis
1626 1587 1653 1623 *‚
1682 1588 1770 1628 quod
1797 1588 1906 1619 caritas
1930 1589 2036 1628 augeri
2058 1596 2164 1629 potest
2193 1599 2230 1620 ex
2252 1597 2339 1630 parte
2363 1590 2486 1622 obiecti.

1482 1631 1534 1661 Ad
1557 1631 1619 1662 hoc
1643 1631 1758 1662 dicitur
1779 1633 1868 1672 quod
1891 1635 2013 1664 Auctor
2028 1633 2078 1663 hic
2092 1633 2235 1674 loquitur
2259 1634 2296 1664 de
2313 1635 2488 1675 quantitate

1425 1675 1583 1707 extensive
1605 1686 1703 1716 quam
1726 1676 1820 1708 habet
1843 1677 1953 1707 caritas
1975 1687 2032 1718 per
2055 1678 2326 1717 comparationem
2343 1680 2383 1709 ad
2399 1679 2485 1709 obie-

1425 1726 1512 1751 ctum
1537 1720 1682 1756 caritatis,
1707 1721 1795 1760 quod
1819 1728 1865 1752 est
1887 1720 2055 1761 diligibile:
2079 1722 2161 1753 hanc
2177 1722 2262 1752 enim
2278 1723 2488 1763 quantitatem

1424 1763 1458 1793 in
1481 1763 1678 1805 praecedenti
1702 1764 1798 1796 Libro
1817 1765 1835 1784 *
1861 1772 1946 1805 patet
1969 1766 2136 1797 convenire
2159 1766 2281 1797 habitui
2303 1767 2335 1796 in
2360 1778 2488 1808 compa-

1424 1807 1546 1840 ratione
1569 1808 1609 1839 ad
1633 1808 1803 1840 obiectum.
1839 1809 1879 1840 Et
1909 1809 2094 1840 huiusmodi
2122 1811 2280 1851 quantitas
2307 1811 2339 1841 in
2363 1812 2488 1843 caritate

1425 1862 1484 1883 nec
1506 1853 1612 1892 augeri
1636 1862 1693 1883 nec
1717 1853 1819 1883 minui
1843 1859 1964 1893 potest:
1990 1854 2065 1895 quia
2088 1856 2220 1884 minima
2240 1856 2359 1885 caritas
2382 1856 2490 1897 diligit

1425 1898 1535 1927 omnia
1563 1904 1648 1937 quae
1673 1902 1750 1928 sunt
1778 1907 1821 1927 ex
1847 1899 1982 1929 caritate
2010 1898 2192 1938 diligenda,
2225 1906 2261 1929 ut
2289 1908 2432 1939 expresse
2455 1900 2487 1930 in

1425 1948 1481 1973 art.
1507 1951 1530 1980 4
1550 1940 1571 1960 ¹¹¹
1591 1941 1687 1973 huius
1715 1941 1927 1981 quaestionis,
1953 1943 1992 1973 ad
2015 1952 2113 1983 quem
2143 1943 2244 1973 littera
2266 1953 2300 1973 se
2323 1943 2431 1980 refert,
2455 1944 2488 1974 in

1424 1995 1507 2026 resp.
1523 1985 1563 2016 ad
1584 1996 1594 2015 ι
1623 1992 1728 2026 patet.
1742 1986 1790 2016 De
1811 1987 1986 2027 quantitate
2009 1994 2115 2017 autem
2134 1987 2287 2018 intensive
2307 1987 2487 2028 loquendo,

1425 2029 1527 2070 patuit
1549 2029 1638 2070 quod
1661 2037 1766 2070 potest
1788 2030 1908 2061 intendi
1932 2041 1969 2061 ex
1992 2039 2078 2072 parte
2103 2030 2277 2071 diligibilis:
2302 2032 2377 2072 quia
2401 2034 2488 2063 Deus

1426 2081 1472 2105 est
1495 2074 1595 2114 magis
1611 2084 1646 2104 ac
1669 2074 1769 2114 magis
1785 2074 1954 2114 diligibilis,
1979 2076 2058 2105 adeo
2075 2082 2109 2105 ut
2132 2085 2168 2105 ex
2183 2076 2241 2105 hac
2260 2083 2348 2116 parte
2364 2086 2382 2106 a
2398 2077 2488 2107 nullo

1425 2118 1485 2148 nisi
1501 2128 1518 2148 a
1535 2117 1640 2159 seipso
1664 2118 1799 2158 perfecte
1823 2119 1987 2159 diligatur,
2018 2127 2054 2150 ut
2077 2120 2109 2149 in
2133 2126 2188 2150 art.
2213 2119 2231 2149 8
2256 2123 2377 2151 Auctor
2400 2121 2486 2152 dixit.

1425 2161 1511 2193 Nihil
1537 2162 1631 2202 igitur
1654 2162 1723 2193 falsi
1747 2169 1801 2193 aut
1825 2163 1971 2194 contrarii
1994 2163 2160 2203 praedictis
2184 2163 2235 2194 hic
2258 2164 2380 2194 dicitur.

1482 2207 1534 2237 111.
1555 2207 1594 2238 In
1617 2207 1823 2247 responsione
1846 2208 1887 2237 ad
1911 2208 2050 2247 primum
2074 2209 2200 2238 adverte
2223 2209 2322 2248 quod,
2337 2218 2412 2239 cum
2434 2219 2489 2239 ne·

1425 2258 1516 2293 gatur
1537 2250 1571 2281 in
1593 2251 1696 2282 littera
1718 2252 1808 2293 quod
1827 2252 1981 2282 contraria
2003 2252 2120 2283 habent
2142 2251 2208 2283 fieri
2224 2253 2304 2283 circa
2318 2253 2404 2283 idem
2419 2254 2488 2284 uni-

1424 2294 1583 2326 versaliter
1604 2295 1779 2336 loquendo,
1804 2305 1871 2326 non
1892 2295 2047 2336 intelligas
2071 2296 2288 2336 exceptionem
2311 2296 2426 2328 factam
2451 2298 2488 2329 de

1425 2339 1491 2370 fieri
1515 2339 1548 2369 in
1571 2340 1723 2380 potentia,
1748 2346 1905 2381 quantum
1920 2347 1966 2370 est
1981 2351 2019 2370 ex
2037 2348 2147 2371 natura
2163 2340 2408 2378 contrariorum;
2434 2343 2488 2372 sed

1427 2384 1466 2414 de
1487 2383 1555 2414 fieri
1576 2384 1741 2414 reducibili
1755 2384 1796 2414 ad
1809 2390 1915 2414 actum
1932 2384 2116 2424 simpliciter
2130 2391 2160 2415 et
2175 2385 2328 2416 absolute.
2354 2386 2490 2426 Oportet

1426 2437 1565 2468 namque
1581 2437 1618 2458 ex
1634 2427 1817 2458 definitione
1831 2428 2063 2459 contrariorum
2078 2429 2234 2469 proficisci
2249 2430 2338 2470 quod
2353 2430 2490 2462 habeant

1426 2471 1493 2502 fieri
1516 2471 1597 2502 circa
1619 2471 1720 2502 idem:
1746 2472 1888 2512 alioquin
1911 2473 2066 2504 contraria
2089 2483 2156 2504 non
2179 2480 2290 2504 essent.
2315 2474 2376 2504 Sed
2399 2476 2489 2515 quod

1427 2516 1562 2546 alterum
1592 2521 1716 2547 tantum
1747 2516 1978 2547 contrariorum
2007 2516 2061 2547 tali
2088 2517 2230 2548 subiecto
2257 2527 2411 2549 coaevum
2437 2519 2486 2556 sit,

2604 342 2621 366 μ

2510 436 2519 444 ·
2534 435 2558 455 In
2575 441 2682 462 corpore.

2512 590 2520 596 ⁹
2535 588 2562 609 D.
2578 587 2629 635 6¹38.

2511 616 2531 624 ιο
2547 615 2569 635 18,
2606 615 2643 639 fle,
2663 621 2701 642 qn.

2511 647 2575 667 exui,
2590 644 2631 662 art.
2646 647 2665 668 3.

2516 1593 2524 1601 ⁸
2540 1593 2590 1612 Art.
2610 1592 2631 1612 8.

2515 1770 2524 1778 ⁸
2539 1768 2586 1795 Qu.
2598 1774 2637 1791 Lu.
2653 1773 2694 1790 art.
2708 1775 2724 1790 ι.

1427 2559 1554 2590 aliunde
1583 2566 1688 2599 potest
1717 2561 1900 2600 procedere:
1933 2567 2011 2600 puta
2041 2561 2116 2601 quia
2138 2561 2219 2592 inest
2245 2572 2263 2591 a
2286 2569 2414 2598 natura,
2438 2564 2488 2594 vel
2529 2596 2532 2599 Α

1426 2610 1556 2644 propter
1579 2613 1707 2634 causam
1730 2611 1884 2643 agentem.
1909 2605 2138 2644 Et'propterea
2162 2606 2296 2636 alterum
2319 2607 2488 2638 contrario-

1426 2658 1499 2678 rum
1522 2657 1688 2688 nunquam
1711 2647 1765 2678 fiet
1787 2648 1820 2678 in
1843 2648 1966 2679 eodem.
1990 2648 2041 2679 Sic
2056 2655 2163 2679 autem
2186 2657 2233 2680 est
2253 2650 2286 2679 in
2309 2651 2486 2690 proposito.

1427 2692 1591 2729 Quoniam
1607 2692 1726 2728 caritas,
1751 2702 1825 2722 curn
1848 2693 1962 2723 habeat
1984 2692 2182 2723 latitudinem
2198 2695 2374 2725 secundum
2391 2705 2487 2735 quam

1425 2736 1526 2777 possit
1548 2736 1665 2776 augeri,
1682 2737 1858 2767 secundum
1881 2737 2014 2768 eandem
2036 2744 2142 2777 potest
2154 2738 2305 2768 diminui:
2329 2746 2434 2778 potest
2449 2740 2489 2770 si-

1426 2781 1556 2822 quidem
1568 2781 1655 2811 Deus
1672 2790 1742 2810 eam
1757 2781 1933 2811 diminuere
1948 2791 2047 2822 quam
2063 2782 2158 2812 auxit.
2175 2782 2237 2812 Sed
2252 2783 2405 2822 quoniam
2419 2785 2489 2815 sine

1422 2826 1618 2867 poenitentia
1633 2829 1708 2855 sunt
1722 2825 1807 2855 dona
1821 2826 1884 2856 Dei
1898 2822 1927 2861 *3
1949 2832 1979 2856 et
1995 2835 2031 2855 ex
2043 2834 2130 2865 parte
2146 2834 2252 2857 nostra
2267 2827 2354 2858 nulla
2369 2828 2488 2860 inveni-

1426 2876 1478 2901 tur
1500 2879 1593 2900 causa
1617 2867 1774 2899 sufficiens
1791 2870 1830 2900 ad
1849 2869 2111 2900 diminutionem:
2135 2869 2207 2900 ideo
2228 2869 2398 2902 diminutio
2422 2882 2489 2903 non

1426 2921 1532 2954 potest
1546 2913 1612 2943 fieri
1629 2913 1709 2944 circa
1724 2913 1884 2944 caritatem
1898 2913 1942 2944 sic
1957 2913 2046 2954 quod
2069 2914 2110 2945 sit
2131 2914 2310 2946 reducibilis
2326 2916 2366 2946 ad
2382 2924 2489 2947 actum

1427 2958 1571 2989 absolute
1595 2964 1626 2988 et
1648 2957 1846 2997 simpliciter;
1867 2958 2012 2998 quamvis
2036 2959 2213 2989 secundum
2237 2960 2414 2999 potentiam
2429 2961 2489 2991 Dei

1427 3009 1458 3034 et
1479 3002 1579 3042 ipsius
1603 3002 1737 3032 caritatis
1760 3002 1978 3039 latitudinem,
2005 3009 2113 3043 posset
2138 3003 2244 3034 reduci
2268 3005 2307 3034 ad
2331 3011 2447 3036 actum.

1471 3047 1524 3077 IV.
1545 3047 1580 3076 ln
1604 3046 1718 3076 eodem
1737 3046 1869 3076 articulo
1893 3046 2028 3084 decimo,
2046 3047 2079 3077 in
2094 3047 2302 3087 responsione
2315 3049 2355 3078 ad
2379 3059 2489 3080 secun-

1427 3091 1515 3127 dum,
1529 3089 1663 3121 dubium
1680 3089 1875 3120 novitiorum
1891 3091 2027 3121 occurrit
2037 3091 2117 3122 circa
2129 3091 2222 3122 illud:
2247 3092 2341 3129 Quod
2356 3094 2439 3123 enim
2456 3094 2488 3123 in

1420 3140 1554 3175 peccato
1579 3135 1697 3165 veniali
1711 3140 1852 3172 amatur,
1864 3140 2001 3176 propter
2015 3136 2121 3166 Deum
2138 3141 2270 3166 amatur
2292 3136 2412 3174 habitu,
2429 3138 2489 3167 etsi

1427 3189 1490 3210 non
1514 3184 1599 3210 actu.
1623 3178 1664 3208 Et
1683 3185 1729 3208 est
1744 3178 1824 3209 ratio
1848 3178 1936 3209 dubii
1959 3179 2035 3219 quia
2057 3189 2167 3210 amans
2191 3180 2433 3211 delectationem
2456 3181 2489 3211 in

1427 3230 1507 3263 potu
1530 3222 1691 3263 superfluo
1716 3222 1848 3253 scienter
1863 3230 1894 3253 et
1916 3223 2121 3259 advertenter‚
2142 3234 2199 3254 nec
2215 3231 2285 3254 actu
2302 3232 2387 3255 amat
2402 3225 2488 3254 illam

1428 3274 1558 3307 propter
1580 3267 1696 3302 Deum,
1722 3273 1757 3297 ut
1778 3273 1878 3306 patet;
1903 3277 1960 3298 nec
1984 3267 2182 3298 habitualiter
2196 3268 2329 3299 intendit
2345 3268 2489 3299 ordinare

1427 3311 1516 3342 illam
1542 3311 1574 3341 in
1597 3311 1712 3341 Deum.
1736 3327 1758 3333 -
1781 3311 1822 3341 Et
1845 3311 2064 3348 confirmatur,
2096 3322 2152 3343 seu
2181 3319 2314 3351 augetur
2343 3312 2487 3343 dubium.

1429 3355 1512 3393 Quia
1539 3355 1600 3385 tale
1623 3355 1757 3384 amabile
1780 3365 1846 3384 non
1870 3362 1916 3386 est
1939 3356 2071 3386 amabile
2103 3363 2231 3396 propter
2252 3356 2368 3387 Deum.
2404 3357 2488 3397 Ergo

312 3404 377 3428 tem
401 3398 440 3428 ab
463 3397 578 3433 anima,
602 3407 637 3427 ac
662 3407 716 3437 per
739 3397 801 3427 hoc
831 3397 1008 3436 corrumpit
1028 3397 1131 3438 ipsam
1162 3398 1309 3430 effective.
1334 3400 1374 3430 Et
1428 3410 1485 3430 nec
1509 3405 1579 3429 actu
1603 3409 1661 3429 nec
1684 3399 1792 3429 habitu
1817 3406 1940 3430 amatur
1961 3407 2092 3440 propter
2114 3400 2228 3436 Deum,
2245 3407 2302 3431 etc.

312 3448 419 3472 tamen
435 3441 509 3482 quia
532 3442 617 3481 apud
633 3442 752 3472 multos
768 3451 829 3471 vox
845 3441 1038 3480 ignorantiae
1058 3441 1181 3472 videtur
1195 3442 1373 3479 invaluisse,
1405 3479 1413 3484 ,

454 3503 564 3527 Summi-2
583 3502 685 3527 Timor..
704 3503 734 3526 D.
749 3502 863 3526 Tuomst:
883 3502 914 3526 Τ.
930 3502 960 3526 V.

1483 3443 1533 3473 Ad
1549 3443 1610 3473 hoc
1627 3443 1740 3473 dicitur
1763 3443 1851 3483 quod
1875 3443 2008 3474 dubium
2024 3444 2166 3484 procedit
2184 3454 2219 3474 ex
2234 3444 2295 3474 hoc
2319 3445 2405 3484 quod
2423 3455 2488 3475 non

2314 3504 2344 3528 25

2516 1946 2525 1954 ⁸
2544 1945 2599 1971 Arg.
2624 1951 2638 1966 ι.
2655 1957 2663 1960 -
2689 1945 2724 1966 Cf.

2515 1975 2556 1992 art.
2571 1977 2590 1998 5.

2517 2835 2524 2841 “
2538 2832 2575 2854 Ad
2587 2833 2660 2859 Rom„
2675 2839 2726 2860 cap.

2517 2866 2547 2885 xi,
2564 2866 2622 2881 verS·
2637 2866 2671 2887 29,
