2892 4056
181 1686 191 1695 ⁸
207 1685 273 1707 Vers.
288 1691 324 1706 20.

183 2222 392 2249 mactum&

182 2251 211 2270 al.
227 2249 296 2271 CCV.

183 2327 192 2336 ⁸
209 2326 273 2348 Vers.
290 2333 319 2348 ια.

185 2692 194 2700 ⁸
206 2691 300 2718 Quaest.
310 2691 333 2712 in
347 2691 394 2712 He-

182 2718 309 2744 ptateuch„
316 2718 339 2738 in
347 2717 393 2739 Ios.

184 2750 223 2770 qu.
238 2750 260 2765 x.

185 2910 194 2918 ·
210 2908 276 2930 Vers.
291 2915 310 2930 2.

279 2780 295 2795 α

436 213 509 248 316

429 290 533 330 primo
559 299 631 319 casu
657 289 758 319 clerici
788 298 853 318 non
877 294 1006 328 peccant
1030 287 1202 327 pugnando
1233 297 1330 317 manu
1354 287 1492 327 propria.

430 334 514 371 Quia
537 333 586 363 lex
609 333 743 374 positiva
772 342 834 372 qua
865 332 966 361 clerici
990 338 1134 361 arcentur
1162 341 1201 361 ne
1224 338 1367 371 pugnent
1395 341 1492 361 manu

429 377 566 418 propria,
590 377 676 407 venit
699 377 737 406 ad
762 386 870 406 casum
893 376 925 405 in
949 385 1026 415 qUO,
1052 375 1077 404 si
1094 374 1253 414 legislator
1276 375 1407 411 adesset,
1433 374 1493 404 dis-

429 428 584 462 pensaret.
625 420 710 451 Cum
734 420 819 449 enirn
842 418 912 448 finis
936 419 1014 458 legis
1039 419 1078 448 sit
1102 428 1276 448 commune
1298 419 1438 454 bonum;
1464 425 1494 448 et

427 466 504 506 legis
520 465 690 505 spiritualis
707 465 830 494 bonum
846 463 1020 502 spirituale;
1039 470 1069 492 et
1086 462 1209 492 bonum
1226 472 1398 493 commune
1414 469 1492 492 tem—

427 510 536 550 porale
560 516 590 539 et
612 507 787 548 spirituale,
813 507 901 547 quod
924 506 1008 536 iusto
1040 506 1123 536 bello
1148 506 1310 536 defensivo
1342 513 1491 542 servatur,

427 560 562 595 praestet
585 553 670 582 bono
695 550 873 591 particulari
890 550 1022 580 alicuius
1046 560 1112 590 quo
1129 550 1241 580 habilis
1265 557 1311 580 est
1333 551 1372 580 ad
1389 550 1492 580 altaris

428 597 652 628 ministerium:
679 604 875 635 consequens
899 602 945 625 est
970 601 1004 624 ut
1027 594 1110 624 licite
1135 594 1264 624 clericus
1288 594 1389 624 sciens
1413 595 1492 624 bene

427 642 557 681 dirigere
581 639 779 674 bombardas,
805 638 872 668 aliis
895 638 935 667 ad
958 638 1019 668 hoc
1043 648 1108 668 non
1129 637 1340 674 existentibus,
1365 638 1414 667 vel
1429 638 1491 668 alio

427 685 520 716 simili
541 694 624 719 casu,
642 693 738 713 manu
758 682 886 722 propria
902 682 999 713 salvet
1018 681 1152 721 patriam
1170 682 1219 711 vel
1239 682 1408 712 exercitum
1425 681 1491 711 sine

426 730 478 760 tali
502 728 618 758 auxilio
643 733 838 767 pereuntem.
863 726 928 756 Nec
953 725 1059 756 solum
1077 725 1202 755 videtur
1226 726 1314 766 quod
1334 725 1395 755 hoc
1418 735 1491 765 pos-

425 774 464 804 sit
487 772 626 807 clericus,
644 771 698 801 sed
714 770 809 801 etiam
826 770 914 810 quod
931 770 971 799 ad
986 770 1049 800 hoc
1065 776 1208 800 teneatur
1222 769 1255 799 in
1277 769 1330 800 tali
1346 769 1490 805 articulo,

425 823 555 857 propter
585 815 719 846 eandem
747 814 921 845 rationem:
953 813 1138 854 praesertim
1160 814 1186 843 si
1210 823 1284 844 cum
1311 812 1491 844 infidelibus

424 862 534 901 agitur.
563 879 582 882 —
605 860 670 889 Nec
694 859 798 889 obstat
821 859 910 899 quod
933 857 1009 888 fiant
1032 865 1063 889 et
1085 865 1268 888 remaneant
1293 857 1489 897 irregulares.

425 905 507 943 Quia
531 903 741 943 irregularitas
757 902 822 932 sine
847 909 987 942 peccato,
1013 909 1043 932 et
1060 912 1133 932 cum
1157 902 1270 932 merito
1288 908 1430 932 aeternae
1445 901 1491 931 vi-

424 958 482 985 tae,
507 947 624 978 incurri
647 954 762 988 potest.
788 947 921 987 Propter
944 947 1048 987 quod,
1074 946 1155 977 sicut
1177 946 1276 976 laicus
1300 946 1339 975 ad
1362 945 1424 975 hoc
1447 951 1490 976 te-

424 1001 525 1028 netur,
550 993 593 1023 sic
617 998 647 1022 et
670 991 809 1027 clericus,
826 990 859 1021 in
883 1001 956 1021 casu
981 991 1013 1020 in
1037 1000 1103 1031 quo
1118 991 1168 1021 lex
1191 990 1298 1031 quoad
1323 997 1489 1030 peccatum

422 1039 531 1068 locum
555 1047 621 1067 non
645 1036 755 1066 habet:
780 1035 854 1066 licet
876 1044 1001 1075 semper
1023 1035 1138 1065 habeat
1159 1035 1268 1065 locum
1283 1034 1392 1075 quoad
1414 1034 1488 1064 irre-

422 1081 631 1122 gularitatem,
649 1080 724 1120 quia
739 1079 949 1119 irregularitas
965 1079 1108 1120 sequitur
1122 1078 1252 1110 factum.
1269 1096 1290 1102 -
1306 1079 1372 1109 Nec
1386 1079 1490 1109 obstat

422 1125 514 1157 dictis
533 1125 614 1155 ratio
628 1124 758 1160 litterae,
776 1123 908 1154 scilicet:
933 1124 1026 1154 Nulli
1041 1124 1191 1163 deputato
1206 1123 1250 1153 ad
1271 1123 1401 1163 aliquod
1416 1122 1488 1163 offi-

422 1172 506 1201 cium
537 1170 610 1200 licet
633 1169 666 1199 id
683 1178 746 1209 per
772 1167 858 1208 quod
879 1177 937 1198 suo
961 1167 1067 1208 officio
1099 1169 1299 1207 incongruus
1331 1166 1486 1197 redditur.

423 1213 587 1252 Quoniam
609 1213 671 1243 hoc
695 1218 741 1243 est
768 1221 881 1242 verum
904 1211 1100 1251 regulariter:
1134 1221 1224 1241 secus
1257 1217 1364 1240 autern
1387 1217 1433 1240 est
1456 1209 1488 1239 in

422 1257 573 1298 singulari
598 1267 681 1287 casu.

478 1303 512 1333 In
536 1302 678 1332 secundo
703 1307 810 1331 autem
842 1309 915 1329 casu
940 1308 1006 1328 non
1030 1298 1154 1328 videtur
1183 1298 1397 1328 communiter
1423 1296 1490 1327 lici-

1517 408 1519 422 l

1084 210 1350 256 QUAESTIO
1380 211 1471 258 XL,
1501 209 1796 246 ARTICULUS
1826 210 1887 257 111,
1910 211 1960 246 IV

1547 294 1627 317 tum.
1660 287 1700 317 Et
1723 286 1802 317 ratio
1827 287 2012 318 diversitatis
2042 295 2089 318 est
2111 289 2186 329 quia
2210 289 2340 321 victoria
2371 297 2418 322 est
2436 291 2608 321 necessaria

1547 337 1675 370 propter
1698 330 1969 370 recuperationem
1992 341 2107 368 rerum,
2131 333 2180 362 vel
2204 333 2404 373 punitionem
2427 342 2481 365 aut
2500 336 2608 375 expul-

1546 374 1674 404 sionem·
1702 374 1860 410 hostium;
1892 385 1973 415 quae
2001 385 2067 406 non
2101 383 2176 406 sunt
2202 378 2374 408 necessaria
2403 378 2484 409 sicut
2512 379 2606 415 salus,

1546 427 1627 458 quae
1650 417 1683 447 in
1707 418 1811 458 primo
1847 428 1919 449 casu
1944 418 2132 450 defenditur.
2162 419 2234 450 Dixi
2256 428 2362 452 autem
2386 424 2604 454 communiter.

1546 461 1629 498 Quia
1653 461 1688 497 si,
1705 468 1794 502 parta
1810 468 1886 492 tunc
1907 463 2047 499 victoria,
2066 469 2147 493 esset
2160 473 2221 503 pax
2236 465 2418 496 universalis
2439 466 2605 503 Ecclesiae,

1545 512 1600 535 aut
1622 504 1695 535 fidei
1719 505 1903 536 christianae
1933 517 2048 547 magua
2076 507 2245 547 protecti0;
2276 509 2434 540 crederem
2458 511 2607 541 clericum

1544 549 1627 580 licite
1647 559 1743 579 manu
1768 550 1895 590 propria
1917 551 2091 591 pugnando
2115 551 2200 581 illam
2228 551 2337 583 faeere.
2362 554 2402 584 Et
2417 554 2493 584 haec
2516 554 2607 585 intel-

1543 593 1619 632 ligo,
1643 593 1736 623 salvis
1759 593 1828 624 aliis
1852 595 2088 625 conditionibus
2107 595 2181 625 iusti
2204 595 2288 633 belli,
2305 597 2421 628 scilicet
2442 598 2532 639 quod
2547 599 2607 629 cle—

1544 637 1597 667 rici
1622 637 1748 676 publica
1771 638 1955 670 auctoritate
1985 640 2047 670 hoc
2070 639 2198 676 faciant,
2223 646 2254 670 et
2277 647 2399 672 constet
2427 642 2465 672 de
2487 642 2606 674 iustitia

1544 680 1632 711 belli:
1650 681 1805 721 quoniam
1821 681 1854 712 in
1871 683 1914 713 eis
1931 693 1996 713 non
2017 683 2110 713 habet
2124 683 2234 713 locum
2251 683 2429 715 obedientia
2444 695 2605 718 excusanS.

1599 725 1637 755 11.
1661 724 1696 754 In
1721 725 1834 756 eodem
1863 727 2012 764 articulo,
2036 727 2069 757 in
2093 727 2300 767 responsione
2323 728 2363 758 ad
2383 729 2528 767 tertium,
2553 731 2606 761 ad-

1541 775 1625 798 verte
1649 769 1737 808 quod
1754 770 1829 810 quia
1852 771 1912 801 alia
1931 771 2072 802 conditio
2089 771 2161 801 belli
2181 771 2255 802 iusti
2279 778 2325 802 est
2345 772 2463 803 iustitia
2483 783 2604 811 causae,

1543 819 1573 842 et
1595 812 1656 842 alia
1678 813 1848 844 auctoritas
1871 824 1934 855 qua
1956 815 2119 851 indicitur;
2145 816 2303 846 attendere
2319 823 2446 856 oportet
2461 816 2493 847 in
2517 818 2606 849 bellis
2654 845 2657 851 .

1543 866 1609 886 non
1633 857 1739 887 solum
1763 859 1982 890 auctoritatem
2005 859 2180 896 indicentis,
2205 860 2258 889 sed
2282 860 2378 890 etiam
2407 870 2550 898 causam;
2576 869 2606 893 et

1543 900 1615 930 hinc
1631 910 1756 931 sumere
1772 903 1860 943 quod
1876 903 1963 934 nulla
1987 904 2156 935 auctoritas
2172 903 2287 934 sufficit
2310 904 2347 934 ad
2365 904 2516 936 iustitiam
2532 906 2606 937 belli

1543 944 1568 974 si
1584 944 1701 975 iustitia
1729 945 1808 976 desit
1822 946 1855 976 in
1879 957 1981 978 causa.
2010 948 2103 979 Unde
2125 947 2197 978 licet
2216 948 2256 977 ad
2272 947 2392 988 Papam
2418 956 2536 989 spectet
2558 949 2605 980 in-

1542 988 1655 1018 ducere
1671 989 1710 1019 ad
1729 989 1859 1027 bellurn,
1876 998 1912 1022 ut
1927 992 1959 1022 in
1976 992 2034 1022 hac
2049 992 2150 1022 littera
2169 991 2186 1010 *
2202 990 2329 1028 dicitur;
2354 992 2379 1022 si
2394 999 2502 1023 tamen
2520 994 2606 1034 Papa

1541 1032 1692 1063 indiceret
1714 1034 1844 1071 bellum,
1869 1045 1935 1066 non
1954 1043 2121 1076 propterea
2142 1036 2263 1066 iustum
2280 1043 2407 1076 oportet
2424 1037 2503 1068 illud
2521 1047 2605 1069 esse:

1542 1086 1617 1107 cum
1640 1087 1775 1116 persona
1802 1088 1884 1118 quae
1899 1079 2036 1119 Papatus
2053 1081 2238 1111 auctoritate
2253 1080 2396 1120 fungitur
2418 1082 2520 1121 possit
2539 1092 2605 1114 esse

1540 1120 1656 1150 iniusta
1680 1127 1710 1151 et
1731 1121 1862 1152 libidine
1884 1123 2070 1154 dominandi
2092 1125 2142 1154 vel
2161 1124 2316 1154 vindictae
2341 1124 2458 1162 affecta,
2480 1126 2562 1158 sicut
2577 1135 2608 1158 et

1541 1163 1602 1193 alia
1631 1164 1775 1194 enormia
1805 1166 1936 1197 crimina
1965 1167 2088 1198 habere.
2122 1169 2188 1198 Nec
2218 1175 2406 1200 excusantur
2437 1170 2546 1201 dantes
2577 1171 2605 1202 ei

1541 1206 1694 1237 auxilium
1716 1207 1749 1237 in
1773 1209 1857 1239 bello
1882 1210 1949 1240 sine
1972 1211 2055 1242 iusta
2078 1221 2188 1242 causa:
2213 1211 2293 1242 sicut
2316 1222 2374 1244 nec
2393 1213 2605 1246 ministrantes
2629 1209 2632 1213 ’

1539 1251 1650 1324 eidsslm·
1659 1251 1699 1281 ad
1715 1252 1870 1326 raginam,
1892 1254 2072 1291 homicidia,
2099 1255 2258 1291 veneficia,
2284 1256 2445 1294 adulteria,
2465 1258 2605 1291 luxurias

1542 1302 1573 1325 et
1619 1304 1749 1325 musmo
1773 1307 1793 1327 1.

1222 1417 1545 1462 ARTICULUS
1571 1422 1802 1466 TERTIUS

1022 1505 1179 1536 UTRUM
1202 1504 1270 1535 SIT
1293 1503 1476 1534 LlClTUM
1500 1503 1543 1534 IN
1566 1505 1714 1538 BELLls
1738 1508 1813 1538 UTI
1838 1507 2002 1538 1Nstn11s

633 1589 655 1613 D
683 1588 843 1613 TERTIUM
863 1588 916 1613 sic
936 1588 1177 1613 PRocEnrrUR.
1201 1575 1361 1612 Videtur
1381 1574 1486 1623 quod

552 1618 611 1679 ’ζῆ
634 1642 713 1666 non
750 1630 796 1666 sit
833 1629 976 1666 licitum
1014 1629 1052 1666 in
1089 1629 1195 1666 bellis
1231 1628 1286 1665 uti
1330 1627 1484 1665 insidiis.

440 1681 474 1729 'Q'
498 1666 781 1719 vssDicitur
809 1682 911 1719 enim
939 1684 1051 1719 Deut.
1082 1694 1142 1719 xvi
1171 1682 1211 1718 *ε
1257 1682 1360 1718 Iuste
1387 1681 1488 1729 quod

478 1710 568 1765 ⁴322}
590 1726 769 1772 Xiustum
789 1741 844 1771 est
860 1735 1069 1784 exequeris.
1100 1735 1176 1772 Sed
1204 1734 1375 1780 insidiae,
1398 1745 1486 1770 cum

422 1787 494 1824 sint
529 1787 681 1825 fraudes
718 1787 929 1836 quaedam,
966 1788 1145 1824 videntur
1181 1787 1230 1824 ad
1268 1787 1484 1824 iniustitiam

421 1841 621 1890 pertinere.
668 1842 772 1888 Ergo
801 1853 879 1877 non
906 1849 962 1877 est
984 1842 1170 1878 utendum
1200 1840 1343 1877 insidiis
1373 1840 1486 1877 etiarn

420 1895 459 1931 in
488 1894 595 1930 bellis
624 1894 741 1930 iustis.

476 1959 510 1984 2.
532 1949 769 1994 PRAETEREA,
800 1946 957 1984 insidiae
987 1954 1022 1983 et
1050 1947 1202 1984 fraudes
1234 1946 1405 1983 fidelitati
1431 1946 1487 1983 vi-

422 2002 559 2038 dentur
587 2001 744 2050 opponi,
773 2000 868 2036 sicut
896 2008 932 2036 et
961 2000 1173 2037 mendacia.
1214 2001 1291 2037 Sed
1320 1999 1409 2048 quia
1438 2000 1486 2037 ad

422 2067 558 2091 omnes
586 2054 706 2091 fidem
735 2054 922 2091 debemus
951 2065 1116 2100 servare,
1146 2053 1236 2090 nulli
1264 2053 1411 2090 homini
1432 2061 1488 2090 est

421 2107 707 2153 mentiendum;
732 2114 774 2143 ut
800 2114 904 2155 patet
931 2119 1000 2155 per
1019 2106 1296 2155 Augustulum,
1323 2106 1360 2143 in
1390 2106 1486 2144 libro

426 2163 566 2198 Contra
597 2160 858 2197 Mendacium.
893 2160 994 2196 Cum
1025 2172 1114 2208 ergo
1141 2160 1242 2208 fides
1279 2160 1376 2196 hosti
1409 2172 1487 2197 ser-

419 2215 546 2252 vanda
564 2214 621 2260 sit,
637 2221 678 2250 ut
696 2213 931 2261 Augustinus
948 2213 1048 2259 dicit,
1064 2214 1116 2250 ad
1127 2213 1370 2260 Bomfacium
1385 2213 1416 2260 ⁹⁸,
1431 2213 1487 2251 vi-

422 2268 532 2304 detur
546 2266 651 2315 quod
672 2279 749 2303 non
771 2267 816 2303 sit
837 2273 967 2303 contra
986 2267 1115 2303 hostes
1130 2266 1273 2303 insidiis
1288 2266 1485 2303 utendum.

477 2322 511 2358 3.
533 2321 766 2366 PRAETEREA,
787 2320 921 2356 Matth.
942 2331 990 2356 vn
1009 2318 1031 2341 ’¹‘
1058 2318 1211 2356 dicitur:
1245 2319 1351 2360 Quae
1377 2319 1488 2356 vultis

423 2380 463 2410 ut
477 2374 632 2422 faciant
663 2373 769 2410 vobis
803 2373 991 2418 homines,
1021 2377 1057 2408 et
1088 2384 1155 2409 vos
1171 2371 1295 2420 facite
1323 2372 1414 2409 illis:
1451 2381 1487 2410 et

421 2428 496 2464 hoc
526 2434 580 2463 est
609 2425 894 2463 observandum
923 2425 970 2462 ad
1000 2437 1135 2461 omnes
1164 2425 1372 2473 proximos.
1416 2425 1488 2462 Ini-

422 2480 511 2517 mici
540 2487 668 2516 autem
696 2486 784 2515 sunt
809 2478 986 2527 proximi.
1018 2478 1118 2514 Cum
1149 2490 1238 2525 ergo
1267 2479 1391 2515 nullus
1416 2479 1487 2515 sibi

421 2532 512 2570 velit
526 2532 680 2570 insidias
693 2532 756 2569 vel
775 2531 928 2568 fraudes
949 2531 1085 2580 parari,
1105 2530 1256 2567 videtur
1277 2531 1383 2579 quod
1405 2532 1486 2568 nul-

420 2587 479 2623 lus
509 2598 553 2622 ex
581 2585 724 2623 insidiis
754 2585 892 2622 debeat
919 2584 1050 2632 gerere
1078 2584 1187 2620 bella.

476 2640 549 2676 SED
566 2650 712 2676 CONTRA
740 2650 806 2675 EST
825 2638 931 2686 quod
950 2637 1185 2685 Augustinus
1206 2637 1304 2684 dicit,
1334 2637 1373 2674 in
1392 2637 1486 2675 libro

427 2693 574 2735 Quaest.
595 2691 632 2728 *z
667 2693 763 2728 Cum
782 2691 918 2727 iustum
939 2690 1075 2727 bellum
1095 2690 1305 2739 suscipitur,
1327 2696 1454 2728 utrum
1470 2696 1487 2712 ²

421 2752 549 2794 aperte
571 2751 719 2795 pugnet
734 2744 869 2792 aliquis
897 2756 945 2780 an
967 2755 1016 2780 ex
1035 2743 1187 2789 insidiis,
1208 2743 1301 2780 nihil
1318 2744 1369 2780 ad
1387 2744 1487 2780 iusti-

421 2800 510 2836 tiam
540 2799 700 2835 interest.
730 2798 778 2834 Et
805 2798 880 2834 hoc
908 2797 1045 2845 probat
1069 2795 1289 2833 auctoritate
1317 2797 1487 2845 Domini,

422 2852 486 2901 qui
514 2851 712 2889 mandavit
740 2852 850 2887 Iosue
879 2857 920 2886 ut
948 2849 1102 2887 insidias
1122 2857 1282 2898 poneret
1302 2850 1487 2887 habitato-

422 2905 525 2942 ribus
555 2905 711 2942 civitatis
742 2904 827 2950 Hai,
857 2910 898 2939 ut
926 2903 1088 2940 habetur
1115 2904 1190 2939 Ios.
1220 2915 1281 2940 vm
1300 2902 1332 2939 ⁵¹².

1592 1578 1818 1615 REsponnsso
1852 1589 2037 1615 DICENDUM
2064 1577 2168 1626 quod
2196 1577 2354 1614 insidiae
2384 1577 2606 1615 ordinantur

1540 1629 1589 1666 ad
1608 1631 1814 1668 fallendum
1835 1631 1975 1668 hostes.
2006 1629 2214 1679 Dupliciter
2233 1637 2361 1668 autem
2383 1630 2518 1679 aliquis
2535 1642 2604 1680 po-

1540 1690 1612 1719 test
1629 1683 1703 1720 falli
1725 1697 1771 1720 ex
1787 1685 1885 1721 facto
1905 1684 1968 1720 vel
1989 1683 2088 1720 dicto
2110 1683 2273 1720 alterius.
2304 1683 2390 1721 Uno
2411 1685 2545 1732 modo,
2559 1692 2605 1721 ex

1545 1748 1591 1772 eo
1621 1736 1726 1784 quod
1747 1737 1793 1773 ei·
1809 1737 1943 1774 dicitur
1961 1736 2107 1784 falsum,
2128 1737 2191 1773 vel
2220 1749 2298 1773 non
2327 1744 2500 1774 servatur
2518 1734 2604 1787 pro-

1541 1789 1714 1826 missum.
1731 1790 1780 1826 Et
1795 1789 1893 1827 istud
1908 1802 2060 1838 semper
2071 1796 2125 1826 est
2139 1788 2320 1826 illicitum.
2336 1790 2386 1826 Et
2399 1790 2474 1827 hoc
2484 1788 2604 1827 modo

1541 1842 1666 1887 nullus
1691 1843 1805 1880 debet
1830 1843 1960 1880 hostes
1989 1842 2137 1879 fallere:
2168 1849 2254 1879 sunt
2283 1842 2386 1880 enim
2415 1843 2610 1892 quaedam,

1539 1895 1620 1931 iura
1639 1895 1828 1932 bellorum
1849 1902 1886 1932 et
1913 1896 2071 1933 foedera
2097 1894 2210 1932 etiarn
2239 1894 2336 1932 inter
2354 1895 2457 1944 ipsos
2475 1896 2606 1933 hostes

1540 1949 1741 1996 servanda,
1757 1956 1799 1986 ut
1817 1949 2044 1986 Ambrosius
2064 1947 2162 1995 dicit,
2180 1947 2218 1985 in
2235 1948 2332 1985 libro
2353 1949 2399 1986 de
2422 1947 2603 1998 Officii-5⁸:¹-

1594 2002 1680 2038 Alio
1710 2002 1828 2040 modo
1857 2009 1982 2051 potest
2010 2001 2145 2051 aliquis
2173 2001 2248 2038 falli
2278 2013 2324 2038 ex
2352 2001 2452 2045 dicto
2472 2002 2535 2039 vel
2553 2001 2606 2039 fa-

1543 2061 1602 2090 cto
1632 2062 1784 2102 nostro,
1814 2055 1903 2105 quia
1932 2055 1967 2092 ei
2002 2054 2242 2104 propositum
2279 2061 2345 2092 aut
2374 2054 2604 2100 intellectum

1541 2120 1620 2144 non
1648 2108 1852 2157 aperimus.
1891 2109 1977 2145 Hoc
2014 2115 2141 2145 autern
2180 2119 2333 2156 semper
2366 2107 2490 2144 facere
2527 2119 2606 2151 non

1540 2168 1735 2198 tenemur:
1765 2161 1853 2210 quia
1873 2161 1987 2198 etiam
2007 2160 2045 2198 in
2065 2160 2236 2198 doctrina
2257 2172 2362 2197 sacra
2381 2161 2500 2198 multa
2519 2168 2607 2198 sunt

1541 2214 1778 2260 occultanda,
1807 2214 1974 2251 maxime
2002 2213 2230 2260 infidelibus,
2255 2225 2303 2250 ne
2331 2212 2522 2261 irrideant,
2549 2225 2606 2251 se-

1542 2266 1711 2304 cundum
1739 2267 1832 2304 illud
1860 2267 1993 2304 Matth.
2014 2267 2119 2304 ν11*;
2148 2265 2277 2304 Nolite
2308 2271 2479 2303 sanctum
2513 2266 2607 2304 dare

1542 2321 1708 2358 canibus,
1755 2319 1866 2357 Unde
1895 2320 2015 2356 multo
2044 2318 2164 2366 magis
2197 2331 2242 2356 ea
2270 2330 2369 2366 quae
2399 2318 2447 2356 ad
2481 2318 2606 2369 impu-

1526 2373 1736 2421 ⁴gnandum
1765 2372 1940 2410 inimicos
1967 2384 2150 2421 paramus
2176 2375 2263 2408 sun't
2286 2371 2339 2408 eis
2367 2371 2604 2410 occultanda.

1541 2426 1652 2464 Unde
1690 2426 1786 2462 inter
1823 2433 1948 2462 cetera
1977 2425 2209 2462 documenta
2241 2423 2296 2462 rei
2328 2424 2496 2462 militaris
2530 2425 2606 2463 hoc

1538 2478 1745 2528 praecipue
1773 2478 1928 2527 ponitur
1947 2479 1994 2516 de
2023 2477 2259 2515 occultandis
2287 2477 2451 2515 consiliis
2479 2490 2527 2515 ne
2556 2478 2606 2516 ad

1540 2533 1669 2569 hostes
1688 2530 1928 2580 perveniant;
1962 2538 2004 2568 ut
2026 2538 2129 2580 patet
2155 2530 2194 2567 in
2221 2529 2318 2568 libro
2347 2531 2605 2581 Stratagema-

1541 2592 1618 2623 tum
1647 2583 1662 2614 β
1691 2584 1860 2622 Frontini
1887 2584 1918 2621 *.
1949 2585 1998 2621 Et
2023 2584 2106 2621 talis
2139 2583 2340 2621 occultatio
2367 2583 2529 2632 pertinet
2555 2585 2604 2623 ad
2631 2619 2642 2631 ,

1540 2638 1727 2676 rationem
1755 2637 1978 2675 insidiarum
1999 2636 2136 2686 quibus
2155 2636 2298 2675 licitum
2319 2644 2374 2674 est
2391 2637 2445 2674 uti
2469 2636 2508 2674 in
2527 2637 2604 2679 bel-

1539 2692 1582 2728 lis
1610 2691 1726 2728 iustis.
1747 2711 1772 2718 —
1792 2691 1876 2727 Nec
1908 2690 2060 2739 proprie
2094 2690 2316 2727 huiusmodi
2349 2689 2507 2727 insidiae
2534 2702 2603 2728 vo-

1542 2752 1675 2781 cantur
1700 2743 1867 2789 fraudes;
1898 2755 1968 2780 nec
1996 2743 2156 2780 iustitiae
2185 2751 2416 2792 repugnant;
2445 2755 2516 2780 nec
2543 2755 2604 2780 or-

1542 2798 1691 2835 dinatae
1727 2795 1928 2833 voluntati:
1958 2803 2057 2832 esset
2094 2795 2195 2832 enim
2228 2795 2441 2832 inordinata
2468 2796 2603 2834 volun-

1541 2859 1597 2888 tas
1634 2850 1664 2887 si
1697 2849 1832 2898 aliquis
1858 2849 1971 2886 vellet
1999 2848 2090 2886 nihil
2123 2847 2192 2886 sibi
2222 2849 2270 2885 ab
2299 2848 2377 2886 aliis
2412 2849 2602 2887 occultari.

1596 2903 1646 2940 Et
1672 2914 1741 2952 per
1768 2903 1843 2939 hoc
1870 2909 1973 2951 patet
2001 2901 2199 2950 responsio
2228 2901 2275 2938 ad
2304 2901 2463 2938 obiecta.

476 3018 503 3050 α)
524 3021 622 3042 utrum.
640 3030 657 3035 —
678 3020 706 3041 ut
725 3017 753 3041 Ρ.

1591 3016 1616 3050 β)
1638 3017 1879 3050 stratagematum.
1892 3030 1910 3036 -
1930 3016 2135 3049 Strogomatum
2154 3023 2197 3048 pn.
2212 3015 2417 3048 Stragomarum
2433 3015 2510 3040 ceteri
2529 3021 2555 3041 et
2568 3022 2603 3046 ιι,-

1538 3053 1665 3078 montius
1682 3060 1735 3077 om.
1755 3053 1786 3083 Α,
1807 3052 1973 3077 mancorum
1994 3051 2069 3076 ceteri
2089 3057 2115 3076 et
2132 3050 2178 3075 Pa.

1200 3169 1517 3212 ARTICULUS
1548 3170 1822 3222 QUARTUS

1026 3261 1182 3292 UTRUM
1207 3262 1249 3292 1N
1271 3261 1424 3292 Dffissus
1448 3262 1593 3293 FESTls
1617 3263 1776 3294 LICEAT
1799 3262 1996 3293 BELLARE
2020 3261 2025 3268 ⁴

444 3438 485 3496 ,5
504 3421 739 3474 v''enim
778 3444 864 3473 sunt
893 3437 1063 3474 ordinata
1100 3438 1148 3474 ad
1176 3438 1394 3475 vacandum
1432 3437 1485 3475 di-

484 3465 528 3517 «ἓ

484 3504 499 3519 x
518 3512 526 3515 ,

528 3491 545 3504 ΙΝ

1539 3438 1745 3474 maximam
1766 3438 2064 3487 inquietudinem
2085 3438 2237 3476 habent.
2268 3439 2369 3486 Ergo
2390 3438 2493 3476 nullo
2517 3449 2599 3475 mo-

534 3483 755 3527 Qvinis:
789 3490 892 3526 unde
921 3490 1176 3537 intelliguntur
1207 3503 1276 3539 per
1304 3491 1484 3528 observa·
1539 3491 1588 3528 do
1619 3499 1674 3527 est
1701 3490 1738 3527 in
1768 3491 1900 3528 diebus
1929 3491 2029 3528 festis
2057 3491 2319 3540 pugnandum.

2634 1002 2643 1011 ·
2653 1001 2689 1023 Cf.
2703 1001 2751 1029 arg.
2765 1007 2786 1029 a.
2800 1008 2821 1031 3.

2633 1957 2642 1967 ·
2649 1955 2720 1981 LibJ.
2725 1962 2841 1984 eupxxix.

2633 2277 2642 2286 ⁸
2657 2275 2724 2299 veru.
2739 2276 2762 2298 6.

578 3358 586 3365 ,,
637 3344 659 3368 D
679 3342 851 3373 QUARTUM
873 3342 925 3367 SIC
944 3343 1183 3368 PROCEDiTUR.
1204 3332 1363 3369 Videtur
1382 3331 1486 3380 quod
1539 3332 1683 3369 tionem
1719 3332 1884 3380 sabbati,
1918 3344 2016 3381 quae
2054 3332 2283 3382 praecipitur
2323 3333 2447 3369 Exod.
2473 3326 2532 3370 vxx
2557 3331 2598 3379 *;
2628 3339 2637 3347 ·
2653 3337 2810 3367 ‘'trahas-

638 3384 676 3421 in
696 3383 829 3421 diebus
849 3383 950 3420 festis
970 3396 1047 3420 non
1068 3384 1176 3421 liceat
1196 3385 1348 3422 bellare.
1374 3385 1486 3421 Festa
1537 3386 1733 3422 sabbatum
1763 3385 1863 3422 enirn
1892 3384 2157 3434 interpretatur
2189 3385 2344 3434 requies.
2394 3385 2471 3422 Sed
2502 3385 2599 3423 bella
