2892 4056
177 1090 183 1099 ·
202 1089 238 1111 Cf.
252 1092 292 1111 art.
310 1095 341 1111 ιο.

176 1816 364 1843 'Vers.18‚2o.

174 1842 278 1864 ”vem
293 1833 314 1870 6',
330 1843 351 1864 8.

419 233 470 268 94

419 311 497 336 non
526 299 637 337 debet
665 300 699 336 ei
726 300 954 337 cohabitare.
986 301 1087 347 Ergo
1110 300 1227 336 multo
1248 300 1368 348 magis
1387 312 1474 348 pro-

420 360 501 400 pter
529 353 785 390 infidelitatem
814 353 952 389 tollitur
980 352 1036 387 ius
1065 352 1206 400 patriae
1225 353 1418 400 potestatis
1437 353 1474 389 in

420 417 509 440 suos
538 405 647 441 filios.
678 406 841 441 Possunt
870 417 958 452 ergo
986 416 1117 440 eorum
1138 404 1203 440 filii
1223 405 1403 453 baptizari
1423 405 1474 440 eis

420 457 556 494 invitis.

474 521 508 545 2.
544 510 784 554 PRAETEREA,
820 509 938 555 magis
968 508 1080 544 debet
1107 509 1254 545 homini
1283 509 1474 546 subveniri

419 561 516 598 circa
535 562 743 610 periculum
765 560 896 597 mortis
916 568 1092 596 aeternae
1113 573 1228 609 quam
1254 561 1351 598 circa
1380 562 1475 610 peri-

419 615 546 650 culum
582 614 712 649 mortis
741 613 971 661 temporalis.
1008 613 1084 650 Sed
1113 613 1142 650 si
1171 613 1304 661 aliquis
1329 614 1475 650 videret

417 667 612 702 hominem
642 666 679 701 in
698 665 865 713 periculo
892 665 1022 702 mortis
1042 666 1259 714 temporalis
1284 674 1319 702 et
1343 666 1377 702 ei
1396 679 1471 702 non

418 719 527 754 ferret
549 718 742 764 auxilium,
767 726 951 765 peccaret.
982 718 1081 754 Cum
1109 730 1197 766 ergo
1227 718 1291 754 filii
1316 718 1474 755 Iudaeo—

418 783 501 807 rum
529 778 564 806 et
583 770 741 806 aliorum
769 770 978 807 infidelium
999 770 1070 807 sint
1098 771 1135 807 in
1155 770 1322 819 periculo
1343 771 1473 807 mortis

421 830 596 859 aeternae
615 822 645 858 si
664 823 882 871 parentibus
898 823 1166 871 relinquuntur,
1183 823 1247 871 qui
1263 835 1329 860 eos
1349 823 1387 860 in
1406 836 1474 860 sua

417 875 632 912 infidelitate
666 875 880 922 informant,
901 876 1051 912 videtur
1084 876 1189 924 quod
1208 875 1280 912 sint
1300 876 1352 912 eis
1371 876 1474 912 aufe-

420 928 525 964 rendi
555 936 591 964 et
611 928 823 976 baptizandi
853 936 890 964 et
918 929 957 965 in
985 929 1163 965 fidelitate
1192 926 1204 950 δ
1225 928 1444 965 instruendi.

471 981 505 1017 3.
534 981 766 1026 PRAETEREA,
796 981 861 1017 filii
889 993 1088 1018 servorum
1118 989 1204 1018 sunt
1227 981 1325 1018 servi
1345 986 1357 1002 ὅ
1381 989 1417 1018 et
1436 981 1471 1017 in

415 1040 609 1080 potestate
627 1033 884 1070 dominorum.
915 1034 992 1070 Sed
1022 1034 1150 1071 ludaei
1179 1041 1265 1071 sunt
1292 1034 1392 1071 servi
1418 1046 1473 1070 re-

415 1097 505 1133 gum
525 1093 562 1122 et
588 1085 802 1135 principum
820 1086 850 1123 ⁹⁸.
882 1087 983 1134 Ergo
1013 1095 1048 1123 et
1079 1086 1145 1123 filii
1174 1099 1319 1124 eorum.
1351 1088 1473 1135 Reges

415 1138 524 1185 igitur
552 1147 589 1175 et
615 1138 803 1187 principes
831 1140 973 1176 habent
996 1147 1220 1188 potestatem
1242 1140 1289 1176 de
1308 1139 1394 1176 filiis
1415 1141 1472 1176 Iu-

416 1191 601 1228 daeorum
630 1192 754 1228 facere
783 1192 886 1240 quod
914 1192 1112 1229 voluerint.
1144 1193 1257 1228 Nulla
1285 1204 1375 1239 ergo
1406 1192 1474 1228 erit

414 1243 547 1280 iniuria
575 1244 604 1280 si
635 1256 700 1280 eos
729 1244 918 1292 baptizent
946 1245 1069 1281 invitis
1097 1244 1326 1293 parentibus.

466 1308 503 1343 4.
534 1298 765 1343 PRAETEREA,
795 1297 951 1344 quilibet
979 1299 1098 1333 horno
1126 1297 1245 1344 magis
1272 1304 1326 1332 est
1344 1296 1428 1342 Dei,
1449 1308 1470 1331 a

415 1361 492 1396 quo
520 1350 634 1386 habet
662 1350 842 1395 animam,
872 1362 987 1396 quam
1017 1349 1132 1398 patris
1161 1349 1330 1395 carnalis,
1351 1360 1374 1384 a
1393 1360 1469 1396 quo

414 1401 529 1438 habet
557 1414 707 1449 corpus.
738 1403 828 1438 Non
853 1414 942 1449 ergo
965 1409 1020 1438 est
1038 1401 1218 1438 iniustum
1238 1401 1267 1438 si
1287 1401 1394 1450 pueri
1415 1402 1471 1437 Iu—

415 1454 599 1491 daeorum
626 1455 837 1491 carnalibus
856 1454 1075 1503 parentibus
1095 1455 1312 1491 auferantur
1331 1462 1367 1490 et
1385 1455 1470 1490 Deo

414 1519 481 1555 per
511 1507 741 1556 baptismum
771 1515 1048 1544 consecrentur.

471 1561 503 1596 5.
534 1561 768 1607 PRAETEREA,
799 1560 1007 1608 baptismus
1036 1560 1225 1596 efficacior
1253 1567 1308 1596 est
1337 1559 1385 1596 ad
1414 1571 1470 1596 sa-

414 1613 531 1649 lutem
551 1625 666 1661 quam
686 1613 929 1661 praedicatio:
953 1612 1040 1661 quia
1059 1624 1127 1661 per
1146 1611 1377 1661 baptismum
1398 1619 1470 1648 sta-

413 1665 479 1702 tim
508 1666 646 1702 tollitur
673 1666 818 1715 peccati
845 1666 1015 1711 macula,
1045 1673 1169 1702 reatus
1197 1664 1209 1689 ζ
1237 1677 1396 1713 poenae,
1436 1673 1472 1701 et

414 1718 578 1766 aperitur
606 1718 719 1755 ianua
748 1719 852 1756 caeli.
892 1719 968 1755 Sed
997 1718 1026 1754 si
1055 1718 1266 1766 periculum
1302 1717 1470 1765 sequitur

414 1782 459 1806 ex
487 1771 636 1807 defectu
663 1771 973 1820 praedicationis,
1003 1770 1209 1819 imputatur
1236 1770 1270 1806 ei
1298 1770 1363 1818 q'ui
1392 1782 1469 1806 non

413 1823 663 1872 praedicavit:
693 1831 733 1860 ut
750 1825 911 1861 habetur
930 1823 1068 1860 Ezech.
1090 1835 1124 1859 111
1143 1823 1175 1870 ³¹²,
1192 1830 1228 1859 et
1245 1822 1407 1859 xxxl11**
1422 1822 1469 1859 de

414 1888 460 1912 eo
481 1877 544 1925 qui
561 1877 660 1913 videt
679 1877 849 1926 gladium
873 1876 1077 1913 venientem
1106 1881 1142 1912 et
1167 1887 1242 1912 non
1267 1875 1472 1912 insonuerit

413 1929 511 1966 tuba.
551 1930 651 1977 Ergo
690 1931 808 1967 multo
846 1929 988 1976 magis,
1027 1928 1057 1965 si
1093 1928 1201 1977 pueri
1239 1927 1467 1964 Iudaeorum

414 1981 642 2018 damnentur
660 1991 815 2031 propter
838 1982 1028 2019 defectum
1057 1980 1245 2030 baptismi,
1266 1980 1471 2029 imputatur

413 2034 462 2071 ad
489 2042 687 2083 peccatum
718 2035 770 2072 eis
798 2035 862 2084 qui
890 2041 1094 2083 potuerunt
1121 2033 1310 2083 baptizare
1336 2041 1372 2070 et
1391 2045 1466 2070 non

413 2087 709 2136 baptizaverunt.

467 2141 542 2177 SED
562 2152 718 2188 CONTRA,
739 2140 882 2177 nemini
904 2139 1076 2176 facienda
1097 2146 1151 2175 est
1170 2138 1315 2176 iniuria.
1346 2139 1375 2174 F
1378 2138 1470 2175 ieret

413 2200 540 2229 autem
562 2194 708 2230 Iudaeis
736 2193 870 2229 iniuria
889 2193 918 2229 si
939 2204 1071 2228 eorum
1100 2191 1165 2228 filii
1194 2191 1470 2240 baptizarentur

414 2246 466 2282 eis
488 2246 633 2283 invitis:
663 2247 751 2295 quia
779 2245 992 2283 amitterent
1020 2245 1077 2281 ius
1105 2244 1247 2293 patriae
1276 2244 1469 2293 potestatis

413 2299 450 2335 in
478 2298 576 2335 filios
609 2299 684 2336 iam
717 2299 859 2336 fideles.
899 2299 1000 2345 Ergo
1032 2297 1083 2333 eis
1116 2297 1241 2333 invitis
1278 2299 1356 2333 non
1385 2304 1470 2333 sunt

414 2351 640 2400 baptizandi.

466 2405 690 2442 Responm-:o
711 2415 894 2441 DICENDUM
921 2403 1027 2452 quod
1046 2401 1251 2439 maximam
1271 2402 1385 2438 habet
1404 2413 1468 2437 au-

413 2457 623 2494 ctoritatem
644 2456 835 2494 Ecclesiae
856 2455 1104 2501 consuetudo,
1125 2466 1222 2502 quae
1242 2466 1395 2502 semper
1414 2462 1470 2490 est

412 2509 451 2546 in
479 2510 658 2547 omnibus
695 2509 932 2547 aemulanda.
971 2509 1071 2555 Quia
1108 2514 1143 2543 et
1180 2507 1261 2555 ipsa
1299 2506 1468 2543 doctrina

413 2562 693 2599 Catholicorum
714 2563 925 2600 Doctorum
946 2563 994 2598 ab
1015 2559 1184 2597 Ecclesia
1209 2559 1466 2595 auctoritatem

412 2616 545 2652 habet:
579 2616 682 2652 unde
712 2616 830 2663 magis
863 2614 1038 2652 standum
1073 2619 1128 2649 est
1157 2611 1367 2648 auctoritati
1396 2612 1468 2647 Ec-

414 2669 547 2704 clesiae
568 2680 682 2716 quam
710 2668 919 2705 auctoritati
942 2667 1004 2704 vel
1025 2664 1223 2712 Augustini
1251 2664 1312 2700 vel
1334 2663 1468 2700 Hiero-

413 2721 517 2769 nymi
537 2723 598 2758 vel
628 2722 900 2769 cuiuscumque
920 2718 1107 2756 Doctoris.
1139 2718 1225 2754 Hoc
1250 2724 1377 2753 autem
1397 2717 1475 2755 Ec-‚

413 2774 547 2818 clesiae
582 2787 672 2811 usus
705 2785 902 2822 nunquam
930 2772 1063 2809 habuit
1103 2756 1206 2818 quod
1241 2769 1467 2805 Iudaeorum

412 2826 478 2863 filii
497 2826 620 2864 invitis
641 2827 857 2875 parentibus
877 2825 1171 2874 baptizarentur:
1194 2821 1370 2869 quamvis
1390 2821 1468 2857 fue-

413 2879 484 2916 rint
499 2880 690 2916 retroactis
704 2879 940 2928 temporibus
955 2877 1062 2914 multi
1081 2874 1264 2912 Catholici
1279 2873 1467 2922 principes

412 2932 673 2981 potentissimi,
701 2941 742 2970 ut
771 2930 1053 2988 Constantinus,
1072 2926 1315 2966 Theodosius
1336 2931 1366 2985 *δῖ
1386 2926 1467 2976 qui—

413 2986 485 3026 bus
517 2985 718 3022 familiares
754 2985 904 3021 fuerunt
940 2980 1163 3020 sanctissimi
1199 2979 1387 3029 episcopi,
1427 2986 1467 3015 ut

414 3038 606 3085 Sylvester
633 3037 882 3074 Constantino
912 3043 948 3072 et
974 3032 1201 3072 Ambrosius
1230 3030 1466 3090 Theodosio,

414 3090 478 3139 qui
515 3090 616 3126 nullo
655 3090 774 3126 modo
810 3085 925 3126 h0e0
960 3085 1296 3144 praetermisissent
1329 3084 1376 3120 ab
1415 3083 1467 3120 eis

412 3142 626 3191 impetrare,
647 3142 677 3179 si
695 3143 770 3179 hoc
789 3149 886 3179 esset
905 3151 1118 3177 consonum
1139 3136 1284 3176 rationi.
1314 3137 1363 3174 Et
1379 3136 1465 3173 ideo

412 3195 666 3244 periculosum
692 3194 842 3231 videtur
875 3194 972 3230 hanc
1005 3191 1251 3249 assertionem
1286 3189 1333 3226 de
1362 3200 1466 3226 novo

413 3248 610 3295 inducere,
644 3255 686 3285 ut
711 3255 860 3296 praeter
889 3244 1202 3286 consuetudinem
1231 3241 1268 3279 in
1297 3241 1466 3286 Ecclesia

465 3365 643 3398 8)fide11’tate.
661 3365 749 3397 -fide
768 3366 813 3390 Ρα.

466 3402 486 3431 ε)
507 3400 585 3425 servi.
603 3414 621 3419 —
640 3407 731 3433 regum
751 3401 820 3424 addit
839 3400 884 3425 sK.
902 3414 921 3419 -
938 3404 964 3425 et
982 3409 1034 3425 orn.
1055 3403 1107 3426 BH.

465 3436 490 3467 ζ)
510 3439 607 3460 reatus.
625 3449 643 3455 -
661 3439 687 3460 et
706 3439 795 3460 reatus
813 3435 900 3460 GHsK
920 3441 944 3460 et
962 3444 988 3460 x.

465 3471 491 3500 ro
514 3470 682 3495 neodosius.
699 3484 719 3490 -
736 3468 762 3495 et
784 3469 943 3495 Theodosius
963 3471 980 3495 Ι.

467 3504 489 3536 0)
509 3506 565 3530 hoc.
583 3520 601 3524 -
620 3506 680 3530 Om.
700 3506 813 3530 PADLa.

1117 222 1380 268 QUAESTIO
1410 223 1462 269 X,
1493 223 1786 259 ARTICULUS
1817 224 1883 259 XII

1530 301 1712 336 hactenus
1742 300 1997 346 observatam,
2021 301 2247 339 ludaeorum
2275 303 2342 340 filii
2370 303 2495 340 invitis
2521 317 2586 353 pa-
2622 336 2624 338 ,

1531 352 1722 388 rentibus‘
1743 352 2031 399 baptizarentur.

1583 405 1631 440 Et
1650 403 1762 440 huius
1783 404 1875 440 ratio
1897 412 1951 441 est
1972 405 2122 464 duplex.
2152 406 2236 443 Una
2254 407 2411 455 quidem
2430 416 2586 457 propter

1530 456 1738 504 periculum
1775 457 1877 493 fidei.
1916 457 1955 494 Si
1985 458 2088 494 enim
2120 458 2226 507 pueri
2262 460 2434 497 nondum
2470 473 2584 498 usum

1531 508 1682 545 rationis
1710 509 1893 546 habentes
1927 510 2158 558 baptismum
2195 512 2448 561 susciperent,
2483 522 2585 562 post-

1530 561 1703 607 modurn,
1725 574 1813 598 cum
1842 562 1890 599 ad
1914 563 2119 610 perfectam
2141 571 2303 601 aetatem
2330 566 2583 613 pervenirent,

1530 614 1577 650 de
1598 613 1693 650 facili
1712 622 1867 672 possent
1892 627 1914 651 a
1932 615 2149 663 parentibus
2178 615 2304 653 induci
2332 625 2373 654 ut
2399 619 2585 666 relinque·
2619 638 2622 640 ·

1530 674 1616 717 rent,
1629 667 1735 714 quod
1753 667 1967 714 ignorantes
1991 676 2248 717 susceperunt.
2278 669 2394 716 Quod
2411 678 2585 719 vergeret

1529 719 1566 755 in
1594 719 1685 755 fidei
1714 719 1993 757 detrimentum.

1581 771 1665 808 Alia
1683 784 1776 808 vero
1806 773 1898 809 ratio
1927 781 1982 810 est
2010 774 2097 823 quia
2126 781 2309 822 repugnat
2335 773 2497 812 iu'stitiae
2520 788 2586 812 na-

1528 823 1647 860 turali.
1687 824 1802 861 Filius
1831 825 1932 862 enim
1961 826 2178 863 naturaliter
2207 834 2262 862 est
2289 826 2430 875 aliquid
2457 828 2582 876 patris.

1529 877 1577 913 Et
1604 876 1726 925 primo
1756 877 1910 926 quidem
1939 891 1960 915 a
1988 879 2206 927 parentibus
2243 891 2321 915 non
2351 879 2586 928 distinguitur

1528 929 1739 966 secundum
1768 942 1917 979 corpus,
1947 932 2116 980 quandiu
2143 932 2182 968 in
2201 932 2330 969 matris
2357 939 2466 969 utero
2494 945 2583 969 con-

1527 982 1675 1019 tinetur.
1713 983 1965 1020 Postmodum
2001 996 2116 1031 vero,
2153 992 2356 1033 postquam
2395 986 2443 1022 ab
2474 993 2583 1022 utero

1528 1035 1727 1093 egreditur,
1757 1043 1961 1084 antequam
1990 1049 2102 1074 usum
2133 1037 2238 1074 liberi
2265 1038 2404 1074 arbitrii
2432 1038 2583 1086 habeat,

1528 1087 1740 1124 continetur
1767 1089 1838 1125 sub
1857 1096 2057 1137 parentum
2087 1102 2175 1127 cura
2203 1090 2298 1127 sicut
2322 1091 2392 1127 sub
2413 1090 2583 1139 quodam

1527 1140 1706 1188 spirituali
1724 1148 1844 1178 utero.
1874 1142 2057 1188 Quandiu
2077 1143 2178 1179 enim
2199 1155 2312 1180 usum
2331 1143 2486 1180 rationis
2504 1155 2583 1181 non

1526 1193 1641 1228 habet
1667 1205 1782 1240 puer,
1820 1205 1897 1230 non
1931 1194 2054 1231 differt
2091 1187 2138 1231 ab
2176 1195 2329 1232 animali
2365 1196 2582 1233 irrationali.

1526 1245 1637 1280 Unde
1665 1244 1760 1280 sicut
1787 1246 1857 1281 bos
1884 1247 1944 1282 vel
1975 1258 2094 1295 equus
2122 1255 2179 1284 est
2206 1248 2362 1285 alicuiu's
2389 1256 2432 1286 ut
2457 1256 2583 1286 utatur

1527 1308 1572 1332 eo
1599 1308 1687 1332 cum
1715 1297 1886 1344 voluerit,
1907 1299 2120 1336 secundum
2148 1300 2205 1336 ius
2233 1300 2354 1347 civile,
2374 1301 2470 1338 sicut
2495 1313 2582 1350 pro-

1525 1348 1608 1397 prio
1637 1349 1907 1395 instrument03
1945 1351 1996 1388 ita
2023 1351 2070 1388 de
2099 1352 2178 1388 iure
2207 1353 2365 1389 naturali
2394 1361 2450 1390 est
2475 1354 2582 1402 quod

1525 1401 1644 1447 filius,
1681 1409 1885 1460 antequam
1913 1403 2051 1440 habeat
2078 1416 2191 1441 usum
2225 1405 2398 1452 rationis,
2437 1405 2484 1442 sit
2509 1406 2580 1443 sub

1526 1466 1615 1491 cura
1633 1454 1760 1502 patris.
1790 1455 1900 1493 Unde
1929 1464 2059 1494 contra
2087 1457 2263 1499 iustitiam
2291 1459 2501 1495 naturalem
2525 1470 2582 1496 es-

1525 1514 1580 1543 set
1608 1507 1638 1543 si
1665 1519 1779 1555 puer,
1813 1515 2018 1558 antequam
2046 1510 2185 1547 habeat
2211 1523 2324 1547 usum
2354 1511 2528 1558 rationis,
2558 1523 2582 1548 a

1526 1571 1615 1596 cura
1651 1568 1852 1620 parentum
1890 1562 2148 1610 subtrahatur,
2186 1564 2248 1600 vel
2285 1563 2332 1600 de
2362 1576 2408 1600 eo
2442 1539 2581 1613 aliqiiid

1524 1612 1746 1649 ordinetur
1737 1613 1863 1651 1nvitis
1886 1615 2116 1663 parentibus.
2146 1617 2357 1675 Postquam
2376 1624 2504 1653 autem
2524 1616 2581 1654 in-

1525 1665 1613 1713 cipit
1631 1665 1771 1702 habere
1798 1678 1913 1704 usum
1932 1667 2037 1704 liberi
2067 1668 2216 1716 arbitrii,
2245 1669 2320 1705 iarn
2349 1669 2478 1718 incipit
2497 1680 2580 1707 esse

1525 1729 1626 1764 suus,
1657 1726 1693 1754 et
1718 1726 1858 1767 potest,
1887 1728 2072 1768 quantum
2099 1721 2148 1758 ad
2177 1733 2222 1758 ea
2250 1733 2348 1769 quae
2376 1729 2463 1760 sunt
2490 1721 2580 1759 iuris

1525 1769 1642 1806 divini
1668 1771 1731 1808 vel
1760 1773 1947 1820 naturalis,
1973 1773 2044 1810 sibi
2071 1773 2142 1822 ipsi
2169 1774 2384 1823 providere.
2414 1775 2463 1812 Et
2489 1782 2589 1814 tunc-
2625 1799 2627 1801 -

1525 1831 1581 1860 est
1595 1823 1832 1862 inducendus
1847 1825 1896 1862 ad
1914 1825 2034 1863 fidem
2049 1838 2129 1863 non
2147 1827 2344 1864 coactione
2358 1833 2386 1875 ἰ,
2407 1828 2476 1866 sed
2495 1839 2580 1875 per-,-

1524 1876 1720 1922 suasione3
1751 1884 1787 1914 et
1803 1885 1928 1926 potest
1955 1878 2068 1915 etiam
2098 1879 2223 1916 invitis
2246 1856 2466 1928 parentibus
2490 1892 2587 1922 con-3

1523 1928 1658 1965 sentire
1686 1929 1777 1966 fidei
1803 1937 1841 1967 et
1868 1930 2067 1990 baptizari:
2102 1943 2180 1969 non
2215 1939 2341 1970 autern
2375 1940 2588 1986 antequam

1522 1981 1661 2018 habeat
1678 1994 1792 2020 usum
1813 1983 1976 2020 rationis.
1997 1984 2108 2021 Unde
2129 1984 2176 2021 de
2191 1985 2318 2033 pueris
2337 1983 2587 2041 antiquomtrij

1524 2035 1678 2071 Patrum
1707 2035 1840 2072 dicitur
1867 2037 1972 2085 quod
1999 2037 2136 2075 salvati
2161 2043 2248 2074 sunt
2278 2038 2315 2076 in
2337 2039 2421 2086 fide
2441 2042 2587 2088 paren-²

1523 2092 1600 2123 tum
1619 2086 1659 2123 *ε
1689 2100 1758 2136 per
1775 2089 1879 2136 quod
1901 2089 2009 2126 datur
2027 2089 2178 2138 intelligi
2201 2091 2309 2138 quod
2336 2091 2385 2129 ad
2405 2098 2586 2140 parentes.

1523 2139 1683 2188 pertinet
1711 2141 1913 2189 providere
1941 2142 2026 2179 filiis
2055 2143 2102 2179 de
2127 2155 2196 2179 sua
2224 2144 2354 2189 salute,
2375 2143 2623 2219 praecipuen

1523 2201 1730 2240 antequam
1758 2194 1925 2231 habeant
1952 2207 2065 2231 usum
2094 2195 2259 2232 rationis.

1576 2247 1635 2281 An
1659 2257 1795 2283 PthJM
1819 2258 1917 2284 ERGO
1940 2259 2124 2285 memnon
2144 2249 2277 2296 quod
2270 2261 2307 2285 ιη
2326 2249 2479 2285 vinculo
2499 2261 2580 2286 ma-

1522 2297 1723 2337 trimoniali
1756 2306 1915 2348 uterque
1950 2300 2155 2349 coniugum
2183 2302 2298 2339 habet
2329 2313 2443 2338 usum
2471 2300 2578 2339 liberi

1523 2349 1680 2398 arbitrii,
1711 2359 1747 2388 et
1774 2360 1931 2402 uterque
1960 2361 2084 2402 potest
2111 2354 2228 2391 invito
2258 2354 2376 2391 altero
2404 2353 2496 2393 fidei
2523 2366 2586 2394 aem

1523 2403 1671 2440 sentire.
1703 2405 1780 2442 Sed
1799 2406 1873 2442 hoc
1892 2418 1971 2443 non
1988 2407 2104 2443 habet
2126 2408 2255 2443 locum
2279 2407 2318 2443 in
2335 2418 2456 2455 puero
2476 2414 2587 2444 ante--

1523 2467 1641 2503 quarn
1660 2457 1798 2494 habeat
1816 2470 1928 2494 usum
1948 2459 2112 2495 rationis.
2143 2459 2220 2496 Sed
2242 2466 2447 2519 postquam
2466 2459 2586 2497 habet'
2627 2485 2631 2489 -

1522 2520 1635 2546 usum
1665 2510 1830 2558 rationis,
1857 2518 1946 2547 tunc
1973 2519 2075 2548 tenet
2102 2511 2320 2560 similitudo,
2351 2511 2380 2549 si
2410 2511 2582 2550 converti

1521 2561 1694 2598 voluerit.

1575 2615 1634 2650 AD
1667 2626 1856 2652 SECUNDUM
1890 2628 2072 2654 mel-:noum
2102 2617 2205 2665 quod
2230 2629 2252 2653 a
2272 2625 2394 2654 morte
2422 2616 2580 2654 naturali

1522 2678 1601 2702 non
1630 2674 1686 2703 est
1714 2667 1846 2715 aliquis
1875 2669 2089 2718 eripiendus
2124 2677 2254 2706 contra
2287 2670 2461 2707 ordinem
2489 2669 2579 2707 iuris

1522 2718 1661 2755 civilis:
1691 2728 1792 2767 puta,
1814 2721 1845 2759 si
1864 2722 1996 2770 aliquis
2016 2734 2037 2758 a
2058 2735 2127 2758 suo
2152 2722 2274 2758 iudice
2301 2722 2579 2759 condemnetur

1522 2771 1571 2807 ad
1591 2779 1752 2808 mortem
1774 2775 2035 2822 temporalem,
2053 2775 2176 2812 nullus
2195 2775 2308 2812 debet
2326 2787 2415 2816 eum
2434 2773 2579 2812 violen-

1521 2830 1576 2859 ter
1605 2822 1759 2871 eripere.
1789 2825 1899 2863 Unde
1928 2838 1999 2863 nec
2027 2825 2159 2875 aliquis
2188 2826 2301 2864 debet
2328 2827 2537 2875 irrumpere
2563 2826 2577 2849 λ

1521 2875 1694 2913 ordinem
1722 2877 1810 2914 iuris
1838 2879 2037 2927 naturalis,
2071 2891 2147 2928 quo
2176 2880 2275 2916 filius
2307 2887 2362 2916 est
2390 2880 2459 2916 sub
2489 2892 2578 2917 cura

1522 2929 1647 2976 patris.
1667 2937 1708 2966 ut
1729 2942 1817 2967 eum
1841 2931 1972 2968 liberet
1999 2944 2022 2969 a
2039 2932 2207 2981 periculo
2237 2932 2370 2970 mortis
2388 2939 2576 2971 aeternae.

1573 2983 1632 3018 An
1660 2993 1818 3020 TERTmM
1847 2995 2032 3022 DICENDUM
2065 2985 2170 3034 quod
2200 2985 2329 3022 Iudaei
2361 2993 2448 3023 sunt
2477 2982 2578 3025 ser‘ffi

1520 3034 1735 3083 principum
1754 3037 1933 3074 servitute
1962 3037 2080 3085 civili,
2111 3049 2209 3087 quae
2231 3050 2310 3076 non
2338 3036 2505 3077 θῑεὶυάὴ
2503 3038 2578 3083 vr*—

1522 3086 1682 3124 dinem·
1673 3087 1763 3124 iuris
1791 3090 1969 3127 naturalis
1998 3091 2059 3128 vel
2090 3090 2219 3134 divini
2502 3093 2549 3138 J*
2547 3103 2582 3128 Ξ

1572 3140 1632 3177 Ax>
1665 3151 1836 3182 QUARTUM
1868 3155 2052 3181 memnon
2089 3143 2196 3192 quod
2228 3144 2348 3180 homo
2375 3126 2581 3185 ordinatur

1521 3191 1569 3227 ad
1597 3192 1723 3230 Deum
1752 3206 1820 3242 per
1847 3196 2048 3244 rationem,
2077 3209 2146 3246 per
2173 3208 2290 3244 quam
2320 3209 2409 3237 eum
2438 3204 2581 3245 cogno-5

1521 3256 1624 3280 scere
1644 3253 1779 3294 potest.
1809 3248 1920 3286 Unde
1938 3260 2044 3298 puer,
2068 3257 2272 3298 antequam
2291 3260 2405 3289 usum
2424 3249 2579 3291 tationis

1692 3331 1703 3334 υ
2211 3332 2215 3342 t
2434 3339 2435 3343 ,
2472 3327 2476 3341 s.
2500 3323 2577 3344 ’[ΤΓ

1572 3367 1590 3399 ι)
1602 3366 1657 3399 filii
1667 3367 1756 3391 invitis
1767 3367 1959 3429 Ραῖεηΐὶὺιιεμ-
1970 3367 2062 3426 imggis·
2068 3367 2226 3399 parentibus
2233 3367 2288 3400 filii
2297 3366 2554 3392 ABDEFHIKLtma.
2560 3380 2578 3386 ·-

1520 3402 1568 3426 pro
1575 3402 1798 3468 κζαξέὲἱῖἴένῖζηὶ
1815 3401 2152 3470 οῗέἑέξὲεέκἈΒΡρΕΕΚκ,
2171 3438 2298 3463 occisione
2311 3437 2350 3462 G.
2367 3445 2386 3457 ⁴-
2402 3437 2450 3461 sed
2464 3443 2575 3468 persua-

1521 3479 1602 3538 8ΝΜἏῘΞ)
1612 3480 1677 3532 ⁰1:21«
1681 3472 1776 3538 inpare.
1794 3520 1814 3527 -
1832 3512 1954 3538 rumpere
1973 3508 2058 3540 l‘an
2077 3508 2180 3540 eripere
2192 3508 2229 3538 ·,G
2246 3507 2400 3539 dirumpere
2418 3480 2449 3531 L.

2605 2104 2821 2161 εὲκιὲὶιᾞῗῖἆῗ

2890 3807 2892 3812 .
2885 3534 2892 3785 ..—.-.-...n-r..-..
2882 3466 2892 3493 A.
2890 3411 2892 3441 „..
2891 3381 2892 3384 „
2889 3339 2892 3344 .
2889 3282 2892 3285 .
2890 3256 2892 3262 .
2890 3215 2892 3217 .
