2892 4056
959 140 1225 187 QUAESTIO
1254 138 1394 186 XXVI,
1407 138 1718 175 -ARTICULUS
1747 138 1817 174 XII

308 217 442 256 orionis
460 222 477 246 Υ
495 229 594 266 quae
613 218 775 254 habetur
803 219 851 255 ad
870 229 1043 265 uxorem,
1064 218 1276 254 secundum
1297 217 1367 254 sci—

2404 149 2474 174 221

1420 217 1474 253 sic
1497 216 1780 264 intelligendum
1801 215 1907 265 quod
1933 216 1972 264 ly
1997 216 2092 252 sicut
2114 215 2295 264 importet
2308 213 2322 237 δ
2341 228 2480 264 aequa-

306 270 394 308 licet
411 270 596 308 rationem
622 271 733 307 boni:
763 271 940 319 quamvis
959 271 1042 308 illae
1062 271 1369 320 praeponderent
1420 269 1584 315 litatem,
1623 269 1690 306 sed
1724 269 1911 306 rationem
1949 268 2170 306 dilectionis.
2212 268 2340 316 Diligit
2378 269 2480 306 enim

307 323 520 360 secundum
549 323 824 361 coniunctionis
853 325 1051 360 rationem.

1420 323 1539 358 homo
1560 333 1721 358 uxorem
1741 334 1850 359 suam
1874 321 2128 371 principaliter
2151 321 2296 358 ratione
2321 322 2481 358 carnalis

358 378 418 414 AD
438 386 611 419 QUARTUM
625 375 646 398 ²²
660 388 850 414 Dici-:unum
863 377 968 425 quod
983 377 1072 414 illud
1088 376 1202 413 etiam
1218 387 1297 412 non
1313 383 1369 412 est
1420 374 1710 411 coniunctionis.

358 519 384 554 γ)
404 519 441 544 Et
457 522 614 552 quantum...
635 519 792 545 dilectionis.
809 534 828 539 -
845 520 907 545 Om.
925 520 1186 552 ABDEFGHILpCK
1204 525 1230 545 et
1246 527 1299 550 KR}
1318 527 1367 552 pro

301 554 528 615 magar-gr,
543 555 748 587 praeponderat
765 554 806 580 ed.
823 561 842 579 a
847 562 857 585 ,·
874 561 922 588 pro
939 555 978 579 ad
995 562 1118 584 uxorem,
1137 556 1175 580 ad
1198 555 1365 580 dilectionem

1472 517 1498 550 ὃ)
1518 518 1653 551 importet.
1669 532 1689 537 —
1707 519 1836 551 importat
1855 520 1928 544 PHx.

977 660 1310 693 Commentario.
1331 659 1583 693 Cardinalis
1603 659 1806 694 Caietam

69 739 80 750 ·
93 738 119 760 tn
133 744 195 767 rap.
210 738 239 760 ια
254 745 279 766 4·
308 740 355 802 In
379 730 512 762 articulo
536 731 717 768 undecimo,
742 720 819 762 cum
841 730 954 761 dicitur
976 730 1010 761 in
1032 731 1118 761 calce
1132 731 1150 750 *
1172 731 1260 772 quod
1275 731 1369 761 homo

335 774 442 816 diligit
453 784 586 806 uxorem
592 775 818 816 principaliter
828 775 954 806 ratione
964 775 1107 806 carnalis
1125 776 1365 811 coniunctionis,

305 828 372 848 non
395 819 563 850 denotatur
584 818 655 849 finis
678 818 810 857 amoris,
837 819 893 849 sed
916 819 1035 858 species
1058 819 1187 849 unionis
1211 819 1367 849 causantis

305 871 459 894 amorem.
497 863 572 894 Non
594 863 680 893 enim
709 863 881 904 principale
909 863 1033 893 bonum
1056 863 1146 903 quod
1174 862 1275 892 homo
1298 863 1368 893 vult

305 906 396 936 uxori
426 913 474 937 est
495 906 678 938 coniunctio
702 907 847 937 carnalis:
881 917 955 938 curn
978 907 1040 938 hoc
1069 906 1109 937 sit
1138 907 1262 937 bonum
1289 906 1367 937 utile

304 950 345 980 ad
366 950 583 990 generandum
606 957 638 981 et
652 950 845 988 delectabile,
868 958 899 982 et
913 951 989 982 velit
1001 951 1029 981 ei
1040 951 1163 982 bonurn
1183 951 1366 987 honestum,

304 994 408 1044 quod.
416 1000 463 1025 est
484 993 597 1026 maius.
632 994 695 1027 Sed
716 995 898 1035 principalis
921 995 1002 1026 ratio
1025 995 1144 1026 amoris
1170 994 1211 1025 ad
1234 1003 1367 1025 uxorem

303 1043 340 1069 ut
354 1037 432 1068 unio
447 1044 494 1068 est
512 1037 592 1068 ratio
609 1039 736 1074 amoris,
754 1046 800 1070 est
815 1039 1002 1071 coniunctio
1022 1039 1169 1070 carnalis:
1194 1039 1269 1079 quia
1284 1039 1366 1070 hanc

303 1081 447 1122 sequitur
469 1091 692 1124 quaecumque
714 1083 776 1114 alia
797 1090 844 1114 est
865 1083 948 1114 inter
969 1094 1025 1114 eos
1048 1083 1140 1120 unio,
1165 1083 1231 1114 sive
1252 1078 1365 1114 volun-

303 1131 406 1156 tatum
430 1125 496 1156 sive
517 1135 635 1158 rerum.

326 1208 329 1214 r
359 1169 398 1200 11.
422 1170 458 1200 In
482 1170 596 1201 eodem
620 1177 651 1202 et
673 1171 828 1213 sequenti,
851 1171 913 1202 hoc
937 1178 984 1203 est
1006 1171 1200 1203 duodecimo
1222 1171 1366 1208 articulo,

1421 730 1554 760 dubium
1571 731 1760 771 relinquitur
1774 741 1814 762 an
1826 731 1926 771 magis
1940 731 2117 772 diligendus
2131 731 2170 761 sit
2184 730 2268 762 filius
2279 741 2377 772 quam
2392 741 2482 763 uxor.

1420 774 1471 804 Ad
1494 775 1583 815 quod
1613 774 1726 805 dicitur
1747 776 1837 815 quod
1859 782 2017 815 quantum
2044 775 2083 805 ad
2110 775 2266 805 rationem
2296 776 2372 806 boni
2402 785 2483 806 uxor

1420 819 1520 858 magis
1537 818 1691 858 diligitur:
1708 819 1784 859 quia
1800 819 1939 859 diligitur
1955 826 1990 849 ut
2002 819 2270 859 comprincipium
2286 820 2326 850 ad
2341 819 2481 850 filiorum

1419 862 1686 902 procreationem,
1711 861 1794 892 filius
1818 869 1925 893 autem
1949 869 1984 893 ut
2007 862 2151 899 effectus;
2177 870 2299 894 constat
2322 864 2407 894 enim
2432 874 2482 894 ex-

1419 906 1608 936 cellentioris
1631 906 1707 936 boni
1730 906 1886 936 rationem
1909 907 2023 937 habere
2039 907 2305 947 comprincipium
2322 918 2420 949 quam
2438 908 2482 939 ef-

1419 950 1549 980 fectum.
1563 950 1624 980 Sed
1636 957 1794 990 quantum
1809 951 1849 980 ad
1865 950 2126 981 coniunctionem
2139 950 2223 981 filius
2240 952 2339 992 magis
2358 960 2482 983 amatur

1419 1003 1516 1034 quam
1541 1002 1637 1024 uxor:
1661 994 1736 1034 quia
1758 993 1843 1024 filius
1864 1001 1911 1024 est
1934 995 2054 1035 aliquid
2077 995 2269 1025 substantiae
2292 997 2429 1036 parentis
2452 1004 2483 1027 et

1419 1048 1491 1079 pars
1515 1038 1600 1074 eius,
1624 1038 1741 1069 coniux
1763 1046 1871 1069 autem
1901 1049 1968 1069 non
1991 1045 2038 1069 est
2061 1049 2133 1078 pars
2157 1039 2311 1079 coniugis,
2325 1048 2361 1071 ut
2383 1048 2480 1081 patet.

1419 1083 1460 1113 Et
1482 1082 1555 1113 ideo
1579 1082 1730 1122 coniuges
1760 1083 1861 1122 magis
1890 1082 2080 1113 seinvicem
2113 1083 2290 1114 honorant:
2327 1084 2482 1115 intensius

1419 1134 1527 1158 autem
1550 1133 1659 1157 amant
1680 1126 1772 1157 filios.
1813 1126 1915 1158 Cuius
1939 1127 2066 1167 signum
2097 1134 2143 1158 est
2165 1127 2267 1158 maior
2296 1128 2420 1159 tristitia
2443 1129 2482 1159 de

1414 1178 1522 1202 *morte
1544 1170 1602 1201 filii
1624 1181 1723 1212 quam
1746 1171 1902 1211 coniugis,
1927 1178 1963 1202 ut
1985 1171 2044 1208 sic,
2069 1171 2178 1203 ceteris
2202 1172 2340 1212 paribus.

334 1329 383 1337 ff
407 1323 453 1328 ··“
569 1298 574 1301 ’
1024 1314 1342 1358 ARTICULUS
1373 1314 1756 1358 DUODECIMUS

508 1408 664 1440 UTRUM
686 1407 818 1439 HOMO
841 1408 973 1439 MAGIS
996 1407 1171 1438 DEBEAT
1194 1407 1397 1439 DILIGERE
1419 1406 1777 1438 BENEFACTOREM
1800 1407 1926 1444 QUAM
1949 1408 2274 1440 BENEFICIATUM

978 1481 1010 1505 111
1029 1481 1112 1510 Sent„
1133 1481 1192 1506 dist.
1209 1485 1343 1511 xxm-art.
1361 1488 1387 1514 7,
1406 1481 1438 1506 ad
1458 1487 1488 1511 2;
1507 1480 1542 1505 lx
1561 1480 1657 1510 Eaehfc„
1677 1482 1734 1506 lect.
1752 1488 1797 1506 vn.

439 1586 458 1603 ,Π
509 1564 534 1589 ι)
559 1564 799 1591 υυοΒΕοιΜυΜ
821 1564 875 1589 sm
903 1563 1132 1589 PROCEDrrtJR
1149 1551 1182 1588 ²⁸.
1202 1550 1362 1588 Videtur

395 1616 406 1644 ὲ
511 1605 617 1653 quod
644 1606 764 1642 homo
794 1605 916 1653 magis
950 1605 1090 1642 debeat
1116 1604 1269 1652 diligere
1298 1605 1364 1640 be-

308 1671 313 1674 ’
334 1660 362 1695 Ψ
367 1655 435 1699 ,νζ
463 1651 470 1661 ’
493 1656 745 1696 nefactorem
759 1671 878 1707 quam
898 1658 1181 1695 beneficiatum.
1207 1657 1309 1704 Quia
1322 1664 1364 1693 ut

316 1690 451 1745 diff&
468 1703 501 1755 N„
511 1711 599 1748 dicit
614 1712 887 1759 ‘Augustiana
911 1711 951 1748 in
975 1711 1072 1748 libro
1101 1712 1147 1748 de
1179 1711 1362 1759 Catechiz.

299 1763 401 1809 Rud.
419 1762 453 1810 *,
477 1764 581 1802 nulla
608 1770 664 1802 est
687 1766 812 1802 maior
833 1765 1056 1813 provocatio
1079 1765 1130 1802 ad
1156 1763 1363 1801 amandum

300 1826 416 1864 quam
438 1818 666 1865 praevenire
693 1819 880 1856 amando.-
908 1818 1020 1855 nimis
1047 1818 1146 1854 enim
1174 1818 1292 1854 durus
1311 1822 1366 1854 est

299 1869 451 1907 ananus
469 1870 536 1918 qui
551 1871 802 1918 dilectionem,
831 1872 900 1908 etsi
925 1884 1001 1908 non
1028 1872 1110 1909 vult
1132 1871 1362 1918 impendere,

299 1921 392 1960 nolit
410 1924 624 1971 rependere.
646 1925 723 1962 Sed
743 1925 1006 1962 benefactores
1025 1923 1278 1973 praeveniunt
1292 1920 1364 1960 nos

297 1973 338 2012 in
357 1974 546 2013 beneficio
575 1977 749 2014 caritatis.
779 1979 883 2026 Ergo
911 1978 1174 2015 benefactores
1196 1977 1364 2014 maxime

299 2027 488 2066 debemus
516 2029 682 2078 diligere.
900 2056 904 2057 ν

352 2092 389 2119 2.
417 2081 660 2130 PRAETEREA,
689 2091 793 2121 tanto
823 2083 958 2132 aliquis
984 2091 1040 2121 est
1059 2083 1180 2143 magis
1209 2082 1364 2131 diligen-

298 2133 372 2173 dus
397 2142 543 2183 quanto
574 2136 728 2183 gravius
754 2137 875 2174 homo
903 2145 1037 2186 peccat
1065 2136 1096 2174 si
1124 2137 1172 2173 ab
1201 2136 1283 2173 eius
1309 2135 1364 2173 di-

296 2186 459 2225 lectione
487 2188 654 2237 desistat,
673 2190 738 2226 vel
765 2197 895 2228 contra
915 2202 1001 2228 eam
1018 2188 1034 2220 β
1057 2197 1152 2238 agat.
1184 2189 1262 2227 Sed
1281 2201 1362 2237 gra—

296 2239 382 2279 vius
413 2248 549 2288 peccat
583 2242 650 2289 qui
687 2243 973 2281 benefactorem
1010 2255 1091 2281 non
1126 2242 1263 2290 diligit,
1299 2243 1363 2280 vel

297 2299 431 2333 eontra
467 2305 557 2331 eum
585 2295 680 2343 agit,
709 2308 827 2344 quam
855 2296 886 2334 si
914 2297 1069 2344 diligere
1097 2296 1244 2334 desinat
1271 2309 1360 2333 eum

297 2342 358 2384 cui
375 2346 561 2384 hactenus
588 2348 786 2387 benefecit.
818 2350 920 2397 Ergo
949 2349 1071 2397 magis
1099 2356 1187 2386 sunt
1205 2349 1362 2386 amandi

295 2399 562 2439 benefactores
587 2412 704 2461 quam
732 2401 772 2438 hi
799 2402 938 2450 quibus
966 2402 1241 2439 benefacimus.

351 2452 387 2488 3.
416 2452 656 2501 ΡιιΑΕτΕιιΕΑ,
693 2454 790 2492 inter
817 2455 949 2493 omnia
977 2455 1167 2503 diligenda
1194 2454 1362 2492 maxime

296 2504 508 2552 diligendus
537 2514 593 2543 est
619 2508 726 2545 Deus
759 2515 796 2545 et
823 2515 911 2556 post
939 2521 1028 2546 eum
1057 2515 1182 2557 pater,
1202 2515 1243 2544 ut
1271 2507 1363 2544 Hie-

295 2570 483 2607 ronymus
510 2558 600 2596 dicit
617 2559 649 2598 ³¹²,
681 2561 758 2598 Sed
786 2560 845 2598 isti
874 2569 963 2599 sunt
989 2561 1144 2598 maximi
1169 2566 1184 2589 Υ
1209 2561 1362 2598 benefa-

261 2608 269 2646 ζ
295 2619 430 2650 exores
461 2612 562 2659 Ergo
583 2614 805 2652 benefactor
833 2622 888 2651 est
915 2614 1082 2652 maxime
1109 2614 1333 2662 diligendus.

349 2665 427 2703 SED
456 2676 602 2704 CONTRA
630 2677 696 2705 EST
723 2668 830 2715 quod
849 2668 1108 2716 Philosophus
1127 2667 1227 2713 dicit,
1248 2667 1286 2703 in
1309 2667 1361 2703 IX

241 2738 270 2750 -·
293 2719 414 2756 Etkic.
435 2717 467 2764 ²¹⁸,
487 2719 596 2766 quod
612 2720 872 2768 benefactores
890 2721 1016 2771 magis
1035 2721 1210 2766 videntur
1228 2732 1362 2757 amare

261 2770 268 2777 '
294 2771 532 2819 beneficiatos
557 2784 674 2821 quam
701 2786 724 2810 e
740 2785 934 2812 converso.

336 2825 575 2869 ,Responnao
595 2836 779 2864 mcennun
799 2827 918 2876 quod,
938 2827 1033 2864 sicut
1052 2838 1166 2875 supra
1180 2825 1200 2847 *
1215 2825 1359 2863 dictum

295 2884 371 2923 est,
404 2877 548 2925 aliquid
577 2879 699 2927 magis
726 2880 889 2928 diligitur
917 2879 1136 2928 dupliciter:
1170 2891 1248 2916 uno
1278 2879 1359 2927 qui-

295 2929 387 2967 dem
405 2928 419 2951 ὅ
439 2930 575 2978 modo,
609 2932 699 2980 quia
725 2934 842 2970 habet
869 2933 1056 2971 rationem
1085 2932 1359 2969 excellentioris

294 2982 409 3028 boni3
438 2982 513 3020 alio
541 2986 678 3032 modo,
712 2986 858 3023 ratione
885 2986 1041 3023 maioris
1069 2985 1357 3022 coniunctionis.

294 3034 426 3073 Primo
445 3036 600 3085 quidem
624 3037 735 3085 igitur
762 3039 882 3076 modo
911 3039 1132 3076 benefactor
1154 3045 1211 3075 est
1237 3039 1358 3086 magis

295 3088 526 3136 diligendus:
556 3090 656 3139 quia,
678 3103 766 3128 curn
795 3091 842 3128 sit
867 3091 1097 3140 principium
1124 3091 1216 3128 boni
1234 3091 1274 3128 in
1293 3092 1358 3128 be-

347 3219 376 3253 α)
397 3219 475 3250 Quia,
495 3223 526 3244 ut
541 3219 616 3245 dfert.
632 3233 653 3240 -·
671 3219 745 3245 Dicit
761 3220 832 3245 enim
850 3220 898 3246 Pa.

347 3255 372 3288 β)
392 3263 460 3281 eam.
477 3269 497 3274 —
513 3262 572 3280 eum
592 3255 693 3280 PHsCR
711 3261 737 3280 et
754 3263 780 3281 a.

346 3292 373 3324 γ)
394 3291 517 3316 maximi.
534 3304 553 3310 —
571 3291 690 3316 maxime
709 3291 779 3315 PDa.

346 3325 371 3360 δ)
391 3326 505 3359 quidem.
523 3340 542 3344 -
560 3326 622 3351 Om.
641 3325 711 3351 PGa.
729 3339 749 3345 —
766 3326 824 3350 Mox
843 3326 928 3359 igitur
945 3333 998 3350 om.
1018 3325 1147 3352 PCDGsA
1166 3332 1192 3352 et
1208 3334 1235 3353 R.

1414 1551 1603 1598 neficiato,
1620 1552 1735 1588 habet
1756 1551 2029 1588 excellentioris
2050 1552 2142 1588 boni
2161 1553 2364 1599 rationem;
2386 1553 2482 1591 sicut

1416 1611 1451 1640 et
1480 1604 1527 1640 de
1557 1612 1662 1652 patre
1693 1604 1838 1641 dictum
1866 1605 1924 1641 est
1941 1604 1972 1642 ³¹⁶.

1470 1657 1650 1698 Secundo
1678 1665 1806 1694 autem
1836 1657 1956 1694 modo
1991 1658 2114 1705 magis
2148 1657 2338 1706 diligimus
2366 1660 2481 1696 bene-

1415 1710 1584 1747 ficiatos:
1614 1718 1656 1747 ut
1682 1710 1940 1758 Philosophus
1968 1712 2125 1758 probat,
2155 1711 2191 1747 in
2224 1713 2276 1748 IX
2302 1713 2423 1749 Ethic.
2443 1713 2479 1760 ²¹⁸,

1415 1776 1485 1812 per
1513 1772 1676 1812 quatuor
1703 1763 1879 1800 rationes.
1909 1763 2040 1800 Primo
2064 1763 2233 1812 quidem,
2255 1765 2346 1813 quia
2365 1766 2482 1802 bene-

1416 1816 1564 1853 ficiatus
1599 1824 1655 1853 est
1691 1817 1800 1864 quasi
1838 1816 2036 1865 quoddam
2074 1829 2172 1865 opus
2210 1819 2481 1855 benefactoris:

1415 1870 1520 1907 unde
1549 1869 1751 1907 consuevit
1783 1869 1856 1906 dici
1885 1869 1933 1906 de
1961 1869 2110 1917 aliquo,
2139 1871 2216 1907 Iste
2242 1877 2294 1908 est
2318 1873 2481 1919 factura

1416 1923 1525 1960 illius.
1565 1923 1748 1959 Naturale
1785 1930 1913 1959 autem
1943 1931 1999 1959 est
2030 1922 2185 1960 cuilibet
2221 1925 2326 1972 quod
2354 1924 2483 1972 diligat

1416 1989 1515 2025 opus
1543 1988 1677 2012 suum:
1708 1975 1804 2012 sicut
1830 1975 2010 2012 videmus
2034 1977 2137 2024 quod
2157 1985 2295 2025 poetae
2325 1977 2483 2025 diligunt

1415 2037 1598 2078 poemata
1625 2041 1705 2066 sua.
1745 2029 1795 2065 Et
1821 2029 1896 2065 hoc
1930 2028 2018 2066 ideo
2051 2029 2140 2076 quia
2172 2031 2481 2079 unumquodque

1416 2082 1530 2130 diligit
1553 2094 1666 2119 suum
1696 2094 1780 2118 esse
1809 2089 1845 2118 et
1872 2094 1985 2119 suum
2012 2081 2157 2130 vivere,
2178 2085 2283 2132 quod
2312 2084 2480 2121 maxime

1416 2135 1678 2172 manifestatur
1705 2134 1742 2171 in
1771 2147 1842 2171 suo
1862 2146 1986 2182 agere.
2002 2155 2026 2163 -
2043 2135 2236 2183 Secundo,
2257 2136 2347 2184 quia
2365 2148 2481 2174 unus—

1415 2189 1576 2237 quisque
1614 2188 1832 2225 naturaliter
1869 2187 1985 2235 diligit
2019 2188 2110 2225 illud
2146 2189 2185 2226 in
2218 2202 2296 2238 quo
2334 2189 2482 2239 inspicit

1415 2254 1530 2279 suum
1550 2242 1710 2278 bonum.
1734 2241 1861 2277 Habet
1879 2241 2037 2289 quidem
2057 2241 2168 2289 igitur
2183 2250 2220 2278 et
2234 2247 2247 2263 ἰ
2260 2243 2482 2280 benefactor

1414 2295 1452 2332 in
1473 2295 1700 2331 beneficiato
1722 2294 1877 2342 aliquod
1897 2294 2057 2341 bonum,
2079 2302 2116 2331 et
2139 2307 2159 2331 e
2180 2308 2390 2333 converso:
2413 2297 2479 2333 sed

1415 2349 1636 2385 benefactor
1673 2347 1821 2396 inspicit
1848 2347 1885 2383 in
1915 2348 2142 2384 beneficiato
2182 2361 2295 2385 suum
2333 2349 2479 2386 bonum

1413 2402 1637 2448 honestum,
1658 2400 1907 2437 beneficiatus
1926 2399 1965 2425 t·
1958 2413 1996 2437 ιιι
2016 2401 2260 2438 benefactore
2279 2414 2392 2439 suum
2413 2403 2480 2439 bo·-

1414 2466 1510 2490 num
1537 2453 1639 2490 utile.
1670 2454 1823 2490 Bonum
1842 2461 1972 2489 autem
1990 2445 2196 2491 hones‘tum
2221 2455 2480 2492 delectabilius

1415 2506 1677 2544 consideratur
1713 2518 1830 2554 quam
1869 2507 2016 2542 bonum
2044 2507 2155 2544 utile:
2195 2515 2276 2544 tum
2305 2508 2395 2556 quia
2424 2516 2481 2546 est

1414 2559 1638 2606 diuturnius,
1658 2559 1795 2596 utilitas
1824 2559 1926 2595 enim
1955 2559 2029 2595 cito
2057 2560 2202 2607 transit,
2224 2569 2260 2597 et
2280 2561 2478 2598 delectatio

1413 2612 1624 2649 memoriae
1643 2624 1722 2649 non
1749 2619 1804 2648 est
1832 2611 1927 2648 sicut
1955 2612 2155 2650 delectatio
2179 2613 2234 2650 rei
2251 2615 2477 2662 praesentis;

1412 2674 1494 2703 tum
1525 2666 1637 2702 etiam
1666 2665 1754 2713 quia
1782 2666 1884 2701 bona
1912 2665 2074 2702 honesta
2107 2666 2228 2714 magis
2262 2679 2348 2703 cum
2377 2668 2477 2705 dele-

1414 2719 1576 2756 ctatione
1605 2718 1807 2755 recolimus
1827 2731 1944 2766 quam
1973 2719 2150 2756 utilitates
2179 2732 2278 2768 quae
2298 2720 2409 2772 nqbis
2429 2722 2477 2758 ab

1413 2772 1494 2809 aliis
1521 2778 1782 2820 provenerunt
1801 2777 1831 2808 η.
1852 2793 1876 2800 -
1896 2771 2049 2818 Tertio,
2089 2773 2177 2821 quia
2205 2774 2252 2810 ad
2282 2782 2476 2811 amantem

1411 2825 1573 2875 pertinet
1609 2837 1742 2872 agere,
1780 2826 1861 2862 vult
1897 2825 2000 2862 enirn
2040 2833 2076 2862 et
2111 2833 2292 2874 operatur
2329 2827 2477 2865 bonum

1412 2886 1562 2916 amato:
1583 2878 1631 2915 ad
1651 2885 1820 2915 amatum
1839 2886 1966 2915 autem
1988 2878 2148 2926 pertinet
2168 2879 2245 2927 pati
2264 2877 2290 2916 ⁰.
2320 2881 2369 2916 Et
2387 2880 2475 2918 ideo

1414 2931 1687 2970 excellentioris
1715 2939 1772 2968 est
1798 2943 1942 2968 amare.
1971 2932 2021 2968 Et
2046 2939 2204 2980 propter
2231 2933 2307 2970 hoc
2334 2933 2383 2970 ad
2411 2934 2476 2971 be-

1412 2986 1644 3022 nefactorem
1665 2984 1827 3033 pertinet
1845 2992 1886 3021 ut
1902 2985 1990 3033 plus
2009 2994 2111 3022 amet
2125 2991 2144 3023 ¹.
2164 3006 2189 3014 -
2211 2986 2370 3033 Quarto,
2386 2987 2476 3035 quia

1412 3038 1599 3076 difficilius
1619 3046 1675 3074 est
1699 3038 1886 3075 beneficia
1913 3037 2138 3086 impendere
2157 3051 2274 3087 quam
2295 3040 2473 3088 recipere.

1411 3092 1469 3129 Ea
1497 3104 1592 3128 vero
1621 3091 1659 3128 in
1679 3091 1817 3139 quibus
1835 3091 2057 3129 laboramus
2079 3098 2097 3114 ²
2118 3092 2239 3140 magis
2265 3092 2473 3140 diligimus3

1463 3223 1491 3254 η)
1506 3225 1698 3254 provenerunt.
1716 3235 1735 3241 —
1753 3225 1900 3247 evenerunt
1917 3222 1965 3248 Pa.

1463 3256 1488 3290 Θ)
1504 3258 1574 3289 pati.
1591 3271 1610 3276 -
1628 3258 1723 3282 bonum
1739 3257 1800 3288 pati
1818 3258 1865 3282 Pa.
1881 3271 1902 3276 —
1918 3258 1969 3282 Pro
1987 3258 2197 3287 excellentioris,
2217 3258 2388 3283 excellentius
2408 3258 2472 3283 PCD

1410 3293 1510 3326 LpEsK
1530 3298 1556 3317 et
1573 3301 1598 3322 a,
1618 3293 1791 3318 excellentior
1809 3301 1852 3325 pn.

1464 3328 1482 3361 ι)
1501 3331 1580 3353 amet.
1598 3342 1616 3347 -
1634 3328 1696 3353 Om.
1715 3328 1881 3361 AEFGILpC
1900 3333 1926 3353 et
1943 3336 1970 3360 x,
1990 3329 2088 3362 diligat
2106 3329 2154 3358 sC;
2173 3329 2210 3353 ad
2228 3329 2453 3362 benefactorem.

347 3361 369 3393 ι)
389 3361 475 3395 igitur
491 3363 563 3386 et.—
580 3361 643 3386 Om.
661 3361 693 3386 G.
711 3375 730 3380 -
748 3362 810 3386 Post
833 3361 928 3398 bonum
952 3361 1037 3395 primo
1060 3362 1117 3387 loco
1136 3362 1174 3387 sK
1192 3362 1262 3387 addit
1284 3363 1356 3395 quod
1411 3364 1515 3394 Quarto
1535 3364 1597 3395 quia
1615 3371 1668 3388 om.
1687 3363 1719 3388 D.

293 3396 425 3429 inspiciat.

345 3431 371 3466 ζ)
390 3432 566 3466 beneficiatus.
584 3446 602 3451 -
620 3436 646 3457 et
665 3432 831 3466 beneficiatus
849 3432 894 3457 Pa.

1462 3399 1488 3430 κ)
1508 3399 1670 3424 laboramus.
1687 3413 1707 3418 -
1725 3399 1811 3432 magis
1831 3400 1982 3424 laboramus
2002 3399 2034 3424 G.
2051 3413 2069 3418 -
2090 3400 2139 3423 Pro
2159 3399 2252 3432 magis,
2269 3400 2332 3431 plus
2350 3400 2396 3424 Pa.

2507 1616 2517 1624 ·
2527 1615 2577 1636 Art,
2594 1620 2617 1641 9.

2505 1746 2511 1767 1
2508 1719 2641 1768 εἳῗΡνιιξ
2630 1719 2671 1741 S
2673 1719 2719 1740 Th
