2892 4056
214 2322 225 2333 ⁴*
235 2327 324 2349 magna
336 2321 388 2343 add.
400 2321 425 2342 P.

214 2494 355 2516 'Comment.
361 2499 423 2514 num.

214 2526 237 2546 Χ,

253 2526 286 2541 ΧΙ-

215 2894 298 2916 ⁸1bid.
318 2900 381 2916 num.
402 2901 424 2915 x.

216 3461 224 3469 ·
240 3461 278 3481 ΑΙ.
294 3466 333 3487 qu.
348 3466 379 3481 ix.

479 211 524 247 58

529 290 603 326 SED
624 302 780 337 CONTRA,
802 290 896 327 sicut
915 298 1113 338 peccatum
1143 291 1303 327 mortale
1333 292 1535 328 contraria-

474 349 533 378 tur
562 342 720 389 caritati,
750 343 800 379 ita
829 343 1040 380 discredere
1069 354 1187 379 unum
1216 343 1414 380 articulum
1445 357 1534 381 con-

473 394 646 431 trariatur
664 396 765 432 fidei.
789 396 863 432 Sed
885 396 1016 431 caritas
1036 407 1115 431 non
1135 404 1304 432 remanet
1323 396 1361 433 in
1376 397 1533 433 homine

472 455 560 494 post
587 459 707 483 unum
735 455 935 496 peccatum
965 449 1137 484 mortale.
1168 449 1269 495 Ergo
1291 461 1416 497 neque
1436 450 1533 486 fides

472 506 675 547 postquam
706 500 881 536 discredit
908 512 1028 536 unum
1057 500 1252 537 articulum
1283 501 1384 538 fidei.

525 552 750 588 RESPONDEO
770 564 952 589 DICENDUM
982 553 1086 600 quod
1115 554 1326 590 haereticus
1346 554 1409 602 qui
1425 552 1440 583 β
1460 553 1532 590 dis-

473 604 589 640 credit
616 617 736 640 unum
767 605 963 641 articulum
993 605 1082 642 fidei
1111 618 1189 643 non
1217 607 1332 643 habet
1359 606 1530 643 habitum

470 656 559 692 fidei
597 669 720 703 neque
759 657 942 694 formatae
981 670 1105 706 neque
1142 659 1314 695 informis
1343 660 1370 694 ²¹³.
1412 659 1531 695 Cuius

470 708 564 744 rat10
595 716 649 744 est
677 709 762 757 quia
791 710 936 758 species
961 711 1157 748 cuiuslibet
1176 711 1326 748 habitus
1345 717 1359 739 Υ
1389 712 1530 760 depen-

470 760 532 796 det
552 773 596 796 ex
612 761 760 798 formali
781 762 925 799 ratione
945 763 1094 810 obiecti,
1116 776 1191 812 qua
1211 765 1368 810 sublata,
1385 763 1530 812 species

467 813 616 850 habitus
649 826 846 866 remanere
875 828 953 852 non
980 824 1116 864 potest.
1154 817 1330 853 Formale
1360 815 1373 838 δ
1402 824 1529 853 autem

468 866 659 902 obiectum
688 867 780 904 fidei
809 876 864 905 est
890 869 1028 906 veritas
1048 869 1172 918 prima
1191 870 1404 907 secundum
1423 870 1529 918 quod

466 918 728 956 manifestatur
753 920 791 957 in
821 921 1022 970 Scripturis
1051 922 1165 959 sacris
1195 930 1231 959 et
1259 923 1428 960 doctrina
1457 923 1528 959 Ec-

466 971 600 1007 clesiae
620 977 643 1008 ⁵.
674 973 783 1010 Unde
804 974 1036 1023 quicumque
1056 988 1134 1012 non
1158 975 1337 1022 inhaeret,
1359 976 1454 1012 sicut
1472 975 1528 1012 in-

465 1023 604 1060 fallibili
634 1032 680 1076 et¹
698 1025 848 1063 divinae
879 1029 1051 1075 regulae,
1082 1028 1274 1065 doctrinae
1313 1028 1526 1076 Ecclesiae,

463 1089 562 1124 quae
590 1078 763 1125 procedit
791 1091 835 1116 ex
863 1080 1020 1118 veritate
1049 1081 1173 1130 prima
1192 1081 1230 1118 in
1252 1081 1451 1130 Scripturis
1471 1093 1528 1118 sa-

464 1129 535 1166 cris
563 1130 813 1179 manifestata,
833 1132 892 1169 ille
913 1146 990 1170 non
1010 1134 1125 1171 habet
1143 1134 1316 1171 habitum
1336 1134 1438 1181 fidei,
1460 1134 1527 1170 sed

463 1194 507 1219 ea
537 1194 635 1230 quae
674 1192 761 1221 sunt
797 1185 887 1222 fidei
921 1187 994 1222 alio
1030 1187 1148 1224 modo
1183 1194 1284 1223 tenet
1313 1198 1429 1235 quam
1458 1198 1528 1234 per

462 1235 592 1272 fidem.
624 1236 728 1274 Sicut
747 1237 776 1274 si
797 1238 929 1287 aliquis
949 1246 1074 1276 teneat
1093 1246 1221 1276 mente
1250 1239 1415 1287 aliquam
1437 1250 1526 1274 con—

462 1289 672 1326 clusionem
702 1302 781 1327 non
802 1303 1037 1338 cognoscens
1060 1291 1231 1328 medium
1251 1291 1348 1328 illius
1368 1292 1526 1327 demon-

461 1341 670 1388 strationis,
701 1342 942 1380 manifestum
977 1351 1032 1380 est
1060 1344 1164 1392 quod
1193 1356 1271 1380 non
1299 1344 1415 1380 habet
1444 1343 1524 1380 eius

461 1394 668 1441 scientiam,
699 1396 767 1432 sed
796 1396 1018 1444 opinionem
1047 1397 1184 1434 solum.

512 1447 756 1484 Manifestum
793 1456 849 1485 est
881 1457 1009 1486 autem
1039 1449 1145 1499 quod
1173 1449 1232 1485 ille
1261 1449 1326 1497 qui
1354 1449 1525 1485 inhaeret

460 1499 653 1537 doctrinae
691 1501 884 1538 Ecclesiae
921 1509 1103 1551 tanquam
1142 1501 1321 1539 infallibili
1358 1502 1522 1549 regulae,

459 1552 638 1590 omnibus
668 1555 820 1591 assentit
848 1567 946 1603 quae
976 1555 1145 1599 Ecclesia
1175 1555 1298 1592 docet.
1326 1555 1521 1604 Alioquin,

459 1605 488 1641 si
516 1605 562 1642 de
591 1606 649 1643 his
678 1619 777 1655 quae
806 1608 976 1644 Ecclesia
1004 1608 1116 1645 docet
1144 1620 1242 1656 quae
1261 1608 1343 1644 vult
1365 1615 1467 1644 tenet
1487 1615 1523 1644 et

458 1670 555 1706 quae
576 1660 657 1696 vult
677 1659 688 1685 ζ
716 1672 794 1697 non
813 1667 926 1707 tenet,
946 1673 1024 1697 non
1044 1661 1120 1697 iam
1139 1661 1310 1697 inhaeret
1328 1660 1521 1697 Ecclesiae

457 1711 652 1749 doctrinae
672 1713 768 1749 sicut
787 1713 967 1750 infallibili
987 1715 1151 1761 regulae,
1173 1713 1240 1750 sed
1260 1713 1438 1762 propriae
1453 1725 1522 1749 vo-

455 1765 599 1801 luntati.
621 1766 671 1802 Et
689 1766 742 1802 sic
761 1766 1006 1803 manifestum
1026 1773 1082 1803 est
1101 1766 1207 1814 quod
1226 1765 1436 1803 haereticus
1455 1765 1521 1814 qui

455 1817 694 1865 pertinaciter
722 1818 900 1856 discredit
932 1831 1052 1856 unum
1081 1819 1281 1856 articulum
1307 1823 1325 1846 '³
1354 1831 1433 1855 non
1465 1825 1521 1855 est

508 1947 532 1981 β)
552 1950 606 1981 qui.
623 1964 642 1968 -
660 1953 699 1974 est
724 1950 769 1981 qui
791 1950 1017 1983 BCDGleAFsE
1042 1955 1067 1975 et
1090 1958 1119 1981 ιη
1140 1959 1187 1983 pro
1212 1958 1276 1980 non,
1298 1957 1349 1975 non
1373 1950 1442 1975 enim
1462 1950 1517 1982 GL,

454 1991 504 2008 non
524 1985 595 2016 quod
618 1986 650 2014 H,
665 1993 695 2010 eo
716 1986 786 2018 quod
805 1993 856 2010 non
876 1993 902 2015 a,
922 1993 970 2011 nec
988 1985 1036 2016 sE3
1058 1986 1095 2010 Pa
1113 1985 1222 2010 habent:
1241 1985 1313 2018 quod
1334 1986 1359 2010 in
1384 1985 1517 2011 haeretico

453 2019 618 2045 discredente
637 2028 718 2045 unum
736 2021 880 2046 articulum
892 2021 962 2054 fidei
981 2028 1031 2046 non
1051 2024 1142 2046 manet
1153 2021 1226 2054 fides
1244 2028 1328 2052 neque
1340 2021 1473 2054 formata.

452 2056 536 2115 ΒΈΥᾸ
551 2056 665 2116 Ῑὲῗὺὲἱιιε.
682 2069 702 2076 -
720 2063 809 2081 rerum
835 2057 932 2081 addunt
954 2056 1232 2081 ABCDEFGHKLKR.
1251 2070 1266 2075 -
1291 2056 1341 2081 Pro
1365 2064 1426 2089 qua,
1449 2063 1517 2088 quae

496 2098 530 2158 ΡΒ)
550 2109 683 2151 Forriiale.
695 2140 713 2145 —
733 2127 858 2152 For-mate
877 2126 1077 2158 ABFGLpCEH
1097 2131 1122 2151 et
1140 2134 1167 2151 x.

1189 212 1453 258 QUAESTIO
1483 214 1532 261 V,
1562 214 1855 250 ARTICULUS
1886 215 1934 250 ΙΙΙ

1590 298 1742 339 paratus
1763 291 1869 339 sequi
1898 291 1935 327 in
1963 291 2142 328 omnibus
2163 292 2371 330 doctrinam
2392 288 2591 331 Ecclesiae
2604 294 2649 341 (si

1591 343 1692 380 enim
1721 355 1799 380 non
1836 343 2091 392 pertinaciter,
2121 344 2197 382 iam
2226 357 2304 383 non
2338 354 2392 383 est
2423 346 2645 393 haereticus,

1589 396 1657 432 sed
1692 396 1815 432 solum
1853 398 2007 442 errans).
2047 396 2158 433 Unde
2187 397 2429 436 manifestum
2459 406 2515 435 est
2542 399 2647 447 quod

1588 448 1670 485 talis
1698 448 1908 485 haereticus
1938 449 2035 485 circa
2061 461 2183 486 unum
2213 450 2409 488 articulum
2429 452 2546 488 fidem
2567 464 2645 488 non

1587 501 1701 537 habet
1729 501 1775 538 de
1804 501 1881 538 aliis
1911 501 2084 549 articulis,
2106 502 2173 538 sed
2201 502 2421 551 opinionem
2451 504 2644 552 quandam

1587 554 1800 590 secundum
1828 554 2023 603 propriam
2051 555 2299 592 voluntatem.

1639 608 1698 643 AD
1722 619 1857 644 Palmum
1877 619 1975 644 ERGO
2004 619 2187 644 DICENDUM
2216 608 2319 656 quod
2348 609 2440 645 alios
2469 609 2644 645 articulos

1585 659 1696 705 fidei,
1725 659 1771 696 de
1809 659 1947 707 quibus
1976 660 2186 697 haereticus
2225 672 2302 696 non
2339 669 2456 708 errat,
2486 674 2563 698 non
2591 669 2643 697 te-

1586 719 1650 748 net
1687 724 1734 748 eo
1763 710 1775 732 ⁰
1805 713 1923 749 modo
1961 713 2055 750 sicut
2083 720 2184 749 tenet
2221 725 2287 749 eos
2324 713 2467 760 fidelis,
2505 714 2644 751 scilicet

1585 764 1802 812 simpliciter
1829 765 2061 803 inhaerendo
2089 766 2236 814 primae
2267 765 2433 812 veritati,
2463 766 2511 803 ad
2539 767 2644 815 quod

1584 816 1725 865 indiget
1759 818 1879 855 homo
1917 818 2086 856 adiuvari
2122 830 2191 867 per
2226 818 2398 855 habitum
2435 818 2546 855 fidei:
2575 820 2643 857 sed

1584 877 1685 907 tenet
1713 882 1757 907 ea
1776 883 1875 918 quae
1903 879 1991 908 sunt
2017 871 2107 908 fidei
2126 871 2281 920 propria
2307 871 2502 907 voluntate
2527 871 2643 908 et-iu-

1583 922 1694 960 dicio.

1635 977 1694 1012 AD
1723 987 1913 1013 SECUNDUM
1946 988 2129 1014 mcENDUM
2167 977 2269 1026 quod
2299 976 2336 1012 in
2366 975 2524 1012 diversis
2553 987 2642 1013 con-

1584 1028 1813 1066 clusionibus
1828 1029 1940 1066 unius
1956 1029 2133 1066 scientiae
2154 1036 2239 1066 sunt
2259 1029 2409 1067 diversa
2428 1029 2556 1065 media
2574 1041 2644 1077 per

1583 1093 1681 1129 quae
1709 1082 1938 1130 probantur,
1969 1094 2134 1131 quorum
2162 1094 2282 1119 unum
2310 1090 2436 1131 potest
2458 1081 2642 1130 cognosci

1582 1134 1663 1170 sine
1691 1134 1777 1171 alio.
1816 1135 1865 1171 Et
1891 1134 1979 1171 ideo
2014 1135 2134 1171 homo
2170 1142 2296 1184 potest
2324 1134 2418 1172 scire
2453 1135 2640 1183 quasdam

1582 1186 1846 1223 conclusiones
1873 1187 1985 1223 unius
2013 1187 2205 1234 scientiae,
2234 1187 2413 1235 ignoratis
2441 1187 2533 1224 aliis.
2565 1187 2642 1224 Sed

1582 1238 1759 1280 omnibus
1775 1239 1938 1275 articulis
1953 1239 2043 1276 fidei
2058 1239 2227 1276 inhaeret
2240 1239 2337 1276 fides
2351 1246 2506 1288 propter
2518 1251 2640 1277 unum

1581 1282 1764 1338 mediuin,
1785 1290 1925 1327 scilicet
1951 1299 2107 1340 propter
2133 1291 2332 1328 veritatem
2359 1292 2526 1340 primam
2553 1304 2641 1341 pro-

1578 1343 1740 1392 positam
1771 1343 1882 1380 nobis
1910 1343 1948 1380 in
1978 1344 2179 1392 Scripturis
2198 1344 2410 1382 seeundum
2430 1344 2642 1383 doctrinam

1578 1396 1771 1433 Ecclesiae
1803 1396 1999 1433 intellectis
2027 1409 2120 1434 sane
2145 1402 2164 1433 ¹.
2199 1397 2248 1433 Et
2274 1396 2363 1433 ideo
2391 1396 2456 1446 qui
2490 1397 2539 1433 ab
2566 1397 2642 1439 hoc

1576 1449 1706 1486 medio
1736 1449 1874 1486 decidit
1901 1449 2062 1486 totaliter
2089 1449 2166 1486 fide
2195 1457 2307 1486 caret.

1629 1504 1688 1539 Ao
1715 1513 1875 1539 TERTIUM
1903 1513 2086 1539 manDum
2119 1502 2227 1550 quod
2260 1501 2410 1539 diversa
2437 1509 2640 1551 praecepta
2672 1491 2675 1495 ⁵

1576 1555 1667 1602 legis
1694 1562 1854 1603 possunt
1881 1555 2010 1592 referri
2029 1555 2092 1592 vel
2120 1555 2168 1592 ad
2198 1555 2350 1592 diversa
2377 1555 2523 1592 motiva
2549 1567 2638 1604 pro-

1575 1607 1695 1644 xima:
1726 1615 1763 1644 et
1790 1607 1843 1644 sic
1870 1619 1991 1644 unum
2019 1607 2099 1645 sine
2128 1607 2202 1644 alio
2231 1607 2375 1646 servari
2401 1615 2537 1656 potest.
2566 1607 2638 1646 vet

1575 1661 1624 1697 ad
1652 1672 1773 1697 unum
1808 1660 1997 1697 motivum
2027 1660 2217 1709 primurn,
2246 1660 2352 1709 quod
2389 1668 2444 1697 est
2470 1661 2637 1709 perfecte

1575 1713 1733 1750 obedire
1770 1714 1876 1750 Deo:
1914 1725 1936 1750 a
1969 1725 2048 1761 quo
2084 1713 2222 1751 decidit
2249 1714 2480 1762 quicumque
2515 1725 2637 1750 unum

1573 1772 1820 1815 praeceptum
1835 1765 2115 1814 transgreditur,
2132 1766 2344 1803 secundum
2364 1766 2456 1803 illud
2475 1766 2548 1803 Iac.
2565 1778 2588 1804 11
2600 1766 2636 1803 *τ’

1578 1819 1654 1860 Qui
1677 1818 1834 1868 offendit
1859 1819 1896 1855 in
1926 1830 2000 1855 uno
2022 1819 2150 1866 factus
2177 1824 2232 1855 est
2256 1819 2424 1857 omnium
2452 1831 2553 1856 reus.

1624 1954 1646 1982 ε)
1667 1950 1839 1975 Ecclesiam·
1856 1957 1924 1982 quae
1938 1949 2063 1981 procedit
2081 1956 2119 1975 ex
2138 1949 2252 1975 veritate
2266 1949 2358 1981 prima
2377 1949 2476 1974 addunt
2489 1950 2535 1974 Pa.

1623 1985 1649 2017 ζ)
1668 1986 1733 2010 vult.
1746 1999 1765 2004 -
1782 1992 1835 2010 non
1854 1985 1912 2010 vult
1930 1985 1977 2010 Pa.

1622 2021 1650 2053 η)
1668 2021 1821 2046 articulum.
1834 2033 1853 2039 —
1863 2020 1934 2053 fidei
1952 2020 2050 2045 addunt
2069 2020 2114 2045 Pa.

1623 2054 1647 2089 θ)
1666 2063 1705 2080 eo.
1719 2069 1737 2075 -
1755 2055 1846 2081 eodem
1865 2056 1912 2080 Pa.

1623 2090 1641 2124 ι)
1662 2091 1799 2116 intellectis
1822 2098 1895 2116 sane.
1913 2104 1932 2110 -
1949 2097 2013 2115 sane
2037 2090 2175 2115 intellectis
2193 2089 2230 2121 E,
2250 2089 2421 2123 intelligentis
2445 2097 2509 2116 sane
2533 2089 2636 2118 PDGJK

1571 2133 1621 2151 sim
1640 2130 1666 2150 et
1683 2133 1710 2151 a.
1727 2140 1746 2145 —
1765 2126 1801 2150 Et
1819 2126 1905 2151 ideo...
1923 2129 1999 2151 caret
2016 2133 2068 2150 om.
2088 2125 2118 2149 L.

1122 2223 1454 2256 commentaria
1475 2222 1727 2255 Cardinalis
1748 2221 1950 2254 Caietam

483 2325 503 2344 n
525 2314 658 2345 articulo
673 2315 765 2346 tertio
782 2315 924 2347 eiusdem
937 2315 1065 2356 quintae
1081 2315 1275 2356 quaestionis
1292 2316 1357 2346 duo
1374 2315 1391 2334 *
1407 2325 1515 2346 occur-

456 2326 558 2389 Irunt
580 2358 685 2390 dubia.
714 2359 825 2390 Unum
853 2366 915 2396 est,
940 2359 1108 2400 quomodo
1138 2359 1324 2399 intelligitur
1346 2359 1435 2400 quod
1459 2360 1516 2389 do-

453 2402 551 2433 ctrina
573 2402 730 2434 Ecclesiae
761 2403 800 2434 sit
822 2403 995 2434 infallibilis
1027 2403 1153 2443 regula,
1178 2404 1221 2434 ita
1250 2410 1286 2434 ut
1307 2404 1454 2434 recedens
1477 2404 1516 2434 ab

451 2446 520 2487 ipsa
544 2447 668 2477 recedat
691 2457 709 2477 a
732 2447 852 2478 ratione
876 2447 1001 2478 formali
1025 2447 1139 2478 obiecti
1162 2447 1245 2478 fidei.
1271 2447 1332 2478 Sed
1359 2447 1434 2488 quia
1454 2447 1516 2478 hoc

453 2491 645 2521 declaratum
661 2488 751 2521 estin
764 2502 818 2532 qu.
831 2502 841 2521 1
857 2499 913 2522 art.
933 2503 958 2528 1,
975 2491 1007 2521 in
1023 2492 1120 2522 dubio
1140 2492 1155 2522 3
1170 2498 1201 2521 et
1212 2501 1233 2530 4
1249 2491 1274 2526 ²¹²,
1293 2501 1357 2521 non
1374 2498 1420 2521 est
1432 2501 1515 2532 opus

452 2535 671 2575 replicatione,
696 2536 750 2565 sed
774 2535 943 2566 additione.
984 2536 1041 2566 Est
1064 2535 1221 2576 siquidem
1245 2535 1384 2566 Ecclesia
1407 2535 1515 2574 regula

450 2579 483 2608 in
507 2579 718 2619 proponendo
742 2586 773 2610 et
795 2580 827 2609 in
851 2580 1036 2619 explicando
1060 2579 1223 2615 credenda,
1245 2579 1384 2609 divinam
1402 2578 1513 2609 verita-

451 2630 516 2653 tem
539 2623 751 2654 revelatricem
775 2623 962 2654 modificans
986 2624 1093 2664 quoad
1117 2623 1189 2659 hoc,
1213 2623 1324 2654 saltem
1347 2623 1449 2654 nobis.
1474 2623 1515 2654 Et

451 2674 618 2707 propterea
639 2667 787 2698 recedens
811 2678 827 2697 a
851 2667 1034 2698 conditione
1058 2666 1258 2698 modificante
1278 2666 1514 2707 rationemvfor-

452 2711 578 2748 malem,
603 2711 718 2742 scilicet
741 2712 904 2742 veritatem
929 2711 1068 2742 divinam
1102 2710 1333 2747 revelatricem,
1358 2710 1474 2741 recedit
1496 2721 1514 2740 a

451 2755 571 2786 ratione
595 2755 720 2786 formali
744 2755 858 2787 obiecti
881 2755 963 2786 fidei.
998 2756 1039 2786 Et
1062 2755 1105 2786 sic
1128 2765 1192 2786 non
1222 2755 1329 2785 solum
1357 2754 1473 2784 recedit
1495 2764 1514 2784 a

451 2799 571 2830 ratione
602 2799 727 2829 formali
758 2800 872 2830 obiecti
903 2799 975 2830 fidei
1006 2799 1154 2830 recedens
1176 2809 1194 2829 a
1218 2798 1325 2838 regula
1356 2798 1513 2829 Ecclesiae

451 2850 617 2883 propterea
640 2844 716 2884 quia
738 2844 853 2874 recedit
876 2844 915 2874 ab
939 2854 1005 2874 uno
1029 2843 1161 2874 articulo
1185 2843 1338 2878 revelato,
1362 2849 1398 2873 ut
1420 2851 1512 2882 supe-

452 2887 548 2918 rius*
564 2887 714 2918 diximus:
748 2888 803 2918 sed
831 2887 925 2919 etiarn
948 2887 1024 2928 quia
1053 2887 1168 2918 recedit
1199 2897 1218 2917 a
1248 2886 1430 2917 conditione
1457 2895 1512 2916 seu

452 2931 551 2962 modo
567 2931 696 2962 rationis
713 2931 855 2962 formalis
871 2931 986 2963 obiecti
1001 2938 1144 2971 respectu
1157 2931 1266 2962 nostri.
1283 2930 1324 2961 Et
1339 2929 1400 2960 hoc
1414 2930 1512 2970 plano

453 2975 558 3006 sensui
581 2975 701 3006 litterae
725 2975 904 3016 respondet.
930 2976 1013 3006 Nam
1038 2975 1129 3016 ponit
1147 2975 1310 3006 veritatem
1328 2973 1465 3015 primam
1481 2973 1514 3004 in

453 3019 619 3059 Scripturis
643 3025 674 3049 et
697 3019 838 3049 doctrina
866 3019 1024 3050 Ecclesiae
1047 3019 1203 3050 rationem
1235 3018 1403 3049 formalem
1425 3017 1512 3048 fidei:

452 3063 615 3093 veritatem
645 3063 780 3102 primam
810 3063 940 3103 quidem
971 3070 1007 3094 ut
1036 3063 1139 3103 ipsam
1166 3063 1322 3103 rationem
1352 3061 1512 3098 credendi;

453 3106 742 3137 manifestationem
771 3113 878 3137 autem
908 3107 1085 3147 Scripturae
1109 3114 1139 3138 et
1161 3106 1318 3138 Ecclesiae
1346 3112 1382 3137 ut
1405 3105 1513 3136 condi-

452 3151 574 3182 tionem
597 3160 661 3191 qua
683 3151 795 3181 veritas
818 3150 920 3191 prima
942 3151 1095 3191 proponit
1118 3157 1149 3182 et
1171 3150 1305 3191 explicat
1327 3150 1464 3190 seipsam
1484 3155 1515 3180 et

453 3195 514 3226 alia
537 3195 701 3225 credenda.
725 3194 922 3225 Huiusmodi
937 3201 1044 3226 autem
1059 3194 1266 3231 conditiones,
1282 3194 1356 3225 licet
1370 3200 1513 3234 respectu

453 3238 526 3269 fidei
553 3238 736 3279 simpliciter
766 3248 831 3268 non
860 3238 921 3270 sint
949 3239 987 3269 de
1019 3239 1194 3279 integritate
1227 3237 1368 3269 formalis
1401 3237 1514 3268 obiecti

453 3282 526 3313 fidei
551 3281 601 3324 (ut
623 3288 710 3322 patet
732 3282 770 3312 de
793 3282 855 3312 fide
874 3282 968 3322 primi
991 3282 1140 3320 hominis,
1161 3283 1186 3313 si
1210 3282 1243 3313 in
1259 3287 1422 3313 aeternum
1438 3281 1514 3312 fuis-

453 3334 499 3358 set
522 3326 620 3363 solus,
637 3333 668 3357 et
690 3326 730 3356 de
752 3326 814 3356 fide
832 3327 1020 3366 angelorum
1039 3327 1070 3357 in
1091 3337 1148 3357 sua
1165 3325 1241 3367 via),
1266 3333 1341 3356 sunt
1354 3333 1460 3357 tamen
1476 3326 1515 3356 de

453 3371 627 3411 integritate
650 3370 766 3401 obiecti
789 3370 930 3401 formalis
953 3369 1026 3400 fidei
1050 3378 1185 3402 nostrae.

509 3415 547 3445 11.
573 3415 756 3445 Secundum
786 3414 921 3444 dubium
951 3421 997 3444 est
1025 3425 1061 3445 ex
1093 3414 1262 3450 Durando,
1291 3413 1324 3443 in
1349 3413 1390 3443 111
1414 3413 1513 3450 Sent„

1570 2314 1717 2345 contrarii
1739 2313 1862 2345 habitui
1885 2321 1945 2346 stat
1968 2324 2043 2344 cum
2065 2313 2184 2344 habitu.
2217 2314 2304 2353 Ergo
2327 2313 2478 2344 admissio
2500 2313 2635 2346 alicuius

1570 2365 1680 2389 contra
1702 2357 1798 2389 fidem
1822 2365 1882 2389 stat
1914 2368 1988 2388 cum
2011 2357 2121 2389 habitu
2144 2356 2227 2388 fidei.
2244 2374 2265 2380 —
2280 2357 2479 2388 Antecedens
2502 2356 2635 2401 manife7

1569 2409 1668 2433 statur
1697 2402 1865 2433 inductive.
1898 2402 1940 2432 Et
1962 2402 1996 2432 in
2018 2401 2177 2432 habitibus
2205 2400 2471 2432 intellectualibus
2493 2407 2580 2442 patet
2600 2400 2634 2433 in

1569 2446 1714 2482 scientia,
1740 2446 1830 2477 cuius
1861 2455 1947 2476 error
1976 2446 2009 2476 in
2033 2455 2097 2476 una
2126 2444 2331 2475 conclusione
2361 2454 2427 2475 non
2459 2445 2635 2486 corrumpit

1568 2491 1734 2526 habitum;
1766 2497 1796 2520 et
1822 2490 1855 2519 in
1879 2489 2052 2520 moralibus
2084 2498 2148 2519 una
2177 2488 2329 2520 iniustitia
2358 2498 2426 2519 non
2458 2489 2635 2530 corrumpit

1567 2534 1713 2565 habitum
1728 2533 1879 2570 iustitiae;
1901 2540 1931 2564 et
1950 2533 2052 2564 simile
2067 2539 2114 2564 est
2127 2533 2161 2563 in
2178 2533 2256 2564 aliis.
2268 2550 2290 2556 -
2306 2532 2544 2574 Consequentia
2556 2543 2632 2564 vero

1567 2579 1730 2618 probatur.
1754 2577 1836 2615 Quia
1854 2587 1911 2617 par
1926 2584 1972 2608 est
1987 2577 2067 2608 ratio
2088 2577 2126 2607 de
2142 2577 2292 2608 omnibus
2310 2577 2469 2608 habitibus
2485 2577 2541 2618 qui
2556 2587 2631 2618 pos-

1567 2628 1642 2653 sunt
1665 2632 1732 2652 esse
1754 2621 1917 2653 informes.
1953 2620 2137 2652 Commune
2167 2631 2306 2662 namque
2329 2627 2376 2652 est
2400 2621 2490 2652 omni
2511 2621 2634 2657 habitui

1567 2665 1701 2696 refutare
1724 2666 1893 2702 contraria;
1925 2672 1955 2695 et
1978 2675 2043 2695 non
2067 2665 2251 2696 necessitate
2280 2665 2449 2695 habentem
2476 2665 2569 2696 illum
2592 2665 2632 2696 ad

1567 2709 1790 2740 refutationem
1814 2709 1969 2745 contrarii,
1995 2709 2049 2739 sed
2071 2708 2221 2739 inclinare
2244 2715 2368 2739 tantum
2392 2709 2432 2738 ad
2455 2708 2527 2740 hoc.

1622 2753 1779 2789 Secundo,
1797 2753 1872 2793 quia
1892 2752 2065 2783 haereticus
2084 2752 2212 2783 assentit
2234 2752 2283 2782 his
2302 2761 2384 2793 quae
2407 2759 2494 2783 tenet
2516 2753 2556 2784 de
2569 2751 2631 2783 fide

1567 2804 1602 2828 ut
1621 2796 1718 2837 prius,
1741 2797 1826 2836 Ergo
1843 2797 1937 2827 habet
1955 2796 2092 2826 eundem
2107 2795 2261 2827 habitum.
2277 2814 2297 2818 -
2311 2797 2453 2827 Anteced
2460 2806 2516 2827 ens
2534 2803 2630 2837 patet.

1567 2841 1651 2878 Quia
1674 2847 1804 2881 propter
1826 2840 2043 2871 auctoritatem
2068 2839 2208 2870 divinam
2230 2840 2367 2876 assentit,
2387 2840 2534 2881 quamvis
2551 2847 2632 2872 erret

1566 2885 1599 2915 in
1623 2884 1819 2925 expositione
1842 2884 1974 2915 alicuius
1997 2884 2186 2924 Scripturae.

1622 2928 1674 2959 111.
1699 2929 1750 2959 Ad
1766 2929 1828 2959 hoc
1844 2927 1957 2959 dicitur
1979 2928 2069 2968 quod
2083 2927 2254 2958 Durandus
2269 2926 2413 2959 fundavit
2430 2927 2630 2968 phantasiam

1566 2973 1648 3003 hanc
1671 2972 1783 3003 nolens
1814 2971 1996 3012 intelligere,
2025 2978 2182 3013 quantum
2210 2978 2356 3012 apparet:
2382 2971 2537 3013 quoniam
2563 2978 2630 3006 non

1567 3016 1725 3047 examinat
1740 3011 1896 3047 rationem
1910 3015 2039 3052 litterae,
2056 3025 2137 3056 quae
2152 3025 2247 3056 super
2261 3015 2388 3046 formali
2406 3015 2527 3047 ratione
2543 3015 2630 3046 obie-

1568 3061 1609 3091 cti
1625 3067 1656 3092 et
1670 3060 1755 3091 illius
1770 3060 1938 3100 negatione
1953 3059 2114 3091 fundatur.
2138 3058 2304 3091 Contraria
2318 3059 2439 3100 quippe
2461 3057 2630 3091 materialiss

1567 3111 1614 3136 ter
1633 3110 1739 3144 potest
1752 3104 1879 3135 habitus
1893 3103 2017 3136 virtutis
2034 3103 2188 3144 compan':
2211 3103 2266 3134 sed
2287 3103 2443 3135 contraria
2455 3103 2628 3136 formaliter

1567 3148 1764 3190 impossibile
1788 3155 1835 3179 est
1857 3148 1946 3189 quod
1970 3147 2190 3188 compatiatur,
2214 3147 2275 3178 nisi
2293 3157 2342 3178 res
2361 3147 2428 3178 sine
2449 3157 2507 3179 sua
2525 3146 2630 3189 specie

1568 3203 1634 3224 esse
1650 3193 1767 3233 possit;
1788 3192 1877 3234 quod
1891 3202 1956 3223 non
1974 3199 2021 3227 est
2033 3191 2239 3232 intelligibile.
2257 3191 2423 3232 Quidquid
2438 3201 2513 3232 ergo
2529 3190 2631 3225 aufert

1568 3237 1724 3268 rationem
1747 3236 1915 3267 formalem
1944 3235 2070 3267 habitus
2093 3236 2131 3266 ab
2155 3235 2301 3272 habente,
2325 3235 2501 3266 necessario
2528 3234 2629 3274 aufert

1567 3280 1729 3311 habitum:
1754 3290 1811 3311 nec
1834 3287 1940 3321 potest
1962 3289 2123 3311 remanere
2146 3279 2206 3310 nisi
2228 3279 2401 3320 aequivoce
2425 3285 2455 3310 et
2477 3289 2534 3319 per
2547 3276 2628 3309 acci-

1569 3325 1656 3360 dens,
1681 3331 1716 3355 ut
1739 3324 1893 3364 contingit
1915 3324 1948 3355 in
1971 3324 2129 3355 habitibus
2153 3323 2323 3364 acquisitis.

1623 3368 1674 3399 Ad
1697 3368 1837 3408 primum
1861 3378 1935 3409 ergo
1958 3368 1991 3399 in
2008 3367 2194 3409 oppositum
2217 3367 2330 3398 dicitur
2345 3366 2443 3407 quod,
2463 3365 2626 3407 loquendo

1568 3413 1606 3442 de
1630 3412 1787 3443 contrario
1811 3412 1994 3449 formaliter,
2018 3419 2149 3452 negatur
2172 3411 2366 3442 antecedens.
2391 3410 2432 3440 Et
2454 3409 2494 3440 ad
2513 3409 2625 3450 proba-

454 3458 524 3489 dist.
547 3469 632 3497 xxm,
656 3469 710 3499 qu.
730 3469 760 3495 v,
784 3465 839 3489 art.
866 3468 882 3488 2
899 3457 927 3494 ἦ
948 3458 1100 3489 sustinere
1123 3458 1241 3489 nitente
1256 3457 1344 3498 quod
1363 3457 1394 3487 in
1411 3457 1515 3487 haere-
1567 3456 1688 3487 tionem
1711 3457 1749 3486 de
1774 3456 1901 3487 scientia
1925 3456 2038 3488 dicitur
2052 3456 2140 3497 quod
2157 3455 2271 3486 falsum
2290 3454 2470 3490 assumitur,
2490 3453 2578 3494 quod
2594 3453 2627 3483 in

454 3502 516 3533 tico
540 3509 700 3533 remaneat
721 3501 798 3532 fides
822 3502 976 3533 informis.
1001 3502 1119 3538 Primo,
1144 3502 1219 3543 quia
1246 3501 1396 3532 admissio
1420 3500 1515 3531 unius
1567 3510 1671 3531 errore
1681 3500 1775 3531 unius
1788 3500 2000 3531 conclusionis
2017 3499 2201 3531 interveniat
2214 3498 2413 3530 contrarietas
2429 3494 2626 3528 formaliter*
2652 3503 2790 3531 ‘son-aus
2802 3509 2840 3526 u.

2666 1777 2675 1785 ·
2688 1775 2757 1798 Ven-
2772 1781 2806 1799 ιο.
