2892 4056
137 213 208 240 ’Qu-
223 218 276 234 xxi-i
281 215 344 238 y‚ai-t

136 239 157 265 6,
173 239 223 260 :idi

135 618 144 626 ⁴
160 617 225 638 Vei-s.
239 623 272 645 35.

134 723 144 732 ⁸
160 721 226 743 Vers.
241 727 277 749 34.

134 835 143 844 ⁸
167 834 200 855 Co
202 836 293 855 mment.
318 835 342 855 in

132 859 225 886 Mami„
237 860 276 881 li.b
285 860 319 887 1‚s

133 892 200 914 peri
189 887 217 907 lu
219 892 248 907 nc
262 876 306 908 loc'.

133 1044 144 1054 ⁸
157 1042 222 1064 Vei-s.
239 1042 262 1064 6.

132 2083 341 2137 ngfffifffflz

132 2183 199 2213 ἀι.
206 2188 256 2207 uu.
267 2187 310 2205 m.
318 2183 341 2205 6.
386 2192 388 2194 v
420 2174 437 2188 ¹

131 2446 218 2495 :22⁰ss
224 2452 294 2494 ’ἷὲέἒῐ
301 2451 342 2493 3,·ιῖ

131 2658 202 2680 ’.Αη
212 2663 237 2687 3,
252 2661 341 2686 quaest.

130 2690 201 2710 ΣΙ-ΝΙΙ,
225 2688 267 2706 m.
291 2690 319 2706 Ι.

131 2711 168 2733 ef.
183 2716 343 2761 quituiia'rroii-

130 2736 182 2759 uod

131 2763 200 2785 huius
213 2769 253 2791 qn.

133 3370 142 3379 ·
157 3369 214 3399 Cup.
237 3375 290 3395 nv,
312 3369 343 3391 al.

132 3401 190 3420 xvn,
197 3401 219 3416 m
227 3399 272 3416 vet.
278 3401 341 3416 xxxi.

1048 129 1311 175 QUAEsTlo
1342 130 1425 177 Lv,
1453 130 1744 166 ART1CULUS
1772 112 1856 166 v1i1

373 217 470 251 rum,
498 212 538 241 ut
565 216 679 252 supra
697 204 717 226 '¹‘
737 205 878 242 dictum
909 213 974 242 est.
1004 207 1105 254 Ergo
1134 207 1345 243 virtuosum
1376 214 1457 244 est

373 257 560 294 sollicitari
589 257 635 293 de
664 257 806 294 futuris.

428 310 462 346 3.
491 310 726 356 PRAETEREA,
770 309 1002 358 quicumque
1045 311 1193 358 reponit
1224 310 1365 358 aliquid
1392 311 1430 347 in

371 369 565 409 posterum
587 363 895 399 conservandum
915 362 1095 399 sollicitus
1119 371 1175 399 est
1193 362 1231 399 in
1251 363 1428 400 futurum.

373 413 450 450 Sed
475 414 557 463 ipse
586 414 754 451 Christus
781 415 925 462 legitur,
955 416 1057 451 Ioan.
1077 414 1174 461 xt1*,
1202 415 1346 452 loculos
1365 416 1430 452 ha-

372 466 498 503 buisse
526 466 575 503 ad
603 466 742 514 aliquid
771 467 1090 513 conservandum,
1112 479 1208 515 quos
1234 467 1346 504 ludas
1367 468 1430 504 de-

372 519 525 555 ferebat.
555 519 728 566 Apostoli
748 520 860 556 etiam
882 520 1158 556 conservabant
1176 520 1295 567 pretia
1323 532 1430 567 prae-

373 571 536 617 diorum,
568 583 666 618 quae
703 577 790 608 ante
814 572 925 620 pedes
952 583 1083 607 eorum
1106 573 1360 619 ponebantur,
1389 580 1430 608 ut

370 623 505 671 legitur
540 625 622 660 Act.
653 636 687 660 1v
715 623 745 660 ²⁸.
785 625 886 671 Ergo
921 623 1063 660 licitum
1101 632 1156 660 est
1191 625 1230 660 in
1261 625 1428 660 futurum
1455 635 1456 643 ¹

371 675 572 712 sollicitari.

381 724 386 728 '
425 729 500 764 Sat>
515 739 660 764 CONTRA
675 739 740 764 EST
755 729 859 775 quod
879 729 1068 765 Dominus
1084 727 1182 774 dicit,
1199 728 1332 764 Matth.
1349 728 1427 764 vi*:

370 781 498 817 Nolite
524 780 672 816 solliciti
698 792 775 816 esse
802 781 839 817 in
868 781 1084 817 crastinum.
1119 781 1213 817 Cras
1232 788 1359 816 autem
1378 780 1429 816 ibi

370 832 522 881 ponitur
549 845 618 880 pro
635 834 792 880 futuro,
824 833 918 869 sicut
946 833 1033 870 dicit
1061 833 1320 880 Hieronymus
1343 832 1374 868 ²¹⁶.

424 886 648 921 RESPONDEO
668 897 850 922 DlCENDUM
879 885 985 933 quod
1013 885 1158 920 nullum
1188 897 1286 932 opus
1305 892 1430 932 potest
1455 881 1456 892 ¹

371 950 453 974 esse
481 937 691 973 virtuosum
720 937 790 973 nisi
819 937 952 973 debitis
982 936 1266 972 circumstantiis
1294 936 1428 972 vestia-

370 998 447 1035 tur;
475 989 571 1026 inter
598 1001 691 1037 quas
718 1001 795 1025 una
823 996 879 1024 est
907 989 1078 1025 debitum
1106 997 1268 1036 tempus,
1298 1000 1430 1024 secun·
1455 991 1457 997 ’

371 1042 463 1078 dum
491 1041 582 1078 illud
609 1041 732 1077 Eccle.
761 1040 875 1077 vi11*:
910 1042 1022 1078 Omni
1039 1041 1188 1090 negotio
1208 1046 1351 1088 tempus
1378 1046 1432 1076 est

369 1100 404 1130 et
432 1093 698 1142 opportunitas.
729 1094 846 1139 Quod
865 1106 943 1130 non
972 1094 1095 1130 solum
1124 1094 1162 1130 in
1182 1093 1428 1130 exterioribus

369 1146 559 1195 operibus,
590 1146 657 1182 sed
687 1146 799 1183 etiam
827 1146 865 1182 in
892 1146 1058 1183 interiori
1095 1146 1342 1182 sollicitudine
1374 1146 1428 1181 lo-

369 1211 458 1236 cum
493 1199 619 1236 habet.
658 1198 873 1257 Unicuique
912 1199 1012 1235 enim
1050 1199 1212 1258 tempori
1249 1198 1430 1247 competit

367 1251 522 1300 propria
550 1251 777 1289 sollicitudo:
817 1251 911 1288 sicut
947 1251 1110 1299 tempori
1139 1251 1286 1288 aestatis
1325 1262 1427 1287 com-

366 1303 477 1353 petit
487 1295 697 1341 sollicitudo
727 1303 906 1351 metendi,
935 1304 1099 1352 tempori
1127 1303 1297 1340 autumni
1316 1301 1329 1324 δ
1358 1304 1430 1339 sol-

368 1356 521 1393 licitudo
540 1356 768 1393 vindemiae.
799 1357 839 1393 Si
867 1356 950 1405 quis
971 1369 1060 1404 ergo
1088 1364 1261 1405 tempore
1281 1355 1429 1392 aestatis

370 1409 416 1446 de
431 1409 648 1446 vindemia'
640 1421 716 1445 iam
738 1417 835 1445 esset
853 1409 1044 1455 sollicitus,
1065 1409 1256 1457 superflue
1271 1420 1428 1457 praeoc-

369 1469 524 1510 cuparet
537 1461 648 1498 futuri
663 1462 844 1509 temporis
860 1461 1161 1498 sollicitudinem.
1177 1461 1288 1498 Unde
1302 1461 1429 1496 huius·
1454 1477 1456 1490 ι

367 1514 474 1552 modi
503 1514 791 1551 sollicitudinem
820 1521 1002 1561 tanquam
1030 1513 1264 1561 superfluam
1297 1513 1428 1548 Domi-

368 1578 439 1603 nus
466 1567 653 1615 prohibet,
685 1566 831 1603 dicens:
860 1566 989 1603 Nolite
1006 1565 1152 1602 solliciti
1178 1577 1256 1602 esse
1279 1566 1316 1601 in
1345 1577 1428 1601 cra-

419 1678 445 1712 ὀ)
465 1679 578 1711 tempori
595 1679 726 1704 autumni.
743 1692 763 1697 —
781 1679 894 1711 tempori
916 1682 1004 1703 autem
1028 1679 1151 1704 autumni
1169 1679 1204 1709 B,
1224 1678 1276 1710 ipsi
1299 1681 1428 1703 autumno

366 1717 456 1740 autem
474 1714 600 1746 competit
617 1715 646 1739 P.

2459 129 2535 174 403

1481 208 1616 244 stinum
1635 207 1666 243 ²³⁸.
1708 208 1818 244 Unde
1847 207 1991 244 subdit:
2027 207 2218 243 Crastinus
2246 206 2343 242 enim
2368 206 2442 242 dies
2466 205 2537 242 sol-

1456 284 1457 289 ι
1482 260 1600 295 licitus
1628 260 1697 295 erit
1721 260 1793 296 sibi
1818 260 1906 307 ipsi,
1936 259 2042 305 idest,
2072 271 2180 296 suam
2218 258 2409 306 propriam
2439 258 2536 295 solli-

1456 311 1686 353 ,citudinem
1727 312 1905 358 habebit,
1947 324 2045 359 quae
2085 311 2246 348 sufficiet
2282 310 2330 347 ad
2367 311 2536 346 animum

1482 363 1740 410 affligendum.
1772 365 1819 400 Et
1835 365 1910 401 hoc
1930 371 1986 400 est
2004 364 2108 411 quod
2129 363 2270 400 subdit:
2301 363 2446 410 Sufficit
2465 362 2539 398 diei

1483 415 1625 452 malitia
1652 427 1734 461 sua,
1762 416 1857 453 idest
1876 416 2027 453 afflictio
2057 414 2326 452 sollicitudinis,

1535 470 1593 504 AD
1622 479 1758 504 PRiMUM
1781 480 1878 504 ERGO
1897 479 2079 505 mcENDUM
2109 468 2212 516 quod
2241 466 2398 503 formica
2425 467 2539 502 habet

1455 535 1457 557 ῑ
1483 520 1771 556 sollicitudinem
1807 532 2012 567 congruam
2047 521 2227 568 tempori:
2264 527 2299 556 et
2325 519 2399 555 hoc
2428 519 2537 555 nobis

1482 572 1707 609 imitandum
1734 573 1970 621 proponitur.

1534 627 1592 660 AD
1626 636 1816 661 SECUNDUM
1857 636 2039 661 DlCENDUM
2071 624 2177 673 quod
2210 624 2258 660 ad
2298 623 2537 671 prudentiam

1455 718 1456 723 Ἰ
1481 676 1641 724 pertinet
1667 676 1905 724 providentia
1933 677 2058 713 debita
2082 677 2305 712 futurorum.
2336 676 2445 711 Esset
2474 688 2539 711 au-

1455 730 1456 742 *
1482 736 1558 764 tem
1587 729 1798 766 inordinata
1827 729 2038 765 futurorum
2075 728 2315 777 providentia
2346 729 2407 764 vel
2441 727 2539 763 solli-

1483 781 1608 817 citudo
1638 781 1668 817 si
1688 781 1770 829 quis
1799 781 2032 829 temporalia,
2054 781 2090 817 in
2120 781 2256 829 quibus
2281 780 2414 817 dicitur
2432 792 2538 828 prae-

1455 833 1631 879 {teritum
1671 841 1706 868 et
1742 834 1928 879 futurum,
1967 842 2146 881 tanquem
2185 834 2280 869 fines
2317 840 2536 881 quaereret;

1480 886 1543 921 vel
1571 885 1601 921 si
1630 885 1821 932 superflua
1850 893 2047 932 quaereret
2075 887 2168 922 ultra
2205 885 2410 933 praesentis
2437 885 2538 920 vitae

1455 936 1760 987 {necessitatem;
1795 938 1857 973 vel
1887 938 1916 973 si
1952 946 2103 985 tempus
2144 937 2398 974 sollicitudinis
2430 949 2538 985 prae-

1483 996 1697 1036 occuparet.

1534 1043 1593 1076 AD
1626 1052 1786 1077 TERTiuM
1820 1053 2003 1077 DICENDUM
2037 1041 2159 1088 quod,
2189 1041 2283 1077 sicut
2309 1041 2538 1088 Augustinus

1483 1093 1581 1138 dicit,
1610 1092 1648 1128 in
1676 1092 1770 1128 libro
1800 1094 1845 1129 de
1873 1094 1990 1129 Serm.
2020 1095 2132 1129 Dom.
2163 1094 2198 1129 in
2227 1094 2361 1129 Monte
2391 1094 2422 1140 *‚
2451 1105 2537 1129 cum

1481 1145 1683 1181 viderimus
1710 1145 1872 1192 aliquem
1899 1156 2049 1182 servum
2078 1147 2153 1182 Dei
2173 1146 2374 1193 providere
2401 1158 2447 1182 ne
2470 1146 2537 1182 ista

1482 1198 1691 1234 necessaria
1718 1198 1789 1234 sibi
1815 1198 1942 1243 desint,
1963 1210 2036 1234 non
2066 1199 2268 1234 iudicemus
2288 1210 2372 1234 eum
2392 1199 2437 1234 de
2455 1210 2538 1234 cra-

1479 1251 1574 1286 stino
1592 1250 1787 1286 sollicitum
1807 1262 1894 1286 esse.
1919 1251 2024 1287 Nam
2044 1256 2080 1286 et
2096 1251 2172 1298 ipse
2186 1251 2372 1287 Dominus
2383 1256 2539 1298 propter

1481 1303 1693 1350 exemplum
1721 1303 1861 1339 loculos
1879 1304 2018 1339 habere
2035 1303 2210 1352 dignatus
2229 1308 2298 1345 est,·
2325 1308 2360 1338 et
2382 1304 2418 1339 in
2437 1303 2537 1339 Acti-

1454 1358 1455 1365 *
1481 1356 1548 1392 bus
1575 1355 1838 1403 Apostolorum
1857 1356 2035 1403 scriptum
2055 1361 2108 1391 est
2133 1367 2177 1392 ea
2206 1367 2302 1403 quae
2325 1355 2375 1391 ad
2400 1355 2538 1392 victum

1480 1413 1567 1444 sunt
1593 1408 1800 1444 necessaria
1814 1413 2021 1456 procurata
2040 1419 2118 1444 esse
2136 1409 2172 1444 in
2195 1409 2368 1454 futurum
2386 1413 2540 1455 propter

1481 1460 1733 1496 imminentem
1751 1461 1914 1507 famem.
1943 1461 2034 1497 Non
2063 1472 2156 1509 ergo
2189 1461 2374 1496 Dominus
2401 1461 2538 1508 impro-

1483 1513 1547 1549 bat
1575 1513 1608 1548 si
1642 1513 1722 1560 quis
1755 1513 1921 1549 humano
1957 1525 2063 1548 more
2099 1513 2167 1549 ista
2198 1518 2392 1560 procuret.-
2419 1512 2483 1548 sed
2508 1512 2541 1548 si

1454 1571 1456 1586 *
1483 1565 1563 1612 quis
1585 1570 1742 1612 propter
1769 1565 1837 1601 ista
1865 1565 1994 1600 militet
2010 1569 2022 1585 ⁸
2049 1566 2143 1601 Deo.

1537 1678 1559 1710 ε)
1580 1678 1683 1702 militet.
1702 1691 1721 1697 —
1740 1685 1791 1702 non
1812 1677 1906 1702 militet
1925 1677 1955 1702 P.

1143 1839 1460 1880 ARTICULUS
1488 1838 1760 1880 OCTAVUS

898 1931 1053 1962 UTRUM
1071 1930 1312 1962 Huiusmom
1336 1930 1455 1961 νιτιΑ
1478 1929 1704 1960 omANTUR
1720 1929 1777 1959 Ex
1800 1929 2008 1959 AVARITIA

1068 2009 1143 2039 Infra,
1161 2017 1206 2042 qu.
1224 2015 1310 2040 cxvrn,
1329 2013 1378 2034 art.
1396 2007 1426 2038 8;
1446 2008 1488 2033 De
1505 2007 1589 2037 Malo,
1609 2015 1655 2040 qu.
1672 2015 1725 2038 xm,
1738 2007 1792 2032 art.
1812 2006 1835 2032 3.

401 2099 462 2132 jis-92
488 2106 554 2144 ,Ἤν
579 2094 602 2118 D
617 2093 787 2118 OCTAVUM
802 2093 855 2117 stc
871 2080 1135 2118 PRocnnl‘ruR*.
1151 2079 1310 2117 Videtur
1323 2080 1427 2128 quod

397 2126 549 2195 ‘UA‘QR
579 2133 800 2170 huiusmodi
836 2133 927 2169 vitia
954 2145 1032 2170 non
1069 2133 1238 2169 oriantur
1266 2145 1309 2168 ex
1338 2144 1428 2168 ava-

388 2218 407 2242 ”“
426 2211 545 2267 εἰῶ,
537 2233 566 2265 ι,

370 2344 504 2382 rationi
524 2352 660 2392 rectae,
681 2344 820 2380 scilicet
837 2342 1071 2392 prudentiae.
1092 2343 1194 2389 Ergo
1210 2342 1429 2379 huiusmodi

368 2397 459 2435 vitia
476 2397 640 2434 maxime
661 2409 705 2432 ex
724 2395 870 2433 luxuria
889 2395 1072 2432 oriuntur:
1096 2395 1318 2443 praesertim
1339 2406 1427 2431 cum

369 2450 625 2498 Philosophus
653 2449 768 2495 dicat,
797 2449 835 2485 in
862 2449 931 2485 VII
958 2448 1079 2484 Ethic.
1107 2447 1139 2507 *3
1170 2447 1274 2496 quod
1308 2448 1429 2484 Venus

370 2509 424 2540 est
449 2503 591 2549 dolosa,
620 2508 656 2539 et
681 2502 759 2538 eius
777 2501 945 2550 corrigia
973 2506 1027 2537 est
1050 2501 1172 2546 varia,
1193 2507 1229 2536 et
1257 2500 1359 2548 quod
1379 2512 1428 2536 ex

370 2556 510 2593 insidiis
537 2556 620 2604 agit
645 2555 874 2591 incontinens
900 2553 1228 2601 concupiscentiae.

425 2620 458 2645 2.
490 2609 720 2653 PRAETEREA,
740 2607 932 2656 praedicta
950 2605 1041 2643 vitia
1069 2606 1211 2642 habent
1230 2605 1426 2652 quandam

369 2660 652 2698 similitudinem
689 2659 931 2708 prudentiae,
968 2666 1010 2695 ut
1038 2658 1178 2695 dictum
1207 2665 1263 2694 est
1289 2658 1319 2694 ²⁸.
1351 2658 1428 2694 Sed

369 2713 419 2751 ad
437 2713 691 2762 prudentiam,
713 2719 800 2749 cum
829 2712 875 2749 sit
893 2712 931 2748 in
960 2711 1115 2758 ratione,
1137 2711 1322 2748 maiorem
1341 2723 1428 2759 pro-

366 2766 615 2816 pinquitatem
642 2766 784 2802 habere
803 2765 982 2802 videntur
998 2763 1090 2801 vitia
1118 2763 1238 2812 magis
1257 2763 1427 2812 spiritua-

368 2819 429 2865 lia,
459 2819 554 2855 sicut
581 2818 758 2867 superbia
791 2826 827 2854 et
859 2817 980 2854 inanis
1007 2816 1134 2864 gloria.
1165 2818 1267 2864 Ergo
1300 2816 1429 2853 huius-

368 2871 475 2909 modi
493 2871 582 2908 vitia
611 2871 730 2919 magis
748 2870 925 2908 videntur
944 2882 988 2906 ex
1007 2869 1184 2918 superbia
1202 2869 1291 2906 oriri
1310 2881 1426 2917 quarn

370 2936 413 2960 ex
443 2924 610 2961 avaritia.

424 2978 457 3014 3.
482 2977 714 3022 PRAETEREA,
743 2976 863 3012 homo
891 2974 1033 3011 insidiis
1056 2974 1170 3011 utitur
1197 2986 1275 3010 non
1303 2974 1428 3010 solum

368 3029 406 3066 in
427 3029 644 3078 diripiendis
676 3028 786 3066 bonis
818 3027 960 3074 alienis,
990 3027 1057 3064 sed
1083 3027 1194 3063 etiam
1217 3026 1255 3062 in
1288 3026 1429 3062 machi-

369 3081 498 3118 nando
527 3081 686 3118 aliorum
708 3081 865 3118 caedes:
895 3092 1060 3128 quorum
1080 3079 1245 3128 primum
1269 3078 1430 3127 pertinet

369 3133 418 3171 ad
446 3134 653 3181 avaritiam,
675 3134 886 3171 secundum
915 3133 963 3169 ad
982 3133 1087 3169 iram.
1123 3131 1198 3168 Sed
1217 3131 1359 3167 insidiis
1378 3131 1429 3167 uti

368 3186 530 3235 pertinet
566 3186 615 3224 ad
642 3187 828 3233 astutiam,
867 3185 999 3222 dolum
1038 3193 1074 3221 et
1102 3185 1287 3221 fraudem.
1326 3184 1428 3231 Ergo

368 3238 560 3288 praedicta
595 3238 686 3276 vitia
714 3251 791 3276 non
819 3239 944 3275 solum
982 3238 1151 3274 oriuntur
1188 3248 1232 3272 ex
1260 3236 1427 3284 avaritia,

370 3291 438 3328 sed
466 3291 579 3328 etiam
609 3303 653 3328 ex
680 3292 746 3328 ira.

424 3344 498 3381 SED
526 3355 672 3381 coum
704 3356 770 3381 EST
801 3342 907 3391 quod
940 3342 1156 3390 Gregorius,
1187 3342 1310 3378 XXXI
1339 3342 1428 3378 Μο-

370 3395 440 3434 ral.
460 3397 491 3444 *,
521 3397 627 3445 ponit
654 3397 825 3434 fraudem
853 3396 970 3433 filiam
1000 3394 1187 3432 avaritiae.

447 2204 493 2220 v
525 2185 670 2223 ritia.
701 2186 802 2232 Quia
827 2186 922 2222 sicut
940 2185 1081 2222 dictum
1103 2193 1157 2221 est
1175 2186 1206 2230 *,
1235 2197 1303 2233 per
1321 2185 1427 2221 luxu·
1453 2214 1454 2219 ,

553 2239 675 2276 riam
703 2237 867 2275 maxime
896 2238 989 2274 ratio
1013 2237 1152 2286 patitur
1180 2237 1396 2274 defectum
1389 2249 1427 2273 1n
1453 2261 1455 2289 3

370 2304 439 2329 sua
466 2291 698 2329 rectitudine.
730 2291 807 2328 Sed
824 2290 1044 2327 huiusmodi
1072 2290 1163 2327 vitia
1182 2297 1429 2338 opponuntur
1453 2297 1455 2307 ⁴

1533 2080 1757 2116 REsponnsso
1784 2090 1967 2115 DICENDUM
1996 2078 2112 2126 quod,
2137 2077 2232 2114 sicut
2259 2077 2400 2115 dictum
2430 2086 2485 2114 est
2505 2079 2535 2125 ²¹²,

1479 2131 1679 2180 prudentia
1707 2131 1829 2168 carnis
1857 2138 1894 2167 et
1921 2130 2066 2177 astutia,
2092 2142 2179 2167 cum
2210 2130 2299 2167 dolo
2327 2138 2363 2166 et
2391 2131 2536 2177 fraude,

1480 2184 1674 2232 quandam
1703 2183 1984 2220 similitudinem
2009 2184 2149 2220 habent
2169 2195 2256 2219 cum
2281 2183 2482 2231 prudentia
2500 2184 2538 2220 in

1481 2237 1631 2284 aliquali
1657 2248 1729 2272 usu
1749 2235 1914 2272 rationis.
1953 2235 2160 2283 Praecipue
2180 2243 2306 2272 autem
2324 2235 2420 2272 inter
2446 2236 2537 2272 alias

1481 2288 1638 2324 virtutes
1666 2288 1829 2324 morales
1864 2300 1954 2324 usus
1983 2288 2134 2324 rationis
2167 2295 2290 2324 rectae
2318 2296 2474 2336 apparet
2499 2289 2538 2325 in

1481 2341 1639 2387 iustitia,
1674 2352 1772 2388 quae
1802 2347 1857 2376 est
1893 2340 1931 2376 in
1959 2340 2125 2388 appetitu
2154 2340 2336 2376 rationali.
2375 2341 2425 2377 Et
2451 2341 2537 2377 ideo

1481 2406 1572 2430 usus
1600 2393 1752 2429 rationis
1779 2392 1968 2429 indebitus
1996 2393 2107 2429 etiam
2135 2393 2299 2429 maxime
2327 2401 2483 2441 apparet
2500 2394 2538 2430 in

1480 2446 1579 2482 vitiis
1617 2445 1800 2493 oppositis
1837 2445 2008 2481 iustitiae.
2052 2445 2269 2493 Opponitur
2304 2453 2430 2481 autem
2467 2446 2537 2482 sibi

1481 2498 1646 2537 maxime
1665 2497 1830 2534 avaritia.
1860 2498 1910 2534 Et
1935 2498 2022 2534 ideo
2043 2497 2233 2546 praedicta
2259 2498 2349 2534 vitia
2372 2498 2537 2535 maxime

1483 2564 1527 2588 ex
1555 2550 1712 2587 avaritia
1740 2550 1920 2586 oriuntur.

1533 2606 1593 2641 An
1612 2615 1750 2640 patmum
1765 2614 1862 2639 ERGO
1882 2614 2067 2639 DlCENDUM
2087 2602 2193 2649 quod
2211 2602 2367 2648 luxuria,
2382 2610 2537 2650 propter

1482 2656 1761 2694 vehementiam
1790 2655 2043 2692 delectationis
2064 2662 2099 2691 et
2118 2655 2456 2703 concupiscentiae,
2480 2663 2535 2691 to-

1481 2709 1601 2746 taliter
1629 2708 1808 2757 opprimit
1827 2708 2023 2754 rationem,
2043 2720 2090 2744 ne
2117 2707 2279 2755 prodeat
2296 2707 2334 2743 in
2354 2715 2479 2743 actum
2503 2707 2533 2743 *.

1482 2764 1525 2799 In
1551 2761 1751 2810 praedictis
1787 2768 1915 2797 autem
1952 2759 2048 2797 vitiis
2085 2760 2216 2808 aliquis
2256 2772 2347 2796 usus
2383 2759 2535 2796 rationis

1483 2823 1557 2861 est,
1587 2814 1673 2850 licet
1699 2813 1943 2849 inordinatus.
1973 2813 2083 2849 Unde
2117 2812 2308 2861 praedicta
2339 2812 2430 2848 vitia
2458 2824 2535 2848 non

1482 2867 1652 2904 oriuntur
1679 2866 1816 2902 ditecte
1845 2878 1889 2901 ex
1914 2865 2067 2901 luxuria.
2088 2887 2111 2893 -
2143 2865 2259 2911 Quod
2287 2872 2414 2901 autem
2451 2865 2535 2900 Phi-

1481 2920 1663 2967 losophus
1697 2919 1887 2955 Venerem
1922 2918 2096 2954 dolosam
2125 2917 2307 2965 appellat,
2336 2918 2410 2953 hoc
2447 2917 2535 2953 dici-

1481 2981 1540 3010 tur
1576 2972 1786 3008 secundum
1819 2970 2012 3018 quandam
2047 2969 2348 3007 similitudinem:
2379 2969 2535 3017 inquan-

1481 3026 1562 3063 tum
1583 3024 1720 3061 scilicet
1738 3023 1861 3059 subito
1890 3022 2086 3059 hominem
2116 3022 2284 3070 surripit,
2313 3022 2407 3058 sicut
2435 3030 2470 3058 et
2498 3022 2535 3058 in

1483 3078 1579 3115 dolis
1612 3076 1745 3124 agitur;
1775 3088 1852 3112 non
1880 3083 2008 3112 tamen
2035 3086 2103 3123 per
2130 3074 2294 3120 astutias,
2322 3074 2389 3110 sed
2416 3074 2534 3121 magis

1482 3143 1550 3180 per
1583 3128 1801 3166 violentiam
1839 3127 2166 3176 copcupiscentiae
2197 3135 2231 3164 et
2268 3126 2531 3163 delectationis.

1481 3183 1592 3220 Unde
1622 3190 1657 3218 et
1684 3181 1810 3218 subdit
1844 3182 1947 3228 quod
1982 3181 2104 3218 Venus
2123 3181 2285 3228 furatur
2314 3179 2532 3215 intellectum

1482 3235 1639 3272 multum
1665 3233 1850 3281 sapientis.

1534 3290 1592 3324 An
1621 3298 1810 3323 SECUNDUM
1838 3297 2020 3322 memnon
2046 3284 2149 3333 quod
2183 3295 2225 3320 ex
2254 3283 2393 3320 insidiis
2422 3295 2533 3330 agere

1481 3341 1529 3378 ad
1558 3340 1751 3398 quandam
1778 3338 2122 3397 pusillanimitatem
2151 3336 2336 3385 pertinere
2363 3336 2531 3372 videtur:

1482 3392 1745 3440 magnanimus
1784 3391 1884 3428 enim
1922 3391 1958 3427 in
1987 3389 2164 3427 omnibus
2199 3389 2279 3425 vult
2314 3388 2532 3424 manifestus

2565 214 2575 223 ⁸
2591 213 2643 234 Vid.
2665 219 2711 240 arg.
2726 213 2774 234 Sed

2565 242 2656 260 contra.

2566 1100 2575 1109 ⁸
2597 1099 2648 1120 Lib.
2672 1099 2698 1124 II,
2724 1105 2774 1125 cap.

2566 1131 2624 1147 xvn.

2566 2085 2575 2092 ⁸
2596 2083 2664 2105 Locis
2687 2084 2725 2106 cir.
2752 2084 2774 2105 in

2564 2115 2612 2137 arg.
2626 2116 2647 2131 2.

2564 2713 2571 2720 ·
2587 2711 2614 2732 D.
2629 2712 2678 2739 438.
