2892 4056
0 2711 5 2738 j
26 2703 27 2706 ,

76 300 85 309 ·
99 298 166 320 Ven.
180 304 210 320 21.

70 2717 81 2730 ·
100 2717 171 2740 Tuum
200 2718 277 2746 rapte.

71 2749 122 2773 σιρ-
135 2750 160 2767 ιι.

68 2929 79 2940 ·
91 2928 160 2951 Vero.
173 2934 208 2956 υ,
221 2935 256 2957 ²9·

1011 213 1275 259 QUAESTIO
1305 214 1355 261 X,
1384 213 1678 250 ART1CULUS
1707 214 1773 250 VIl
2425 216 2472 262 87

365 291 440 327 SED
460 301 605 327 CONTRA
624 301 688 326 EST
703 291 807 339 quod
828 291 962 327 dicitur
982 292 1011 327 II
1029 292 1108 327 Pet.
1131 303 1153 328 11
1172 291 1206 327 *:
1228 291 1368 327 Melius
1422 298 1534 338 punt,
1565 290 1652 327 ideo
1682 291 1792 326 etiam
1820 290 1990 338 ipsorum
2015 289 2213 326 infidelitas
2242 297 2297 326 est
2324 291 2474 337 gravius

311 349 394 380 erat
410 343 482 379 illis
500 354 574 379 non
595 354 822 392 cognoscere
839 344 941 380 viam
961 344 1118 380 iustitiae
1147 355 1259 391 quam
1282 350 1368 392 post
1422 351 1620 391 peccatum
1658 355 1773 390 quam
1802 342 2000 379 infidelitas
2038 342 2250 389 gentilium,
2280 343 2343 390 qui
2372 344 2474 380 nullo

311 396 500 445 cognitam
520 399 532 416 ⁸
551 401 756 432 retrorsum
786 396 962 433 converti.
1002 396 1078 433 Sed
1104 397 1260 444 gentiles
1287 408 1366 433 non
1421 396 1539 432 modo
1563 395 1681 432 fidem
1703 395 1900 443 Evangelii
1923 402 2181 443 susceperunt.
2199 416 2222 422 -
2238 395 2350 432 Aliud
2370 396 2473 444 quod

311 455 572 496 cognoverunt
589 448 691 484 viam
713 449 885 485 iustitiae:
911 449 1087 485 haeretici
1106 456 1231 485 autem
1253 456 1289 485 et
1308 450 1366 485 lu·
1420 449 1457 485 in
1486 448 1703 485 infidelitate
1742 448 2000 484 consideratur
2028 455 2083 484 est
2111 448 2300 496 corruptio
2340 460 2473 484 eorum

311 501 395 538 daei
431 500 641 549 aliqualiter
670 509 942 548 cognoscentes
974 502 1231 538 deseruerunt.
1264 502 1364 548 Ergo
1421 513 1517 549 quae
1541 500 1589 537 ad
1609 501 1727 537 fidem
1750 500 1949 549 pertinent.
1980 501 2028 537 Et
2047 500 2258 537 secundum
2278 501 2364 547 hoc,
2386 513 2472 536 curn

310 565 444 590 eorum
473 561 675 601 peccatum
701 561 755 590 est
778 554 940 602 gravius.
1419 554 1455 590 in
1484 553 1654 601 pluribus
1692 561 1814 589 errent
1841 553 1996 600 gentiles
2024 565 2141 601 quarn
2171 552 2320 599 Iudaei,
2351 560 2387 589 et
2416 554 2473 589 Iu—

363 606 587 642 REsPONDEO
612 618 795 643 mcENDUM
823 607 927 654 quod
955 605 993 641 in
1021 605 1252 653 infidelitate,
1273 606 1366 642 sicut
1420 606 1502 642 daei
1523 618 1639 653 quam
1669 605 1855 652 haeretici,
1876 605 2027 652 gravior
2054 613 2110 642 est
2132 605 2331 642 infidelitas
2359 605 2474 652 genti-

262 684 268 690 ·
309 658 450 695 dietum
478 666 533 695 est
555 658 591 706 ²⁸²,
617 659 693 695 duo
722 666 882 707 possunt
908 657 1148 694 considerari.
1188 658 1364 704 Quorum
1419 659 1510 695 lium
1527 671 1642 706 quarn
1663 659 1904 704 Iudaeorum,
1918 666 1952 694 et
1968 658 2196 695 Iudaeorum
2213 670 2329 707 quam
2343 659 2473 694 haere-

308 723 428 747 unum
458 719 513 747 est
541 711 774 760 comparatio
803 710 883 747 eius
911 710 959 747 ad
987 709 1116 746 fidem.
1147 711 1195 746 Et
1221 723 1265 746 ex
1293 711 1365 747 hac
1417 711 1596 748 ticorum:
1626 711 1694 747 nisi
1714 711 1809 747 forte
1837 711 2091 759 quorundam,
2112 719 2201 759 puta
2230 710 2473 747 Manichaeo-

307 771 413 812 parte
433 763 566 812 aliquis
585 764 736 811 gravius
757 770 886 799 contra
904 763 1023 799 fidem
1039 770 1171 810 peccat
1192 763 1255 811 qui
1273 763 1364 799 fidei
1418 776 1514 810 rum,
1538 764 1601 812 qui
1630 763 1741 799 etiarn
1771 763 1868 799 circa
1888 763 2079 800 credibilia
2106 764 2189 811 plus
2214 771 2339 800 errant
2356 775 2473 811 quam

308 816 478 853 renititur
502 828 618 865 quam
647 814 837 864 suscepit(
859 827 976 863 quam
999 815 1064 863 qui
1088 815 1257 851 renititur
1274 815 1364 852 fidei
1417 816 1572 863 gentiles
1595 816 1625 852 *.
1655 837 1679 843 -
1709 816 1855 852 Harum
1888 824 2016 852 tamen
2049 817 2209 852 duarum
2247 816 2471 863 gravitatum

307 869 481 906 nondum
510 875 726 916 susceptae:
755 868 850 904 sicut
877 867 1028 915 gravius
1047 875 1178 915 peccat
1201 868 1264 915 qui
1286 880 1363 904 non
1418 869 1537 916 prima
1555 868 1835 916 praeponderat
1862 868 2050 905 secundae
2079 876 2263 916 quantum
2292 869 2341 905 ad
2364 869 2473 905 ratio-

307 921 439 970 implet
467 921 571 970 quod
595 920 768 969 promisit
796 932 911 968 quam
931 920 962 956 si
981 932 1058 956 non
1086 920 1240 967 impleat
1259 920 1363 967 quod
1418 933 1505 956 nem
1526 922 1671 968 culpae.
1702 921 1802 966 Quia
1822 920 2021 957 infidelitas
2046 921 2161 957 habet
2184 921 2368 957 rationem
2398 922 2473 958 cul-

307 985 503 1022 nunquam
530 973 715 1022 promisit.
745 973 794 1009 Et
821 972 1032 1009 secundum
1060 973 1134 1008 hoc
1163 972 1363 1009 infidelitas
1417 985 1500 1020 pae,
1521 981 1562 1010 ut
1581 985 1695 1020 supra
1713 972 1733 994 *
1754 973 1894 1008 dictum
1915 981 1980 1019 est,
1996 973 2116 1020 magis
2137 985 2181 1010 ex
2201 974 2275 1009 hoc
2294 974 2398 1021 quod
2418 986 2474 1010 re-

305 1026 596 1072 haereticorum,
618 1025 682 1074 qui
710 1026 935 1074 profitentur
962 1025 1081 1061 fidem
1103 1025 1299 1072 Evangelii
1328 1033 1364 1061 et
1418 1025 1542 1062 nititur
1560 1025 1649 1062 fidei
1671 1037 1787 1072 quam
1808 1037 1853 1061 ex
1868 1026 1942 1061 hoc
1962 1026 2067 1073 quod
2086 1038 2164 1062 non
2178 1026 2292 1062 habet
2311 1039 2355 1063 ea
2375 1038 2472 1074 quae

304 1077 340 1115 ei
368 1078 578 1115 renituntur
597 1085 882 1126 corrumpentes
900 1077 1021 1126 ipsam
1045 1082 1075 1124 η,
1096 1078 1248 1125 gravius
1274 1089 1361 1127 pec·
1416 1077 1504 1114 fidei
1524 1085 1626 1114 sunt:
1648 1078 1722 1114 hoc
1747 1077 1850 1114 enim
1869 1078 2031 1124 videtur,
2050 1086 2091 1114 ut
2110 1078 2253 1115 dictum
2274 1086 2329 1115 est
2346 1078 2377 1125 *,
2394 1091 2474 1116 ma-

306 1138 392 1168 cant
419 1142 535 1180 quam
563 1130 702 1178 Iudaei,
724 1131 788 1179 qui
812 1130 929 1168 fidem
950 1130 1146 1178 Evangelii
1166 1142 1361 1179 nunquam
1417 1130 1471 1178 gis
1491 1130 1539 1167 ad
1559 1130 1745 1167 rationem
1764 1142 1913 1179 poenae
1932 1130 2129 1179 pertinere.
2159 1131 2283 1178 Unde,
2300 1131 2475 1180 simplici-

305 1190 564 1232 susceperunt.
596 1184 672 1221 Sed
701 1183 789 1231 quia
817 1190 1065 1232 susceperunt
1092 1183 1172 1220 eius
1199 1183 1362 1231 figuram
1416 1191 1472 1220 ter
1489 1183 1694 1232 loquendo,
1711 1183 1911 1220 infidelitas
1930 1183 2206 1220 haereticorum
2223 1191 2277 1220 est
2295 1184 2472 1232 pessima.

304 1235 343 1273 in
361 1237 480 1273 veteri
499 1237 592 1284 lege,
613 1248 730 1285 quam
754 1237 854 1273 male
880 1237 1164 1285 interpretantes
1193 1248 1361 1273 corrum-
1470 1237 1519 1272 Et
1546 1249 1615 1284 per
1642 1237 1716 1272 hoc
1744 1243 1846 1284 patet
1874 1236 2070 1284 responsio
2101 1237 2148 1273 ad
2177 1236 2334 1273 obiecta.

355 1344 378 1376 ε)
396 1344 542 1377 cognitam.
560 1358 579 1363 -
595 1345 773 1378 cognitionem
793 1345 839 1370 Pa.
1387 1345 1389 1371 l
1414 1346 1526 1377 gravius
1539 1349 1654 1377 peccant
1677 1353 1756 1378 quam
1778 1346 1884 1375 Iudaei,
1903 1350 1942 1371 est
1959 1347 2071 1379 gravior
2095 1354 2173 1378 quam
2200 1347 2343 1379 infidelitas
2363 1348 2474 1373 Iudaeo-

356 1378 382 1412 ζ)
401 1387 480 1412 quam
498 1380 621 1412 suscepit.
638 1393 658 1399 —
675 1383 810 1412 susceptae
830 1380 875 1404 Pa.
1416 1388 1474 1405 rum
1494 1381 1512 1411 1,
1530 1388 1584 1406 orn.
1599 1388 1642 1413 px,
1662 1381 1775 1414 gravior
1787 1385 1826 1406 est
1844 1388 1922 1414 quam
1942 1382 2084 1414 infidelitas
2097 1389 2188 1407 eorum
2209 1390 2248 1407 εκ.

356 1415 383 1447 η)
401 1418 599 1447 corrumpentes
623 1416 717 1447 ipsam.
734 1429 754 1434 —
771 1422 829 1440 eam
853 1419 1052 1446 cor-rumpentes
1077 1416 1127 1444 Pa,
1147 1423 1200 1439 om.
1220 1416 1256 1440 111.
1274 1429 1292 1433 -
1311 1416 1361 1439 Pro

1082 1542 1396 1584 ARTICULUS
1427 1542 1692 1584 SEPTIMUS

788 1627 943 1657 UTRUM
966 1626 1032 1657 slr
1057 1626 1149 1657 CUM
1175 1626 1440 1657 1NF1DEL113US
1463 1627 1645 1658 PUBLICE
1669 1627 1979 1658 DISPUTANDUM

1206 1695 1258 1719 ·11
1282 1694 1356 1723 Tim„
1376 1702 1431 1727 cap.
1450 1702 1476 1725 11,
1497 1695 1555 1719 lect.
1574 1702 1601 1719 11.

338 1778 399 1819 ,³:4⁶3ss
422 1780 490 1823 ‘sa
489 1788 491 1792 ν
517 1777 540 1802 n
560 1777 739 1802 εΕΡτιΜυΜ
758 1777 811 1802 stc
832 1777 1070 1803 Pnocenirua.
1086 1765 1245 1802 Videtur
1259 1766 1365 1813 quod
1420 1765 1486 1802 sed
1514 1765 1744 1813 argumentis
1773 1765 1930 1814 experiri
1958 1766 2167 1813 intendens,
2196 1769 2328 1815 procul
2358 1769 2473 1805 dubio

336 1796 596 1875 '‘2²52ss
625 1818 670 1854 sit
698 1830 785 1855 cum
815 1818 1030 1856 infidelibus
1061 1818 1210 1867 publice
1239 1818 1365 1866 dispu—
1419 1826 1570 1866 peccat,
1606 1825 1788 1866 tanquam
1819 1818 1956 1855 dubius
1985 1819 2022 1855 in
2050 1819 2126 1855 fide
2161 1827 2196 1856 et
2223 1820 2396 1858 infidelis.
2434 1821 2472 1858 Si

324 1870 369 1923 '35
363 1885 444 1947 γ
456 1854 486 1909 ’Υ
517 1870 688 1908 tandum.
727 1870 826 1908 Dicit
859 1871 960 1908 enim
997 1872 1224 1920 Apostolus,
1255 1872 1286 1907 Il
1315 1872 1367 1908 ad
1418 1878 1546 1908 autem
1575 1870 1738 1919 disputet
1765 1870 1897 1919 aliquis
1913 1897 1915 1899 -
1931 1871 1978 1908 de
2009 1872 2087 1908 fide
2119 1872 2168 1909 ad
2201 1873 2473 1911 confutandum

302 1975 419 2012 hilum
438 1975 536 2012 enim
557 1976 645 2013 utile
666 1982 721 2013 est
746 1977 818 2014 nisi
834 1977 885 2014 ad
909 1977 1188 2014 subversionem
1210 1977 1363 2014 audien·
1470 1977 1528 2013 Ex
1551 1984 1656 2025 parte
1679 1988 1774 2013 vero
1801 1977 2034 2014 audientium
2070 1978 2389 2016 considerandum
2421 1988 2475 2017 est

303 2029 406 2065 tium.
446 2028 523 2066 Sed
543 2029 744 2078 disputatio
763 2030 914 2078 publica
935 2042 1022 2066 cum
1045 2030 1261 2066 infidelibus
1279 2030 1362 2066 fieri
1417 2037 1543 2066 utrum
1562 2029 1611 2065 illi
1631 2029 1695 2078 qui
1717 2029 2010 2078 disputationem
2031 2030 2188 2067 audiunt
2212 2031 2283 2068 sint
2307 2032 2474 2070 instructi

303 2090 382 2118 non
400 2087 525 2129 potest
551 2081 632 2118 sine
652 2082 892 2119 contentione
911 2084 1132 2119 verborum.
1162 2083 1264 2130 Ergo
1284 2094 1362 2119 non
1417 2089 1453 2118 et
1471 2082 1572 2119 firmi
1592 2082 1631 2118 in
1650 2082 1739 2129 fide,
1760 2090 1824 2119 aut
1843 2082 2031 2130 simplices
2052 2091 2087 2119 et
2106 2083 2141 2120 in
2162 2084 2239 2120 fide
2259 2084 2472 2123 titubantes.

304 2141 360 2171 est
375 2133 527 2182 publice
556 2134 823 2183 disputandum
854 2147 941 2172 cum
970 2135 1195 2172 infidelibus.
1417 2135 1465 2171 Et
1484 2147 1613 2172 coram
1632 2135 1789 2182 quidem
1818 2135 2050 2184 sapientibus
2077 2136 2115 2172 in
2143 2136 2220 2173 fide
2249 2137 2370 2174 firmis
2394 2139 2474 2175 nul-

357 2198 393 2224 2.
423 2187 655 2234 PRAETEREA,
676 2188 733 2224 lex
753 2188 937 2225 Marciani
963 2188 1123 2236 Augusti
1141 2188 1172 2234 ²¹²,
1192 2200 1261 2236 per
1289 2189 1361 2225 Ca·
1416 2188 1494 2224 lum
1522 2187 1733 2236 periculum
1753 2196 1808 2224 est
1827 2188 2016 2237 disputare
2045 2189 2092 2226 de
2119 2189 2207 2226 fide.
2228 2210 2252 2218 -
2273 2191 2349 2227 Sed
2377 2191 2475 2228 circa

269 2237 276 2244 '
304 2250 426 2276 nones
459 2240 704 2287 confirmata,
738 2240 792 2277 sic
821 2241 928 2278 dicit:
966 2242 1154 2279 Iniuriam
1179 2241 1283 2289 facit
1308 2242 1362 2277 iu-
1416 2240 1605 2289 simplices
1634 2248 1689 2277 est
1717 2241 2036 2288 distinguendum.
2067 2242 2168 2288 Quia
2196 2251 2260 2279 aut
2288 2251 2375 2280 sunt
2402 2245 2474 2280 sol-

270 2290 276 2296 '
304 2292 404 2328 dicio
419 2292 720 2343 religiosissimae
739 2294 898 2341 Synodi,
919 2294 953 2330 si
969 2295 1051 2342 quis
1067 2294 1182 2331 semel
1199 2294 1361 2331 iudicata
1416 2293 1541 2330 licitati
1578 2293 1658 2330 sive
1687 2294 1823 2341 pulsati
1857 2294 1904 2330 ab
1934 2294 2169 2341 infidelibus,
2199 2303 2290 2343 puta
2328 2296 2475 2334 Iudaeis

305 2355 352 2381 ac
387 2349 485 2381 recte
511 2345 686 2393 disposita
714 2347 908 2383 revolvere
933 2352 969 2383 et
988 2347 1138 2395 publice
1173 2347 1363 2395 disputare
1416 2347 1477 2383 vel
1496 2346 1692 2382 haereticis
1713 2346 1792 2383 sive
1812 2347 1979 2395 paganis,
2000 2347 2205 2384 nitentibus
2231 2361 2474 2398 corrumpere

305 2397 499 2434 contendit.
539 2398 616 2434 Sed
644 2398 774 2435 omnia
810 2411 908 2448 quae
941 2399 990 2436 ad
1023 2399 1141 2436 fidem
1173 2399 1363 2448 pertinent
1416 2399 1453 2436 in
1487 2399 1540 2435 eis
1575 2399 1715 2436 fidem:
1753 2407 1817 2436 aut
1854 2400 2011 2436 omnino
2048 2412 2127 2437 non
2164 2409 2252 2438 sunt
2289 2402 2474 2439 sollicitati

306 2457 393 2487 sunt
422 2462 492 2502 per
523 2463 628 2487 sacra
662 2450 819 2488 concilia
854 2452 1111 2489 determinata.
1149 2453 1251 2510 Ergo
1279 2465 1360 2500 gra·
1416 2464 1531 2501 super
1548 2452 1634 2499 hoc,
1655 2452 1751 2488 sicut
1779 2453 1816 2488 in
1845 2452 1952 2489 terris
1979 2452 2017 2489 in
2046 2446 2184 2501 quibus
2212 2466 2290 2491 non
2315 2463 2400 2491 sunt
2420 2455 2474 2491 in-

304 2501 402 2540 viter
428 2511 571 2551 peccat,
591 2502 766 2540 iniuriam
795 2505 945 2551 synodo
971 2504 1125 2551 faciens,
1145 2504 1176 2540 si
1204 2504 1288 2551 quis
1315 2505 1361 2541 de
1416 2505 1560 2541 fideles.
1600 2506 1641 2540 In
1674 2504 1798 2552 primo
1833 2517 1922 2540 casu
1955 2506 2208 2543 necessarium
2237 2515 2292 2543 est
2324 2508 2473 2556 publice

305 2555 364 2592 his
383 2567 482 2603 quae
504 2563 591 2592 sunt
618 2556 707 2593 fidei
735 2555 884 2604 publice
914 2556 1104 2604 disputare
1131 2564 1360 2604 praesumat.
1416 2556 1607 2604 disputare
1636 2556 1684 2592 de
1711 2556 1809 2592 fide:
1849 2557 2061 2594 dummodo
2094 2558 2334 2596 inveniantur
2361 2560 2473 2608 aliqui

361 2609 395 2645 3.
425 2609 656 2655 PRAETEREA,
687 2608 888 2657 disputatio
918 2608 1147 2656 argumentis
1175 2608 1362 2657 aliquibus
1416 2609 1464 2645 ad
1492 2609 1566 2644 hoc
1594 2608 1822 2644 sufficientes
1851 2616 1886 2645 et
1913 2609 2051 2656 idonei,
2077 2611 2142 2658 qui
2171 2623 2315 2648 errores
2344 2613 2474 2648 confu-

306 2659 436 2708 agitur.
468 2661 543 2698 Sed
572 2670 837 2709 argumentum
866 2669 922 2698 est
949 2662 1044 2698 ratio
1065 2662 1121 2697 rei
1144 2662 1279 2698 dubiae
1294 2662 1362 2709 sa·
1417 2669 1494 2698 tare
1513 2660 1669 2709 possint.
1699 2661 1772 2696 Per
1799 2661 1873 2697 hoc
1902 2661 2003 2698 enim
2033 2662 2222 2710 simplices
2250 2663 2288 2700 in
2316 2664 2393 2701 fide
2411 2665 2498 2706 fir-⁴

305 2713 406 2750 ciens
430 2714 552 2761 fidem
571 2713 603 2749 ²¹².
633 2715 692 2750 Ea
718 2722 846 2751 autem
875 2726 973 2762 quae
1010 2723 1095 2750 sunt
1126 2714 1236 2760 fidei,
1273 2726 1360 2750 cum
1417 2714 1621 2750 mabuntur
1641 2718 1673 2758 “;
1703 2720 1740 2749 et
1766 2714 1914 2750 tolletur
1940 2714 2159 2752 infidelibus
2188 2715 2400 2764 decipiendi
2422 2718 2474 2753 fa-

306 2765 379 2802 sint
406 2766 629 2813 certissima,
658 2779 737 2803 non
765 2775 852 2803 sunt
878 2767 915 2803 in
945 2766 1218 2804 dubitationem
1244 2767 1363 2803 addu-
1417 2767 1556 2811 cultas;
1595 2774 1630 2802 et
1658 2766 1739 2813 ipsa
1771 2766 2000 2803 taciturnitas
2028 2779 2165 2804 eorum
2203 2769 2267 2816 qui
2304 2770 2474 2806 resistere

306 2818 438 2855 cenda.
468 2819 570 2867 Ergo
600 2819 647 2856 de
675 2819 731 2856 his
759 2832 856 2868 quae
886 2827 972 2856 sunt
998 2819 1088 2856 fidei
1117 2831 1194 2856 non
1215 2827 1270 2856 est
1292 2832 1361 2868 pu·
1417 2819 1599 2856 deberent
1626 2819 1927 2867 pervertentibus
1955 2819 2045 2856 fidei
2071 2821 2268 2857 veritatem
2299 2830 2395 2858 esset
2419 2834 2475 2858 er-

306 2871 402 2907 blice
432 2871 714 2920 disputandum.
1417 2871 1511 2908 roris
1540 2871 1790 2908 confirmatio.
1821 2872 1930 2908 Unde
1951 2872 2156 2920 Gregorius
2176 2871 2201 2919 β,
2222 2874 2261 2910 in
2290 2875 2321 2910 II
2347 2876 2474 2911 Pasto-

360 2924 434 2960 SED
450 2935 595 2960 coum
609 2936 675 2961 EST
688 2925 793 2974 quod
807 2926 889 2961 Act.
907 2937 941 2961 1x
955 2924 975 2946 '¹‘
991 2925 1124 2962 dicitur
1143 2925 1248 2972 quod
1269 2925 1363 2962 Sau-
1417 2925 1485 2962 ral.
1507 2924 1543 2960 ²¹²:
1573 2925 1676 2961 Sicut
1702 2924 1852 2960 incauta
1873 2924 2008 2961 locutio
2028 2925 2064 2961 in
2085 2937 2253 2963 errorem
2275 2927 2472 2974 pertrahit,

307 2975 364 3012 lus
382 2976 631 3014 invalescebat
655 2983 691 3013 et
717 2978 970 3026 confundebat
992 2978 1175 3021 Iudaeos,·
1203 2985 1240 3013 et
1259 2978 1363 3025 quod
1417 2978 1466 3014 ita
1487 2978 1723 3014 indiscretum
1751 2976 1935 3013 silentium
1955 2989 2018 3014 eos
2046 2979 2112 3026 qui
2135 2979 2280 3015 erudiri
2298 2985 2475 3027 poterant

307 3027 527 3076 loquebatur
552 3029 724 3078 gentibus
751 3035 788 3066 et
811 3030 1022 3078 disputabat
1047 3042 1133 3067 cum
1156 3030 1322 3067 Graecis.
1417 3030 1454 3067 in
1489 3042 1619 3066 errore
1656 3029 1885 3077 derelinquit.
1915 3050 1939 3057 -
1969 3031 2011 3066 In
2044 3032 2213 3068 secundo
2249 3044 2344 3068 vero
2383 3045 2472 3069 casu

322 3095 327 3099 ·
352 3081 585 3118 Rssponmzo
605 3093 788 3120 mCENDtJM
807 3083 912 3132 quod
940 3082 977 3119 in
998 3083 1250 3131 disputatione
1273 3083 1364 3120 fidei
1416 3083 1673 3132 periculosum
1694 3089 1749 3118 est
1766 3081 1915 3130 publice
1944 3082 2134 3132 disputare
2162 3083 2209 3121 de
2237 3084 2313 3121 fide
2342 3097 2472 3122 coram

308 3133 385 3170 duo
414 3141 500 3170 sunt
528 3134 826 3172 consideranda:
853 3147 975 3172 unum
1003 3135 1159 3183 quidem
1188 3147 1234 3172 ex
1257 3143 1363 3184 parte
1417 3135 1670 3184 simplicibus;
1708 3146 1872 3182 quorum
1909 3135 2005 3172 fides
2043 3148 2087 3172 ex
2124 3137 2199 3173 hoc
2236 3145 2291 3173 est
2327 3137 2474 3174 firmior

308 3185 547 3235 disputantis3
572 3186 672 3224 aliud
692 3194 819 3224 autem
840 3199 885 3224 ex
903 3195 1009 3236 parte
1029 3187 1275 3225 audientium.
1305 3189 1364 3225 Ex
1418 3189 1522 3237 quod
1550 3188 1640 3225 nihil
1670 3187 1863 3224 diversum
1891 3187 2090 3225 audierunt
2118 3190 2166 3226 ab
2186 3201 2232 3226 eo
2261 3190 2366 3237 quod
2395 3202 2471 3226 cre-

305 3245 412 3288 parte
450 3238 605 3287 quidem
644 3239 864 3289 disputantis
903 3248 957 3277 est
999 3240 1275 3278 consideranda
1310 3241 1365 3279 in·
1419 3242 1522 3279 dunt.
1549 3242 1599 3278 Et
1618 3240 1704 3277 ideo
1724 3252 1802 3276 non
1821 3240 1973 3289 expedit
1991 3241 2044 3278 eis
2062 3249 2104 3278 ut
2122 3242 2241 3278 verba
2260 3242 2471 3279 infidelium

306 3291 436 3329 tentio.
474 3291 513 3328 Si
542 3291 644 3328 enirn
673 3292 838 3340 disputet
864 3300 1045 3340 tanquam
1075 3293 1122 3330 de
1150 3293 1228 3330 fide
1257 3292 1364 3331 dubi-
1417 3294 1571 3331 audiant
1599 3292 1886 3342 disceptantium
1905 3298 1921 3321 Υ
1941 3301 2070 3330 contra
2098 3294 2228 3331 fidem.

306 3351 402 3391 tans,
423 3352 461 3381 et
477 3344 674 3381 veritatem
698 3345 788 3382 fidei
811 3357 883 3394 pro
903 3353 1005 3382 certo
1029 3357 1108 3383 non
1131 3358 1362 3395 supponens,
1470 3348 1529 3383 An
1549 3357 1685 3383 paruum
1709 3357 1806 3382 ERGO
1825 3357 2007 3383 mcuunuu
2036 3347 2139 3395 quod
2158 3347 2364 3395 Apostolus
2393 3359 2470 3384 non

360 3459 386 3491 a)
398 3458 591 3491 firmabuntur.
609 3472 627 3477 —
645 3458 872 3491 confirmabuntur
891 3459 919 3483 P.

1387 3459 1391 3523 Ι
1469 3460 1495 3493 γ)
1514 3459 1726 3491 disceptantium.
1745 3473 1763 3478 -
1781 3459 1974 3491 disputantium
1994 3459 2141 3484 PEGHlxa.

359 3499 384 3533 β)
407 3500 561 3533 Gregorius.
579 3514 597 3518 —
615 3500 680 3525 dicit
698 3499 767 3524 addit
785 3499 802 3527 l,
823 3505 847 3524 et
866 3500 898 3524 ita
918 3500 952 3524 sC
971 3505 1028 3524 ante
1049 3500 1131 3525 Sicut.

366 1940 372 1947 *
363 1897 460 1954 3⁸⁵5>
476 1914 507 1957 K
523 1923 617 1960 Tim.
634 1935 658 1960 11
671 1923 708 1960 *.
733 1923 829 1960 Noli
844 1925 967 1961 verbis
985 1924 1222 1961 contendere:
1241 1924 1293 1960 ad
1309 1924 1363 1960 ni·
1419 1935 1576 1971 errores,
1595 1924 1657 1960 vel
1678 1923 1790 1960 etiam
1810 1924 1860 1960 ad
1880 1924 2109 1971 exercitium,
2130 1925 2318 1962 laudabile
2339 1934 2393 1963 est
2410 1927 2441 1963 ²¹⁸.
2501 1940 2510 1947 ·
2546 1943 2575 1959 -1

2501 830 2512 840 ⁶
2525 830 2554 851 D.
2569 836 2620 858 703,
2634 830 2680 857 7¹6.

2502 994 2510 1001 ·
2525 993 2577 1014 Art.
2591 998 2611 1014 ι.

2501 1094 2510 1103 ·
2525 1092 2582 1115 lbid.

2599 2885 2614 2919 β

2501 2940 2508 2948 ·
2525 2938 2582 2965 Cap.
2597 2943 2627 2959 lv.
