2892 4056
188 1021 197 1031 '⁴
207 1021 277 1042 Num.
293 1019 395 1047 praeced.

196 2969 203 2977 ·
218 2966 289 2988 Num.
305 2972 320 2988 r.

197 3323 206 3332 ⁸
218 3322 226 3342 1
237 3322 299 3343 ioan.
314 3327 363 3348 cap.
375 3327 406 3348 ιν,

197 3354 255 3370 vers.
272 3348 302 3369 16.

429 149 501 195 184

479 227 530 258 1V.
557 227 617 258 Sed
640 235 733 258 restat
756 227 859 258 adhuc
876 227 1008 257 dubium
1033 237 1069 256 ex
1093 226 1212 266 duplici
1235 225 1346 265 capite.
1363 226 1482 262 Primo,

424 272 498 312 quia
520 271 605 302 iuxta
628 272 713 301 hunc
737 281 874 306 sensum,
898 274 1019 301 Auctor
1043 279 1108 299 non
1132 269 1294 300 concludit
1323 270 1483 300 caritatem

423 315 455 345 in
480 322 560 346 statu
577 315 644 345 viae
667 325 759 354 posse
776 314 882 354 augeri
905 314 936 343 in
961 312 1130 343 infinitum.
1146 313 1229 343 Nam
1253 323 1289 344 ex
1305 313 1366 343 hoc
1390 323 1482 344 sensu

424 369 489 389 non
505 358 645 399 sequitur
668 359 826 389 caritatem
843 357 909 387 viae
934 367 998 386 non
1014 357 1127 386 habere
1144 357 1325 393 terminum,
1344 358 1398 387 sed
1417 367 1483 387 non
1510 371 1511 383 κ

424 403 536 433 habere
560 402 730 432 terminum
761 412 796 431 ex
820 411 875 430 sua
906 400 1026 430 ratione
1054 399 1208 439 specifica.
1233 401 1274 431 Et
1297 401 1359 431 hoc
1389 401 1483 432 etiam

425 456 490 476 non
514 446 612 485 magis
636 452 681 475 est
705 446 742 474 de
774 444 897 474 caritate
921 444 953 473 in
977 444 1025 473 via
1049 453 1147 484 quam
1178 444 1210 474 in
1233 445 1333 484 patria
1361 455 1482 475 verum.

480 489 642 524 Secundo,
667 488 742 528 quia
764 490 886 517 Auctor
916 487 1090 518 diminutus
1121 487 1180 518 fuit
1203 488 1235 518 in
1267 489 1483 519 enumerando

425 534 538 564 modos
555 532 669 573 quibus
685 531 859 570 imponitur
875 530 1027 561 terminus
1043 538 1215 571 augmento
1232 531 1370 562 formae:
1394 539 1424 562 et
1440 532 1484 562 sic

426 577 506 607 male
530 575 693 610 intulisset,
716 575 805 605 Unde
828 575 1020 614 relinquitur
1042 575 1126 615 quod
1141 577 1287 606 caritatis
1310 581 1484 616 augmento

426 621 534 651 nullus
563 621 717 649 terminus
741 619 948 658 praefigatur
978 620 1009 649 in
1034 620 1094 649 hac
1122 620 1208 656 vita;
1230 626 1285 650 aut
1313 620 1395 650 male
1425 620 1483 650 sub

425 664 528 704 primo
543 663 641 692 modo
659 663 884 702 subsumptum
908 669 962 693 est.
994 663 1076 692 Nam
1101 673 1175 693 cum
1196 663 1230 692 in
1245 663 1347 694 littera
1365 673 1484 703 propo-

426 714 544 737 nuntur
559 714 619 737 tres
635 706 723 736 modi
737 706 852 746 quibus
869 706 1020 736 terminus
1033 713 1206 746 augmento
1222 706 1344 738 formae
1356 706 1485 747 praefigi

426 758 538 791 potest,
557 757 586 780 et
601 750 722 790 primus
739 750 850 781 dicitur
863 760 903 780 ex
912 755 1009 790 parte
1015 750 1161 791 formae,
1174 760 1255 790 quae
1270 751 1364 781 habet
1378 753 1484 781 termi-

426 800 533 825 natam
556 804 751 831 mensuram,
769 801 843 825 etc.:
867 794 918 824 vel
932 794 1066 825 intendit
1081 804 1136 834 per
1151 794 1265 825 habere
1286 795 1485 826 terminatam

425 848 606 869 mensuram
621 838 682 869 hoc
699 839 786 879 quod
803 845 849 868 est
865 837 1001 868 formam
1018 848 1084 869 esse
1100 837 1205 869 finitae
1220 838 1409 875 latitudinis;
1433 839 1485 870 vel

425 883 486 913 hoc
510 883 597 923 quod
621 890 667 913 est
690 882 837 918 formam,
855 889 1013 922 quantum
1033 890 1078 913 est
1101 892 1138 913 ex
1156 889 1244 922 parte
1268 882 1398 914 rationis
1422 883 1485 914 for-

424 927 514 957 malis
531 925 702 967 specificae,
715 926 828 956 habere
844 925 966 957 finitam
978 926 1187 957 latitudinem.
1205 926 1238 957 Si
1252 927 1358 967 primo
1374 928 1484 964 modo,

425 979 460 1001 ut
481 971 549 1010 ipsa
571 971 665 1001 verba
688 977 850 1007 testantur,
874 978 950 1001 tunc
973 971 1054 1001 male
1078 970 1275 1002 subsumitur
1297 972 1336 1002 de
1360 971 1485 1003 caritate

425 1025 498 1045 cum
521 1015 574 1045 illa
588 1014 820 1055 specificatione
837 1021 872 1046 ut
887 1015 1067 1055 expositum
1083 1022 1129 1046 est
1141 1013 1173 1044 *ε
1199 1015 1274 1055 quia
1289 1016 1349 1046 sub
1364 1015 1485 1047 ratione

425 1059 606 1098 simpliciter
628 1059 802 1090 latitudinis
827 1058 932 1090 finitae
956 1059 1076 1090 formae
1099 1059 1132 1089 in
1151 1060 1317 1090 communi
1339 1060 1484 1091 subsumi

425 1103 516 1133 debet
539 1103 618 1134 ratio
633 1103 816 1144 simpliciter
838 1103 1012 1135 latitudinis
1035 1103 1142 1134 finitae
1157 1103 1207 1134 vel
1230 1114 1297 1134 non
1319 1103 1425 1134 finitae
1441 1111 1489 1135 ta⁴

424 1147 460 1177 lis
484 1147 615 1184 formae,
632 1155 709 1188 puta
734 1148 883 1184 caritatis;
909 1154 939 1178 et
962 1158 1027 1178 non
1051 1148 1130 1178 ratio
1155 1158 1229 1178 cum
1253 1147 1486 1187 specificatione

423 1199 566 1232 respectu
589 1193 763 1224 latitudinis
786 1192 855 1223 talis
878 1192 1009 1228 formae,
1030 1199 1065 1222 ut
1088 1199 1122 1222 tu
1147 1191 1330 1231 exposuisti.
1345 1209 1367 1215 -
1383 1191 1416 1222 Si
1439 1202 1485 1222 sef-

424 1237 529 1267 cundo
553 1237 663 1274 modo,
681 1244 755 1268 tunc
779 1239 899 1267 Auctor
914 1236 1090 1267 diminutus
1112 1236 1280 1267 invenitur.
1296 1236 1382 1273 Quia
1396 1245 1485 1276 prae-

423 1288 469 1311 ter
492 1281 551 1311 hos
574 1289 635 1312 tres
650 1281 766 1312 modos
789 1281 948 1311 invenitur
962 1288 1109 1321 quartus:
1134 1279 1250 1311 scilicet
1271 1279 1296 1310 si
1319 1290 1356 1310 ex
1376 1279 1487 1310 intrin-

424 1335 496 1355 seco
520 1326 663 1356 absolute
685 1325 823 1356 vindicat
846 1325 904 1355 sibi
928 1324 1031 1355 forma
1054 1324 1255 1355 latitudinem
1277 1323 1410 1355 finitam.
1435 1324 1487 1355 Se-

424 1369 566 1400 cundum
595 1370 680 1400 hunc
710 1377 817 1401 autem
847 1370 982 1400 modum
1012 1370 1142 1409 ponitur
1173 1368 1283 1400 caritas
1312 1368 1487 1400 latitudinis

423 1413 538 1451 finitae,
555 1422 587 1445 et
609 1415 701 1446 datur
724 1414 834 1445 caritas
856 1415 889 1445 in
913 1424 1052 1450 summo,
1069 1421 1127 1445 etc.

480 1459 530 1489 Ad
553 1459 693 1499 primum
722 1460 840 1490 horum
870 1459 984 1490 dicitur
1006 1459 1095 1499 quod
1118 1457 1206 1488 nulla
1235 1457 1362 1488 illarum
1389 1458 1486 1489 trium

423 1503 585 1534 rationum
609 1511 654 1535 est
677 1503 755 1534 ratio
779 1503 894 1539 totalis,
911 1503 966 1534 sed
982 1503 1141 1543 quaelibet
1162 1502 1311 1541 partialis.
1330 1502 1375 1533 Ita
1397 1503 1486 1544 quod

425 1547 583 1588 quaelibet
606 1548 767 1579 concludit
789 1548 878 1589 quod
899 1554 1057 1588 quantum
1081 1554 1127 1578 est
1150 1557 1187 1577 ex
1209 1546 1264 1576 illa
1287 1553 1384 1586 parte,
1410 1547 1486 1578 cari·

424 1599 471 1622 tas
486 1592 555 1622 viae
577 1602 643 1623 non
659 1593 753 1623 habet
775 1592 963 1623 terminum:
989 1599 1025 1622 ut
1040 1598 1125 1632 patet
1147 1591 1186 1621 de
1202 1591 1324 1621 ratione
1348 1601 1385 1621 ex
1400 1599 1487 1632 parte

425 1637 560 1676 agentis,
585 1644 615 1667 et
638 1637 749 1667 ultima
773 1647 809 1667 ex
832 1643 919 1677 parte
942 1636 1085 1667 subiecti.
1113 1635 1175 1666 Sed
1206 1645 1318 1665 omnes
1347 1634 1488 1667 inferunt

426 1681 514 1721 quod
538 1681 647 1712 caritas
662 1681 730 1711 viae
754 1691 819 1711 non
843 1681 936 1711 habet
957 1681 1129 1712 terminum
1150 1689 1207 1719 per
1229 1679 1337 1710 locum
1361 1689 1378 1709 a
1401 1679 1487 1710 suffi-

426 1725 543 1756 cienter
564 1725 755 1756 enumeratis
784 1725 890 1755 modis
913 1725 1029 1765 quibus
1052 1730 1158 1764 potest
1187 1730 1397 1763 augmentum
1424 1724 1487 1755 for-

426 1779 496 1800 mae
519 1770 688 1800 terminari.

481 1813 531 1844 Ad
554 1814 730 1844 secundum
753 1819 869 1849 autem,
894 1813 981 1853 quod
1006 1811 1163 1842 difficilius
1187 1818 1242 1848 est,
1263 1811 1376 1842 dicitur
1396 1812 1488 1852 quod

426 1860 557 1894 Auctor,
574 1868 648 1889 cum
672 1857 825 1898 proponit
847 1857 963 1887 modos
985 1855 1175 1887 terminandi
1192 1863 1399 1896 augmentum
1424 1856 1488 1887 for-

427 1912 497 1932 mae
519 1902 552 1932 in
577 1902 751 1937 communi,
769 1902 827 1932 sub
851 1901 954 1942 primo
978 1902 1078 1931 modo
1093 1900 1335 1941 comprehendit
1357 1910 1487 1931 omnem

426 1947 561 1977 modum
585 1957 651 1988 quo
674 1947 777 1977 forma
801 1956 836 1976 ex
860 1946 1029 1977 intrinseco
1054 1946 1149 1976 habet
1175 1945 1374 1976 terminatam
1400 1955 1487 1976 men-

427 2001 542 2027 suram,
560 1998 590 2022 et
604 2001 669 2021 non
685 1991 799 2021 limitat
815 1990 1002 2021 sententiam
1019 1999 1109 2020 suam
1133 1989 1172 2020 ad
1187 1989 1339 2029 speciales
1351 1990 1486 2020 modos:

427 2045 467 2066 an
491 2035 607 2066 scilicet
634 2045 671 2065 ex
693 2035 861 2065 intrinseco
885 2034 1061 2070 communi,
1084 2034 1134 2064 vel
1162 2032 1326 2074 specifico;
1351 2044 1391 2063 an
1414 2044 1488 2065 curn

427 2079 558 2110 transitu
583 2080 621 2109 ad
638 2079 732 2109 aliam
757 2079 904 2115 formam,
921 2086 957 2110 ut
979 2079 1011 2109 in
1028 2078 1192 2118 speciebus
1215 2078 1336 2114 mediis,
1354 2085 1390 2108 ut
1403 2085 1490 2119 patet

427 2124 459 2154 in
483 2123 628 2164 exemplo
645 2124 684 2154 de
707 2123 843 2163 pallore;
868 2133 907 2154 an
927 2124 994 2154 sine
1008 2123 1140 2154 transitu
1165 2122 1205 2152 ad
1221 2121 1315 2152 aliam
1339 2123 1487 2163 speciem,

427 2175 463 2199 ut
485 2167 517 2198 in
541 2175 714 2207 augmento
738 2167 914 2208 specierum
945 2174 1174 2203 extremarum,
1198 2173 1273 2206 post
1296 2166 1386 2197 cuius
1409 2167 1488 2198 fines

428 2222 494 2243 non
512 2212 665 2252 contingit
688 2213 825 2252 amplius
841 2212 998 2252 progredi,
1015 2219 1052 2242 ut
1073 2212 1105 2242 in
1122 2217 1294 2251 augmento
1319 2211 1488 2250 nigredinis

428 2266 494 2287 non
518 2263 564 2287 est
586 2257 668 2287 ultra
691 2257 812 2287 moveri
836 2263 910 2296 post
933 2265 1094 2287 summam
1118 2255 1324 2295 nigredinem.
1349 2255 1391 2285 Et
1436 2255 1488 2286 uia

429 2302 472 2332 sic
495 2301 709 2331 communiter
724 2307 754 2331 et
777 2310 841 2331 non
865 2300 998 2331 limitate
1013 2299 1167 2340 proponit
1189 2299 1331 2338 primum
1353 2308 1408 2329 mo
1433 2308 1490 2330 um

429 2345 617 2376 terminandi
642 2350 850 2384 augmentum
872 2344 1005 2380 formae,
1023 2350 1109 2384 patet
1131 2343 1220 2384 quod
1242 2342 1331 2373 licuit
1354 2344 1413 2374 sub
1433 2343 1490 2374 hu-

429 2389 568 2420 iusmodi
584 2388 749 2419 communi
773 2389 957 2420 subsumere
973 2389 1201 2430 quodcumque
1216 2386 1402 2426 particulare
1418 2397 1491 2418 con-

429 2440 554 2465 tentum
577 2434 636 2464 sub
660 2433 716 2463 illo
740 2434 915 2464 communi.
933 2433 974 2463 Et
997 2433 1040 2463 sic
1063 2442 1122 2462 nec
1138 2431 1317 2462 diminutus
1340 2431 1400 2462 fuit
1422 2433 1489 2462 Au-

430 2485 497 2509 ctor
519 2478 552 2508 in
565 2478 787 2518 proponendo,
805 2487 862 2508 nec
885 2476 1008 2507 divertit
1030 2477 1063 2507 in
1079 2475 1314 2506 subsumendo:
1339 2476 1394 2505 sed
1410 2475 1491 2506 sicut

430 2533 467 2554 ex
490 2529 600 2563 agente
623 2522 770 2562 proximo
786 2528 817 2552 et
838 2522 981 2552 subiecto
1006 2519 1171 2561 disposito,
1188 2519 1231 2549 ita
1253 2529 1291 2549 ex
1307 2526 1394 2559 parte
1417 2529 1490 2560 pro-

429 2566 604 2608 priissimae
627 2566 758 2597 rationis
772 2565 906 2597 caritatis
930 2565 1068 2596 ostendit
1090 2562 1209 2596 caritati
1223 2562 1292 2594 viae
1315 2573 1380 2594 non
1404 2573 1491 2594 corn-

429 2618 534 2652 petere
557 2610 730 2642 terminum
745 2617 928 2651 augmento.
948 2610 1014 2640 Nec
1037 2607 1180 2649 oportuit
1195 2610 1368 2638 Auctorem
1387 2607 1490 2638 discu-

429 2663 492 2686 tere
516 2665 556 2685 an
580 2654 689 2685 caritas
712 2655 825 2685 habeat
844 2654 1019 2685 terminum
1042 2651 1204 2693 augmenti
1231 2652 1391 2682 absolute:
1416 2652 1490 2692 quia

431 2706 552 2731 constat
575 2699 663 2740 quod
687 2699 724 2729 ad
755 2699 914 2729 caritatem
937 2698 1016 2734 viae,
1039 2698 1078 2727 de
1101 2707 1165 2737 qua
1193 2697 1400 2736 loquebatur,
1425 2705 1491 2726 non

431 2750 549 2784 spectat
564 2743 716 2773 terminus
729 2743 863 2774 caritatis
878 2743 1031 2774 absolute.
1051 2742 1117 2771 Nec
1124 2741 1188 2781 lioc
1204 2740 1316 2770 tacuit:
1337 2739 1492 2780 quoniam

430 2789 463 2818 in
487 2788 693 2827 responsione
709 2787 748 2817 ad
771 2787 911 2827 primum
935 2795 1078 2827 expresse
1095 2785 1170 2816 dicit
1186 2784 1276 2825 quod
1291 2791 1400 2815 motus
1416 2793 1491 2824 aug-

431 2831 530 2862 menti
554 2831 696 2868 caritatis,
713 2831 785 2862 licet
799 2841 866 2862 non
886 2832 925 2862 sit
947 2831 987 2861 ad
1002 2830 1175 2861 terminum
1191 2829 1224 2858 in
1246 2828 1308 2865 via,
1325 2835 1371 2859 est
1386 2834 1492 2859 tamen

433 2877 471 2906 ad
494 2875 666 2906 terminum
690 2875 722 2905 in
746 2875 854 2915 patria.

487 2920 525 2950 V.
550 2920 596 2950 Ex
619 2919 667 2949 his
691 2927 797 2950 autem
813 2920 852 2950 ad
875 2918 1060 2958 principalia
1083 2917 1178 2948 dubia
1202 2916 1435 2956 respondendo,
1453 2916 1492 2946 ad

434 2963 583 3004 primurn,
600 2973 637 2993 ex
653 2963 749 2994 Scoto
764 2963 791 3000 *,
815 2962 928 2994 dicitur
943 2963 1041 3003 quod,
1058 2962 1129 2992 licet
1152 2960 1315 2992 conclusio
1334 2969 1433 3000 quam
1455 2969 1492 2991 ex

432 3007 493 3038 illis
517 3007 691 3038 rationibus
719 3007 816 3042 elicit,
841 3017 907 3037 non
931 3006 970 3037 sit
992 3006 1111 3037 intenta
1139 3006 1177 3036 ab
1195 3007 1355 3040 ·Auctore;
1379 3014 1414 3035 ac
1436 3013 1493 3044 per

433 3052 495 3082 hoc
510 3061 575 3082 non
599 3058 725 3091 oportet
747 3051 905 3082 sollicitari
925 3051 964 3081 de
987 3050 1179 3090 argumentis
1198 3049 1263 3080 suis
1285 3055 1395 3079 contra
1418 3058 1492 3079 con-

434 3095 626 3126 clusionem:
651 3095 841 3135 inquantum
856 3102 963 3125 tamen
986 3101 1095 3125 contra
1114 3094 1274 3124 intentum
1294 3092 1396 3124 afferri
1418 3102 1492 3132 pos-

434 3147 517 3176 sunt,
530 3139 681 3170 solvenda
700 3146 782 3170 sunt.
799 3139 891 3169 Unde
906 3139 945 3168 ad
961 3138 1097 3178 primam
1109 3137 1263 3168 rationem
1280 3136 1392 3167 dicitur
1404 3136 1493 3177 quod

435 3193 499 3214 non
516 3190 562 3214 est
585 3192 641 3223 par
657 3182 735 3213 ratio
751 3183 790 3213 de
806 3183 908 3212 calore
930 3189 962 3212 et
978 3182 1133 3212 similibus
1149 3188 1180 3212 et
1198 3182 1237 3212 de
1257 3181 1398 3211 caritate:
1419 3180 1493 3222 quia

435 3228 544 3259 caritas
568 3233 614 3258 est
642 3226 841 3267 participatio
864 3225 976 3256 infiniti
1001 3236 1074 3257 cum
1105 3225 1323 3256 convenientia
1351 3224 1492 3260 formali;

435 3272 519 3303 calor
543 3278 650 3302 autem
673 3281 749 3305 non,
765 3277 802 3301 ut
816 3277 910 3310 patet.
928 3271 1002 3300 Non
1026 3269 1110 3300 enim
1125 3270 1159 3300 in
1182 3270 1251 3300 Deo
1267 3275 1315 3300 est
1330 3269 1416 3301 calor
1431 3267 1494 3299 for-

435 3316 571 3346 maliter:
595 3316 651 3346 sed
674 3316 754 3346 bene
776 3315 866 3345 Deus
888 3315 1008 3344 caritas
1031 3314 1111 3344 est*
1133 3313 1315 3344 formaliter.

490 3360 539 3390 Ad
556 3359 727 3390 secundam
747 3368 833 3395 vero,
847 3368 883 3388 ex
899 3364 985 3398 parte
1008 3358 1137 3397 agentis,
1154 3357 1268 3388 dicitur
1282 3357 1370 3398 quod
1393 3356 1493 3387 littera

435 3413 500 3434 non
524 3403 616 3435 infert
633 3413 669 3434 ex
691 3402 844 3433 infinitate
860 3402 979 3442 agentis
1002 3401 1190 3432 infinitatem
1206 3401 1326 3431 formae
1345 3410 1427 3441 quae
1442 3399 1492 3436 fit;

436 3454 470 3478 ut
494 3457 627 3487 urguens
650 3447 791 3483 assumit,
808 3445 958 3477 obiiciens
974 3455 1011 3475 ex
1034 3445 1095 3475 hoc
1111 3445 1198 3485 quod
1223 3445 1309 3475 Deus
1333 3444 1371 3474 de
1395 3443 1493 3474 nihilo

436 3498 517 3521 creat
540 3491 681 3531 potentia
704 3490 834 3526 infinita,
862 3500 926 3520 non
950 3496 1055 3520 tamen
1080 3489 1182 3518 forma
1212 3488 1370 3528 quaelibet
1393 3494 1492 3518 creata

1096 148 1362 194 QUAESTIO
1391 149 1531 196 XXIV,
1561 149 1855 186 ARTICULUS
1883 151 1951 187 Vll

1539 234 1584 258 est
1606 226 1743 258 infinita:
1770 228 1825 258 sed
1848 230 1970 258 Auctor
1993 238 2029 259 ex
2051 228 2204 260 infinitate
2226 230 2346 270 agentis
2366 229 2502 270 proximi
2526 229 2601 260 cari-

1537 271 1609 302 tatis
1631 270 1724 302 infert
1747 271 1835 311 quod
1851 278 2008 312 quantum
2023 279 2071 302 est
2093 282 2130 302 ex
2152 279 2239 313 parte
2259 273 2390 314 agentis,
2412 283 2479 304 uon
2502 273 2600 304 habe-

1538 321 1589 345 tur
1612 315 1765 345 terminus
1789 315 1959 354 augmenti.
1977 315 2075 352 Quod
2098 315 2219 347 clarum
2241 323 2297 348 est.

1593 359 1642 388 Ad
1659 358 1782 389 tertiam
1799 366 1915 394 autem,
1933 368 1969 389 ex
1989 366 2075 398 parte
2091 359 2232 396 subiecti,
2250 369 2332 401 quae
2350 367 2415 392 tam
2431 360 2600 391 vehemen-

1538 409 1584 433 ter
1606 402 1820 442 impugnatur‚
1838 402 1951 433 dicitur
1973 403 2062 443 quod
2085 403 2187 442 prima
2210 404 2345 435 obiectio
2365 414 2432 434 non
2455 411 2502 434 est
2524 414 2600 434 con-

1537 454 1585 476 tra
1607 446 1760 476 intentam
1784 446 2040 477 conclusionem:
2065 446 2140 487 quia
2163 457 2230 477 non
2259 448 2351 487 ponit
2379 450 2502 478 Auctor
2525 448 2601 478 cari-

1538 497 1635 520 tatem
1658 489 1814 520 infinitam
1845 490 1999 521 intensive
2023 500 2059 521 ex
2082 490 2140 522 hac
2163 491 2274 522 littera.
2290 508 2309 514 -
2324 491 2470 523 Secunda
2493 498 2601 522 autem

1538 534 1614 564 false
1637 540 1692 564 aut
1715 534 1886 574 aequivoce
1910 534 1948 565 de
1972 534 2143 574 capacitate
2166 534 2256 575 loqui
2277 534 2411 567 videtur.
2436 535 2493 566 Est
2515 535 2601 567 enim

1537 578 1571 608 in
1594 577 1709 613 anima,
1727 578 1808 608 sicut
1830 578 1925 608 etiam
1947 578 1980 608 in
2003 578 2142 615 materia,
2167 577 2309 618 potentia
2330 585 2453 611 remota
2475 585 2506 611 et
2529 589 2602 619 pro—

1537 621 1637 652 xima:
1661 621 1724 652 hoc
1747 628 1804 659 est,
1824 622 1966 661 potentia
1988 622 2120 654 subiecti
2142 623 2229 653 nuda
2247 622 2425 654 secundum
2447 623 2600 663 seipsam;

1539 672 1570 696 et
1592 672 1639 696 est
1653 665 1788 705 ipsamet
1811 665 1963 706 disposita
1978 671 2036 706 per
2049 666 2189 706 aliquam
2205 665 2478 706 supervenientem
2494 667 2601 707 dispo-

1539 709 1687 740 sitionem
1703 709 1742 739 ad
1757 709 1853 740 talem
1877 709 2023 746 formam,
2040 717 2076 742 ut
2092 716 2177 750 patet
2199 710 2232 741 in
2249 709 2454 742 naturalibus.
2471 710 2513 743 Et
2526 711 2602 742 licet

1539 753 1681 793 potentia
1704 752 1835 784 subiecti
1859 754 2035 785 secundum
2059 751 2195 794 seipsam
2218 764 2284 785 non
2313 753 2449 787 varietur
2470 761 2526 786 aut
2547 765 2603 786 au-

1538 803 1648 837 geatur
1670 803 1725 828 aut
1747 796 1910 828 minuatur
1933 798 1992 829 nisi
2015 797 2146 829 subiecti
2165 804 2276 828 natura
2298 797 2445 833 varietur,
2461 798 2603 838 potentia

1539 848 1644 872 tamen
1675 841 1786 872 eadem
1809 842 1986 873 secundum
2015 841 2259 882 dispositionem
2290 842 2437 878 variatur,
2461 848 2491 873 et
2513 841 2549 874 fit
2571 849 2602 874 et

1540 885 1763 925 corrumpitur,
1781 891 1811 916 et
1825 893 1967 925 augetur,
1985 893 2042 918 etc.
2063 886 2104 918 Et
2120 886 2181 917 hoc
2197 886 2331 918 intendit
2349 886 2451 918 litters
2464 885 2599 917 dicendo

1539 930 1628 970 quod
1644 930 1753 960 caritas
1777 937 1869 969 auget
1884 930 2079 960 habilitatem
2095 930 2226 961 subiecti
2250 931 2290 962 ad
2306 930 2436 962 ulterius
2453 939 2604 970 augmen-

1539 981 1625 1005 tum:
1649 973 1751 1004 reddit
1773 973 1858 1004 enim
1881 974 2063 1014 potentiam·
2080 975 2204 1005 animae
2227 974 2328 1015 magis
2351 973 2548 1014 dispositam,
2567 981 2602 1005 ut

1539 1018 1803 1059 propinquiorem
1820 1018 1961 1050 ulteriori
1976 1018 2087 1060 gradui
2109 1029 2207 1060 quam
2227 1025 2292 1050 erat
2309 1018 2406 1059 prius.
2422 1018 2463 1051 Et
2477 1018 2539 1049 hoc
2556 1025 2603 1050 est

1539 1072 1596 1103 per
1617 1072 1650 1092 se
1674 1069 1789 1092 notum
1819 1062 1914 1093 etiam
1937 1062 1976 1092 ad
2004 1073 2143 1094 sensum.
2173 1063 2235 1093 Res
2258 1065 2361 1099 enim.
2386 1069 2507 1103 quanto
2530 1062 2603 1094 cali-

1540 1106 1619 1142 dior,
1642 1113 1731 1136 tanto
1754 1105 1938 1146 dispositior
1967 1113 2014 1139 est
2035 1114 2067 1138 et
2089 1107 2300 1147 propinquior
2326 1106 2468 1139 ulteriori
2490 1106 2602 1146 gradui

1540 1150 1666 1180 caloris:
1692 1150 1798 1180 minus
1822 1150 1908 1181 enim
1930 1149 2024 1181 distat
2046 1161 2065 1181 a
2088 1150 2211 1182 decimo
2234 1151 2334 1191 gradu
2353 1150 2466 1183 caloris
2489 1158 2602 1191 poten-

1539 1194 1584 1224 tia
1598 1194 1727 1224 reducta
1741 1193 1774 1223 in
1791 1201 1897 1225 actum
1913 1194 2039 1232 septimi
2054 1204 2154 1235 quam
2169 1195 2298 1226 reducta
2312 1195 2346 1227 in
2366 1201 2475 1227 actum
2487 1195 2601 1236 quinti,

1540 1245 1571 1269 et
1593 1237 1637 1268 sic
1667 1237 1707 1268 de
1734 1236 1811 1268 aliis.
1839 1237 1925 1268 Cum
1947 1237 2043 1277 igitur
2065 1238 2179 1269 dicitur
2208 1239 2299 1279 quod
2326 1238 2431 1271 forma
2459 1248 2528 1270 non
2549 1239 2603 1272 dat

1540 1281 1688 1314 materiae
1711 1281 1831 1322 aliquid
1860 1281 2020 1322 pertinens
2042 1282 2083 1313 ad
2105 1281 2268 1322 propriam
2298 1281 2514 1315 causalitatem
2536 1292 2603 1314 ma-

1539 1326 1644 1363 teriae,
1665 1332 1796 1365 negatur
1818 1325 2016 1366 simpliciter:
2041 1326 2116 1367 quia
2139 1326 2242 1357 forma
2265 1325 2438 1366 disponens
2461 1326 2516 1358 dat
2537 1335 2603 1358 ma-

1539 1371 1635 1402 teriae
1658 1380 1724 1400 esse
1748 1370 1927 1401 subiectum
1949 1370 2163 1411 propinquius
2192 1377 2336 1410 respectu
2360 1370 2430 1402 eius
2451 1371 2491 1402 ad
2513 1371 2604 1411 quod

1540 1414 1720 1456 disponitur
1735 1414 1924 1446 subiectum.
1939 1415 1980 1446 Et
1994 1415 2035 1446 ad
2053 1414 2286 1454 probationem,
2302 1424 2367 1455 qua
2385 1413 2499 1446 dicitur
2513 1415 2604 1455 quod

1541 1459 1697 1500 posterior
1719 1468 1814 1489 causa
1836 1468 1902 1490 uon
1921 1459 1974 1489 dat
1997 1459 2104 1499 priori,
2123 1466 2255 1499 negatur
2278 1458 2508 1491 universaliter:
2528 1458 2605 1500 quie

1542 1505 1581 1535 de
1603 1513 1698 1534 causa
1727 1502 1915 1543 disponente
1943 1503 2083 1543 priorem
2107 1513 2162 1544 per
2185 1503 2234 1535 sui
2257 1503 2429 1535 adventum
2458 1501 2536 1534 falsa
2557 1509 2605 1537 est

1542 1548 1711 1579 evidenter.

1597 1592 1648 1623 Ad
1675 1591 1811 1632 primam
1840 1597 1947 1622 autem
1979 1590 2192 1623 obiectionem
2224 1596 2333 1622 contra
2362 1590 2604 1630 responsionem

1541 1637 1584 1668 ibi
1608 1637 1723 1672 datam,
1739 1643 1821 1676 quae
1838 1641 1884 1666 est
1899 1645 1936 1666 ex
1953 1634 2054 1666 littera
2076 1641 2214 1675 sumpta,
2229 1635 2338 1676 quoad
2350 1634 2422 1671 hoc,
2439 1635 2530 1675 quod
2544 1635 2604 1669 aci·

1540 1681 1613 1712 licet
1636 1679 1746 1711 caritas
1769 1686 1864 1720 auget
1890 1679 2089 1710 habilitatem.
2114 1686 2258 1720 respectu
2288 1678 2444 1711 ulterioris
2466 1679 2602 1719 gradus:

1541 1725 1656 1756 dicitur
1669 1724 1817 1764 negando
1833 1723 1995 1763 sequelam
2018 1723 2057 1755 de
2076 1724 2246 1763 capacitate
2261 1723 2416 1763 proxima.
2431 1723 2517 1760 Quia
2530 1723 2605 1756 licet

1543 1769 1653 1800 caritas
1676 1769 1716 1799 sit
1737 1768 1771 1798 in
1800 1767 1944 1808 quolibet
1970 1767 2068 1808 gradu
2099 1767 2241 1799 eiusdem
2269 1767 2399 1799 rationis
2427 1767 2605 1801 secundum

1542 1813 1696 1854 speciem,
1722 1822 1788 1842 non
1811 1819 1917 1842 tamen
1940 1818 1986 1842 est
2009 1811 2151 1842 eiusdem
2174 1811 2375 1852 perfectionis
2398 1810 2479 1843 infra
2501 1810 2605 1845 latitu-

1543 1858 1650 1888 dinem
1679 1856 1765 1886 illius
1792 1855 1915 1897 speciei.
1940 1856 1981 1886 Et
2003 1862 2167 1896 propterea
2197 1855 2352 1895 capacitas
2381 1855 2526 1895 proxima
2555 1861 2605 1886 est

1543 1902 1638 1933 etiam
1655 1901 1797 1932 eiusdem
1819 1899 1948 1932 rationis
1971 1900 2148 1931 secundum
2163 1899 2312 1940 speciem,
2328 1905 2359 1930 et
2372 1905 2506 1939 augetur
2523 1898 2605 1932 infra

1542 1946 1743 1977 latitudinem
1773 1945 1886 1985 speciei
1909 1944 2005 1975 illius.
2028 1961 2048 1968 -
2066 1944 2108 1975 Et
2129 1954 2169 1975 ne
2191 1943 2247 1975 fiat
2267 1943 2315 1975 vis
2341 1943 2546 1984 apparentiae
2566 1943 2605 1977 -in

1541 1991 1638 2022 verbo
1670 1990 1854 2030 augmenti,
1884 1989 1935 2020 vel
1957 1988 2141 2028 distinguite
2170 1988 2260 2029 quod
2287 1987 2441 2028 capacitas
2469 1997 2536 2021 non
2558 1993 2606 2021 eet

1543 2035 1653 2071 unica,
1675 2034 1729 2064 sed
1751 2033 1885 2074 duplex,
1909 2032 2027 2063 scilicet
2054 2039 2177 2064 remota
2205 2038 2237 2063 et
2267 2031 2427 2072 proximu
2457 2037 2489 2063 et
2514 2031 2605 2073 quod

1541 2079 1644 2120 prima
1671 2085 1719 2109 est
1748 2077 1891 2108 eiusdem
1912 2076 2042 2108 rationis
2072 2083 2103 2107 et
2125 2086 2192 2107 non
2221 2082 2367 2116 augetur,
2392 2075 2530 2107 secunda
2557 2082 2606 2111 eet

1543 2123 1638 2155 etiam
1661 2122 1756 2153 unius
1777 2121 1918 2157 rationis,
1941 2121 1996 2151 sed
2018 2130 2085 2151 non
2106 2119 2319 2160 perfectionis,
2343 2126 2373 2152 et
2396 2125 2544 2159 augetur;
2572 2126 2605 2153 et

1542 2167 1630 2209 quod
1654 2166 1756 2207 prima
1779 2172 1809 2196 et
1831 2165 1969 2196 secunda
1991 2164 2072 2196 inter
2091 2174 2124 2195 se
2147 2164 2384 2205 distinguuntur
2405 2173 2474 2195 non
2496 2163 2604 2197 solum

1541 2211 1663 2243 ratione
1678 2209 1833 2250 specifica,
1848 2210 1903 2240 sed
1925 2208 2078 2249 generice,
2092 2208 2170 2249 quia
2186 2208 2334 2239 voluntas
2349 2214 2396 2240 &t
2413 2207 2447 2239 in
2462 2207 2605 2241 secunde

1542 2265 1655 2297 genere
1678 2253 1836 2295 qualitatis
1859 2260 1890 2284 et
1912 2253 2022 2284 car-itas
2051 2252 2084 2283 in
2107 2253 2222 2293 primo.
2246 2252 2287 2283 Et
2315 2251 2360 2283 sic
2382 2251 2454 2283 vide
2478 2251 2517 2283 de
2537 2258 2604 2295 qne

1543 2299 1713 2340 capacitate
1735 2297 1887 2339 loquitur,
1905 2304 1963 2328 etc.
1980 2314 2002 2321 -
2016 2296 2084 2332 Vel,
2101 2303 2133 2328 et
2154 2295 2289 2332 doctius.
2306 2295 2473 2328 concecflm
2496 2304 2605 2330 eom

1543 2343 1707 2386 quentiam
1737 2342 1893 2382 primam,
1924 2348 1955 2372 et
1983 2347 2098 2381 negato
2128 2340 2390 2381 consequentiam
2419 2339 2605 2374 secundem.

1543 2388 1628 2426 Quia
1643 2396 1709 2417 non
1725 2386 1869 2421 dicimus,
1884 2385 2012 2425 proprie
2031 2384 2206 2425 loquendo,
2222 2384 2311 2425 quod
2328 2383 2436 2424 aliqua
2449 2382 2605 2423 capacius

1544 2438 1678 2471 augetur
1707 2437 1737 2461 et
1758 2430 1864 2470 aliqua
1887 2438 1970 2459 non:
1995 2429 2050 2459 sed
2078 2428 2213 2460 dicimus
2236 2428 2325 2469 quod
2354 2427 2508 2468 capacitas
2536 2427 2604 2461 anis

1544 2485 1625 2512 mae,
1650 2484 1733 2516 quae
1761 2474 1843 2504 inest
1875 2473 1999 2504 animae
2025 2473 2202 2504 secundum
2232 2479 2377 2503 naturam
2398 2481 2508 2508 suam,
2531 2471 2605 2505 fleat

1544 2520 1720 2551 secundum
1743 2518 1881 2558 seipsam
1897 2518 1930 2548 in
1952 2527 1986 2548 se
2009 2517 2048 2548 sit
2062 2516 2280 2553 immutabilis,
2299 2522 2346 2548 eat
2367 2522 2485 2552 tamon.
2500 2521 2537 2549 ut
2550 2523 2605 2550 euo-

1543 2563 1680 2605 sceptiva
1697 2561 1852 2593 ulterioris
1868 2561 2011 2598 caritatis,
2028 2561 2188 2592 mutabilis
2203 2569 2260 2600 per
2274 2559 2517 2600 dispositionem
2531 2568 2604 2600 pro-

1544 2609 1698 2649 pinquam
1722 2606 1821 2646 magis
1843 2606 1945 2646 ipsam
1968 2605 2152 2637 reddentem
2173 2604 2228 2636 tali
2250 2604 2370 2644 gradui.
2393 2604 2435 2635 Et
2461 2603 2606 2638 similitu

1544 2659 1611 2683 tota
1634 2657 1664 2682 et
1693 2660 1820 2681 summa
1850 2649 2117 2690 praesupponitur
2146 2649 2324 2679 secundum
2345 2647 2379 2679 id
2400 2648 2490 2688 quod
2515 2647 2550 2681 in
2569 2654 2606 2682 ⁵9

1545 2702 1592 2727 est
1613 2694 1790 2726 secundum
1814 2702 1863 2723 se:
1887 2700 1918 2724 et
1940 2703 2007 2724 non
2029 2699 2066 2724 ut
2087 2692 2264 2732 susceptiva
2292 2691 2450 2723 ulterioris
2476 2691 2604 2731 yades.

1545 2740 1595 2771 Sic
1619 2739 1704 2770 enim
1728 2747 1793 2768 non
1816 2744 1883 2768 tota
1905 2747 1963 2768 nec
1986 2747 2126 2773 summa,
2153 2737 2207 2767 sed
2230 2736 2337 2767 solum
2359 2735 2605 2768 fundamentum

1545 2782 1723 2824 capacitatis
1745 2781 2028 2822 praesupponitur:
2053 2780 2206 2821 quoniam
2235 2780 2407 2820 integratur
2429 2785 2460 2810 et
2482 2777 2606 2819 perfici·

1545 2835 1596 2859 tur
1619 2836 1655 2858 ex
1678 2826 1804 2857 caritate
1827 2825 1943 2856 minori
1958 2825 2111 2865 capacitas
2134 2834 2190 2855 seu
2206 2823 2351 2855 habilitas
2373 2823 2414 2855 ad
2437 2823 2604 2857 maiorem.

1600 2871 1640 2902 Et
1663 2880 1718 2911 per
1741 2871 1802 2900 hoc
1826 2877 1911 2910 patet
1927 2869 2007 2900 clare
2030 2868 2195 2910 responsio
2211 2868 2252 2899 ad
2274 2867 2425 2900 ulfinum
2439 2877 2478 2900 ex
2500 2872 2606 2901 aucm-

1545 2915 1635 2946 ritate
1658 2913 1838 2954 Augustini.
2540 2927 2543 2931 ‹

1600 2959 1653 2990 Vl.
1677 2959 1728 2989 Ad
1743 2958 1919 2990 secundum
1935 2957 2069 2987 dubium
2093 2956 2264 2997 principale
2278 2955 2296 2975 *
2309 2955 2423 2987 dicitur
2438 2954 2527 2995 quod
2541 2955 2606 2989 Αυ-

1546 3010 1614 3034 ctor
1635 3002 1769 3034 intendit
1791 3002 1831 3032 de
1853 3007 2025 3042 augmento
2049 3000 2184 3031 caritatis
2203 3000 2379 3031 secundum
2401 3005 2522 3032 statum
2534 2997 2605 3032 vieo

1545 3054 1686 3083 tanturn,
1714 3053 1744 3077 et
1767 3055 1833 3077 non
1854 3046 1895 3076 de
1917 3051 2089 3085 augmento
2119 3044 2253 3076 caritatis
2281 3044 2439 3076 absolute.
2460 3042 2504 3076 Et
2525 3041 2605 3076 rotie

1547 3098 1594 3122 est
1615 3090 1691 3132 quia
1719 3091 1758 3121 de
1780 3096 1952 3130 augmento
1982 3088 2115 3120 caritatis
2145 3087 2290 3119 absolute
2310 3086 2514 3128 requendum
2538 3092 2606 3123 emt

1544 3136 1577 3166 in
1600 3141 1732 3166 tractatu
1748 3135 1788 3164 de
1808 3133 1908 3174 gratia
1924 3133 2047 3163 animae
2071 3131 2189 3163 Christi
2203 3132 2231 3168 *,
2246 3131 2304 3173 qui
2326 3131 2387 3163 fuit
2401 3140 2494 3163 verus
2517 3138 2606 3165 eon-

1546 3179 1719 3220 prehensor
1741 3179 1780 3209 ab
1801 3177 1904 3214 initio,
1929 3184 1959 3208 et
1981 3186 2047 3207 non
2075 3183 2122 3207 est
2143 3176 2172 3207 ei
2199 3176 2273 3207 data
2294 3175 2392 3215 gratia
2414 3175 2458 3207 ad
2479 3182 2606 3208 mensu-⁴

1547 3233 1618 3254 ram
1633 3223 1659 3254 *.
1684 3223 1725 3253 Et
1746 3222 1818 3253 licet
1835 3222 1946 3253 titulus
1962 3221 2083 3251 articuli
2097 3230 2165 3251 non
2183 3226 2326 3255 arctetur,
2342 3219 2520 3252 seeundum
2537 3227 2605 3252 vec-

1546 3269 1663 3298 borum
1691 3276 1825 3302 sonum,
1848 3266 1888 3296 ad
1916 3265 2076 3296 caritatem
2098 3264 2183 3300 viae;
2207 3264 2287 3295 ordo
2318 3270 2423 3296 tamen
2453 3261 2537 3296 timii
2565 3259 2606 3295 ed

1545 3311 1766 3352 praecedentes
1789 3316 1820 3341 et
1842 3310 2067 3350 subsequentes
2096 3308 2196 3348 aperit
2218 3307 2307 3349 quod
2330 3307 2369 3339 de
2400 3306 2526 3340 caritate
2547 3305 2606 3338 im·

1546 3354 1675 3396 perfecti
1698 3360 1796 3384 status
1819 3353 1956 3394 quaerit:
1981 3359 2091 3393 postea
2121 3351 2235 3383 enim*
2255 3351 2417 3392 quaeritur
2439 3350 2479 3383 da
2501 3348 2603 3390 petiv-
2631 3361 2642 3371 ·

1546 3399 1660 3435 ctione,
1678 3405 1735 3429 etc.
1759 3398 1826 3428 Nec
1839 3404 2006 3437 propterea
2027 3396 2097 3427 vilis
2114 3402 2261 3436 appareat
2273 3395 2332 3427 tibi
2348 3393 2493 3435 quaestio
2509 3392 2605 3427 etium

1547 3444 1585 3473 de
1607 3442 1732 3473 caritate
1754 3441 1838 3472 viae:
1862 3441 1938 3482 quia
1961 3441 2023 3471 hoc
2046 3440 2202 3479 singulare
2225 3438 2418 3473 declaratum
2440 3436 2605 3477 esuqued

1546 3487 1579 3516 in
1602 3485 1761 3517 infinitum
1792 3492 1838 3516 est
1860 3483 2099 3524 augmentabilis
2122 3483 2154 3513 in
2177 3483 2236 3513 via.
2253 3500 2274 3506 -
2297 3483 2362 3512 Nec
2386 3481 2490 3512 obstat
2516 3480 2605 3521 quod

2632 2965 2642 2975 ⁸
2656 2963 2727 2986 Num.
2742 2969 2767 2986 ιι.

2633 3135 2642 3145 ·
2659 3133 2695 3156 cf.
2717 3134 2778 3156 rm.
2800 3133 2842 3162 m,

2631 3166 2671 3189 qn.
2685 3166 2727 3188 vn,
2741 3164 2782 3183 an.
2798 3166 2828 3183 η.

2631 3224 2642 3235 ·
2655 3224 2719 3248 loen.
2738 3231 2789 3253 cap.
2805 3231 2842 3252 ru,

2631 3257 2691 3273 vers.
2704 3257 2741 3280 ³4·
