2892 4056
186 1995 194 2003 ·
209 1993 246 2015 Ma
247 1993 290 2015 tth.
307 1998 358 2020 cap.

185 2026 245 2042 vers.
261 2019 282 2041 8.

189 2679 371 2732 “Pamlflpex

190 2706 294 2728 art1²
351 2685 402 2733 ‚qu’

190 2723 319 2760 ιιι,ιιι·ι..8

194 2896 202 2905 ·
213 2894 265 2916 Lib.
276 2893 294 2921 1,
309 2899 360 2921 cap.
373 2900 396 2915 ιν

195 3268 234 3316 ³1²
240 3267 285 3290 11⁸⁶
288 3273 338 3295 ,.qu
344 3273 397 3289 unx

433 171 480 207 72
704 178 706 181 ·
1110 158 1376 203 QUAESTIO
1406 159 1508 205 VIII,
1538 159 1834 195 ARTICULUS
1863 159 1930 195 VII

432 245 560 275 autem
576 243 587 258 Ε
607 249 676 286 per
695 237 976 274 similitudinem
996 236 1204 272 intellectus
1225 243 1357 273 acutus
1376 249 1493 286 quan-
1548 238 1639 273 feste
1660 236 1866 284 opponitur
1886 236 2054 283 consilio,
2074 249 2143 285 per
2163 238 2268 286 quod
2286 239 2406 275 homo
2427 240 2476 276 ad
2495 240 2610 276 actio-

433 290 482 327 do
512 298 635 338 potest
663 298 860 338 penetrare
889 289 938 326 ad
966 288 1097 325 intima
1126 300 1260 325 eorum
1281 301 1378 337 quae
1406 302 1493 338 pro·
1548 301 1636 326 nem
1665 301 1743 325 non
1771 288 1942 336 procedit
1970 296 2057 325 ante
2086 289 2394 328 deliberationem
2418 292 2583 330 rationis.

432 350 635 391 ponuntur.
667 343 777 379 Unde
806 342 997 378 hebetudo
1026 340 1163 377 mentis
1192 349 1248 377 est
1275 354 1344 389 per
1376 354 1492 390 quam
1601 344 1659 378 An
1679 353 1869 378 SECUNDUM
1890 353 2074 378 οιοΕΝῡυΜ
2094 343 2200 389 quod
2228 343 2373 381 donum
2400 344 2610 382 intellectus

432 408 541 432 mens
570 396 618 432 ad
647 395 778 431 intima
806 402 1003 442 penetrare
1034 405 1110 429 non
1137 393 1284 430 sufficit.
1305 414 1329 422 —
1351 395 1493 431 Stultus
1549 403 1604 430 est
1638 394 1735 430 circa
1773 394 1896 442 prima
1929 394 2114 442 principia
2148 396 2372 442 cognitionis
2406 398 2609 445 gratuitae,

432 456 557 485 autern
588 447 720 484 dicitur
749 459 793 482 ex
821 447 895 482 hoc
915 447 1019 493 quod
1041 457 1219 494 perverse
1240 445 1378 483 iudicat
1397 447 1493 484 circa
1548 447 1652 483 aliter
1679 453 1808 483 tamen
1838 459 1953 495 quam
1982 447 2089 483 fides.
2121 448 2223 484 Nam
2245 448 2293 485 ad
2312 449 2430 486 fidem
2451 451 2611 498 pertinet

433 512 682 537 communem
710 500 827 536 finem
856 498 968 535 vitae.
1000 499 1047 535 Et
1077 498 1162 535 ideo
1191 499 1344 547 proprie
1373 512 1494 548 oppo-
1549 499 1601 536 eis
1631 499 1827 536 assentire:
1858 500 1906 536 ad
1936 499 2082 536 donum
2101 512 2195 536 vero
2224 500 2432 539 intellectus
2451 503 2613 551 pertinet

432 553 531 590 nitur
559 552 775 600 sapientiae,
797 563 895 599 quae
915 551 1001 587 facit
1027 558 1172 587 rectum
1193 551 1374 588 iudicium
1397 553 1493 589 circa
1548 560 1748 601 penetrare
1777 560 1904 589 mente
1935 565 1978 588 ea
2007 564 2107 600 quae
2136 552 2321 590 dicuntur.

430 606 683 642 universalem
720 615 884 640 causam.
906 624 929 631 -
951 604 1164 651 Ignorantia
1194 616 1287 640 vero
1316 605 1494 653 importat
1602 607 1660 642 AD
1688 617 1848 642 TERTIUM
1881 617 2063 642 mcENDUM
2093 605 2199 653 quod
2229 606 2375 643 donum
2403 607 2613 644 intellectus

431 659 619 695 defectum
639 656 777 693 mentis
794 656 905 693 etiarn
928 656 1025 693 circa
1046 668 1313 705 quaecumque
1332 658 1494 706 particu-
1547 658 1710 707 pertinet
1739 658 1786 695 ad
1805 666 2007 707 utramque
2028 657 2298 706 cognitionem,
2320 659 2459 697 scilicet
2477 673 2612 709 specu-

428 711 528 747 laria.
551 711 599 746 Et
619 709 704 746 ideo
726 709 932 758 opponitur
946 709 1135 756 scientiae,
1151 721 1220 758 per
1239 722 1355 758 quam
1373 711 1493 748 homo
1549 711 1704 748 lativam
1735 718 1770 748 et
1796 712 2016 760 practicam,
2038 723 2116 748 non
2140 719 2327 759 quantum
2347 712 2396 749 ad
2415 712 2611 760 iudicium,

428 764 542 800 habet
572 771 717 799 rectum
746 762 928 799 iudicium
959 762 1057 799 circa
1084 762 1328 811 particulares
1349 775 1493 810 causas,
1549 764 1617 800 sed
1637 771 1821 812 quantum
1842 765 1891 801 ad
1915 764 2273 813 apprehensionem,
2294 772 2335 801 ut
2356 765 2549 814 capiantur
2569 778 2613 803 ea

428 816 567 853 scilicet
587 815 684 852 circa
705 823 905 852 creaturas.
926 836 949 842 -
975 815 1239 863 Praecipitatio
1259 828 1353 852 vero
1374 816 1493 853 mani·
1549 829 1648 864 quae
1679 817 1865 853 dicuntur.

481 933 502 965 ε)
522 935 620 957 autem.
639 947 656 952 -
675 932 744 957 enim
765 933 810 958 Pa.

1106 1004 1440 1037 Commentario,
1462 1005 1713 1037 Cardinalis
1735 1005 1936 1037 Caietam

458 1093 478 1112 N
502 1082 638 1113 articulis
662 1082 775 1122 quinto
804 1089 834 1112 et
857 1089 944 1112 sexto
969 1082 1065 1113 simul
1094 1083 1228 1113 dubium
1252 1084 1396 1120 occurrit,
1418 1084 1492 1124 quia
1547 1084 1699 1114 habeatur
1721 1084 1783 1119 illa,
1808 1094 1874 1114 non
1898 1084 2031 1114 habetur
2054 1084 2177 1115 donum
2199 1084 2387 1116 intellectus.
2420 1086 2461 1117 Et
2483 1086 2545 1118 hoc
2569 1095 2616 1119 est

431 1095 687 1157 Icontradicunt.
721 1126 804 1156 Nam
828 1126 861 1156 in
891 1126 1022 1167 quinto,
1047 1134 1178 1167 propter
1206 1134 1322 1158 rectam
1352 1128 1494 1158 aestima·
1546 1137 1668 1158 verum.
1693 1127 1777 1165 Quia
1792 1135 1822 1158 et
1837 1127 1890 1158 illa
1906 1127 2104 1164 existimatio,
2122 1135 2152 1158 et
2175 1129 2405 1170 quodcumque
2426 1130 2514 1162 aliud
2534 1131 2615 1163 iudi-

427 1171 548 1201 tionem
568 1171 607 1200 de
629 1169 692 1201 fine
715 1170 844 1206 ultimo,
870 1171 994 1201 donum
1016 1170 1193 1202 intellectus
1216 1178 1348 1210 negatur
1371 1182 1438 1202 esse
1461 1172 1493 1201 in
1548 1172 1650 1207 cium,
1675 1178 1833 1212 quantum
1863 1172 1903 1202 ad
1926 1172 2182 1211 perceptionem,
2206 1180 2326 1212 spectat
2354 1175 2395 1204 ad
2421 1174 2545 1206 donum
2567 1176 2615 1207 in—

427 1225 493 1245 non
517 1214 704 1246 habentibus
728 1215 869 1254 gratiam.
901 1215 936 1245 In
959 1222 1046 1245 sexto
1063 1225 1139 1245 vero
1162 1222 1245 1246 recta
1262 1215 1439 1246 aestimatio
1456 1216 1494 1245 de
1547 1216 1709 1250 tellectus;
1743 1222 1899 1255 quantum
1931 1215 1971 1245 ad
1993 1215 2165 1252 iudicium,
2198 1224 2317 1256 spectat
2347 1219 2387 1248 ad
2417 1219 2614 1260 sapientiam,

426 1258 489 1290 fine
509 1258 623 1289 ultimo
640 1268 706 1289 non
730 1258 909 1289 attribuitur
930 1258 1111 1294 intellectui,
1129 1259 1185 1288 sed
1207 1258 1393 1299 sapientiae:
1419 1259 1493 1299 quia
1548 1259 1711 1305 scientiam
1735 1258 1784 1288 vel
1808 1258 1995 1295 consilium;
2020 1259 2101 1289 sicut
2123 1267 2281 1300 quantum
2305 1261 2345 1291 ad
2368 1271 2532 1294 assensum
2552 1263 2616 1295 for-

426 1303 581 1333 iudicium
606 1303 644 1332 de
664 1312 758 1333 causa
782 1302 933 1333 altissima
949 1302 988 1331 ad
1005 1302 1192 1342 sapientiam
1212 1309 1350 1343 spectare
1367 1302 1492 1339 dicitur;
1548 1309 1682 1338 matum,
1707 1309 1827 1342 spectat
1849 1302 1888 1332 ad
1912 1301 2008 1332 fidem
2033 1302 2211 1334 formatam.

427 1346 603 1377 aestimatio
627 1353 734 1377 autem
758 1346 911 1376 iudicium
935 1346 1100 1386 quoddam
1124 1353 1180 1377 est.
1604 1347 1639 1376 In
1663 1347 1778 1377 eodem
1801 1353 1889 1377 sexto
1913 1346 2046 1378 articulo
2070 1347 2196 1378 adverte
2217 1349 2306 1388 quod
2329 1351 2452 1380 Auctor
2474 1357 2618 1382 retractat

478 1391 530 1421 Ad
553 1390 615 1420 hoc
638 1390 772 1421 breviter
787 1390 901 1421 dicitur
916 1391 1006 1430 quod
1025 1393 1148 1421 Auctor
1171 1400 1236 1421 non
1253 1391 1330 1421 dixit
1352 1390 1494 1421 aestima-
1548 1391 1690 1430 seipsum
1705 1391 1813 1432 quoad
1835 1391 2071 1422 distinctionem
2094 1391 2256 1422 donorum
2276 1392 2308 1423 in
2326 1393 2430 1424 Prima
2452 1393 2619 1426 Secundae

426 1435 548 1465 tionem
571 1434 659 1465 illam
690 1444 756 1465 esse
779 1441 886 1465 actum
909 1434 986 1465 doni
1009 1434 1203 1466 intellectus:
1228 1435 1284 1466 sed
1306 1435 1410 1476 quod,
1436 1434 1494 1465 nisi
1548 1435 1703 1475 positam;
1729 1442 1764 1466 ut
1787 1435 1830 1466 ibi
1854 1435 1949 1466 etiam
1974 1435 2165 1466 notavimus.

1213 1557 1531 1600 ARTICULUS
1560 1557 1828 1600 SEPTIMUS

699 1641 854 1672 UTRUM
878 1640 1001 1672 DONO
1026 1641 1328 1673 INTELLECTUS
1351 1641 1638 1673 RESPONDEAT
1662 1642 1803 1672 SEXTA
1825 1642 2099 1680 BEATITUDO,
2123 1642 2335 1675 SCILICET:

875 1685 1018 1715 BEATI
1037 1685 1206 1716 MUNDO
1232 1685 1400 1723 CORDE,
1429 1686 1646 1724 QUONIAM
1665 1686 1755 1716 IPSI
1774 1685 1911 1716 DEUM
1937 1686 2173 1718 VIDEBUNT

1258 1756 1289 1780 III
1309 1756 1392 1787 Sent„
1413 1757 1472 1781 dist.
1489 1763 1571 1787 xum,
1591 1764 1635 1788 qu.
1655 1764 1673 1787 ι,
1693 1762 1740 1781 art.
1759 1764 1786 1788 4.

472 1855 526 1884 μὴ(
547 1849 616 1878 ,Μ’
641 1838 662 1863 n
682 1837 862 1863 SEPTIMUM
882 1838 935 1863 sm
950 1837 1190 1863 paocamrun.
1210 1825 1370 1864 Videtur
1385 1827 1489 1875 quod
1546 1826 1692 1864 donum
1726 1827 1948 1864 intellectus.
1992 1827 2061 1865 Est
2098 1828 2201 1866 enim
2239 1829 2379 1878 duplex
2418 1830 2620 1878 munditia

454 1843 618 1939 <vilui
641 1879 743 1916 dono
773 1879 981 1916 intellectus
1010 1891 1089 1916 non
1118 1880 1348 1929 respondeat
1376 1879 1491 1917 beati·
1545 1878 1631 1916 Una
1659 1880 1815 1929 quidem
1847 1881 2097 1929 praeambula
2131 1889 2167 1918 et
2205 1881 2428 1931 dispositiva
2465 1884 2515 1920 ad
2542 1874 2622 1922 Dei

492 1973 493 1976 Ἴ
531 1950 565 1977 r,
577 1918 625 1977 *ὃ
640 1932 732 1969 tudo
754 1940 869 1980 sexta,
890 1932 1049 1969 scilicet:
1079 1933 1190 1969 Beati
1206 1934 1347 1970 mundo
1367 1933 1490 1979 corde,
1545 1932 1750 1980 visionem,
1771 1945 1868 1982 quae
1899 1941 1953 1971 est
1982 1934 2181 1983 deputatio
2210 1935 2369 1972 affectus
2398 1935 2447 1972 ab
2476 1936 2617 1975 inordi—

486 2003 495 2011 =
560 2002 569 2013 ι
605 1993 629 2022 x
641 1985 819 2034 quoniam
835 1986 906 2033 ipsi
921 1986 1047 2023 Deum
1062 1986 1278 2023 videbunt*.
1301 1985 1492 2023 Munditia
1546 1986 1643 2023 natis
1663 1962 1949 2024 affectionibus:
1980 1995 2015 2024 et
2033 1988 2130 2024 haec
2149 1986 2306 2037 quidem
2326 1988 2514 2027 munditia
2534 2001 2616 2028 cor-

425 2038 528 2076 enim
564 2038 688 2075 cordis
721 2038 886 2075 maxime
918 2038 1069 2077 videtur
1101 2039 1289 2088 pertinere
1319 2039 1368 2076 ad
1401 2038 1491 2076 affe·
1547 2038 1604 2076 dis
1632 2039 1675 2076 fit
1693 2051 1763 2088 per
1780 2039 1939 2077 virtutes
1959 2048 1996 2076 et
2015 2039 2118 2078 dona
2138 2052 2236 2090 quae
2254 2041 2447 2090 pertinent
2465 2043 2514 2080 ad
2532 2042 2613 2080 vim

426 2099 540 2129 ctum.
572 2090 648 2128 Sed
669 2090 816 2129 donum
832 2091 1041 2129 intellectus
1060 2103 1138 2129 non
1154 2092 1317 2141 pertinet
1336 2092 1384 2129 ad
1400 2092 1492 2129 affe·
1547 2092 1806 2142 appetitivam.
1837 2092 1921 2130 Alia
1939 2104 2034 2130 vero
2062 2094 2250 2131 munditia
2278 2093 2403 2132 cordis
2433 2103 2489 2133 est
2515 2106 2615 2145 quae

426 2152 538 2191 ctum,
561 2145 627 2181 sed
648 2145 766 2193 magis
787 2145 835 2182 ad
858 2145 938 2183 vim
959 2144 1240 2182 intellectivam.
1262 2145 1364 2194 Ergo
1384 2157 1493 2194 prae·
1549 2153 1604 2182 est
1638 2145 1746 2193 quasi
1782 2146 2011 2195 completiva
2044 2154 2219 2196 respectu
2246 2146 2405 2184 visionis
2444 2148 2614 2186 divinae:

427 2196 525 2235 dicta
544 2196 739 2235 beatitudo
768 2209 846 2235 non
875 2198 1083 2248 respondet
1111 2199 1214 2236 dono
1244 2198 1464 2236 intellectus.
1548 2205 1585 2234 et
1612 2199 1708 2235 haec
1736 2197 1893 2247 quidem
1923 2207 1979 2236 est
2006 2199 2191 2237 munditia
2211 2200 2348 2237 mentis
2368 2200 2574 2251 deputatae
2594 2212 2616 2239 a

481 2262 515 2288 2.
538 2252 771 2299 PRAETEREA,
791 2252 872 2288 Act.
893 2262 941 2288 xv
959 2251 980 2273 ’⁸
1009 2251 1160 2289 dicitur:
1184 2252 1263 2299 fide
1283 2252 1494 2300 purificans
1547 2251 1878 2300 phantasmatibus
1907 2259 1943 2289 et
1971 2253 2183 2300 erroribus,
2212 2261 2252 2289 ut
2280 2253 2421 2290 scilicet
2442 2265 2489 2292 ea
2517 2264 2616 2304 quae

426 2304 542 2341 corda
557 2315 701 2341 eorum.
723 2304 800 2341 Sed
814 2316 883 2354 per
896 2304 1202 2354 purificationem
1223 2303 1347 2342 cordis
1367 2304 1494 2354 acqui·
1549 2305 1597 2341 de
1617 2305 1703 2342 Deo
1731 2312 2000 2354 proponuntur
2018 2317 2097 2343 non
2117 2304 2350 2354 accipiantur
2366 2318 2436 2356 per
2454 2308 2618 2345 modum

427 2357 519 2394 ritur
546 2356 732 2394 munditia
766 2357 902 2395 cordis.
940 2358 1042 2405 Ergo
1077 2357 1271 2407 praedicta
1299 2356 1492 2395 beatitudo
1550 2356 1806 2416 corporalium
1834 2358 2158 2407 phantasmatum,
2188 2370 2260 2395 nec
2288 2358 2504 2397 seeundum
2528 2360 2618 2397 hae-

428 2410 548 2458 magis
576 2409 738 2458 pertinet
766 2411 812 2448 ad
841 2410 1022 2448 virtutem
1042 2415 1060 2432 α
1087 2410 1177 2448 fidei
1207 2423 1324 2459 quam
1355 2412 1404 2448 ad
1427 2411 1495 2448 do-
1549 2410 1682 2447 retinas
1700 2409 1979 2459 perversitates.
2009 2411 2058 2448 Et
2076 2412 2175 2449 hanc
2196 2411 2422 2449 munditiam
2441 2411 2529 2450 facit
2548 2413 2615 2451 do-

428 2475 522 2500 num
551 2462 771 2500 intellectus.
1550 2474 1645 2500 num
1673 2462 1893 2500 intellectus.

484 2517 518 2553 3.
540 2516 782 2564 PRAETssREA,
813 2516 914 2554 dona
944 2515 1105 2565 Spiritus
1140 2515 1267 2553 Sancti
1294 2516 1495 2565 perficiunt
1605 2515 1784 2552 Similiter
1811 2516 1925 2553 etiam
1955 2516 2095 2566 duplex
2124 2524 2181 2554 est
2199 2516 2271 2554 Dei
2290 2517 2400 2555 visio.
2430 2517 2516 2556 Una
2535 2518 2617 2568 qui-

428 2567 628 2607 hominem
663 2569 701 2606 in
729 2569 918 2619 praesenti
947 2569 1036 2605 vita.
1077 2567 1153 2606 Sed
1183 2567 1277 2606 visio
1311 2567 1384 2606 Dei
1417 2581 1495 2606 non
1550 2569 1639 2605 dem
1658 2567 1838 2617 perfecta,
1853 2581 1923 2619 per
1941 2580 2059 2618 quam
2074 2569 2225 2607 videtur
2244 2570 2316 2607 Dei
2338 2571 2511 2608 essentia.
2532 2571 2617 2609 Alia

427 2622 590 2672 pertinet
609 2622 658 2659 ad
680 2622 799 2660 vitam
827 2629 1091 2672 praesentem:
1121 2621 1203 2671 ipsa
1232 2621 1335 2659 enim
1364 2623 1496 2660 beatos
1550 2633 1644 2658 vero
1669 2620 1902 2671 imperfecta,
1922 2633 1992 2672 per
2010 2634 2139 2672 quarn,
2161 2623 2229 2660 etsi
2248 2634 2326 2660 non
2346 2623 2549 2662 videamus
2569 2625 2617 2663 de

396 2675 531 2723 ›facit,
561 2683 602 2713 ut
630 2687 744 2726 supra
763 2675 783 2697 ’Β
810 2674 984 2713 habitum
1014 2682 1080 2712 est.
1116 2674 1219 2724 Ergo
1248 2683 1353 2712 sexta
1381 2675 1496 2713 beati—
1550 2674 1636 2711 Deo
1666 2674 1758 2724 quid
1787 2682 1853 2723 est,
1882 2674 2061 2712 videmus
2093 2683 2221 2713 tamen
2249 2676 2341 2726 quid
2369 2688 2448 2714 non
2478 2685 2550 2714 est:
2581 2685 2619 2714 et

429 2729 544 2777 tudo,
575 2729 773 2766 continens
801 2729 874 2767 Dei
902 2729 1111 2775 visionem,
1142 2741 1220 2765 non
1256 2727 1419 2778 pertinet
1446 2728 1495 2765 ad
1550 2733 1654 2764 tanto
1693 2727 1731 2764 in
1759 2726 1831 2764 hac
1858 2727 1937 2764 vita
1965 2729 2094 2766 Deum
2121 2728 2324 2777 perfectius
2349 2729 2617 2777 cognoscimus

432 2782 578 2820 donum
606 2781 827 2819 intellectus.
1551 2787 1694 2828 quanto
1715 2780 1835 2828 tnagis
1854 2779 2095 2829 intelligimus
2116 2793 2205 2818 eum
2226 2781 2409 2820 excedere
2429 2782 2617 2832 quidquid

486 2835 560 2872 SED
581 2846 727 2873 CONTRA
746 2847 812 2873 EST
831 2834 935 2885 quod
955 2833 1189 2883 Augustinus
1218 2833 1317 2881 dicit,
1338 2834 1376 2871 in
1400 2832 1496 2870 libro
1550 2833 1738 2870 intellectu
1767 2833 2116 2883 comprehenditur.
2151 2834 2200 2871 Et
2227 2842 2389 2884 utraque
2418 2835 2491 2872 Dei
2519 2834 2616 2873 visio

399 2910 403 2915 -
432 2888 478 2925 de
505 2887 626 2925 Serm.
651 2890 764 2926 Dom.
794 2889 831 2926 in
859 2888 995 2925 Monte
1012 2886 1052 2924 *ε
1083 2887 1198 2924 Sexta
1226 2887 1393 2936 operatio
1417 2886 1497 2934 Spi-
1550 2886 1712 2935 pertinet
1740 2886 1789 2923 ad
1818 2885 1963 2924 donum
1993 2886 2218 2924 intellectus:
2247 2888 2372 2938 prima
2390 2886 2548 2938 quidem
2566 2890 2616 2926 ad

433 2941 526 2977 ritus
554 2940 692 2987 Sancti,
713 2954 810 2990 quae
836 2947 889 2978 est
916 2941 1129 2987 intellectus,
1154 2940 1327 2978 convenit
1349 2939 1498 2976 mundis
1553 2939 1699 2976 donum
1715 2939 1923 2977 intellectus
1939 2948 2261 2987 consummatum,
2278 2942 2491 2979 secundum
2511 2941 2618 2990 quod

434 2993 557 3040 corde,
586 2995 652 3043 qui
666 3000 831 3045 purgato
851 2995 958 3031 oculo
973 3000 1131 3043 possunt
1147 2993 1274 3031 videre
1293 2993 1394 3042 quod
1411 3004 1497 3029 ocu·
1552 2993 1621 3029 erit
1649 2991 1686 3028 in
1714 2992 1856 3041 patria;
1887 2993 2054 3030 secunda
2081 3004 2175 3030 vero
2214 2994 2262 3031 ad
2298 2994 2445 3032 donum
2474 2995 2618 3032 intelle-

433 3046 491 3083 lus
519 3058 594 3083 non
623 3047 723 3084 vidit.
1553 3052 1633 3082 ctus
1662 3045 1895 3092 inchoatum,
1925 3045 2138 3084 secundum
2167 3047 2272 3096 quod
2299 3047 2462 3085 habetur
2483 3047 2616 3096 invia.

487 3101 714 3137 Rsssponnsso
734 3111 917 3138 mcENDUM
938 3099 1043 3148 quod
1062 3100 1100 3136 in
1121 3106 1225 3136 sexta
1253 3097 1496 3145 beatitudine,
1605 3098 1654 3135 Et
1667 3108 1736 3147 per
1750 3099 1824 3136 hoc
1844 3106 1948 3148 patet
1962 3099 2159 3149 responsio
2176 3099 2224 3137 ad
2240 3099 2401 3138 obiecta.
2423 3100 2526 3138 Nam
2543 3100 2618 3150 pri-

434 3152 530 3189 sicut
558 3159 594 3189 et
621 3152 660 3190 in
688 3151 779 3200 aliis,
801 3153 878 3190 duo
900 3151 1160 3189 continentur:
1188 3163 1309 3189 unum
1328 3163 1397 3201 per
1415 3162 1498 3188 mo·
1551 3163 1636 3188 mae
1657 3151 1756 3189 duae
1771 3151 1936 3189 rationes
1949 3153 2164 3201 procedunt
2179 3153 2226 3190 de
2245 3153 2370 3202 prima
2389 3153 2576 3191 munditia
2589 3151 2616 3191 Ρ.

436 3205 527 3243 dum
565 3204 706 3253 meriti,
740 3205 875 3242 scilicet
904 3205 1087 3243 munditia
1117 3203 1263 3251 cordis;
1293 3204 1394 3241 aliud
1431 3217 1499 3253 per
1551 3204 1784 3242 Tertiavero
1801 3205 1848 3242 de
1863 3205 2030 3254 perfecta
2044 3205 2117 3243 Dei
2131 3205 2299 3244 visione:
2321 3205 2424 3244 dona
2439 3213 2567 3244 autem
2583 3214 2619 3243 et

401 3259 597 3296 modum
635 3257 810 3308 praemii,
845 3258 983 3295 scilicet
1011 3258 1108 3295 visio
1147 3257 1239 3305 Dei,
1268 3264 1310 3294 ut
1347 3268 1460 3306 supra
1480 3258 1500 3278 ⁸*
1550 3257 1611 3294 hic
1626 3263 1642 3285 Υ
1659 3269 1730 3295 nos
1748 3257 1951 3307 perficiunt
1965 3260 2177 3296 secundum
2198 3259 2393 3309 quandam
2408 3256 2618 3297 inchoatio-

436 3310 578 3349 dictum
599 3319 664 3349 est.
690 3311 740 3349 Et
757 3319 961 3360 utrumque
983 3311 1144 3360 pertinet
1163 3311 1290 3360 aliquo
1310 3310 1430 3347 modo
1450 3311 1497 3347 ad
1552 3321 1654 3357 nem,
1668 3318 1704 3347 et
1719 3311 1756 3347 in
1767 3311 1891 3348 futuro
1904 3311 2174 3361 implebuntur,
2186 3319 2228 3349 ut
2242 3323 2356 3362 supra
2368 3311 2616 3350 dictum*est.
2645 3319 2656 3331 ⁴
2670 3319 2730 3342 Μ·

490 3424 517 3454 οι)
537 3425 671 3449 virtutem.
689 3437 708 3443 —
726 3424 865 3449 veritatem
885 3424 995 3457 PDlpr
1015 3430 1039 3449 et
1057 3432 1083 3450 a.
1526 3423 1530 3487 j
1608 3425 1634 3457 γ)
1654 3427 1679 3448 et
1697 3425 1747 3450 hic.
1764 3437 1783 3443 -
1801 3425 1865 3450 haec
1884 3425 1902 3455 l,
1921 3429 1947 3449 et
1965 3426 2119 3451 huiusmodi
2136 3426 2182 3450 Pa.

491 3458 515 3491 β’)
531 3460 622 3491 prima
633 3459 893 3491 munditia-prima
902 3459 1009 3491 (primis
1019 3459 1056 3494 Ικ)
1069 3460 1201 3485 munditia
1211 3463 1237 3485 et
1250 3460 1349 3485 visione
1359 3459 1429 3484 IsCK
1439 3465 1463 3484 et
1474 3467 1500 3484 x.

2744 3158 2760 3192 β

2745 3266 2763 3294 t
