2892 4056
180 252 188 261 '¹
202 250 271 271 Num.
288 256 321 271 ιιι.

172 1382 180 1390 ·
192 1381 212 1401 11
226 1381 274 1402 Pet.
294 1387 345 1408 cap.
365 1387 381 1407 1,

170 1413 230 1428 vers.
244 1414 267 1433 4.

176 2636 185 2645 ·
201 2635 247 2662 Qu.
263 2641 279 2662 1,
294 2639 336 2657 art.
351 2641 370 2663 5.

419 167 467 202 30
1129 164 1394 209 QUAESTIO
1425 166 1473 212 u,

473 244 524 273 VI.
550 243 600 273 Ad
624 243 750 273 tertium
774 243 909 272 dubium
927 242 945 260 θ’
976 242 1088 272 dicitur
1114 242 1203 282 quod
1226 251 1330 272 sermo
1353 242 1471 272 litterae

385 293 393 300 ⁵
417 294 462 317 est
486 287 523 317 de
546 287 793 327 pertingentibus
818 286 857 315 ad
873 286 1028 316 visionem
1050 285 1109 315 Dei
1132 295 1188 325 per
1203 292 1290 316 actus
1314 286 1472 326 proprios·

415 330 508 360 Pueri
532 337 647 366 autem,
672 330 743 360 licet
766 339 821 369 per
844 329 1041 369 disciplinam
1060 328 1132 358 fidei
1146 329 1322 365 habitualis,
1347 339 1413 359 non
1429 336 1471 360 ta-

416 384 488 404 men
520 375 576 413 per
599 373 744 414 proprios
767 380 874 409 actus,
906 373 959 402 sed
984 373 1052 402 Iesu
1077 371 1194 403 Christi
1217 373 1381 403 meritum:
1404 373 1472 413 ipsa

415 425 522 447 autem
541 416 657 448 Christi
673 416 777 447 anima
797 426 832 446 ex
849 416 967 446 unione
984 415 1139 456 personali
1158 416 1198 446 ad
1214 416 1365 453 Verbum,
1382 416 1471 457 quasi

415 461 548 491 naturali
576 460 837 495 concomitantia,
862 459 983 489 visione
1011 459 1116 489 divina
1143 459 1270 499 perfusa
1293 467 1348 490 est.
1381 460 1472 491 Unde

414 507 552 540 Auctor,
577 505 739 535 attendens
767 503 855 543 quod
878 503 958 533 visio
987 502 1045 533 Dei
1076 510 1123 534 est
1151 503 1301 543 perfectio
1325 514 1472 544 suprema

414 547 605 583 intellectus;
630 555 660 578 et
679 557 744 577 non
760 553 806 577 est
821 547 938 584 innata,
958 553 993 577 ut
1006 546 1086 577 visio
1106 547 1345 587 principiorum,
1369 557 1472 588 neque

414 601 469 631 per
492 591 707 621 inventionem
732 590 932 630 acquisibilis.
957 597 992 620 ut
1015 590 1095 620 visio
1119 591 1361 621 conclusionum
1385 591 1473 622 scita-

414 645 485 664 rum
508 635 643 674 perfecte
658 636 696 664 ab
713 634 760 664 his
776 634 830 674 qui
847 634 968 673 pollent
982 634 1124 673 ingenim
1150 642 1180 665 et
1203 635 1291 675 quod
1314 645 1370 675 per
1386 642 1472 665 actus

414 678 559 718 proprios
584 678 743 718 dispositis
770 678 810 707 ad
836 677 923 707 illam
948 679 1215 709 communicatur:
1241 688 1314 709 cum
1345 679 1472 718 propria

414 722 578 762 dispositio
608 728 639 752 et
661 722 710 751 via
734 722 774 751 ad
797 721 953 751 visionem
981 722 1224 753 intellectualem
1247 722 1287 752 sit
1309 722 1472 762 disciplina

413 776 430 795 a
454 766 582 796 doctore
605 765 739 801 vidente,
764 765 862 796 fultus
887 766 1070 796 auctoritate
1094 766 1281 806 Scripturae,
1307 766 1471 798 necessita-

412 817 476 839 tem
500 808 572 839 fidei
595 809 702 840 intulit
725 809 805 840 sicut
826 810 859 839 in
883 809 1054 849 discipulis.

467 853 534 883 VII.
559 853 593 882 In
615 853 728 883 eodem
745 853 876 884 articulo
891 853 983 884 tertio
1006 854 1084 884 scito
1100 854 1189 894 quod
1205 855 1243 884 de
1259 854 1342 884 facto
1366 861 1472 885 tantus

412 903 458 927 est
488 896 613 927 divinus
636 907 727 927 amor
757 907 829 937 erga
853 898 1037 927 universum
1070 904 1105 928 ut
1135 907 1200 928 non
1224 897 1379 928 suffecerit
1401 898 1470 928 Deo

412 941 646 971 communicare
663 951 695 971 se
718 951 774 980 per
789 941 945 971 naturales
962 941 1225 982 participationeS‚
1250 942 1385 972 creando
1402 942 1471 972 uni-

411 994 537 1014 versum
561 994 598 1014 ex
620 992 668 1016 tot
692 985 815 1015 essendi
837 985 1131 1025 participationibus
1155 986 1363 1016 constitutum
1393 993 1471 1025 quot

411 1028 516 1058 divina
531 1029 655 1059 bonitas
678 1029 859 1060 naturaliter
881 1028 1103 1069 participabilis
1127 1030 1303 1060 secundum
1327 1030 1471 1060 ordinem

411 1082 485 1102 suae
510 1072 680 1112 sapientiae
697 1079 779 1109 erat;
804 1073 868 1109 sed,
886 1083 960 1104 cum
975 1073 1080 1104 videre
1095 1074 1201 1104 Deum
1224 1073 1350 1114 fruique
1365 1081 1471 1113 aperte

411 1116 479 1146 Deo
504 1116 564 1146 soli
588 1116 710 1147 divinae
734 1124 863 1147 naturae
882 1117 1022 1147 naturale
1042 1118 1081 1148 sit
1097 1124 1127 1147 et
1146 1127 1212 1147 esse
1229 1117 1337 1157 possit,
1363 1127 1398 1147 ac
1417 1127 1473 1157 per

410 1161 472 1190 hoc
488 1167 607 1190 creatae
625 1168 656 1191 et
675 1161 822 1191 creabiles
837 1168 965 1191 naturae
981 1171 1047 1191 non
1061 1168 1207 1201 poterant
1221 1161 1356 1191 naturali
1374 1161 1468 1200 parti-

410 1204 567 1243 cipatione
583 1205 697 1235 habere
713 1205 852 1235 divinam
865 1205 1022 1235 visionem
1036 1215 1071 1235 ac
1087 1205 1258 1245 perfectam
1273 1204 1470 1239 fruitionem;

411 1248 658 1279 communicavit
676 1258 731 1288 per
749 1248 881 1288 gratiam
899 1249 988 1289 quod
1011 1248 1311 1278 incommunicabile
1331 1254 1396 1278 erat
1416 1257 1473 1287 per

409 1299 566 1327 naturam,
588 1299 619 1322 et
642 1292 741 1322 effecit
763 1302 876 1322 omnes
898 1292 1122 1322 intellectuales
1146 1298 1176 1322 et
1198 1291 1364 1322 rationales
1389 1301 1470 1321 crea-

409 1342 495 1365 turas
511 1335 630 1366 habiles
646 1336 685 1365 ad
700 1335 839 1366 divinam
855 1336 1010 1366 visionem
1026 1342 1057 1366 et
1072 1335 1255 1365 fruitionem
1270 1345 1307 1365 ex
1322 1335 1384 1365 hoc
1398 1335 1470 1375 ipso

409 1379 497 1419 quod
523 1379 678 1410 ordinavit
701 1389 752 1409 eas
776 1386 811 1410 ut
830 1386 934 1410 essent
955 1380 1084 1410 divinae
1112 1385 1251 1410 naturae
1272 1384 1434 1410 consortes
1455 1379 1471 1398 *

410 1433 465 1463 per
479 1423 620 1462 gratiam,
638 1430 668 1454 et
683 1424 722 1453 ad
746 1423 778 1453 id
793 1424 881 1464 quod
902 1423 961 1453 soli
975 1424 1045 1453 Deo
1062 1423 1203 1454 naturale
1223 1430 1278 1459 est,
1296 1423 1412 1454 scilicet
1426 1423 1470 1453 vi-

410 1468 481 1497 dere
505 1467 610 1497 Deum
627 1474 657 1498 et
680 1467 743 1497 frui
765 1467 845 1503 Deo,
865 1467 1026 1507 pervenire
1050 1474 1189 1507 possent.
1206 1468 1246 1498 Et
1269 1467 1344 1508 quia
1367 1477 1472 1507 perve-

410 1511 475 1541 nire
492 1512 531 1540 ad
546 1511 702 1541 visionem
720 1511 906 1542 huiusmodi
921 1511 1057 1551 propriis
1077 1511 1197 1542 actibus
1217 1521 1283 1541 non
1299 1521 1472 1551 possumus

410 1555 469 1585 nisi
500 1555 722 1586 convenienter
751 1555 850 1586 adiuti
881 1555 1034 1586 fuerimus
1065 1555 1172 1585 divino
1198 1556 1330 1592 ducatu,
1354 1555 1410 1596 qui
1438 1554 1473 1585 fit

410 1600 565 1635 docendo,
584 1606 619 1629 ut
642 1599 675 1629 in
690 1599 792 1630 littera
811 1599 937 1635 dicitur;
961 1599 1034 1629 ideo
1051 1606 1178 1639 oportet
1194 1599 1318 1630 credere
1334 1599 1403 1629 Deo
1420 1599 1473 1629 do-

410 1643 491 1674 centi
503 1654 562 1673 nos
578 1653 613 1673 ea
628 1653 708 1683 quae
725 1643 821 1673 visuri
837 1653 958 1679 sumus,
969 1653 1051 1684 quae
1066 1643 1263 1683 praeparavit
1278 1643 1342 1673 suis
1358 1642 1471 1673 electis

1504 164 1798 200 ARTlCULUS
1829 163 1878 198 lV
1922 158 1923 161 ¹

1580 241 1642 271 Ubi
1661 247 1746 280 patet
1761 240 1876 280 primo,
1893 240 2060 280 quomodo
2079 240 2112 270 in
2131 247 2243 272 natura
2257 242 2402 273 rationali
2417 242 2584 278 invenitur,

1526 285 1606 314 ultra
1629 284 1661 314 id
1684 284 1773 324 quod
1796 290 1842 314 est
1865 283 1893 313 ei
1916 283 2072 319 naturale,
2097 284 2246 324 perfectio
2270 286 2514 326 supernaturalis
2537 297 2584 317 se-

1526 327 1667 358 cundum
1691 334 1818 357 motum
1841 326 2030 367 superioriS,
2054 327 2115 358 hoc
2139 334 2185 358 est
2208 328 2330 360 divinae
2354 337 2500 366 naturae,
2529 340 2585 370 per

1525 371 1665 411 gratiam.
1690 389 1710 394 —
1726 371 1814 401 Patet
1837 371 1988 406 secund0,
2006 379 2103 411 quam
2120 371 2240 411 optima
2257 372 2335 403 ratio
2348 374 2394 404 ‘ad
2413 373 2474 404 hoc
2493 373 2586 404 allata

1526 415 1619 445 fuerit
1642 415 1680 445 ab
1704 417 1843 446 Auctore
1866 414 1899 444 in
1921 414 2032 450 littera,
2058 416 2220 454 arguendo
2244 426 2262 446 a
2279 416 2516 448 conditionibus
2532 428 2585 447 na-

1526 459 1678 489 turalibus
1703 467 1925 490 creaturarum.
1950 458 2041 495 Quae
2057 458 2136 488 adeo
2160 466 2207 490 est
2228 460 2398 499 probabilis
2423 467 2458 491 ut
2479 471 2585 492 neces—

1526 502 1605 533 saria
1627 509 1784 543 appareat.
1809 520 1830 525 -
1845 502 1933 533 Patet
1955 502 2057 538 tertio,
2075 511 2174 542 quam
2192 502 2272 534 iuste
2296 504 2435 544 exigatur
2458 514 2476 534 a
2491 505 2586 535 ratio—

1526 546 1649 576 nalibus
1669 546 1816 577 creaturis
1840 547 1928 587 quod
1948 546 2074 577 credant
2093 546 2342 586 supernaturalia
2364 554 2395 579 et
2417 555 2587 588 operentur

1527 590 1703 620 conformia
1726 590 2026 631 supernaturalibus.
2051 590 2110 620 Par
2133 599 2272 630 namque
2288 597 2334 621 est
2348 591 2484 622 iustitiae
2506 591 2585 622 ratio

1526 640 1562 664 ut
1591 634 1753 674 exigantur
1783 643 1879 674 opera
1909 633 2086 665 conformia
2114 634 2344 673 supernaturali
2370 642 2515 672 naturae,
2547 636 2586 665 ad

1526 687 1624 718 quam
1638 678 1754 708 accitae
1769 685 1843 709 sunt
1864 687 1920 718 per
1933 678 2081 718 gratiam;
2106 684 2136 708 et
2155 684 2190 708 ut
2211 678 2374 717 exigantur
2388 688 2485 719 opera
2509 689 2586 710 con·

1525 721 1640 752 formia
1669 728 1798 753 naturae
1818 722 1987 758 rationali,
2018 731 2117 763 quam
2140 721 2321 752 naturaliter
2343 721 2469 754 habent.
2502 722 2587 754 Nam

1525 766 1599 806 quia
1623 772 1768 796 naturam
1790 766 1978 797 rationalem
2000 766 2125 802 habent,
2142 765 2222 796 iuste
2243 765 2374 806 exigitur
2397 773 2432 797 ut
2452 776 2587 807 operen-

1525 816 1577 840 tur
1613 809 1818 840 conformiter
1840 810 1880 839 ad
1906 810 1993 840 illam
2028 816 2058 840 et
2080 809 2178 840 vitent
2209 809 2365 840 difformia
2391 811 2430 841 ab
2459 809 2521 842 illa.
2546 810 2587 841 Et

1526 854 1636 884 eadem
1659 853 1797 890 ratione,
1828 853 1902 894 quia
1925 853 2123 884 consortium
2156 853 2279 883 divinae
2309 860 2439 884 naturae
2471 851 2588 885 habent

1526 907 1562 928 ex
1586 897 1643 928 Dei
1667 907 1807 934 munere,
1831 897 1913 928 iuste
1937 897 2069 937 exigitur
2092 904 2127 927 ut
2150 903 2320 937 operentur
2342 896 2520 928 conformia
2542 898 2588 928 di-

1524 942 1599 972 vino
1625 941 1786 972 consortio
1815 949 1845 972 et
1867 941 1966 972 vitent
1997 951 2218 982 quaecumque
2251 941 2406 972 contraria
2433 948 2508 972 sunt
2529 941 2585 972 ini.

1525 986 1566 1016 Et
1592 986 1748 1026 quoniam
1778 985 1902 1016 credere
1935 985 2070 1016 revelata
2093 995 2110 1015 a
2138 986 2207 1016 Deo
2231 991 2278 1016 est
2301 995 2404 1016 unum
2432 985 2586 1021 istorum,

1525 1029 1680 1070 quoniam
1706 1037 1752 1060 est
1778 1029 1829 1060 via
1858 1030 1897 1059 ad
1927 1028 2155 1069 perfectionem
2186 1027 2283 1059 divini
2315 1029 2483 1065 consortii;
2514 1029 2586 1059 ideo

1525 1073 1734 1104 necessarium
1759 1080 1806 1104 est
1828 1074 1951 1104 credere
1975 1079 2005 1103 et
2028 1073 2207 1103 damnabile
2231 1079 2277 1103 est
2301 1083 2365 1103 non
2389 1073 2523 1104 credere.
2547 1073 2588 1103 Et

1525 1124 1690 1157 propterea
1709 1117 1741 1147 in
1765 1117 1865 1147 littera
1895 1116 2094 1147 concluditur
2116 1117 2205 1158 quod
2234 1123 2281 1147 est
2313 1117 2525 1148 necessarium
2547 1117 2587 1147 ad

1525 1161 1670 1191 salutem.

1581 1204 1662 1235 VIII.
1688 1204 1723 1233 In
1747 1203 1954 1243 responsione
1985 1204 2025 1233 ad
2047 1204 2225 1234 secundum
2254 1204 2288 1234 in
2311 1204 2426 1234 eodem
2454 1204 2586 1234 articulo

1524 1247 1650 1277 adverte
1666 1247 1754 1287 quod
1769 1246 1870 1277 fidelis
1886 1246 2053 1286 dupliciter
2068 1247 2257 1278 considerari
2273 1254 2392 1287 potest:
2416 1247 2588 1289 prim0,ex

1523 1297 1611 1330 parte
1626 1291 1752 1321 habitus
1767 1290 1854 1327 fidei;
1879 1290 2030 1327 secundo,
2042 1300 2078 1320 ex
2093 1297 2181 1331 parte
2194 1291 2296 1330 ipsius
2310 1290 2454 1321 habentis
2468 1291 2588 1322 dictum

1522 1335 1632 1365 lumen
1648 1334 1730 1365 fidei.
1756 1334 1788 1365 Si
1813 1335 2026 1365 consideretur
2045 1344 2082 1364 ex
2097 1341 2185 1375 parte
2199 1335 2336 1371 habitus,
2353 1335 2398 1365 sic
2420 1340 2518 1365 tutus.
2523 1341 2586 1366 est·

1523 1379 1599 1419 quia
1622 1379 1684 1409 tale
1706 1379 1827 1415 lumen,
1852 1385 2008 1419 quantum
2032 1385 2078 1408 est
2101 1389 2138 1409 ex
2160 1388 2204 1415 se,
2220 1378 2351 1409 inclinat
2372 1378 2406 1408 in
2429 1387 2502 1408 vere
2524 1387 2588 1408 cre·

1524 1422 1631 1453 dibilia
1654 1429 1684 1453 et
1708 1423 1870 1453 dissentire
1897 1422 1971 1453 facit
1993 1433 2011 1452 a
2039 1423 2216 1458 contrariis;
2247 1422 2394 1473 quamvis
2422 1431 2491 1453 non
2513 1431 2589 1453 cum

1525 1466 1680 1497 evidentia
1695 1473 1802 1497 nostra
1825 1466 1905 1497 circa
1925 1466 2112 1506 particulare
2134 1466 2290 1503 credibile,
2307 1466 2389 1497 sicut
2410 1465 2486 1497 facit
2498 1465 2589 1497 habi-

1525 1518 1576 1541 tus
1606 1511 1847 1551 principiorum.
1881 1511 1922 1541 Et
1949 1517 2078 1551 propter
2100 1510 2181 1547 hoc,
2207 1510 2235 1541 si
2269 1517 2414 1541 sumatur
2437 1519 2482 1541 ex
2501 1516 2588 1550 parte

1526 1554 1640 1590 nostri,
1669 1555 1823 1594 contingit
1852 1554 2021 1590 fluctuare,
2046 1564 2149 1595 usque
2183 1555 2223 1585 ad
2256 1554 2472 1585 exclusionem
2500 1553 2589 1584 habi-

1525 1605 1577 1629 tus
1601 1597 1683 1629 fidei.
2560 1615 2561 1619 =

1188 1793 1504 1836 ARTlCULUS
1534 1792 1807 1843 QUARTUS

545 1887 699 1918 UTRUM
724 1886 923 1917 CREDERE
947 1886 1004 1917 EA
1029 1887 1147 1924 QUAE
1171 1886 1365 1918 RATIONE
1388 1886 1611 1917 NATURALI
1636 1885 1820 1916 PROBAm
1845 1885 2040 1916 POSSUNT
2064 1885 2131 1916 srr
2155 1884 2455 1917 NEcassARmM

573 1975 604 1999 III
624 1974 707 2002 Sent„
727 1974 784 1998 dist.
803 1981 869 2002 xxiv,
888 1978 935 1998 art.
955 1972 978 2002 3,
999 1973 1047 2005 qua
1066 1980 1090 2004 r;
1110 1973 1118 1996 1
1141 1973 1217 1997 Cont.
1239 1974 1324 2003 Gent.,
1344 1980 1399 2005 cap.
1418 1980 1459 2003 1v;
1480 1973 1521 1997 De
1544 1972 1633 2002 verit„
1653 1980 1698 2004 qu.
1717 1979 1765 2001 xrv,
1785 1977 1831 1996 art.
1854 1979 1898 2002 ro;
1918 1972 1948 1996 In
1968 1971 2044 1997 Boet.
2062 1971 2095 1998 de
2118 1971 2201 2001 Trin„
2221 1979 2266 2004 qu.
2285 1979 2322 2004 m,
2342 1976 2388 2003 att.
2411 1980 2432 1997 1.

530 2089 543 2101 Ι,
559 2078 574 2090 2-
622 2065 644 2090 D
665 2064 837 2095 QUARTUM
852 2064 910 2089 Sic
926 2063 1166 2089 PRocEm‘rUR.
1187 2052 1346 2088 Videtur
1366 2053 1470 2099 quod

478 2104 485 2112 ‘
536 2099 580 2150 '3⁷³
593 2123 599 2142 s
623 2118 667 2142 ea
687 2105 945 2155 quaeratione
959 2104 1119 2142 naturali
1138 2104 1292 2153 probari
1313 2111 1473 2153 possunt

568 2157 699 2204 (J'non
714 2159 760 2195 sit
775 2157 1031 2194 necessarium
1048 2157 1214 2194 credere.
1236 2158 1278 2194 In
1294 2157 1473 2205 operibus

463 2227 476 2237 -
599 2211 722 2248 enirn
756 2211 828 2247 Dei
866 2210 956 2247 nihil
990 2210 1228 2259 superfluum
1261 2210 1473 2256 invenitur,

411 2228 551 2300 multo
562 2263 688 2300 minus
718 2275 833 2312 quam
861 2263 900 2300 in
919 2263 1100 2311 operibus
1118 2270 1287 2299 naturae.
1319 2263 1397 2300 Sed
1425 2263 1474 2299 ad

410 2316 450 2353 id
478 2316 583 2363 quod
610 2328 678 2365 per
705 2328 826 2352 unum
855 2322 980 2364 potest
1007 2315 1090 2352 fieri
1126 2314 1319 2364 superflue
1356 2327 1474 2364 appo—

411 2369 511 2405 nitur
538 2368 650 2406 aliud.
690 2369 791 2416 Ergo
823 2381 867 2405 ea
901 2380 999 2417 quae
1027 2380 1096 2416 per
1123 2368 1334 2404 naturalem
1364 2367 1473 2405 ratio-

412 2433 502 2458 nem
523 2421 701 2468 cognosci
720 2428 879 2470 possunt
898 2420 1136 2469 superfluum
1152 2428 1250 2457 esset
1269 2433 1338 2468 per
1355 2421 1473 2458 fidem

413 2473 597 2522 accipere.

467 2538 502 2562 2.
532 2526 766 2573 PRAETEREA,
787 2538 832 2562 ea
853 2537 1008 2562 necesse
1024 2532 1080 2562 est
1094 2525 1247 2562 credere
1268 2526 1315 2562 de
1335 2526 1475 2573 quibus

414 2586 469 2615 est
488 2578 596 2615 fides.
627 2579 704 2615 Sed
732 2590 810 2615 non
832 2585 886 2615 est
905 2578 952 2614 de
974 2578 1111 2615 eodem
1133 2577 1287 2614 scientia
1307 2585 1343 2614 et
1365 2578 1473 2625 fides,

413 2639 454 2668 ut
483 2643 596 2680 supra
614 2630 634 2653 ’¹‘
661 2631 833 2668 habitum
863 2638 928 2667 est.
969 2630 1069 2667 Cum
1098 2630 1208 2678 igitur
1245 2630 1399 2668 scientia
1432 2631 1476 2668 sit

415 2684 461 2721 de
490 2684 668 2721 omnibus
696 2684 764 2720 illis
801 2695 899 2732 quae
931 2683 1091 2726 naturali
1118 2683 1263 2719 ratione
1297 2684 1475 2731 cognosci

413 2745 591 2785 possunt,
619 2737 769 2773 videtur
801 2736 906 2784 quod
939 2748 1017 2772 non
1046 2742 1220 2784 oporteat
1248 2735 1402 2772 credere
1431 2748 1476 2772 ea

415 2801 513 2837 quae
541 2802 610 2838 per
637 2790 847 2826 naturalem
875 2788 1061 2825 rationem
1090 2788 1311 2836 probantur.

470 2843 504 2878 3.
536 2843 775 2889 PRAETEREA,
818 2841 949 2878 omnia
991 2840 1134 2877 scibilia
1173 2840 1350 2877 videntur
1391 2852 1475 2877 esse

415 2894 526 2931 unius
554 2894 720 2932 rationis.
752 2894 791 2931 Si
816 2894 925 2942 igitur
951 2893 1142 2943 quaedam
1172 2905 1307 2930 eorum
1334 2905 1475 2942 propo-

417 2954 557 2984 nuntur
583 2946 729 2983 homini
756 2955 796 2983 ut
825 2947 1034 2993 credenda,
1063 2946 1145 2994 pari
1173 2945 1317 2983 ratione
1347 2945 1476 2983 omnia

416 2999 635 3036 huiusmodi
662 3011 817 3036 necesse
846 3007 944 3035 esset
972 2999 1138 3035 credere.
1169 2999 1255 3034 Hoc
1274 3006 1401 3035 autem
1422 3006 1477 3035 est

417 3052 565 3089 falsum.
618 3052 710 3087 Non
739 3063 827 3099 ergo
857 3063 902 3088 ea
931 3063 1029 3100 quae
1065 3063 1134 3099 per
1169 3051 1380 3088 naturalem
1418 3062 1475 3087 ra-

417 3105 561 3142 tionem
590 3103 767 3152 cognosci
794 3111 955 3152 possunt
982 3115 1137 3140 necesse
1167 3111 1222 3140 est
1250 3103 1416 3140 credere.

472 3157 546 3194 SED
580 3168 726 3194 CONTRA
758 3168 823 3193 EST
851 3156 939 3205 quia
968 3165 1122 3193 necesse
1153 3163 1207 3193 est
1234 3156 1362 3193 Deum
1395 3168 1473 3193 cre-

419 3210 507 3247 dere
537 3221 619 3246 esse
648 3221 769 3246 unum
799 3217 834 3246 et
861 3209 1151 3257 incorporeum,
1189 3221 1288 3258 quae
1317 3209 1475 3246 naturali

420 3262 562 3299 ratione
592 3274 614 3299 a
642 3262 877 3311 philosophis
905 3262 1126 3310 probantur.

473 3317 697 3352 Rssposnso
717 3325 901 3351 mesanum
930 3315 1035 3363 quod
1054 3313 1309 3351 necessarium
1331 3321 1386 3351 est
1408 3314 1477 3351 ho-

1527 2051 1621 2088 mini
1650 2051 1822 2099 accipere
1858 2063 1928 2100 per
1959 2051 2121 2088 modum
2155 2051 2245 2088 fidei
2283 2062 2363 2088 non
2391 2052 2516 2088 solum
2545 2063 2592 2090 ea

1527 2116 1626 2152 quae
1650 2111 1737 2141 sunt
1756 2115 1870 2152 supra
1889 2103 2088 2152 rationem,
2114 2103 2182 2141 sed
2202 2103 2317 2141 etiam
2337 2115 2383 2140 ea
2406 2116 2504 2154 quae
2522 2116 2592 2154 per

1527 2156 1714 2194 rationem
1744 2156 1922 2204 cognosci
1950 2165 2121 2205 possunt.
2152 2157 2201 2194 Et
2227 2157 2303 2194 hoc
2329 2165 2487 2206 propter
2508 2157 2589 2195 tria.

1527 2209 1658 2246 Primo
1688 2209 1867 2257 quidem,
1900 2217 1942 2246 ut
1971 2210 2078 2247 citius
2105 2210 2226 2246 homo
2264 2209 2313 2246 ad
2339 2209 2510 2246 veritatis
2537 2210 2592 2246 di*

1526 2262 1639 2300 vinae
1669 2261 1923 2310 cognitionem
1960 2261 2168 2311 perveniat.
2209 2262 2374 2299 Scientia
2408 2262 2511 2299 enim
2544 2262 2592 2300 ad

1528 2326 1645 2363 quarn
1673 2314 1834 2364 pertinet
1859 2315 2024 2364 probare
2042 2316 2171 2352 Deum
2193 2325 2275 2351 esse
2305 2321 2341 2351 et
2365 2314 2436 2351 alia
2463 2312 2593 2352 huiusss

1528 2368 1634 2405 modi
1663 2367 1710 2404 de
1729 2368 1827 2414 Deo,
1855 2367 1990 2405 ultimo
2014 2367 2236 2406 hominibus
2255 2367 2487 2415 addiscenda
2505 2378 2593 2416 pro,-

1528 2420 1702 2469 ponitur,
1739 2420 2038 2468 praesuppositis
2071 2420 2196 2458 multis
2224 2420 2304 2457 aliis
2331 2419 2507 2458 scientiis.
2545 2420 2594 2460 Et

1529 2473 1582 2509 sic
1601 2485 1679 2509 non
1699 2473 1769 2510 nisi
1788 2480 1875 2532 post
1894 2474 2057 2510 multum
2077 2480 2229 2521 tempus
2242 2473 2344 2510 vitae
2362 2484 2455 2509 suae
2474 2473 2592 2510 homo

1524 2527 1578 2562 ad
1612 2526 1684 2562 Dei
1714 2525 1970 2573 cognitionem
2006 2525 2234 2574 perveniret.
2263 2546 2288 2554 -
2318 2526 2517 2574 Secundo,
2551 2533 2594 2563 ut

1530 2578 1694 2626 cognitio
1714 2578 1787 2616 Dei
1805 2578 1852 2615 sit
1871 2578 2126 2616 communior.
2156 2578 2266 2615 Multi
2287 2577 2388 2615 enim
2408 2577 2448 2615 in
2467 2577 2592 2621 studii)

1529 2630 1706 2668 scientiae
1735 2631 1923 2680 proficere
1952 2643 2030 2668 non
2059 2637 2238 2680 possunt.
2264 2632 2328 2668 vel
2346 2638 2503 2680 propter
2526 2631 2595 2678 he-

1529 2683 1779 2720 betudinem
1770 2683 1926 2730 1ngenii3
1954 2685 2017 2720 vel
2037 2690 2192 2743 propter
2210 2683 2304 2720 alias
2322 2683 2593 2732 occupationes

1529 2742 1566 2772 et
1585 2735 1824 2772 necessitates
1843 2735 2063 2784 temporalis
2081 2736 2204 2782 vitae;
2223 2736 2286 2772 vel
2306 2735 2419 2772 etiarn
2437 2743 2595 2785 propter

1528 2795 1723 2836 torporem
1752 2787 1983 2826 addiscendi.
2015 2788 2092 2835 Qui
2107 2793 2124 2810 ²
2144 2788 2303 2826 omnino
2332 2799 2355 2825 a
2374 2788 2446 2826 Dei
2467 2788 2594 2838 cogni—

1528 2839 1630 2877 tione
1659 2840 1922 2877 fraudarentur
1954 2840 2025 2878 nisi
2051 2848 2358 2890 proponerentur
2385 2841 2437 2879 eis
2465 2840 2595 2879 divina

1529 2905 1596 2941 per
1625 2893 1785 2930 modum
1812 2893 1914 2931 fidei.
1937 2914 1961 2921 -
1977 2893 2121 2937 ,Tertio
2145 2893 2278 2942 modo,
2307 2901 2464 2944 propter
2486 2893 2594 2932 certi-

1529 2945 1711 2983 tudinem.
1741 2946 1853 2983 Ratio
1875 2946 1975 2983 enim
2003 2947 2173 2983 humana
2192 2946 2230 2983 in
2250 2947 2363 2987 rebus
2382 2946 2519 2985 divinis
2538 2954 2594 2985 est

1530 2999 1694 3035 multum
1723 2998 1922 3036 deficiens:
1952 2999 2059 3036 cuius
2090 2999 2239 3047 signum
2273 3006 2329 3036 est
2355 2999 2446 3048 quia
2472 2999 2594 3049 philo-

1530 3051 1658 3099 sophi,
1694 3051 1741 3088 de
1770 3052 1884 3088 rebus
1911 3051 2090 3089 humanis
2118 3052 2279 3089 naturali
2305 3052 2592 3100 investigatione

1528 3111 1824 3152 perscrutantes,
1863 3104 1902 3141 in
1930 3104 2057 3142 multis
2087 3112 2307 3143 erraverunt
2341 3112 2378 3142 et
2404 3104 2474 3142 sibi
2501 3105 2593 3155 ipsis

1530 3156 1715 3193 contraria
1743 3164 1952 3194 senserunt.
1991 3157 2042 3195 Ut
2070 3169 2160 3206 ergo
2189 3165 2288 3198 esset
2315 3157 2526 3195 indubitata
2558 3164 2595 3195 et

1530 3217 1630 3246 certa
1658 3209 1822 3257 cognitio
1858 3211 1960 3258 apud
1993 3210 2170 3248 homines
2206 3210 2254 3248 de
2281 3211 2390 3257 Deo,
2427 3209 2594 3259 oportuit

1530 3262 1636 3310 quod
1673 3262 1801 3299 divina
1836 3262 1889 3299 eis
1925 3274 1994 3311 per
2021 3263 2183 3300 modum
2211 3262 2302 3301 fidei
2335 3262 2591 3310 traderentur,

1530 3314 1638 3364 quasi
1666 3327 1688 3351 a
1716 3316 1800 3351 Deo
1830 3315 1942 3362 dicta,
1972 3315 2036 3364 qui
2064 3314 2214 3353 mentiri
2243 3324 2321 3353 non
2349 3321 2484 3364 potest.

475 3454 502 3485 α)
523 3454 583 3484 Qui.
601 3468 619 3474 —
637 3454 751 3486 Propter
769 3461 836 3486 quae
855 3453 886 3483 D,
905 3460 972 3485 quae
990 3453 1022 3478 K.
