2892 4056
36 1924 43 1932 ⁶
74 1916 185 1957 ‹.⁴0²'.',',}
208 1944 226 1953 ψ
244 1942 246 1944 -
268 1920 414 1952 feruutur
430 1921 464 1952 in
484 1921 601 1961 duplex
619 1931 714 1961 agens
733 1927 769 1951 ut
784 1920 890 1961 quod:
913 1921 1049 1952 alterum
1067 1926 1103 1951 ut
1121 1920 1210 1960 quod
1233 1919 1332 1951 utitur

188 664 194 671 ·
220 660 246 671 ··
272 647 379 687 ignem
395 649 577 685 resolvitur;
602 654 731 690 propter
753 649 842 689 quod
865 647 896 678 in
920 647 946 677 ll
961 648 1000 678 de
1015 649 1132 678 Anima
1147 648 1164 667 *
1184 658 1334 688 augmen-

238 691 244 698 ‘
272 698 359 728 tum,
383 702 421 723 ex
444 702 483 723 eo
506 693 595 733 quod
618 703 636 724 a
659 693 762 724 calore
795 698 956 727 causatur,
990 691 1055 730 igni
1077 691 1273 723 tribuebatur
1295 693 1333 722 ab

1359 734 1361 767 ἶ
1387 736 1584 776 cognationis
1607 736 1728 776 origine
1751 747 1783 767 se
1806 744 1900 772 tenet,
1925 736 2012 766 solus
2036 736 2122 766 Deus
2146 743 2192 766 est
2207 735 2335 776 proprie
2353 744 2447 765 causa

251 1751 347 1781 aar
362 1745 514 1777 excedens
545 1753 676 1776 omnem
707 1743 878 1775 efficaciam
901 1743 1007 1774 omnis
1030 1743 1151 1783 agentis
1180 1744 1274 1774 creati
1303 1750 1333 1774 et

183 2656 430 2742 131331‘111‘<.·.'⁸‘

215 2919 244 2956 ᾗ
271 2905 405 2942 dicitur
431 2904 470 2941 in
499 2906 513 2941 1
533 2905 579 2940 de
600 2904 714 2940 Caelo
732 2903 752 2925 ’¹‘
766 2909 792 2940 Υ.
825 2903 901 2940 Sed
921 2903 1055 2939 caritas
1078 2915 1156 2939 non
1176 2909 1232 2938 est
1250 2901 1332 2938 ulti-

931 136 1196 182 QUAESTIO
1225 136 1365 182 XXIII,

274 211 412 247 formae;
437 221 503 242 non
527 211 614 241 enim
636 212 722 242 calor
738 219 772 242 ut
795 213 853 243 tria
872 213 1035 244 constituit
1057 223 1124 243 esse
1144 213 1283 244 calidum
1303 219 1339 244 ut
1362 214 1364 223 '

274 256 395 294 decem,
419 265 476 285 nec
499 255 582 285 elicit
605 255 844 287 calefactionem
868 263 903 287 ut
927 257 1046 287 decem.
1077 257 1160 287 Male
1182 257 1278 296 igitur
1301 266 1339 287 ex

274 299 374 329 modo
398 298 550 338 operandi
574 298 747 330 formaliter
771 306 971 341 retorquetur
988 299 1126 330 infinitas
1148 300 1182 330 in
1201 299 1336 330 caritatis

273 344 457 378 Auctorem,
483 349 514 372 et
535 342 658 373 tollitur
679 344 718 373 ab
742 343 810 383 ipsa
834 343 968 374 caritate.

327 386 378 416 Ad
398 386 591 416 evidentiam
622 387 717 417 huius
740 387 784 417 rei
807 387 886 417 scito
909 387 1012 427 quod,
1042 396 1116 416 curn
1145 387 1266 417 formae
1290 396 1337 417 ac-

275 429 442 460 cidentales
457 439 475 460 a
486 430 743 461 substantialibus
759 430 1007 471 proficiscantur,
1025 437 1152 480 oportet
1166 430 1335 461 efficaciam
1360 432 1362 466 ξ

273 472 450 504 formarum
463 474 728 505 accidentalium·
720 485 753 505 m
768 474 1015 505 substantiarum
1030 473 1160 504 virtutes
1180 474 1336 504 resolvere
1360 474 1362 517 ξ

220 551 223 555 f
273 516 390 557 quibus
413 524 487 548 sunt
510 519 727 549 connaturalia
755 518 927 549 accidentia
948 517 1002 548 illa
1025 518 1202 548 secundum
1230 528 1262 548 se
1284 517 1362 580 vel

273 569 331 590 sua
352 560 520 611 principia:
546 569 581 592 ut
604 569 689 602 patet
717 562 755 592 de
779 561 883 592 calore
906 561 1101 591 connaturali
1131 561 1236 611 primo
1261 561 1335 591 sub-

273 604 403 634 stantiae
426 604 523 645 ignis;
547 605 614 636 eius
631 606 716 636 enim
731 604 876 640 efficacia,
893 603 1107 644 ubicumque
1099 604 1284 641 mveniatur,
1301 604 1334 634 in
1359 587 1361 633 l

271 735 482 776 Empedocle‚
507 744 539 768 et
567 746 605 768 ex
634 743 745 775 natura
773 735 854 776 ignis
884 735 1070 775 reprobatur
1092 736 1131 765 ab
1155 736 1332 766 Aristotele.

271 778 403 820 Propter
426 781 530 821 quod,
554 790 630 811 cum
652 780 762 811 caritas
792 778 861 810 talis
884 778 987 808 forma
1010 778 1208 810 accidentalis
1237 779 1277 809 sit
1299 786 1335 810 ut

271 823 350 853 nulli
375 831 532 854 creaturae
554 824 652 854 factae
668 829 723 854 aut
745 821 873 854 factibili
898 821 1110 852 connaturalis
1133 832 1199 852 esse
1222 823 1332 862 possit,
1358 854 1360 863 Α

271 867 327 897 sed
350 868 410 898 soli
433 867 556 898 divinae
579 866 781 902 substantiae,
805 875 871 896 non
895 865 1072 896 secundum
1095 865 1263 896 accidentis
1279 875 1334 896 na-

270 917 389 948 turam,
413 912 468 942 sed
497 910 740 942 substantialiter
762 909 976 940 connaturalis
1004 909 1057 945 sit;
1090 908 1226 940 efficacia
1256 909 1333 946 eius,
1358 925 1360 942 J

270 954 304 985 in
333 964 540 997 quocumque
570 954 756 994 reperiatur,
779 953 958 984 secundum
987 953 1157 984 divinitatis
1187 960 1332 984 naturam
1358 978 1360 995 2

270 998 432 1038 pensanda
447 1005 504 1035 eet,
526 998 605 1033 etin
621 998 727 1029 Deum
749 997 936 1029 resolvenda
959 1003 996 1028 ut
1009 996 1192 1037 proximum
1212 1004 1243 1028 et
1259 1006 1334 1028 con-

270 1042 413 1077 naturale
434 1041 503 1073 eius
530 1042 732 1083 principium
765 1041 807 1072 Et
828 1048 996 1082 propterea
1019 1043 1140 1072 Auctor
1163 1040 1334 1072 efficaciam

270 1085 404 1126 caritatis
426 1081 460 1116 in
482 1085 588 1116 Deum
611 1085 732 1125 reducit
755 1095 822 1116 non
841 1095 877 1116 ea
900 1085 1021 1116 ratione
1036 1095 1100 1125 qua
1123 1085 1271 1115 omnium
1287 1095 1333 1115 re-

269 1134 343 1160 rum
371 1135 419 1165 est
439 1123 578 1160 Auctor:
609 1130 664 1160 sed
694 1139 731 1160 ea
753 1129 880 1170 speciali
909 1128 1033 1160 ratione
1055 1139 1119 1170 qua
1148 1128 1258 1160 caritas
1288 1136 1335 1160 est

270 1172 383 1204 divini
391 1173 513 1204 ordinis
534 1173 594 1204 soli
616 1174 686 1204 Deo
710 1173 932 1204 connaturalis.
967 1173 1034 1204 Nec
1056 1173 1190 1204 intendit
1211 1175 1334 1204 Auctor

269 1226 388 1257 pmere
413 1216 555 1257 aliquam
576 1217 767 1249 infinitatem
794 1217 828 1248 in
851 1216 963 1249 effectu
986 1217 1122 1248 caritatis
1145 1227 1244 1257 quam
1266 1227 1334 1248 non

269 1270 389 1302 ρωποι-ε
404 1261 579 1299 intendat
567 1261 603 1292 iu
616 1262 687 1302 ipsa
702 1262 838 1298 caritate,
863 1267 899 1292 ut
914 1260 1095 1301 superficies
1117 1261 1238 1292 litterae
1259 1271 1334 1301 prae

269 1314 327 1340 se,-
324 1304 422 1336 -fem
436 1298 576 1343 videtur,
602 1315 698 1346 penes
728 1315 825 1347 quam
850 1305 993 1355 procedit
1022 1305 1158 1336 dubium
1186 1312 1331 1336 motum:

269 1358 336 1398 non
355 1349 442 1379 enim
465 1349 571 1380 minus
595 1356 642 1381 est
662 1348 785 1381 infinita
807 1349 917 1380 caritas
940 1358 1039 1389 quam
1061 1348 1095 1378 in
1118 1348 1244 1379 caritate
1267 1359 1334 1379 esse

269 1399 302 1424 et
313 1387 449 1424 dilectio
472 1393 533 1424 Dei
555 1403 592 1424 ex
607 1393 743 1424 caritate.
767 1393 830 1424 Sed
851 1392 986 1423 intendit
1008 1392 1120 1423 docere
1136 1393 1221 1422 unde
1239 1392 1335 1423 habet

269 1437 380 1468 carius
402 1437 590 1468 huiusmodi
611 1436 799 1468 infinitatem
822 1445 905 1476 quae
927 1436 960 1466 in
981 1445 1041 1466 suo
1057 1435 1169 1466 effectu
1192 1443 1332 1476 apparet.

269 1481 311 1511 Et
333 1480 407 1512 dicit
430 1481 519 1521 quod
541 1481 603 1511 hoc
625 1481 719 1511 habet
742 1490 779 1510 ex
801 1480 915 1511 virtute
938 1479 1012 1515 Dei,
1037 1479 1093 1519 qui
1116 1486 1162 1510 est
1186 1480 1333 1520 proprius
1357 1482 1360 1523 ζ

269 1531 380 1555 auctor
394 1524 538 1561 caritatis,
555 1534 620 1555 non
637 1524 717 1555 sicut
733 1524 946 1555 communiter
968 1530 1015 1554 est
1037 1529 1166 1559 creator,
1183 1524 1238 1554 sed
1253 1523 1335 1554 sicut
1358 1529 1359 1561 ξ

269 1569 524 1600 connaturalium
538 1568 598 1599 sibi
617 1568 678 1598 soli
693 1568 957 1598 communicator.
981 1567 1066 1597 Hinc
1083 1567 1169 1598 enim
1188 1566 1224 1598 fit
1243 1568 1332 1608 quod
1357 1567 1359 1591 ἑ

268 1611 388 1648 caritas,
403 1622 486 1653 quae
502 1612 599 1643 divini
615 1612 735 1643 ordinis
750 1619 805 1648 est,
822 1619 853 1642 et
869 1611 1042 1642 formaliter
1059 1611 1152 1642 faciat
1166 1611 1332 1642 hominem

267 1656 313 1688 sic
335 1656 544 1688 coniunctum
577 1657 645 1687 Deo
669 1656 885 1691 habitualiter,
910 1662 941 1685 et
970 1665 1026 1696 per
1055 1662 1161 1686 actum
1192 1655 1333 1686 elicitum

268 1700 439 1732 actualiter.
459 1701 510 1732 Sic
532 1707 640 1731 autem
664 1710 731 1731 esse
751 1701 958 1731 coniunctum
978 1699 1048 1729 Deo
1071 1698 1231 1730 infinitum
1254 1699 1332 1741 quid
1357 1731 1358 1739 ἵ

268 1789 514 1865 Ὕὲῂέττθῐαε
535 1839 644 1865 autem
659 1833 755 1863 verba
776 1832 1007 1868 descendendo,
1026 1831 1186 1862 advertere
1205 1838 1333 1872 oportet

268 1876 359 1918 quod
379 1875 502 1909 formae
525 1877 727 1918 participatae
756 1876 790 1907 in
811 1876 955 1907 subiecto
977 1876 1104 1907 alterius
1133 1882 1262 1906 naturae
1285 1885 1332 1906 re-

268 1970 395 1997 tantum
407 1964 463 1995 illa
468 1973 476 2001 ;
490 1965 624 1996 alterum
638 1971 674 1996 ut
685 1975 703 1995 a
714 1974 780 2005 quo
792 1963 1001 2004 proficiscitur
1013 1971 1043 1995 et
1055 1963 1106 1994 cui
1119 1963 1331 1994 connaturalis

268 2015 326 2040 est.
348 2009 444 2040 Verbi
459 2009 568 2048 gratia,
593 2009 679 2040 calor
694 2008 897 2050 participatus
913 2008 947 2038 in
962 2007 1090 2038 animali
1107 2014 1137 2038 et
1152 2007 1284 2038 refertur
1299 2007 1331 2038 in
1356 2019 1358 2031 ι

268 2052 395 2089 animal,
419 2053 508 2093 quod
532 2052 631 2083 utitur
652 2053 740 2093 ipso;
765 2059 796 2084 et
818 2051 951 2083 refertur
972 2051 1006 2082 in
1028 2052 1144 2092 ignem,
1169 2051 1254 2082 unde
1273 2058 1329 2082 est.

268 2097 310 2128 Et
323 2097 397 2128 licet
412 2103 584 2138 utrumque
606 2097 724 2127 horum
740 2096 802 2127 dici
816 2096 918 2136 possit
933 2096 1022 2137 quod
1046 2095 1110 2136 agit
1132 2102 1162 2126 et
1182 2102 1331 2135 operatur

1393 135 1688 172 ARTICULUS
1717 136 1767 171 111

1390 222 1446 252 per
1466 212 1613 249 calorem,
1636 223 1702 243 non
1725 213 1832 243 solum
1855 219 1960 243 tamen
1985 208 2131 242 differunt
2153 211 2312 250 praedicto
2335 210 2446 248 modo,

1389 256 1463 296 quia
1485 256 1548 286 hoc
1567 263 1602 286 ut
1626 263 1728 292 utens,
1744 257 1796 287 ille
1812 263 1848 287 ut
1871 265 1979 286 causa:
2004 256 2058 286 sed
2083 255 2177 285 etiam
2201 254 2277 295 quia
2299 253 2448 294 proprius

1389 299 1514 330 effectus
1538 300 1659 336 caloris,
1683 307 1719 330 ut
1742 300 1795 336 sic,
1819 310 1885 330 non
1909 299 2096 334 attribuitur,
2122 297 2249 338 proprie
2271 297 2446 338 loquendo,

1387 343 1516 373 animali
1540 343 1649 379 utenti,
1670 344 1724 373 sed
1747 343 1825 383 igni;
1850 353 1908 374 nec
1930 343 2097 373 resolvitur
2115 342 2148 372 in
2167 342 2247 372 illud
2270 348 2371 376 utens,
2392 341 2447 371 sed

1386 386 1418 416 in
1438 386 1554 426 ignem,
1575 394 1611 417 ut
1629 393 1714 427 patet
1730 387 1762 417 in
1778 387 1924 427 exemplo
1943 387 2039 417 allato
2056 396 2093 416 ex
2109 386 2135 415 11
2150 386 2189 416 de
2203 386 2321 416 Anima
2337 385 2376 415 de
2392 395 2446 415 au-

1387 436 1516 469 gmento
1535 430 1628 469 igneo
1653 438 1683 460 et
1699 438 1871 470 augmento
1894 430 2048 461 animalis.
2073 429 2123 460 Sic
2139 436 2246 460 autem
2263 435 2309 459 est
2323 428 2356 458 in
2372 438 2446 468 pro-

1387 473 1504 513 posito.
1522 473 1642 504 Caritas
1655 475 1740 504 enim
1753 482 1799 505 est
1814 475 1916 504 forma
1931 474 2114 514 participata
2125 473 2156 503 in
2169 473 2332 503 voluntate
2346 479 2447 503 creata

1387 527 1406 547 a
1417 517 1535 557 Spiritu
1548 517 1673 549 Sancto.
1691 518 1731 548 Et
1742 518 1810 558 ipsa
1822 518 1953 558 quidem
1964 527 2088 558 semper
2101 523 2250 557 operatur
2262 516 2445 551 formaliter,

1360 543 1467 591 idest
1482 567 1518 591 ut
1536 571 1602 602 quo
1619 569 1649 592 et
1665 572 1730 591 non
1747 569 1782 592 ut
1797 562 1900 602 quod:
1926 562 1980 591 sed
1997 571 2071 592 cum
2086 561 2199 591 habeat
2219 560 2335 600 duplex
2350 560 2445 600 quod,

1387 604 1504 635 scilicet
1516 605 1682 635 hominem
1694 612 1834 636 utentem
1847 615 1883 636 ea
1895 612 1926 635 et
1937 606 2042 636 Deum
2055 605 2139 635 unde
2151 611 2206 640 est,
2219 604 2291 635 licet
2303 611 2445 644 respectu

2375 133 2443 180 167

1359 654 1361 670 ³
1386 648 1568 689 aliquorum
1584 649 1753 680 effectuum
1769 649 1868 679 homo
1892 649 1992 689 possit
2008 649 2068 678 dici
2084 649 2173 689 quod
2193 648 2267 688 agit,
2291 654 2322 678 et
2337 646 2446 678 caritas

1386 701 1470 732 quo;
1493 699 1637 732 respectu
1660 700 1766 724 tamen
1789 693 1909 733 proprii
1932 692 2059 723 effectus
2083 692 2226 728 caritatis,
2242 691 2297 732 qui
2319 701 2356 722 ex
2370 700 2446 721 suae

1386 789 1481 819 agens
1508 786 1543 810 ut
1559 781 1656 820 quod.
1681 781 1768 810 Talis
1791 787 1899 811 autem
1922 779 2047 810 effectus
2071 786 2117 810 est
2136 779 2272 810 infinitas
2296 789 2377 819 quae
2398 789 2446 809 ca-

1386 822 1474 854 ritate
1490 823 1534 854 fit.
1556 823 1597 854 Et
1612 831 1778 863 propterea
1793 823 1928 854 efficacia
1944 823 2076 854 caritatis
2092 823 2124 853 in
2141 823 2284 853 faciendo
2301 822 2446 853 effectum

1358 872 1360 894 ¹,
1386 865 1546 896 infinitum
1569 867 1601 896 in
1624 867 1731 897 Deum
1754 867 1911 897 reducitur
1933 873 1969 897 ut
1991 877 2118 897 causam
2141 866 2275 897 activam
2298 873 2334 897 ut
2357 867 2446 907 quod

1386 919 1457 939 vere
1480 917 1510 940 et
1533 911 1660 950 proprie
1685 910 1763 950 agit,
1797 917 1828 941 et
1850 911 1882 940 in
1905 910 2008 949 ipsam
2032 910 2191 941 caritatem
2215 917 2250 940 ut
2273 910 2447 940 formaliter

1386 959 1581 993 operantem.

1441 997 1534 1027 Unde
1549 998 1589 1027 ad
1605 997 1817 1028 obiectionem
1832 997 1866 1027 in
1881 997 2068 1038 oppositum
2084 997 2196 1028 dicitur
2211 997 2300 1037 quod
2325 1000 2446 1035 Auctor

1358 1047 1360 1060 ¹
1386 1050 1452 1070 non
1475 1040 1610 1071 intendit
1632 1040 1720 1082 [nisi]
1744 1041 1833 1082 quod
1857 1041 1966 1071 caritas
1990 1047 2139 1081 operatur
2162 1041 2344 1076 formaliter,
2366 1041 2447 1072 idest

1386 1094 1441 1124 per
1456 1085 1592 1116 modum
1606 1084 1738 1122 formae,
1758 1093 1793 1116 ut
1812 1084 2013 1125 distinguitur
2029 1092 2137 1115 contra
2155 1085 2277 1124 operari
2297 1084 2444 1121 effective,

1385 1128 1466 1159 idest
1476 1139 1532 1169 per
1543 1130 1679 1160 modum
1693 1127 1822 1169 agentis,
1836 1136 1872 1159 ut
1886 1129 1975 1170 quod
1990 1135 2037 1159 est
2046 1128 2172 1168 proprie
2189 1138 2282 1159 causa
2298 1127 2444 1159 efficiens.

1385 1172 1426 1203 Et
1448 1179 1614 1213 propterea
1637 1173 1768 1213 optime,
1793 1173 1946 1204 subtiliter
1970 1179 2001 1203 et
2023 1172 2191 1203 clarissime
2214 1173 2390 1202 secundum
2413 1181 2445 1203 se

1386 1216 1462 1247 dicit
1475 1218 1564 1257 quod
1587 1217 1732 1258 efficacia
1745 1217 1883 1258 formae
1896 1215 1943 1248 'est
1957 1217 2131 1247 secundum
2148 1218 2295 1247 virtutem
2318 1217 2446 1257 agentis

1357 1257 1359 1270 ⁴
1386 1261 1564 1292 inducentis
1577 1261 1736 1302 formam.
1761 1261 1897 1301 Oportet
1918 1270 2067 1302 namque,
2091 1260 2146 1291 ubi
2169 1261 2375 1291 solummodo
2391 1270 2446 1300 ap-

1386 1312 1473 1344 paret
1495 1305 1615 1346 aliquid
1638 1315 1772 1345 operans
1795 1315 1852 1345 per
1873 1305 2009 1336 modum
2032 1305 2163 1341 formae,
2186 1303 2343 1344 requirere
2360 1304 2447 1335 aliud

1385 1358 1520 1388 operans
1542 1349 1628 1378 idem
1657 1359 1713 1389 per
1735 1349 1871 1379 modum
1901 1349 2021 1389 proprii
2044 1348 2146 1384 activi,
2170 1358 2207 1378 ex
2229 1358 2296 1388 quo
2319 1348 2359 1378 sit
2381 1347 2446 1379 effi-

1385 1392 1468 1422 cacia
1498 1392 1582 1422 illius
1612 1392 1749 1423 formae:
1781 1399 1903 1423 constat
1934 1393 2018 1423 enirn
2047 1393 2136 1433 quod
2165 1392 2288 1432 operari
2324 1392 2368 1422 sic
2390 1401 2447 1432 per

1385 1435 1522 1466 modum
1544 1435 1665 1466 formae
1684 1435 1891 1476 proficiscitur
1913 1443 2024 1476 suapte
2048 1442 2160 1467 natura
2183 1437 2222 1466 ab
2246 1436 2368 1476 operari
2391 1445 2447 1476 per

1385 1479 1522 1509 modum
1543 1479 1608 1509 veri
1632 1480 1762 1519 agentis.

1439 1523 1481 1553 Et
1504 1523 1548 1553 sic
1571 1530 1656 1563 patet
1678 1524 1767 1564 quod
1795 1530 1907 1554 neutro
1930 1523 2059 1553 illorum
2086 1523 2261 1553 modorum
2284 1523 2446 1563 arguendo

1385 1574 1623 1607 assumptorum
1639 1568 1774 1607 praecise
1787 1567 1923 1598 sumitur
1934 1567 2056 1607 operari
2074 1566 2256 1597 formaliter.
2274 1566 2447 1598 Reducitur

1384 1617 1489 1642 tamen
1514 1611 1571 1642 iste
1595 1612 1711 1642 modus
1734 1612 1775 1642 ad
1798 1621 1900 1641 unum
1922 1611 2051 1642 illorum
2074 1611 2107 1641 in
2131 1611 2304 1647 communi,
2330 1611 2446 1642 scilicet

1384 1655 1507 1695 operari
1531 1662 1567 1686 ut
1589 1665 1671 1696 quo,
1696 1662 1731 1686 ut
1754 1662 1839 1695 patet
1862 1665 1898 1685 ex
1921 1655 2020 1686 dictis.
2045 1673 2065 1678 —
2089 1655 2178 1685 Patet
2200 1665 2330 1695 quoque
2357 1655 2446 1696 quod

1383 1699 1561 1739 propositio
1577 1699 1639 1735 illa,
1655 1699 1784 1730 Caritas
1799 1704 1953 1739 operatur
1955 1699 2158 1740 formaliter,
2172 1699 2265 1730 infert
2276 1699 2444 1731 intentum.

1356 1740 1359 1792 ζ
1384 1743 1469 1780 Quia
1498 1743 1615 1774 scilicet
1645 1753 1682 1774 ex
1709 1743 1762 1774 tali
1792 1744 1892 1773 modo
1923 1743 2076 1783 operandi
2105 1743 2237 1774 habetur
2260 1744 2348 1784 quod
2377 1753 2444 1774 non

1384 1794 1511 1827 oportet
1533 1788 1622 1828 quod
1644 1787 1712 1827 ipsa
1735 1787 1775 1818 sit
1797 1786 1919 1818 infinita
1942 1787 2139 1827 simpliciter:
2164 1788 2219 1817 sed
2239 1787 2328 1827 quod
2351 1787 2390 1818 sit
2405 1788 2444 1818 ab

1383 1830 1508 1862 infinito
1530 1831 1714 1872 simpliciter
1732 1838 1768 1862 ut
1783 1831 2054 1862 communicatore
2078 1831 2136 1871 sibi
2156 1831 2216 1862 soli
2233 1831 2445 1862 connaturalis

1383 1875 1592 1916 proprietatis.
1613 1893 1634 1898 -
1657 1876 1745 1906 Patet
1767 1875 1859 1906 tertio
1883 1875 1972 1916 quod
2003 1885 2038 1905 ex
2061 1875 2123 1906 hoc
2151 1875 2335 1906 conceditur
2356 1875 2447 1915 quod

1384 1919 1494 1950 caritas
1517 1926 1565 1950 est
1587 1930 1654 1950 non
1676 1919 1783 1950 minus
1804 1918 1927 1950 infinita
1941 1929 2040 1959 quam
2063 1929 2140 1949 suus
2157 1918 2284 1950 effectus
2303 1918 2446 1949 formalis

1384 1970 1414 1994 et
1433 1973 1509 1993 suus
1529 1970 1615 1994 actus
1635 1963 1772 1999 elicitus;
1798 1970 1828 1993 et
1841 1963 1931 2004 quod
1953 1962 2114 1993 infinitatis
2133 1963 2247 1994 tamin
2262 1962 2333 2002 ipsa
2347 1972 2445 2003 quam

1383 2007 1416 2037 in
1440 2006 1550 2038 effectu
1575 2017 1703 2038 causam
1726 2007 1940 2047 quaerendam
1970 2017 2036 2037 esse
2059 2007 2091 2037 in
2114 2006 2239 2037 infinito
2263 2006 2446 2047 simpliciter

1384 2054 1506 2082 Auctor
1535 2051 1645 2082 docuit
1677 2061 1713 2081 ex
1743 2051 1842 2081 modo
1873 2051 2025 2091 operandi
2054 2051 2228 2082 formaliter
2256 2050 2289 2080 in
2319 2051 2444 2082 caritate

1383 2102 1537 2135 mspecto.

1073 2248 1390 2290 ARTICULUS
1419 2249 1648 2291 TERTIUS

966 2332 1151 2363 UTRUM
1179 2331 1404 2363 CAR1TAS
1437 2333 1516 2363 sm*
1546 2333 1735 2364 VIRTUS

878 2410 913 2448 ,ΙΙΙ
933 2411 1017 2441 Sem„
1037 2411 1096 2435 dist.
1115 2418 1190 2442 xxvn,
1210 2419 1254 2443 qu.
1274 2419 1301 2442 11,
1321 2416 1368 2436 art.
1389 2419 1402 2436 2
1409 2419 1417 2442 ς
1438 2412 1480 2437 De
1502 2413 1608 2443 Vir-tut„
1627 2420 1674 2445 qu.
1691 2420 1719 2443 ιι,
1739 2418 1787 2438 art.
1807 2420 1831 2437 2·

280 2494 283 2496 ·
391 2505 459 2542 ,Ἤ
480 2494 503 2519 ι)
521 2493 682 2518 martum
702 2492 755 2517 stc
779 2491 1018 2518 PRocssmrua
1038 2480 1197 2517 Videtur
1225 2481 1331 2528 quod

322 2532 353 2586 2³
401 2524 462 2597 {50
484 2535 616 2571 caritas
645 2546 722 2571 non
747 2533 793 2570 sit
810 2533 940 2570 virtus.
971 2533 1116 2570 Caritas
1145 2532 1246 2571 enim
1277 2540 1331 2569 est

329 2588 334 2592 ’
373 2604 408 2630 ⁷⁴
430 2582 648 2624 amicitia
676 2586 879 2634 quaedam.
910 2586 988 2623 Sed
1016 2585 1180 2623 amicitia
1204 2598 1226 2622 a
1249 2586 1332 2634 phi-

439 2632 470 2676 Χ
482 2639 687 2689 losophis²
702 2651 780 2676 non
799 2639 953 2698 ponitur
970 2638 1101 2685 virtus,
1118 2646 1160 2674 ut
1178 2639 1216 2675 in
1235 2639 1329 2674 libro

409 2693 575 2742 '⁸⁸:patet
605 2704 730 2741 neque
761 2692 863 2729 enim
902 2699 1199 2728 connumeratur
1235 2691 1332 2727 inter

268 2746 426 2791 virtutes
446 2747 612 2783 morales
630 2757 755 2794 neque
775 2745 871 2782 inter
889 2743 904 2774 β
928 2744 1207 2781 intellectuales.
1229 2745 1331 2792 Ergo
1357 2775 1358 2796 ἶ

270 2798 386 2837 etiam
414 2810 541 2847 neque
570 2798 704 2836 caritas
733 2806 788 2834 est
814 2797 945 2834 virtus.

325 2863 360 2889 2.
390 2853 627 2897 Puni-nam,
655 2852 774 2888 virtus
791 2856 846 2887 est
868 2850 1038 2886 ultimum
1061 2850 1261 2898 potentiae,
1290 2856 1332 2885 ut
1356 2836 1359 2878 ἶ

271 2969 401 3001 mum;
431 2957 500 2993 sed
527 2956 647 3004 magis
675 2957 857 3004 gaudium
887 2963 923 2992 et
943 2967 1029 3004 pax.
1060 2956 1162 3002 Ergo
1181 2954 1333 2991 videtur

272 3010 376 3059 quod
400 3009 531 3046 caritas
559 3020 637 3046 non
665 3008 711 3045 sit
737 3009 875 3054 virtus;
906 3008 973 3044 sed
1002 3008 1122 3055 magis
1149 3007 1330 3055 gaudium

272 3070 309 3100 et
363 3073 421 3099 ax.

327 3074 360 3152 ΣΞ
382 3115 621 3161 Puni-Eam,
646 3113 772 3150 omnis
789 3113 910 3150 virtus
929 3120 984 3149 est
1003 3112 1161 3160 quidam
1180 3112 1332 3149 habitus

273 3167 526 3205 accidentalis.
556 3166 633 3203 Sed
654 3166 787 3202 caritas
809 3177 888 3202 non
909 3172 964 3202 est
986 3164 1136 3202 habitus
1160 3164 1332 3202 acciden-

271 3221 371 3258 talis:
401 3231 488 3256 cum
511 3218 557 3255 sit
576 3218 741 3255 nobilior
759 3218 841 3267 ipsa
860 3218 1008 3264 anima;
1038 3218 1183 3254 nullum
1203 3225 1329 3254 autem
1356 3232 1358 3264 ς

325 3358 352 3390 α)
372 3365 390 3382 a
404 3357 578 3390 philosophis.
596 3370 614 3375 —
627 3355 793 3388 philosophis
811 3351 943 3388 BEFp'Cn,
962 3363 1015 3380 om.
1034 3355 1065 3379 D.

325 3392 350 3426 β)
370 3393 450 3418 inter.
465 3406 485 3413 -
502 3393 583 3418 etiam
603 3392 673 3417 inter
691 3391 735 3419 Pa,
755 3398 808 3416 orn.
826 3390 881 3415 AD.

1385 2481 1560 2518 accidens
1589 2490 1644 2518 est
1671 2482 1835 2519 nobilius
1864 2483 2046 2520 subiecto.
2076 2485 2179 2531 Ergo
2207 2484 2340 2520 caritas
2364 2495 2441 2520 non

1386 2540 1441 2570 est
1467 2533 1598 2570 virtus.

1439 2587 1514 2623 SED
1542 2598 1687 2623 CONTRA
1706 2598 1772 2623 EST
1794 2588 1899 2635 quod
1918 2588 2150 2635 Augustinus
2170 2588 2268 2635 dicit,
2289 2588 2327 2625 in
2346 2589 2441 2625 libro

1385 2639 1430 2675 de
1456 2640 1633 2676 Moribus
1667 2639 1808 2676 Eccles.
1829 2639 1869 2676 *ε
1908 2641 2056 2677 Caritas
2082 2646 2136 2677 est
2169 2641 2288 2678 virtus
2323 2653 2440 2689 quae,

1384 2703 1470 2728 cum
1499 2698 1627 2728 nostra
1655 2693 1860 2729 rectissima
1888 2693 2036 2742 affectio
2066 2699 2129 2739 est,
2158 2694 2355 2743 coniungit
2374 2706 2443 2731 nos

1385 2746 1483 2790 Deo,
1513 2757 1587 2793 qua
1616 2758 1701 2782 eum
1729 2745 1930 2794 diligimus.

1438 2799 1662 2835 Rrsponneo
1682 2810 1865 2835 DICENDUM
1893 2799 1997 2847 quod
2023 2798 2182 2835 humani
2210 2806 2314 2835 actus
2333 2798 2441 2835 boni-

1383 2858 1500 2887 tatem
1529 2852 1670 2888 habent
1697 2852 1908 2887 secundum
1938 2851 2041 2899 quod
2071 2851 2287 2899 regulantur
2314 2851 2441 2888 debita

1385 2905 1513 2951 regula
1533 2912 1569 2941 et
1592 2916 1786 2940 mensura:
1816 2911 1853 2940 et
1880 2903 1966 2940 ideo
1995 2904 2165 2940 humana
2191 2904 2321 2951 virtus,
2342 2916 2440 2953 quae

1386 2965 1442 2994 est
1467 2957 1694 3006 principium
1729 2956 1900 2993 omnium
1934 2957 2126 2993 bonorum
2150 2955 2164 2978 ὅ
2188 2964 2339 2993 actuum
2373 2958 2441 2994 ho-

1385 3010 1508 3057 minis,
1526 3010 1694 3047 consistit
1708 3009 1745 3046 in
1761 3009 1976 3057 attingendo
1997 3010 2164 3056 regulam
2182 3009 2440 3046 humanorum

1385 3071 1552 3100 actuum.
1583 3064 1693 3110 Quae
1713 3061 1869 3110 quidem
1899 3069 1955 3098 est
1983 3062 2132 3110 duplex,
2152 3069 2194 3098 ut
2217 3074 2331 3111 supra
2348 3062 2369 3084 '¹‘
2389 3062 2441 3099 di-

1386 3124 1487 3152 ctum
1517 3123 1592 3153 est:
1632 3115 1769 3152 scilicet
1797 3115 1966 3152 humana
1995 3114 2110 3161 ratio,
2150 3123 2186 3151 et
2213 3115 2294 3164 ipse
2321 3116 2439 3152 Deus.

1384 3170 1495 3206 Unde
1515 3169 1610 3206 sicut
1629 3169 1748 3205 virtus
1767 3167 1921 3204 moralis
1949 3168 2129 3204 definitur
2146 3179 2215 3216 per
2242 3168 2316 3204 hoc
2336 3167 2440 3215 quod

1386 3230 1441 3259 est
1474 3222 1678 3259 secundum
1715 3220 1898 3257 rationem
1936 3225 2095 3267 rectam,
2133 3227 2174 3256 ut
2210 3227 2313 3268 patet
2340 3219 2378 3256 in
2407 3221 2438 3256 11

1438 3354 1464 3387 γ)
1486 3354 1502 3378 1
1517 3354 1549 3378 de
1570 3353 1656 3378 Caelo.
1674 3366 1692 3371 -
1710 3352 1776 3377 libro
1795 3352 1828 3377 de
1849 3353 1927 3377 CaeIo
1945 3356 1971 3377 er
1989 3352 2092 3376 Mundo
2111 3352 2156 3380 Pa,
2177 3351 2192 3375 I
2210 3351 2282 3375 Caeli
2299 3354 2325 3375 et
2343 3350 2441 3375 Mundi

1385 3396 1431 3417 εις
1445 3389 1610 3421 potentiae...
1630 3388 1751 3412 ultimum
1769 3395 1823 3412 om.
1841 3395 1885 3420 px.

1439 3423 1463 3456 ὃ)
1482 3424 1599 3450 omnium
1619 3424 1754 3448 bonorum.
1772 3436 1791 3442 -
1809 3423 1936 3448 bonorum
1955 3422 2072 3447 omnium
2092 3422 2201 3446 codices.

2468 2650 2478 2658 ⁵
2493 2649 2548 2677 Cap.
2563 2656 2594 2671 ιι.

2562 2955 2576 2979 ὃ

2470 3069 2476 3074 ·
2488 3065 2534 3092 Qu.
2546 3071 2602 3088 ινιτ.
2611 3069 2651 3087 art.
2661 3071 2676 3086 ι.
