2892 4056
179 2814 188 2824 ⁸
199 2814 305 2836 Bernard.
315 2815 389 2836 Serm.

180 2846 197 2861 u
207 2841 304 2868 infesto
311 2841 388 2868 Puris.

425 168 496 203 180

417 252 472 275 art.
495 255 530 275 12
548 245 656 276 iuncto
677 256 706 285 9,
723 251 753 275 et
772 245 891 275 videbis
915 244 1114 274 latitudinem
1138 243 1326 275 intensivum
1349 246 1480 285 gradua—

417 289 480 319 lem
504 289 535 318 in
560 289 692 319 essentia
716 288 835 318 formae
859 289 977 328 absque
1001 287 1091 317 omni
1114 288 1276 327 scrupulo.

469 333 521 363 IV.
533 333 579 363 Ex
590 333 650 362 hoc
661 339 767 362 autem
780 332 868 372 quod
881 332 966 361 iuxta
978 331 1057 361 hanc
1068 330 1152 360 viam
1166 331 1245 361 nihil
1255 333 1480 373 scrupulosum

417 376 554 406 occurrit
582 384 611 407 et
636 376 744 406 omnia
769 382 959 410 consonant,
986 381 1116 414 apparet
1139 375 1227 415 quod
1251 375 1327 407 haec
1352 377 1419 406 sola
1442 376 1481 406 sit

416 430 498 456 vera,
523 427 554 450 et
578 421 615 450 ab
639 422 777 450 Auctore
807 420 934 454 intenta,
962 419 1088 448 volente
1115 418 1147 448 in
1171 418 1357 450 huiusmodi
1388 426 1479 450 motu
1506 419 1507 423 ’

418 474 483 494 non
507 473 574 494 esse
598 463 731 493 omnino
756 473 878 493 novum
901 462 1084 498 terminum,
1110 463 1165 492 sed
1188 463 1358 503 antiquum
1381 464 1480 494 modo

418 517 503 537 novo
520 517 552 537 se
568 507 736 538 habentem
754 506 931 536 secundum
946 506 1046 545 magis
1062 512 1092 536 et
1108 506 1229 537 minus:
1255 508 1344 548 quod
1363 506 1480 548 signifi-

417 558 466 582 cat
489 551 557 581 illas
577 551 712 581 actuales
729 549 966 580 terminationes
991 549 1112 580 formae
1128 551 1307 581 secundum
1330 551 1416 582 hunc
1432 551 1482 581 vel

416 595 508 624 illum
527 595 668 634 gradum.
695 593 815 624 Caritas
840 603 970 634 quoque
995 593 1108 623 eodem
1134 595 1232 624 modo
1254 594 1437 632 intenditur,
1463 605 1480 624 a
1505 622 1507 629 χ

416 639 485 668 1)εο
501 645 606 668 tamen
623 637 776 668 effective:
801 637 843 667 ita
860 638 948 678 quod
974 647 1038 667 non
1062 638 1276 678 corrumpitur
1290 639 1479 678 praecedens
1505 648 1507 671 ξ

416 682 533 717 caritas,
552 691 608 711 nec
633 691 716 711 nova
737 681 878 717 advenit;
903 682 958 711 sed
981 691 1063 722 quae
1087 689 1151 712 erat
1173 682 1338 712 terminata
1361 683 1400 712 ad
1419 689 1478 713 ter·
1505 702 1506 705 =

415 725 504 760 tium,
521 725 705 755 terminatur
719 725 758 755 ad
774 732 924 766 quartum
939 725 988 755 vel
1012 732 1135 756 sextum
1151 726 1285 765 gradum
1308 726 1479 757 actualiter.
1505 735 1507 738 ’

470 770 510 799 Et
533 769 558 798 si
581 770 621 799 ab
651 769 842 809 importunis
873 776 927 799 aut
954 769 1082 800 novitiis
1105 770 1298 810 inquiratur:
1324 770 1411 806 Quid
1434 777 1480 801 est
1505 772 1506 793 l

414 813 468 843 illa
491 812 670 843 terminatio
695 823 776 854 quae
799 812 952 850 abiicitur,
970 823 1051 853 quae
1075 820 1121 844 est
1138 814 1292 844 terminus
1315 824 1334 844 a
1357 824 1423 855 quo
1447 814 1478 844 in

414 853 612 886 intensione?
636 857 732 887 dicito
763 857 852 898 quod
876 857 954 888 nihil
978 857 1065 887 addit
1088 868 1183 898 supra
1206 868 1288 895 rem,
1312 865 1390 899 puta
1413 865 1480 889 tan·
1505 868 1506 899 ᾗ

414 908 483 931 tum
508 900 662 937 calorem,
686 901 745 931 nisi
769 901 980 932 actualitatem
1012 901 1093 932 tertii
1121 902 1236 942 gradus
1261 901 1370 944 (actus
1394 902 1479 932 enim
1504 902 1506 910 ⁴

414 951 460 974 est
475 944 652 981 terminare,
669 945 859 985 distinguere
876 953 907 976 et
923 944 1095 988 separare):
1112 946 1189 977 haec
1199 946 1285 977 enim
1298 947 1481 987 deperditur
1504 956 1506 959 ·

414 989 493 1018 dum
516 988 702 1019 terminatur
724 989 810 1019 idem
841 990 926 1020 calor
949 990 988 1019 ad
1011 997 1161 1030 quartum
1184 991 1334 1030 gradum,
1360 998 1390 1021 et
1413 1001 1479 1021 non

413 1032 595 1072 deperditur
625 1033 783 1073 quantitas
813 1033 881 1074 ipsa
905 1034 1026 1064 caloris.
1057 1034 1177 1065 Natura
1200 1034 1359 1075 siquidem
1390 1041 1480 1065 actus
1504 1030 1506 1058 ἶ

413 1084 443 1106 et
459 1076 620 1116 potentiae
634 1077 871 1117 philosophiam
887 1078 968 1108 hanc
984 1078 1094 1118 aperit.
1110 1096 1130 1100 -
1147 1079 1182 1108 In
1197 1078 1384 1109 remissione
1399 1089 1479 1119 quo-

413 1130 475 1161 que
491 1119 609 1150 similes
632 1128 706 1151 sunt
721 1121 857 1158 termini,
875 1122 991 1152 scilicet
1015 1122 1208 1154 actualitates
1225 1122 1347 1153 formae
1366 1133 1479 1153 secun-

413 1165 492 1195 dum
516 1164 655 1194 diversos
679 1165 810 1204 gradus:
836 1173 879 1202 ut,
898 1166 922 1195 si
947 1166 986 1195 de
1010 1165 1112 1196 calido
1130 1173 1164 1196 ut
1188 1176 1239 1196 sex
1262 1165 1316 1196 fiat
1340 1166 1479 1196 calidum

413 1215 449 1238 ut
471 1208 540 1244 tria,
557 1209 711 1239 terminus
735 1220 752 1239 a
776 1219 841 1250 quo
866 1217 913 1240 est
935 1210 1098 1240 actualitas
1122 1210 1198 1240 sexti
1222 1211 1348 1249 gradu5‚
1367 1217 1398 1240 et
1420 1217 1480 1240 ter-

412 1252 519 1283 minus
542 1253 583 1283 ad
605 1255 703 1292 quem
719 1253 881 1284 actualitas
905 1253 996 1289 tertii,
1013 1263 1095 1293 quae
1111 1254 1198 1293 prius
1223 1261 1288 1283 erat
1310 1254 1343 1283 in
1367 1260 1479 1293 poten-

412 1296 464 1327 tia.
490 1297 552 1327 Sed
575 1306 641 1326 non
673 1303 719 1328 est
742 1297 843 1327 simile
875 1297 983 1338 quoad
1014 1297 1282 1337 deperditionem:
1308 1297 1384 1338 quia
1413 1307 1479 1328 non

413 1341 519 1371 solum
549 1341 712 1372 actualitas
742 1341 819 1372 sexti
849 1342 963 1380 gradus
992 1341 1190 1381 deperditur,
1215 1341 1270 1372 sed
1298 1341 1480 1381 deperditur
1504 1366 1506 1377 2

413 1385 508 1415 etiam
537 1384 697 1425 quantitas
720 1395 738 1415 a
762 1395 814 1415 sex
843 1395 945 1426 usque
970 1385 1008 1415 ad
1033 1385 1102 1416 tria.
1126 1402 1147 1408 —
1170 1385 1211 1416 Et
1234 1385 1311 1416 haec
1341 1392 1390 1416 sat
1418 1386 1480 1416 sint

412 1429 493 1459 inter
516 1428 658 1459 moralia.

468 1473 506 1503 V.
529 1473 563 1503 ln
579 1473 693 1503 eodem
705 1473 819 1514 quinto
835 1473 980 1509 articulo,
997 1473 1030 1503 in
1047 1473 1257 1513 responsione
1273 1474 1313 1504 ad
1328 1473 1479 1513 primum,

412 1518 537 1548 adverte
565 1517 729 1557 diligenter
752 1517 840 1558 quod
864 1527 931 1547 non
961 1517 1038 1548 dicit
1059 1519 1181 1548 Auctor
1209 1518 1298 1558 quod
1321 1517 1479 1558 quantitas

413 1562 566 1593 continua
581 1561 764 1592 intendatur
778 1561 811 1591 in
835 1561 884 1591 his
909 1571 991 1602 quae
1014 1560 1174 1592 rarefiunt.
1194 1562 1267 1592 Hoc
1290 1562 1376 1592 enim
1399 1568 1480 1593 esset

412 1605 543 1636 falsum:
561 1606 636 1646 quia
659 1615 711 1636 aer
731 1605 830 1635 rarior
845 1615 911 1636 non
935 1612 981 1636 est
1003 1605 1103 1645 magis
1127 1613 1276 1646 quantus,
1298 1606 1353 1636 sed
1377 1606 1480 1636 maius

411 1657 580 1691 quantum.
596 1650 658 1681 Sed
674 1660 764 1680 mens
778 1649 926 1680 Auctoris
943 1656 990 1680 est
1005 1650 1094 1690 quod
1110 1650 1142 1680 in
1159 1650 1366 1681 rarefactione
1381 1660 1480 1690 quan-

1367 1727 1419 1734 W

1088 166 1354 222 QUAESTIO
1384 168 1523 213 XXIV,
1554 168 1850 205 ARTICULUS
1878 168 1928 205 VI

1506 245 1508 302 Ι
1535 247 1606 276 titas
1627 245 1663 276 fit
1685 245 1787 275 maior
1816 245 1989 281 extensive,
2011 255 2078 276 non
2101 255 2156 285 per
2183 246 2380 278 additionem
2412 246 2523 287 quanti
2553 246 2593 276 ad

1535 296 1701 330 quantum,
1719 295 1755 319 ut
1778 288 1932 328 contingit
1953 289 1987 319 in
2010 296 2102 319 motu
2125 290 2302 330 augmenti;
2326 291 2380 320 sed
2410 301 2466 330 per
2493 290 2592 320 maio-

1535 343 1600 363 rem
1625 332 1838 363 extensionem
1869 332 2081 373 praecedentis
2112 333 2303 374 quantitatis.
2326 334 2367 364 Et
2396 334 2447 364 hic
2477 334 2593 364 modus

1535 375 1668 416 augendi
1686 376 1895 417 quantitatem
1919 383 1965 407 est
1988 376 2097 407 similis
2113 377 2387 417 proportionaliter
2410 378 2510 408 modo
2526 387 2592 418 quo

1535 426 1668 460 augetur
1695 420 1852 460 quantitas
1881 420 2022 450 virtualis
2054 419 2246 450 formarum:
2272 420 2478 452 intenduntur
2509 421 2594 452 enim

1535 474 1600 494 non
1616 473 1672 503 per
1687 463 1882 494 additionem
1897 463 2091 494 advenientis
2105 464 2287 504 quantitatis
2300 465 2451 501 virtualis,
2468 465 2524 495 sed
2538 474 2595 506 per

1534 508 1688 538 maiorem
1711 507 1938 548 perfectionem
1961 507 2194 548 praeexistentis
2217 508 2410 548 quantitatis.
2438 509 2484 539 Ita
2505 509 2594 550 quod

1535 552 1615 582 sicut
1644 551 1676 582 in
1707 552 1912 582 rarefactione
1942 560 1989 583 est
2019 551 2158 583 extensio
2191 552 2373 593 quantitatis
2402 552 2594 583 dimensivae

1535 595 1768 636 praeexistentis
1785 596 1904 636 absque
1927 606 2028 626 novae
2053 595 2234 637 quantitatis
2249 594 2420 632 additione,
2437 595 2479 627 ita
2502 596 2535 626 in
2551 595 2596 626 in-

1534 639 1678 670 tensione
1695 646 1741 670 est
1763 638 1854 680 quasi
1869 639 2008 670 extensio
2022 639 2215 680 quantitatis
2229 638 2369 670 virtualis
2387 640 2595 680 praeexisten-

1534 683 1573 714 tis
1595 684 1714 723 absque
1738 683 1908 714 additione.
1933 683 1974 714 Et
1997 683 2072 724 quia
2096 683 2253 724 quantitas
2277 682 2437 719 continua,
2454 683 2535 714 infra
2550 683 2595 713 la-

1534 727 1702 758 titudinem
1725 727 1879 764 continui,
1895 728 2111 758 communicat
2129 727 2161 757 in
2186 727 2248 757 hoc
2269 736 2343 757 cum
2366 726 2477 757 formis
2499 727 2596 758 susci-

1534 771 1694 811 pientibus
1716 771 1816 812 magis
1840 779 1870 803 et
1898 772 2004 802 minus
2028 770 2080 814 (ex
2103 771 2214 802 eadem
2244 780 2383 811 namque
2405 771 2508 803 radice
2530 781 2595 811 qua

1534 815 1655 846 formae
1684 815 1892 848 intenduntur
1915 823 1945 847 et
1968 816 2189 852 remittuntur,
2213 814 2371 855 quantitas
2400 814 2463 845 hoc
2494 814 2594 845 modo

1534 859 1711 890 extenditur
1733 866 1764 890 et
1786 859 1990 895 contrahitur,
2014 867 2049 890 ut
2071 859 2104 890 in
2127 859 2228 890 littera
2252 856 2394 901 dicitur),
2417 858 2491 888 ideo
2514 857 2595 889 forte

1534 906 1655 934 Auctor
1669 902 1702 933 in
1718 903 1822 934 Prima
1838 903 2010 939 Secundae,
2027 914 2081 944 qu.
2099 914 2150 940 m,
2168 909 2223 933 art.
2246 913 2256 932 1
2276 902 2302 939 *,
2320 902 2502 943 quantitatis
2521 910 2595 932 con-

1533 948 1650 983 tinuae,
1667 954 1704 978 ut
1719 947 1772 984 sic,
1790 948 1908 988 species
1931 958 1997 978 non
2013 947 2143 978 exclusit
2158 957 2175 977 a
2191 946 2434 987 suscipientibus
2450 946 2550 986 magis
2565 952 2596 976 et

1534 992 1648 1022 minus.
1675 991 1710 1021 In
1733 991 1862 1022 veritate
1885 999 1991 1022 tamen
2015 998 2099 1022 extra
2121 991 2190 1022 illas
2213 997 2295 1022 sunt.
2322 991 2414 1022 Unde
2438 997 2469 1020 et
2491 990 2524 1020 in
2546 989 2595 1020 lit—

1532 1043 1598 1066 tera
1621 1045 1686 1065 non
1703 1035 1816 1066 dicitur
1838 1036 1927 1076 quod
1943 1036 2101 1076 quantitas
2123 1035 2156 1065 in
2180 1034 2384 1065 rarefactione
2406 1033 2593 1065 intenditur:

1534 1080 1588 1109 sed
1612 1079 1699 1119 quod
1723 1079 1816 1109 habet
1832 1080 2002 1120 proprium
2018 1084 2242 1120 augmentum,
2256 1080 2339 1109 sicut
2359 1079 2446 1109 aliae
2456 1077 2596 1119 formae

1533 1123 1765 1160 accidentales,
1783 1132 1847 1163 per
1876 1123 2002 1153 modum
2028 1124 2215 1153 intensionis
2238 1123 2306 1153 eius·
2329 1123 2361 1152 in
2385 1122 2534 1153 subiecto.
2560 1122 2595 1151 In

1533 1166 1582 1196 his
1605 1165 1763 1206 siquidem
1778 1165 1880 1196 verbis
1904 1167 2020 1196 modus
2037 1166 2199 1206 augmenti
2215 1176 2281 1207 quo
2302 1165 2478 1197 extenditur
2499 1165 2532 1196 in
2548 1175 2595 1195 ra-

1533 1209 1703 1240 refactione
1726 1210 1895 1250 quantitas,
1912 1210 2095 1246 declaratur,
2111 1210 2200 1250 quod
2223 1216 2271 1240 est
2292 1219 2348 1250 per
2370 1210 2507 1240 modum
2529 1219 2595 1250 quo

1534 1254 1638 1284 forma
1660 1253 1833 1284 intenditur
1848 1253 1881 1283 in
1905 1253 2058 1290 subiecto,
2074 1254 2150 1294 quia
2171 1253 2288 1284 scilicet
2303 1260 2349 1284 est
2371 1263 2428 1293 per
2442 1253 2597 1284 maiorem

1534 1297 1737 1328 eductionem
1760 1297 1881 1328 formae
1906 1298 1944 1328 de
1967 1297 2109 1338 potentia
2131 1297 2279 1328 subiecti:
2302 1297 2393 1338 quod
2413 1297 2447 1327 in
2471 1297 2597 1338 quanti-

1533 1348 1596 1372 tate
1620 1341 1796 1372 dimensiva
1818 1341 1893 1372 facit
1915 1341 2017 1372 maius
2041 1341 2208 1378 extensive,
2232 1347 2264 1371 et
2284 1341 2317 1371 in
2340 1341 2515 1382 quantitate
2537 1340 2598 1371 vir·

1504 1380 1506 1429 l
1534 1386 1611 1416 tuali
1628 1385 1701 1416 facit
1714 1385 1817 1416 maius
1832 1385 1995 1416 intensive.
2018 1386 2060 1417 Et
2075 1395 2141 1416 non
2158 1384 2350 1425 significatur
2365 1394 2421 1426 per
2435 1385 2488 1416 illa
2502 1385 2597 1415 verba

1504 1431 1506 1442 ²
1534 1430 1623 1471 quod
1638 1430 1797 1470 quantitas
1819 1429 1994 1460 dimensiva
2010 1429 2184 1461 intenditur
2206 1436 2237 1460 et
2254 1429 2433 1465 remittitur,
2449 1429 2511 1460 nisi
2525 1437 2598 1468 13ῐοὺ

1534 1474 1751 1514 portionaliter
1774 1474 1973 1514 exponendo,
1989 1481 2026 1505 ut
2048 1474 2240 1504 declaratum
2263 1481 2319 1505 est.

1589 1518 1624 1548 In
1641 1518 1755 1548 eodem
1771 1518 1883 1558 quinto
1899 1518 2041 1554 articulo,
2057 1527 2116 1558 pro
2131 1517 2338 1558 responsione
2354 1517 2394 1547 ad
2409 1516 2597 1551 secundum.

1504 1557 1507 1605 Ι
1534 1569 1565 1593 et
1587 1569 1654 1593 tota
1667 1562 1726 1592 hac
1748 1562 1888 1599 materia,
1903 1562 1975 1592 vide
1991 1562 2106 1602 scripta
2121 1572 2218 1602 super
2239 1572 2294 1602 qu.
2309 1571 2352 1592 ιιι
2365 1561 2383 1580 *
2405 1560 2530 1591 Primae
2544 1560 2598 1592 Se—
2624 1564 2634 1574 ⁸

1534 1606 1665 1642 eundae,
1683 1616 1723 1636 ne
1739 1607 1849 1637 eadem
1864 1613 2055 1646 repetamus.
2080 1606 2156 1637 Inde
2179 1606 2265 1636 enim
2283 1611 2314 1636 et
2337 1615 2453 1646 corpus
2475 1604 2599 1636 articufi

1537 1657 1568 1681 et
1591 1657 1692 1681 cetera
1714 1649 1867 1690 percipies
1891 1650 2023 1681 facilius.

1232 1776 1552 1818 ARTICULUS
1581 1776 1790 1818 SEXTUS

869 1864 1025 1895 UTRUM
1050 1864 1272 1901 QUOLIBET
1295 1863 1417 1895 ACTU
1441 1863 1674 1895 cAmTAT1s
1698 1862 1884 1894 CARITAS
1907 1863 2148 1894 AUGEATUR

678 1943 700 1967 1⁸
721 1943 776 1973 11¹²,
797 1951 840 1975 qu.
860 1950 902 1972 Lu,
922 1948 970 1968 art.
990 1943 1019 1972 3;
1040 1951 1083 1975 qu.
1103 1950 1170 1974 cxxv,
1190 1948 1237 1968 art.
1256 1942 1281 1974 8,
1302 1943 1333 1967 ad
1354 1942 1382 1973 3;
1402 1943 1411 1967 1
1431 1943 1514 1971 Sent„

535 2027 604 2073 ,τέ-(ί
625 2021 648 2045 n
676 2020 818 2045 SEXTUM
846 2020 899 2045 Slc
919 2020 1162 2045 PROCEDtTUR.
1191 2008 1354 2046 Videtur
1377 2009 1483 2057 quod

448 2049 796 2119 Wffiquolibet
823 2069 908 2098 actu
938 2061 1099 2098 caritatis
1129 2062 1263 2099 caritas
1289 2069 1481 2110 augeatur.

431 2116 470 2169 ,ᾖ
530 2158 540 2166 ³
573 2117 597 2152 ’ἦ
626 2114 744 2161 Quod
773 2115 874 2151 enirn
904 2123 1029 2163 potest
1056 2115 1095 2152 id
1123 2115 1230 2163 quod
1259 2114 1384 2152 maius
1414 2122 1482 2162 est,

418 2168 422 2175 ’
474 2182 481 2189 »
506 2166 561 2191 ''l''
585 2157 749 2216 &potest
781 2167 818 2204 id
838 2168 942 2216 quod
981 2168 1105 2204 minus
1125 2175 1192 2204 est.
1223 2168 1300 2205 Sed
1329 2168 1484 2216 quilibet
1507 2185 1509 2190 ¹

414 2228 519 2257 actus
562 2220 724 2257 caritatis
761 2228 928 2257 meretur
956 2226 974 2242 ‘²
996 2221 1113 2257 vitam
1147 2229 1354 2267 aeternam,
1384 2233 1481 2269 quae
1507 2235 1509 2254 i

414 2273 538 2310 maius
571 2281 628 2309 est
662 2285 777 2321 quarn
815 2273 973 2322 simplex
1011 2273 1172 2310 caritatis
1210 2281 1480 2320 augmentum:

415 2325 503 2374 quia
529 2325 608 2362 vita
637 2333 789 2362 aeterna
817 2325 973 2363 includit
1005 2325 1165 2363 caritatis
1194 2325 1480 2375 perfectionem.

415 2379 519 2426 Ergo
557 2379 677 2416 multo
707 2379 828 2426 magis
857 2379 1012 2427 quilibet
1048 2387 1154 2416 actus
1189 2379 1352 2416 caritatis
1390 2379 1483 2417 cari-

415 2439 532 2468 tatem
562 2440 685 2479 auget.

469 2496 504 2521 2.
531 2485 765 2531 Pru-emm,
796 2484 904 2521 sicuti
931 2484 1080 2521 habitus
1108 2484 1292 2520 virtutum
1321 2484 1481 2533 acquisi-

414 2545 539 2573 tarum
568 2546 768 2585 generatur
787 2548 831 2573 ex
851 2537 1007 2583 actibus,
1029 2537 1078 2574 ita
1099 2537 1211 2573 etiam
1233 2544 1481 2584 augmentum

416 2590 576 2627 caritatis
606 2598 783 2627 causatur
809 2602 878 2639 per
906 2597 1010 2626 actus
1030 2588 1045 2619 β
1065 2589 1238 2626 caritatis.
1270 2589 1347 2627 Sed
1375 2590 1481 2639 quili-

415 2644 479 2680 bet
507 2650 612 2680 actus
640 2643 833 2680 virtuosus
862 2650 1040 2692 operatur
1075 2643 1124 2679 ad
1151 2643 1298 2680 virtutis
1325 2655 1482 2691 genera-

414 2696 572 2732 tionem.
603 2696 704 2744 Ergo
734 2696 847 2733 etiam
877 2695 1032 2744 quilibet
1064 2703 1170 2732 actus
1199 2696 1361 2733 caritatis
1388 2708 1480 2744 ope—

416 2756 518 2786 ratur
545 2749 594 2785 ad
623 2749 784 2786 caritatis
812 2756 1073 2797 augmentum.

471 2802 505 2838 3.
536 2803 776 2849 PRAETEREA,
806 2802 1012 2850 Gregorius
1043 2802 1062 2823 '¹‘
1101 2801 1189 2839 dicit
1215 2801 1321 2850 quod
1351 2802 1387 2838 in
1416 2802 1479 2838 via

415 2855 491 2891 Dei
514 2860 614 2891 stare
641 2855 873 2892 retrocedere
900 2861 963 2892 est.
995 2855 1071 2892 Sed
1100 2855 1245 2902 nullus,
1276 2854 1370 2891 dum
1397 2865 1479 2890 mo-

415 2915 527 2944 vetur
554 2915 639 2945 actu
669 2907 842 2955 caritatis,
872 2908 1084 2945 retrocedit.
1115 2908 1216 2955 Ergo
1246 2907 1478 2956 quicumque

416 2967 595 2997 movetur
614 2968 699 2997 actu
729 2960 902 3007 caritatis,
923 2961 1095 3009 procedit
1113 2960 1152 2998 in
1179 2960 1243 2997 via
1261 2960 1345 2997 Dei.
1375 2960 1478 3007 Ergo
1504 2990 1506 2996 .

417 3013 587 3061 quolibet
614 3022 700 3050 actu
729 3013 887 3050 caritatis
917 3014 1050 3050 caritas
1078 3021 1246 3061 augetur.

471 3066 545 3102 SED
574 3077 719 3103 con-raa
739 3077 804 3102 EST
831 3067 937 3114 quod
957 3066 1114 3103 effectus
1142 3078 1220 3103 non
1240 3065 1386 3102 excedit
1403 3065 1476 3102 vir-

416 3126 536 3155 tutem
566 3131 714 3156 causae.
745 3119 822 3156 Sed
849 3119 1083 3168 quandoque
1101 3125 1117 3147 Υ
1137 3118 1269 3168 aliquis
1292 3125 1398 3156 actus
1418 3131 1477 3155 ca—
1503 3116 1505 3163 J

418 3171 532 3208 ritatis
561 3184 649 3209 curn
678 3172 806 3220 aliquo
843 3179 975 3221 tepore
1016 3174 1078 3209 vel
1108 3172 1330 3209 remissione
1371 3171 1477 3208 emit·
1503 3175 1505 3218 ξ

471 3290 499 3323 α)
519 3293 643 3316 meretur.
662 3304 680 3308 —
694 3292 784 3322 potest
802 3291 898 3315 mereri
917 3291 963 3316 Pa.

473 3325 497 3358 β)
516 3329 601 3351 actus.
620 3340 639 3345 -
655 3328 745 3351 actum
765 3325 810 3351 Pa.

470 3361 497 3394 γ)
516 3360 682 3393 quandoque.
699 3374 717 3379 -
735 3361 842 3393 quando
865 3361 1071 3394 BDEFHpAKx.
1088 3375 1108 3380 —
1126 3361 1176 3386 Pro
1200 3364 1302 3394 tepore,
1321 3363 1439 3393 tempore
1457 3360 1476 3385 Ρ

418 3395 634 3428 ABDEFHpCrm
652 3401 677 3421 et
694 3403 719 3425 a,
740 3398 848 3428 torpore
867 3396 987 3424 GlsCxa:
1007 3404 1054 3428 pro
1073 3396 1218 3426 emittitur,
1237 3395 1414 3422 committitur
1433 3395 1476 3420 PA

419 3431 636 3456 BEFGHKLan
654 3436 679 3456 et
697 3438 740 3461 xa,
760 3430 907 3456 remittitur
925 3431 1072 3464 DpC(pa?).

471 3465 496 3498 ὃ)
516 3469 630 3492 tantum.
646 3480 666 3486 -
683 3469 811 3499 quantum
831 3467 848 3491 l.

1535 1942 1595 1967 dist.
1613 1950 1672 1973 xvn,
1692 1951 1737 1975 qu.
1756 1950 1783 1974 11,
1803 1947 1849 1967 art.
1870 1942 1900 1973 33
1919 1942 1950 1973 11,
1969 1942 2028 1967 dist.
2047 1949 2127 1972 xxvu,
2148 1947 2194 1967 art.
2216 1940 2239 1972 5,
2258 1941 2291 1966 ad
2311 1948 2334 1965 2.

1534 2009 1632 2045 titur.
1670 2009 1760 2045 Non
1790 2020 1880 2056 ergo
1917 2007 2091 2056 perducit
2117 2007 2167 2044 ad
2196 2007 2500 2044 excellentiorem
2537 2018 2598 2046 ca-

1535 2062 1694 2108 ritatem,
1725 2062 1792 2098 sed
1821 2061 1942 2108 magis
1970 2059 2135 2109 disponit
2163 2060 2213 2097 ad
2239 2060 2442 2097 minorem.
2573 2071 2575 2073 ’

1588 2115 1815 2152 ΗΕΞΡΟΝΒΕΟ
1853 2125 2036 2151 mcx-:unum
2074 2113 2180 2162 quod
2208 2121 2456 2162 augmentum
2492 2113 2599 2163 spiri-

1533 2167 1634 2203 tuale
1664 2167 1825 2204 caritatis
1853 2167 2146 2215 quodammodo
2166 2165 2287 2203 simile
2317 2173 2373 2203 est
2391 2174 2598 2214 augmento

1535 2220 1735 2268 corporali.
1769 2222 2030 2267 Augmentum
2068 2227 2194 2256 autem
2225 2219 2422 2267 corporale
2449 2219 2489 2256 in
2518 2219 2598 2257 >ani-

1534 2273 1700 2310 malibus
1728 2280 1764 2309 et
1790 2272 1929 2321 plantis
1957 2284 2037 2309 non
2065 2280 2121 2309 est
2148 2279 2276 2309 motus
2304 2272 2519 2319 continuus,
2542 2272 2599 2311 'ita

1534 2325 1676 2362 scilicet
1702 2325 1820 2375 quod,
1851 2325 1881 2362 si
1901 2325 2040 2374 aliquid
2058 2333 2206 2362 tantum
2225 2323 2240 2346 ὅ
2259 2332 2417 2372 augetur
2434 2325 2474 2362 in
2492 2330 2598 2374 tanto

1532 2386 1720 2427 tempore,
1740 2390 1896 2415 necesse
1916 2378 1962 2414 sit
1981 2378 2086 2427 quod
2098 2377 2431 2427 proportionaliter
2447 2377 2487 2416 in
2506 2380 2598 2429 quag-

1533 2431 1623 2468 libet
1650 2438 1755 2480 parte
1784 2431 1881 2468 illius
1909 2431 2092 2479 temporis
2120 2430 2261 2480 aliquid
2289 2438 2484 2479 augeatur,
2503 2431 2599 2473 sicut

1533 2484 1715 2532 contingit
1742 2484 1782 2520 in
1802 2492 1912 2521 motu
1939 2484 2066 2520 locali:
2095 2484 2163 2521 sed
2182 2496 2252 2532 per
2269 2483 2536 2532 aliquodtem'

1533 2545 1667 2574 natura
1686 2544 1867 2586 operatur
1886 2537 2092 2586 disponens
2112 2537 2161 2574 ad
2181 2545 2430 2585 augmentum
2450 2544 2488 2574 et
2505 2537 2598 2575 nihil

1533 2602 1677 2638 augens
1706 2598 1807 2636 actu,
1830 2598 1866 2627 et
1885 2590 2136 2640 postmodum
2164 2589 2342 2638 producit
2359 2590 2397 2627 in
2417 2589 2596 2639 effectum

1532 2643 1572 2680 id
1600 2644 1648 2680 ad
1677 2643 1784 2691 quod
1818 2643 2078 2692 disposuerat,
2117 2642 2293 2691 augendo
2331 2643 2470 2689 animal
2495 2641 2597 2691 ‘Vei

1532 2697 1702 2744 plantam
1722 2695 1760 2732 in
1780 2703 1879 2732 actu.
1905 2698 1958 2732 Ita
1978 2696 2094 2733 etiam
2114 2707 2192 2733 non
2212 2696 2379 2745 quolibet
2397 2703 2487 2733 actu
2504 2694 2597 2737 cati·

1532 2748 1616 2785 tatis
1646 2747 1778 2784 caritas
1798 2755 1884 2785 actu
1903 2747 1916 2772 ῑ
1935 2755 2111 2796 augetur:
2141 2747 2208 2785 sed
2236 2747 2392 2796 quilibet
2410 2755 2517 2785 actus
2536 2760 2596 2786 ea·

1533 2801 1646 2838 ritatis
1676 2800 1843 2849 disponit
1870 2801 1918 2837 ad
1947 2801 2109 2838 caritatis
2138 2808 2407 2848 augmentum,
2436 2801 2595 2850 inquan-

1531 2862 1611 2891 tum
1642 2866 1688 2890 ex
1715 2865 1794 2890 uno
1824 2861 1910 2901 actu
1939 2853 2100 2890 caritatis
2127 2854 2248 2891 homo
2277 2853 2445 2891 redditur
2465 2854 2596 2905 prom'-

1504 2937 1506 2943 s
1531 2907 1631 2956 ptior
1659 2907 1796 2944 iterum
1816 2911 1834 2934 '¹
1854 2907 1902 2944 ad
1931 2906 2124 2955 agendum
2151 2907 2364 2944 secundum
2384 2907 2594 2956 caritatem3

1532 2968 1578 3007 et,
1599 2959 1791 2997 habilitate
1813 2967 2016 3006 crescente,
2037 2961 2158 2997 homo
2176 2960 2391 3009 prorumpit
2408 2959 2447 2999 in
2467 2968 2595 3002 actum

1532 3013 1800 3051 ferventiorem
1829 3012 2051 3059 dilectionis,
2072 3024 2151 3060 quo
2171 3010 2184 3035 θ
2204 3021 2362 3050 conetur
2389 3013 2440 3050 ad
2462 3013 2594 3051 carita—

1532 3066 1578 3103 tis
1610 3066 1845 3115 profectum3
1876 3073 1912 3102 et
1939 3072 2029 3102 tunc
2058 3065 2191 3102 caritas
2218 3074 2376 3114 augetur
2402 3066 2439 3103 in
2467 3073 2571 3104 actm

1586 3121 1644 3156 An
1673 3130 1809 3156 PRiMUM
1833 3130 1932 3156 ERGO
1961 3130 2145 3156 DICENDUM
2172 3119 2278 3168 quod
2306 3118 2464 3169 quilibet
2489 3127 2595 3166 actus

1532 3171 1692 3209 caritatis
1720 3179 1888 3209 meretur
1923 3170 2042 3209 vitam
2079 3179 2294 3219 aeternam,
2323 3184 2403 3210 non
2435 3169 2594 3222 quidem

1585 3291 1607 3321 ε)
1627 3290 1736 3315 animal.
1755 3304 1774 3310 -
1792 3291 1877 3322 ipsunt
1896 3290 1997 3315 animai
2015 3289 2064 3314 Pa.

1583 3325 1608 3358 ζ)
1627 3329 1698 3350 actu.
1715 3338 1736 3345 -
1753 3326 1815 3351 Om.
1834 3326 1863 3351 Ρ.

1583 3361 1610 3394 η)
1630 3361 1736 3401 iterum.
1749 3374 1768 3380 -
1781 3364 1886 3386 tantum
1899 3360 1917 3392 1,
1930 3368 1984 3385 om.
1998 3359 2050 3385 BF.
2063 3373 2081 3378 —
2099 3359 2150 3384 Pro
2173 3359 2319 3390 habilitate,
2333 3359 2482 3388 humilitate
2500 3357 2592 3392 apex

1531 3401 1556 3420 et
1573 3396 1724 3463 1ii')hq¹ii‹t)}n-e-
1739 3403 1876 3463 ¹{imusque
1894 3438 1945 3463 quo
1964 3430 1995 3461 D,
2009 3437 2143 3463 quousque
2163 3429 2191 3455 Ρ.
2209 3443 2228 3449 -
2246 3429 2296 3454 Pro
2314 3432 2433 3458 conetur,
2453 3432 2560 3454 tenetur
2572 3428 2592 3453 l.

2622 907 2633 916 ⁸
2644 906 2680 928 cf.
2695 906 2751 928 ibid.
2762 906 2834 929 Com-

2623 936 2695 980 :rxient-
2709 938 2773 955 num.
2783 938 2834 959 vm,

2888 567 2892 614 -..fl
2887 431 2892 547 ....„--.-.
2885 165 2892 415 m——....—..-...-.—
2885 53 2892 152 ..nm
2885 16 2892 41 -a
