2892 4056
173 1235 183 1245 ⁸
206 1235 382 1257 Comment.1·n

173 1261 255 1282 Manli.
278 1262 316 1282 lib.
337 1261 381 1288 111,

171 1287 200 1308 ad
226 1293 277 1314 cap.
304 1294 378 1315 xviii,

172 1320 230 1336 vers.
247 1320 275 1342 ¹5·

169 1505 251 1532 Epist.
254 1505 379 1533 LXXVIII,

167 1532 196 1553 al.
213 1531 349 1553 cxxxvn.

163 2449 171 2457 ·
187 2447 256 2468 Vers.
270 2452 290 2474 ¹5
307 2451 359 2474 sqq.

429 220 502 256 270

478 286 679 332 Quaedam
708 298 802 323 vero
831 293 985 334 peccata
1014 292 1101 321 sunt
1127 296 1225 332 quae
1247 291 1334 320 sunt
1352 285 1477 320 solum

423 338 461 374 in
490 340 635 375 malum
664 338 854 387 peccantis
891 346 926 373 et
954 337 1007 373 tui
1027 335 1051 383 ⁰,
1090 337 1128 372 in
1157 348 1271 384 quem
1300 344 1479 384 peccatur

422 391 484 427 vel
504 391 590 439 quia
618 403 639 427 a
666 398 844 439 peccante
873 388 1048 434 laederis,
1077 389 1138 424 vel
1163 389 1294 424 saltem
1324 401 1368 425 ex
1397 390 1477 424 sola

422 443 562 480 notitia.
607 444 655 479 Et
682 450 770 479 tunc
803 442 850 478 ad
878 442 953 477 hoc
991 441 1115 476 solum
1157 440 1392 477 tendendum
1422 448 1478 476 est

420 502 462 531 ut
484 495 584 531 fratri
611 494 781 543 peccanti
811 493 1067 534 subveniatur.
1098 493 1146 528 Et
1165 492 1281 528 sicut‘
1305 493 1477 530 medicus

422 547 626 595 corporalis
655 546 851 582 sanitatem
882 545 1045 592 confert,
1080 544 1109 580 si
1135 551 1278 592 potest,
1309 545 1388 581 sine
1415 545 1477 581 ali-

421 599 525 635 cuius
554 599 715 635 membri
740 597 986 642 abscissione;
1021 597 1050 633 si
1079 604 1206 633 autem
1235 609 1314 633 non
1340 604 1475 645 potest,

419 651 603 687 abscindit
630 651 849 686 membrum
878 649 1004 686 minus
1032 649 1302 695 necessarium,
1331 656 1373 685 ut
1398 650 1477 686 vita

417 704 529 739 totius
576 710 844 738 conservetur:
892 702 941 738 ita
984 701 1096 737 etiam
1138 701 1197 737 ille
1244 701 1308 749 qui
1354 702 1477 737 studet

418 755 672 791 emendationi
705 754 825 790 fratris
847 754 996 800 -debet,
1030 754 1060 790 si
1092 760 1236 802 potest,
1266 753 1319 790 sic
1348 765 1477 790 emen-

417 807 506 843 dare
534 807 704 852 fratrem,
739 813 925 854 quantum
958 806 1007 842 ad
1036 805 1327 853 conscientiam,
1356 813 1397 842 ut
1424 806 1477 842 fa-

415 871 477 895 ma
511 859 591 895 eius
624 866 882 895 conservetur.
921 859 1031 905 Quae
1069 858 1226 906 quidem
1264 865 1320 895 est
1350 858 1474 906 utilis,

413 911 538 958 primo
568 911 726 959 quidem
771 918 807 947 et
842 911 912 960 ipsi
940 911 1132 959 peccanti:
1171 923 1249 947 non
1283 912 1408 947 solum
1437 911 1475 948 in

412 963 696 1012 temporalibus,
717 964 756 1000 in
775 963 914 1012 quibus
934 971 1118 1012 quantum
1143 963 1192 1000 ad
1213 964 1332 1000 multa
1355 964 1474 1000 homo

411 1016 550 1064 patitur
565 1016 835 1053 detrimentum
852 1016 990 1053 amissa
1005 1017 1123 1062 fama;
1144 1016 1211 1053 sed
1227 1016 1341 1053 etiarn
1357 1028 1475 1064 quan-

410 1076 491 1104 tum
520 1068 569 1105 ad
604 1069 832 1117 spiritualia,
870 1069 959 1118 quia
995 1081 1086 1118 prae
1123 1068 1260 1105 timore
1297 1068 1474 1106 infamiae

411 1121 519 1157 multi
554 1133 575 1158 a
603 1129 762 1170 peccato
799 1122 1060 1168 retrahuntur,
1098 1121 1202 1159 unde
1241 1122 1396 1168 quando
1434 1134 1474 1158 se

410 1174 611 1210 infamatos
641 1174 890 1223 conspiciunt,
911 1175 1129 1211 irrefrenate
1155 1182 1327 1222 peccant.
1363 1174 1474 1211 Unde

410 1226 671 1275 Hieronymus
692 1227 780 1264 dicit
797 1227 832 1263 *ε
859 1227 1126 1275 Corripiendus
1140 1232 1195 1262 est
1204 1238 1373 1262 seorsum
1381 1227 1472 1272 fra-

407 1284 484 1315 ter:
514 1291 571 1324 ne,
590 1280 625 1316 si
648 1280 763 1316 semel
783 1280 971 1326 pudorem
999 1285 1066 1315 aut
1086 1278 1354 1315 verecundiam
1378 1279 1472 1314 ami-

404 1332 504 1377 serit,
518 1338 746 1380 permaneat
776 1332 813 1368 in
841 1337 1010 1379 peccato.
1039 1331 1218 1368 Secundo
1249 1331 1362 1367 debet
1382 1343 1471 1367 con-

406 1384 549 1420 servari
572 1385 674 1421 fama
703 1384 824 1420 fratris
851 1383 1056 1432 peccantis,
1076 1390 1157 1419 tum
1187 1383 1286 1431 quia,
1311 1395 1388 1419 uno
1416 1383 1471 1419 in—

405 1437 569 1483 famato,
604 1437 664 1473 alii
693 1437 939 1473 infamantur:
969 1435 1181 1473 secundum
1217 1435 1309 1472 illud
1341 1437 1470 1483 Augu-

405 1490 511 1536 stini,
550 1489 588 1526 in
617 1489 722 1537 epist.
752 1490 804 1526 ad
828 1489 978 1526 Plebem
1004 1489 1289 1537 Hipponensem
1308 1487 1344 1524 *z
1375 1489 1470 1525 Cum

404 1543 450 1579 de
477 1542 663 1590 aliquibus
691 1542 756 1590 qui
780 1547 951 1578 sanctum
980 1553 1115 1578 nomen
1147 1542 1376 1590 profitentur
1402 1541 1470 1578 ali-

404 1595 495 1643 quid
521 1595 689 1631 criminis
715 1595 775 1631 vel
789 1594 890 1642 falsi
915 1595 1086 1631 sonuerit
1109 1594 1170 1630 vel
1187 1594 1270 1630 veri
1290 1594 1469 1642 patuerit,

404 1649 553 1693 instant,
572 1653 762 1696 satagunt,
782 1647 954 1684 ambiunt
972 1653 1012 1683 ut
1036 1647 1082 1683 de
1101 1647 1274 1683 omnibus
1295 1647 1367 1683 hoc
1391 1658 1470 1683 cre-

403 1701 526 1737 datur.
549 1701 653 1736 Tum
670 1700 784 1736 etiam
800 1699 889 1748 quia
909 1711 953 1736 ex
971 1706 1130 1748 peccato
1147 1699 1258 1735 unius
1277 1698 1470 1747 publicato

403 1752 463 1789 alii
482 1759 744 1800 provocantur
777 1752 825 1789 ad
857 1759 1059 1800 peccatum
1078 1757 1106 1787 ².
1128 1771 1152 1778 —-
1169 1752 1246 1788 Sed
1271 1751 1360 1799 quia
1380 1764 1470 1788 con-

402 1803 557 1841 scientia
576 1804 826 1853 praeferenda
843 1811 897 1840 est
916 1805 1054 1851 famae,
1069 1803 1190 1840 voluit
1210 1804 1403 1840 Dominus
1431 1813 1472 1841 ut

402 1858 536 1894 saltem
574 1869 661 1894 cum
690 1856 890 1905 dispendio
919 1857 1045 1893 famae
1082 1857 1204 1893 fratris
1239 1856 1471 1893 conscientia

400 1922 469 1959 per
488 1910 681 1958 publicam
710 1909 1038 1946 denuntiationem
1058 1921 1080 1945 a
1098 1916 1258 1957 peccato
1278 1909 1469 1946 liberetur.

454 1963 563 1999 Unde
584 1969 688 2011 patet
708 1962 754 1999 de
775 1962 997 1998 necessitate
1017 1961 1211 2010 praecepti
1231 1973 1314 1998 esse
1333 1960 1348 1983 λ
1364 1963 1470 2010 quod

401 2022 546 2052 secreta
565 2014 778 2052 admonitio
798 2014 991 2063 publicam
1012 2014 1341 2052 denuntiationem
1360 2027 1470 2063 prae-

402 2067 524 2104 cedat.

452 2122 511 2157 Ab
531 2131 669 2157 pannum
693 2131 791 2156 ERGO
812 2131 996 2156 DICENDUM
1024 2119 1130 2168 quod
1159 2119 1291 2156 omnia
1319 2120 1470 2156 occulta

400 2175 485 2210 Deo
514 2180 602 2209 sunt
634 2179 736 2209 nota.
776 2173 825 2208 Et
850 2171 938 2208 ideo
958 2177 974 2200 μ
994 2172 1070 2208 hoc
1103 2171 1223 2208 modo
1257 2184 1297 2208 se
1325 2172 1470 2209 habent

401 2226 549 2263 occulta
576 2233 733 2274 peccata
769 2225 818 2261 ad
845 2224 1029 2262 iudicium
1063 2224 1238 2261 divinum
1276 2224 1373 2261 sicut
1398 2237 1469 2274 pu—

400 2279 497 2315 blica
517 2278 566 2315 ad
585 2279 812 2314 humanum.
834 2298 858 2304 -
878 2278 928 2314 Et
955 2285 1086 2314 tamen
1113 2277 1342 2325 plerumque
1362 2278 1469 2314 Deus

399 2339 621 2380 peccatores
640 2330 749 2378 quasi
768 2337 914 2366 secreta
945 2329 1209 2366 admonitione
1229 2330 1349 2377 arguit
1374 2330 1469 2367 inte-

401 2384 477 2420 rius
497 2383 733 2431 inspirando,
752 2383 815 2419 vel
834 2382 1001 2429 vigilanti
1020 2382 1082 2418 vel
1103 2381 1319 2430 dormienti,
1335 2394 1469 2419 secun-

401 2437 494 2473 dum
522 2435 615 2472 illud
641 2436 712 2471 Iob
738 2446 848 2471 xxxm
871 2434 906 2471 *ε
935 2435 1010 2471 Per
1040 2435 1229 2471 somnium
1258 2435 1295 2471 in
1323 2435 1468 2472 visione

401 2494 605 2534 nocturna,
635 2487 784 2536 quando
826 2487 938 2523 irruit
977 2499 1092 2535 sopor
1127 2499 1240 2535 super
1275 2487 1464 2534 homines,

401 2547 488 2578 tunc
506 2541 628 2589 aperit
645 2552 757 2577 aures
774 2540 958 2585 virorum,
983 2545 1018 2576 et
1035 2540 1209 2576 erudiens
1237 2551 1300 2576 eos
1319 2539 1469 2576 instruit

401 2593 607 2642 disciplina,
629 2599 670 2629 ut
685 2598 833 2630 avertat
848 2592 1038 2629 hominem
1054 2593 1102 2629 ab
1121 2592 1178 2628 his
1197 2603 1294 2640 quae
1300 2593 1408 2641 fecit.

453 2694 478 2728 Θ)
497 2696 545 2721 tui.
562 2710 582 2715 —
600 2696 656 2720 eius
676 2696 770 2724 PDKa,
790 2696 815 2720 ei
833 2696 872 2726 1-1;
891 2703 939 2728 pro
958 2695 1079 2725 laederis,
1099 2697 1185 2720 solum
1205 2696 1322 2720 laeditur
1341 2697 1387 2720 Ρα.

455 2732 472 2763 ι)
491 2732 570 2756 sicut.
587 2744 606 2750 -·
623 2731 661 2755 sic
679 2731 823 2763 AFHme
842 2738 891 2763 pro
915 2731 1020 2764 confert
1044 2731 1068 2755 si
1081 2734 1186 2763 potest,
1205 2731 1230 2755 ei
1254 2730 1377 2764 (aegroto
1401 2732 1464 2763 DG,

1052 206 1317 252 QUAESTIO
1347 207 1524 255 XXXIII,
1553 206 1847 242 ARTICULUS
1876 207 1943 242 VII

1584 286 1642 320 AD
1671 295 1860 320 SECUNDUM
1888 295 2072 321 D1CEND1JM
2105 286 2210 332 quod
2238 286 2428 323 Dominus
2455 299 2589 335 pecca-

1530 344 1610 372 tum
1646 335 1776 381 Iudae,
1806 342 1990 383 tanquam
2018 337 2139 383 Deus,
2170 337 2264 374 sicut
2299 339 2495 386 publicum
2524 340 2600 376 ha-v

1531 389 1655 424 bebat.
1686 387 1796 424 Unde
1824 387 1948 424 statim
1976 395 2125 435 poterat
2143 389 2193 426 ad
2211 390 2482 438 publicandum
2503 404 2590 439 pro-

1532 440 1677 476 cedere.
1708 440 1859 476 Tamen
1879 439 1959 488 ipse
1981 452 2059 476 non
2085 441 2306 489 publicavit,
2327 443 2396 480 sed
2419 444 2589 480 obscuris

1529 492 1657 529 verbis
1686 504 1775 529 eum
1797 493 1843 528 de
1862 500 2019 541 peccato
2049 505 2118 529 suo
2148 494 2347 531 admonuit
2363 495 2396 532 ²³².
2412 515 2436 524 -
2456 497 2589 533 Petrus

1531 552 1658 581 autem
1686 544 1893 593 publicavit
1919 552 2120 593 peccatum
2141 546 2333 583 occultum
2361 547 2533 584 Ananiae
2555 554 2591 584 et

1531 597 1712 645 Saphirae
1750 604 1932 644 tanquam
1969 604 2149 634 executor
2176 598 2267 644 Dei,
2301 599 2408 636 cuius
2445 601 2589 637 revela-

1529 650 1630 686 tione
1650 656 1850 697 peccatum
1879 649 2070 697 cognovit.
2086 670 2110 677 -
2126 651 2185 686 De
2206 651 2344 699 Ioseph
2362 659 2490 689 autem
2511 665 2589 690 cre-

1531 702 1701 738 dendum
1721 709 1777 738 est
1796 702 1899 750 quod
1928 703 2059 739 fratres
2088 714 2178 739 suos
2204 703 2436 752 quandoque
2456 705 2589 742 admo-

1530 754 1673 802 nuerit,
1711 753 1796 790 licet
1831 767 1910 791 non
1943 754 1988 791 sit
2020 755 2213 804 scriptum.
2251 755 2321 791 Vel
2354 764 2480 804 potest
2516 757 2589 795 dici

1529 807 1635 855 quod
1654 814 1855 855 peccatum
1875 807 2069 855 publicum
2091 815 2170 844 erat
2189 807 2286 844 inter
2305 808 2457 845 fratres:
2486 810 2589 846 unde

1529 860 1615 896 dicit
1642 859 1851 907 pluraliter:
1879 860 2083 898 Accusavit
2096 861 2247 908 fratres
2273 872 2372 897 suos.

1581 914 1640 948 AD
1671 923 1831 949 TERTmM
1858 923 2042 950 DICENDUM
2080 914 2185 961 quod
2222 913 2378 961 quando
2417 913 2591 950 imminet

1527 965 1738 1013 periculum
1777 964 2044 1013 multitudinis,
2082 977 2160 1002 non
2196 966 2340 1002 habent
2376 965 2428 1002 ibi
2459 966 2589 1003 locum

1528 1018 1622 1054 haec
1657 1017 1778 1054 verba
1805 1017 1984 1054 Domini:
2024 1017 2114 1066 quia
2150 1025 2241 1055 tunc
2277 1019 2391 1055 frater
2424 1030 2590 1067 peccans

1527 1082 1607 1107 non
1634 1077 1768 1118 peccat
1794 1069 1832 1106 in
1860 1077 1896 1106 te
1923 1078 2082 1107 tantum.

1578 1124 1637 1158 AD
1675 1133 1849 1164 QUARTUM
1885 1134 2070 1159 DICENDUM
2106 1122 2212 1170 quod
2248 1123 2471 1160 huiusmodi
2499 1135 2589 1172 pro-

1526 1174 1772 1211 clamationes
1800 1186 1897 1222 quae
1926 1174 1963 1210 in
1999 1174 2169 1223 capitulis
2197 1175 2463 1223 religiosorum
2491 1176 2590 1213 fiunt

1526 1234 1613 1262 sunt
1641 1226 1687 1263 de
1717 1225 1904 1274 aliquibus
1932 1226 2095 1272 levibus,
2129 1239 2229 1276 quae
2257 1227 2383 1264 famae
2415 1240 2494 1265 non
2524 1228 2589 1266 de—

1526 1285 1670 1325 rogant.
1700 1278 1812 1314 Unde
1835 1285 1923 1314 sunt
1949 1279 2057 1326 quasi
2086 1279 2278 1326 quaedam
2307 1292 2589 1319 commemora-

1524 1330 1647 1367 tiones
1674 1330 1802 1378 potius
1831 1330 2035 1367 oblitarum
2064 1332 2262 1380 culparum
2290 1343 2407 1379 quam
2436 1344 2590 1370 accusa-

1523 1383 1646 1420 tiones
1674 1384 1737 1419 vel
1769 1383 2085 1420 denuntiationes.
2125 1384 2165 1420 Si
2194 1392 2319 1420 essent
2345 1391 2481 1422 tamen.
2502 1381 2590 1423 talia

1525 1436 1572 1473 de
1591 1435 1730 1484 quibus
1757 1436 1870 1472 frater
1897 1436 2154 1483 infamaretur,
2180 1443 2312 1473 contra
2338 1445 2590 1486 praeceptum

1524 1488 1681 1525 Domini
1710 1496 1838 1535 ageret
1871 1489 1935 1536 qui
1962 1501 2032 1538 per
2059 1489 2162 1526 hunc
2190 1489 2353 1526 modurn
2387 1487 2591 1538 peccatum

1522 1541 1644 1578 fratris
1673 1541 1895 1589 publicaret.

1576 1595 1635 1630 AD
1664 1605 1827 1636 Quintum
1855 1605 2039 1631 DtCENDuM
2077 1594 2182 1642 quod
2214 1594 2384 1643 praelato
2420 1607 2500 1632 non
2533 1602 2589 1633 est

1522 1646 1784 1684 obediendum
1803 1653 1934 1683 contra
1952 1654 2200 1695 praeceptum
2221 1646 2437 1684 divinum.
2409 1653 2437 1668 ⁹·
2454 1660 2588 1686 secun-

1522 1699 1616 1736 dum
1650 1699 1742 1738 illud
1769 1699 1852 1735 Act.
1874 1711 1898 1736 v
1915 1698 1949 1735 *ε
1989 1699 2149 1745 Ohedire
2176 1705 2323 1747 oportet
2345 1700 2430 1737 Deo
2461 1700 2625 1752 magis·

1521 1763 1637 1810 quam
1655 1751 1879 1788 hominibus.
1909 1751 1959 1788 Et
1977 1751 2064 1788 ideo
2094 1752 2250 1801 quando
2270 1753 2460 1801 praelatus
2479 1765 2588 1812 prae-

1520 1804 1608 1853 cipit
1633 1811 1675 1840 ut
1698 1804 1768 1840 sibi
1797 1803 1943 1840 dicatur
1970 1805 2076 1853 quod
2104 1804 2189 1853 quis
2217 1804 2369 1842 sciverit
2397 1805 2588 1854 corrigen-

1519 1857 1634 1902 dum,
1672 1855 1959 1904 intelligendum
1989 1864 2045 1894 est
2071 1864 2319 1906 praeceptum
2348 1869 2453 1904 sane,
2478 1859 2586 1903 salvo

1520 1909 1655 1946 ordine
1694 1908 1938 1946 correctionis
1975 1909 2183 1946 fraternae:
2223 1909 2304 1947 sive
2335 1918 2587 1959 praeceptum

1518 1962 1585 1999 fiat
1604 1961 1862 1998 communiter
1890 1961 1938 1998 ad
1968 1974 2117 2010 omnes,
2138 1962 2218 2000 sive
2247 1964 2295 2000 ad
2315 1962 2482 2012 aliquem
2502 1975 2588 2012 spe-

1519 2014 1672 2051 cialiter.
1695 2014 1771 2051 Sed
1786 2013 1816 2051 si
1831 2015 2023 2063 praelatus
2045 2027 2221 2064 expresse
2239 2014 2479 2065 praeciperet
2496 2029 2587 2066 con-

1517 2074 1575 2104 tra
1593 2067 1695 2104 hunc
1716 2066 1891 2104 ordinem
1908 2079 1930 2103 a
1949 2067 2120 2104 Domino
2143 2065 2431 2116 constitutum‘‚
2453 2076 2489 2106 et
2504 2069 2586 2119 ipse

1517 2127 1694 2168 peccaret
1719 2119 1960 2168 praecipiens
1990 2128 2026 2156 et
2045 2120 2079 2156 ei
2107 2120 2306 2168 obediens,
2325 2121 2433 2170 quasi
2454 2129 2586 2160 contra

1517 2179 1767 2221 praeceptum
1778 2172 1937 2210 Domini
1956 2185 2086 2220 agens:
2107 2173 2211 2211 unde
2230 2185 2310 2211 non
2330 2181 2430 2211 esset
2444 2174 2478 2211 ei
2493 2175 2586 2212 obe-

1519 2225 1715 2262 diendum.
1746 2225 1848 2271 Quia
1874 2225 2065 2274 praelatus
2092 2238 2171 2263 non
2199 2233 2256 2263 est
2282 2226 2396 2263 iudex
2416 2228 2585 2264 occulto-

1518 2290 1604 2314 rum
1632 2283 1661 2324 ⁰‚
1701 2277 1768 2314 sed
1798 2278 1903 2314 solus
1931 2278 2054 2315 Deus:
2090 2279 2193 2316 unde
2228 2291 2306 2316 non
2333 2279 2450 2317 habet
2475 2287 2584 2329 pote,-

1517 2337 1653 2367 statem
1692 2330 1950 2378 praecipiendi
1988 2331 2130 2379 aliquid
2166 2343 2282 2380 super
2319 2332 2478 2369 occultis
2513 2330 2586 2371 nisi

1515 2383 1744 2431 inquantum
1764 2395 1832 2431 per
1851 2382 1979 2431 aliqua
2006 2383 2144 2420 indicia
2171 2383 2472 2433 manifestantur,
2492 2393 2586 2435 puta

1515 2447 1586 2484 per
1610 2435 1808 2472 infamiam
1835 2436 1898 2472 vel
1926 2436 2071 2485 aliquas
2099 2436 2357 2495 suspiciones;
2386 2436 2425 2475 in
2446 2438 2585 2487 quibus

1517 2488 1667 2524 casibus
1685 2495 1811 2536 potest
1828 2488 2019 2536 praelatus
2047 2488 2268 2538 praecipere
2297 2489 2437 2527 eodem
2464 2490 2584 2534 modo

1515 2540 1612 2577 sicut
1640 2547 1676 2576 et
1704 2540 1816 2577 iudex
1845 2541 2046 2579 saecularis
2073 2542 2136 2580 vel
2165 2541 2440 2580 ecclesiasticus
2459 2546 2594 2599 potest

1515 2593 1662 2641 exigere
1691 2592 1950 2631 iuramentum
1980 2594 2028 2631 de
2054 2594 2212 2632 veritate
2243 2594 2418 2634 dicenda.

1568 2696 1595 2728 λ)
1616 2699 1649 2721 de
1667 2698 1822 2722 necessitate
1836 2697 1978 2729 praecepti
1996 2704 2059 2722 esse.
2077 2710 2096 2716 —
2114 2698 2186 2729 quod
2199 2700 2291 2730 potest
2308 2705 2365 2723 esse
2383 2697 2416 2723 de
2430 2695 2586 2725 necessitate

1512 2733 1651 2764 praecepti
1670 2733 1717 2758 Pa.
1735 2746 1754 2751 -
1773 2733 1823 2757 Pro
1842 2733 2079 2762 denuntiationem,
2103 2733 2315 2758 admonitionem
2337 2733 2416 2764 ΛΚΕ,
2434 2734 2583 2760 annuntia-

402 2767 508 2799 aegroti
525 2767 566 2791 ed.
585 2766 612 2798 a)
633 2766 732 2799 inferre
749 2769 840 2798 potest
860 2764 1092 2798 ADEFGHLpCK
1111 2771 1135 2791 et
1153 2773 1204 2794 xa,
1225 2766 1300 2791 debet
1323 2767 1347 2791 ei
1365 2766 1465 2800 inferre
1517 2767 1615 2791 tionem
1635 2767 1704 2792 BFR.

402 2802 425 2827 si
439 2804 530 2834 potest
548 2802 576 2831 Β,
590 2801 709 2834 (quando
727 2801 880 2833 sanitatem)
900 2801 925 2826 ei
944 2801 1044 2834 inferre
1063 2804 1154 2833 potest
1172 2801 1189 2831 1,
1210 2801 1304 2834 (infert
1322 2801 1465 2826 sanitatem

403 2838 448 2869 sC)
467 2837 491 2861 si
508 2837 608 2869 inferre
630 2839 720 2868 potest
742 2836 815 2866 sCK,
835 2837 860 2861 ei
883 2838 1004 2870 conferre
1024 2840 1116 2869 potest
1133 2844 1164 2867 a,
1184 2839 1296 2869 aegroto
1320 2837 1426 2870 confert
1442 2837 1467 2861 si

399 2872 645 2940 pori-Ypleccatum.
658 2920 678 2925 —
693 2906 858 2938 peccandum
878 2907 907 2932 P.

1572 2802 1600 2835 μ.)
1621 2801 1689 2826 ideo.
1706 2815 1725 2820 -
1744 2802 1805 2826 Orn.
1825 2802 1872 2826 Pa.

1571 2837 1594 2868 v)
1615 2837 1743 2861 divinum.
1761 2849 1779 2855 -
1799 2837 1909 2862 Domini
1927 2837 1973 2861 Pa.

1572 2869 1595 2903 ξ)
1613 2872 1796 2897 constitutum.
1814 2885 1833 2891 -
1851 2872 2003 2897 institutum
2023 2872 2070 2898 Pa.

1573 2906 1598 2937 o)
1617 2907 1790 2932 occultorum.
1810 2921 1827 2925 -
1846 2907 2005 2932 iudiciorum
2024 2907 2189 2932 occultorum
2209 2907 2256 2932 Pa.

1070 2973 1406 3006 commentaria
1427 2972 1679 3006 Oardinalis
1701 2972 1904 3006 Caietam

408 3046 456 3109 ΙΝ
479 3036 611 3067 articulo
635 3037 770 3076 septimo
802 3037 949 3068 dubium·
967 3038 1151 3069 clericorum
1176 3038 1328 3074 occurfit,
1356 3048 1397 3068 an
1419 3045 1464 3068 te-

437 3087 570 3111 neantur
593 3081 777 3110 denuntiare
810 3089 919 3111 notam
943 3082 1000 3112 sibi
1025 3082 1240 3122 proditionem
1263 3082 1313 3112 vel
1335 3081 1466 3112 occisio-

406 3134 490 3160 nem,
514 3124 666 3164 rapinam,
691 3131 759 3160 etc„
784 3133 1012 3164 praeparatam,
1038 3133 1166 3166 propter
1193 3125 1371 3166 periculum
1394 3125 1466 3155 irre-

406 3168 596 3208 gularitatis:
622 3168 775 3209 quoniam
799 3169 838 3198 ad
861 3169 1052 3200 occisionem
1075 3169 1246 3210 proditoris
1268 3170 1466 3210 procedetur.

406 3213 446 3243 Et
469 3219 515 3243 est
537 3212 617 3243 ratio
641 3212 728 3242 dubii
761 3213 835 3252 quia
859 3213 897 3242 ad
920 3221 1085 3253 praecepta
1109 3213 1241 3244 caritatis
1269 3213 1402 3254 quilibet
1424 3219 1467 3243 te-

407 3262 513 3286 netur:
539 3263 569 3287 et
583 3263 688 3286 tamen
714 3257 820 3286 nullus
840 3263 963 3287 tenetur
986 3258 1024 3287 ad
1047 3258 1079 3287 id
1095 3258 1183 3298 quod
1206 3257 1377 3287 inhabilem
1393 3266 1467 3287 eum

407 3300 507 3330 reddit
523 3300 562 3330 ad
586 3300 803 3331 executionem
823 3300 871 3330 sui
895 3300 999 3331 officii.
1026 3301 1159 3332 Constat
1175 3307 1282 3332 autem
1305 3301 1404 3341 quod,
1421 3310 1467 3330 se-

408 3345 549 3375 cundum
572 3344 622 3374 ius
648 3344 851 3380 canonicum,
885 3355 950 3374 non
974 3345 1033 3374 nisi
1057 3345 1089 3374 in
1114 3355 1207 3380 causa
1238 3345 1367 3385 propria
1396 3344 1470 3374 licet

408 3388 526 3418 clericis
555 3389 673 3429 absque
705 3395 780 3418 nota
811 3388 1042 3427 irregularitatis
1072 3399 1199 3419 causam
1227 3387 1387 3428 sanguinis
1417 3398 1469 3418 co-

408 3442 475 3462 ram
499 3431 602 3462 iudice
633 3442 826 3472 proponere,
859 3442 933 3462 cum
957 3433 1182 3471 protestatione
1210 3442 1369 3472 expressa,
1394 3438 1468 3462 etc.:

408 3482 444 3506 ut
466 3482 550 3515 patet
573 3476 606 3506 in
629 3476 732 3512 Sexto,
756 3476 796 3506 de
817 3475 1016 3513 Homicidio,
1042 3486 1109 3515 cap.
1134 3476 1301 3507 Praelatis.

1573 3039 1610 3069 II.
1635 3039 1686 3069 Ad
1708 3038 1770 3069 hoc
1794 3038 1907 3070 dicitur
1936 3039 2026 3080 quod
2048 3039 2098 3070 ius
2121 3046 2266 3076 naturae,
2300 3039 2445 3070 divinum
2471 3046 2502 3071 et
2524 3040 2583 3073 Ec-

1518 3082 1628 3112 clesiae
1657 3082 1700 3113 ita
1723 3093 1755 3113 se
1785 3083 1901 3113 habent
1933 3083 2038 3124 quod,
2063 3083 2144 3114 sicut
2166 3083 2263 3124 gratia
2285 3082 2407 3124 perficit
2438 3091 2584 3116 namratn

1518 3132 1548 3155 et
1564 3136 1629 3156 non
1654 3126 1786 3157 destruit
1800 3126 1898 3163 illam,
1915 3126 1957 3157 ita
1980 3127 2029 3157 ius
2053 3127 2298 3158 ecclesiasticum
2321 3127 2443 3168 perficit
2467 3127 2518 3159 ius
2541 3128 2585 3159 di-

1518 3169 1629 3199 vinum
1653 3177 1684 3200 et
1706 3180 1772 3200 non
1803 3171 1935 3202 destruit
1961 3171 2051 3201 illud.
2083 3171 2124 3201 Et
2146 3178 2323 3211 propterea,
2349 3171 2430 3202 sicut
2456 3171 2584 3205 nullum

1518 3221 1722 3253 praeceptum
1746 3214 1889 3245 divinum
1909 3221 1956 3245 est
1977 3221 2086 3245 contra
2105 3221 2270 3255 praecepta
2292 3215 2368 3246 iuris
2385 3221 2524 3252 naturae,
2540 3215 2584 3248 ita

1519 3257 1646 3287 nullum
1669 3265 1872 3298 praeceptum
1895 3259 2054 3289 Ecclesiae
2077 3265 2123 3289 est
2147 3266 2256 3289 contra
2278 3266 2484 3299 praeceptum
2506 3259 2583 3290 iuris

1519 3300 1625 3332 divini.
1652 3301 1736 3332 Cum
1757 3309 1864 3332 autem
1880 3309 1946 3333 tarn
1970 3302 2128 3333 rationalis
2144 3310 2254 3333 natura
2268 3313 2366 3343 quam
2385 3303 2518 3334 caritatis
2534 3303 2583 3334 lex

1520 3345 1647 3375 mandet
1662 3352 1697 3376 ut
1712 3346 1853 3385 periculo
1871 3356 1937 3376 non
1950 3347 2057 3377 solum
2072 3346 2273 3386 reipublicae,
2286 3347 2341 3377 sed
2354 3347 2582 3388 cuiuscumque

1521 3388 1672 3427 proximi,
1697 3389 1722 3418 si
1746 3400 1935 3429 possumus,
1967 3390 2205 3426 subveniamus;
2235 3396 2266 3421 et
2287 3390 2320 3420 in
2351 3400 2425 3422 casu
2457 3397 2582 3431 paratae

1522 3432 1724 3471 proditionis,
1750 3433 1927 3470 homicidii,
1952 3434 2079 3474 rapinae
2103 3440 2157 3465 aut
2179 3433 2365 3465 huiusmodi
2392 3433 2461 3465 solo
2485 3434 2581 3465 verbo

1523 3475 1754 3506 manifestativo
1786 3477 1946 3516 possimus
1976 3478 2141 3508 consulere
2166 3477 2306 3518 periculo
2334 3476 2486 3517 proximi:
2506 3487 2581 3508 con-

2618 502 2707 524 ⁸Mntth.
2710 509 2762 530 cap.
2763 509 2826 530 τινι,

2616 535 2676 550 vers.
2705 535 2727 550 21
2757 535 2808 557 sqq.
2819 537 2825 555 3

2616 555 2686 576 Marc.
2707 561 2759 582 cap.
2777 561 2824 583 xlv,

2616 587 2675 602 vers.
2677 581 2699 603 18
2705 587 2766 609 sqq„
2760 581 2826 604 Luc.

2616 613 2826 661 Ξῖξςςῗίἱὲᾰῃῖἕὶἒῖ

2616 665 2662 686 xm,
2672 665 2731 681 vers.
2742 665 2764 682 τι
2775 666 2828 688 nqq.

2639 1712 2709 1735 Vm.
2723 1718 2759 1740 ²9-
