2892 4056
0 4006 10 4019 r<
0 3995 1 3998 Α
0 3983 3 3987 ’
0 3962 9 3969 J
0 3931 5 3944 -
0 3627 12 3923 -.-—12--7⁷-3-2v<—2v

1042 134 1308 180 QUAESTIO
1339 135 1401 182 IV,
1430 136 1724 173 ARTICULUS
1753 137 1787 172 V
2446 152 2496 187 49

324 223 414 249 nem
443 211 609 248 debitam
639 223 684 248 ex
711 220 819 260 parte
841 212 1056 249 voluntatis.
1088 213 1192 250 Sicut
1215 213 1327 249 etiam
1357 212 1386 249 si

323 263 571 312 temperantia
609 272 707 301 esset
743 265 781 301 in
814 265 1095 314 concupiscibili
1124 274 1160 302 et
1186 265 1386 314 prudentia

323 326 402 354 non
431 323 528 353 esset
555 316 594 353 in
618 317 802 364 rationali,
831 317 1078 366 temperantia
1098 330 1176 355 non
1196 325 1294 355 esset
1311 317 1386 355 vir-

289 387 296 399 ‚
323 375 398 416 tus,
424 376 464 406 ut
483 381 599 418 supra
616 370 635 390 '³²
660 370 803 407 dictum
823 379 897 407 est:
928 369 1015 419 quia
1034 368 1048 400 β
1076 370 1124 407 ad
1144 379 1269 407 actum
1290 378 1384 407 tem-

322 421 514 471 perantiae
556 423 756 471 requiritur
797 431 832 460 et
869 431 974 460 actus
1012 423 1166 460 rationis
1208 432 1244 460 et
1280 431 1385 460 actus

324 474 645 523 concupiscibilis,
684 476 779 513 sicut
815 476 863 512 ad
900 483 1027 512 actum
1064 476 1153 512 fidei
1186 476 1386 524 requiritur

323 534 428 564 actus
456 529 660 565 voluntatis
689 536 724 565 et
752 536 857 565 actus
885 528 1103 564 intellectus.

376 581 434 617 An
462 593 599 618 PRlMUM
622 593 720 619 ERGO
748 591 932 619 chENDUM
961 579 1064 629 quod
1093 581 1219 628 ipsum
1247 591 1384 618 verum

323 642 379 669 est
406 633 553 671 bonum
573 631 799 672 intellectus:
828 645 915 670 cum
935 633 981 670 sit
1009 632 1088 669 eius
1115 633 1306 681 perfectio.
1337 635 1386 671 Et

322 685 409 723 ideo
438 685 662 735 inquantum
689 699 759 735 per
784 685 903 723 fidem
924 686 1131 722 intellectus
1157 687 1384 724 determina-

322 746 382 775 tur
419 740 468 776 ad
495 752 653 787 verum,
690 739 788 776 fides
815 738 931 775 habet
958 738 1132 775 ordinem
1166 739 1202 775 in
1237 740 1383 780 bonum

322 791 532 840 quoddam.
556 792 633 830 Sed
650 792 818 838 ulterius,
838 791 1065 838 inquantum
1085 791 1181 828 fides
1200 792 1386 829 formatur

321 854 391 893 per
418 845 634 892 caritatem,
673 845 788 882 habet
817 843 931 880 etiam
960 843 1131 880 ordinem
1160 844 1207 881 ad
1237 845 1383 881 bonum

322 897 535 936 secundum
564 897 670 946 quod
699 905 754 934 est
780 896 986 934 voluntatis
1014 895 1217 933 obiectum.

374 951 435 987 An
453 962 644 989 sacuunum
658 962 843 988 mcENDUM
858 949 965 998 quod
983 949 1080 987 fides
1100 950 1147 986 de
1167 961 1243 997 qua
1258 949 1385 986 Philo-

322 1003 466 1052 sophus
493 1003 660 1052 loquitur
681 1002 849 1040 innititur
868 1002 1005 1039 rationi>
1019 1003 1211 1039 humanae
1240 1013 1318 1038 non
1340 1013 1384 1038 ex

321 1055 542 1105 necessitate
563 1055 814 1103 concludenti,
836 1055 895 1092 cui
915 1061 1041 1104 potest
1059 1055 1214 1092 subesse
1235 1055 1383 1091 falsum.

320 1105 372 1146 Et
397 1107 485 1146 ideo
513 1109 596 1146 talis
623 1108 721 1147 fides
749 1121 827 1146 non
857 1115 912 1144 est
938 1108 1069 1145 virtus.
1105 1108 1182 1145 Sed
1210 1107 1307 1145 fides
1337 1107 1384 1144 de

321 1173 398 1211 qua
424 1162 616 1211 loquimur
644 1162 813 1199 innititur
838 1161 985 1198 veritati
1014 1160 1164 1198 divinae
1202 1173 1300 1209 quae
1329 1168 1385 1197 est

319 1213 540 1252 infallibilis:
579 1222 615 1252 et
642 1215 693 1251 ita
722 1227 799 1252 non
827 1222 951 1263 potest
980 1213 1013 1250 ei
1046 1215 1201 1250 subesse
1234 1214 1381 1250 falsum.

278 1314 282 1315 ⁷
319 1267 377 1315 ,Et
396 1267 485 1306 ideo
513 1267 595 1305 talis
622 1268 718 1305 fides
745 1274 870 1316 potest
899 1279 980 1304 esse
1008 1267 1138 1304 virtus.

374 1321 434 1357 AD
469 1332 628 1358 TERTmM
660 1332 844 1358 monimum
873 1319 978 1368 quod
1022 1319 1119 1356 fides
1152 1319 1314 1356 formata
1349 1325 1384 1355 et

319 1371 491 1410 informis
527 1386 605 1410 non
643 1373 819 1410 differunt
856 1372 1114 1420 specie'sicut
1150 1371 1187 1407 in
1226 1370 1384 1408 diversis

374 1486 400 1520 β)
418 1486 490 1520 quia.
507 1500 526 1505 —
562 1486 616 1511 uod
634 1485 666 1516 G,
682 1485 730 1510 sed
749 1485 796 1509 Pa.
815 1498 832 1503 —
851 1485 901 1509 Pro
919 1488 946 1509 et
964 1487 1039 1509 actus
1063 1484 1186 1513 rationis,
1207 1484 1278 1508 ratio
1297 1484 1338 1508 ed.
1357 1491 1382 1512 a,

317 1525 394 1549 ms
411 1521 529 1546 rationis
569 1529 577 1552 ς
595 1525 644 1553 pto
661 1516 879 1552 canapisctffim
898 1519 1126 1551 concupiscentiae
1144 1519 1190 1543 Pa.

1439 213 1637 261 speciebus
1657 214 1874 251 existentes:
1905 214 2083 251 differunt
2101 222 2229 252 autem
2258 216 2351 252 sicut
2378 217 2498 265 perfe-

1440 273 1542 302 ctum
1560 273 1595 302 et
1614 266 1878 315 imperfectum
1899 267 1936 304 in
1957 267 2092 304 eadem
2112 267 2249 316 specie.
2271 268 2382 305 Unde
2402 269 2498 306 fides

1438 318 1629 365 informis,
1669 331 1755 356 cum
1784 320 1829 356 sit
1856 319 2094 368 imperfecta,
2134 333 2211 357 non
2244 320 2418 369 pertingit
2451 322 2498 359 ad

1436 371 1643 419 perfectam
1673 373 1857 409 rationem
1879 372 2043 410 virtutis:
2074 385 2163 409 nam
2191 373 2310 410 virtus
2337 379 2389 410 est
2411 386 2498 422 per-

1424 424 1546 471 fectio
1574 425 1771 472 quaedam,
1801 433 1841 461 ut
1870 425 2003 462 dicitur
2031 426 2068 462 in
2096 426 2163 462 Vll
2184 426 2333 474 Physic.
2354 426 2373 447 ’³‘

1490 478 1549 513 AD
1564 488 1735 518 QUARTUM
1751 490 1932 515 DiCENDuM
1943 479 2047 527 quod
2062 478 2217 527 quidam
2233 486 2381 527 ponunt
2394 480 2498 528 quod

1436 528 1532 565 fides
1553 541 1650 577 quae
1672 539 1968 568 connumeratur
1987 531 2084 567 inter
2103 531 2239 578 gratias
2259 532 2372 579 gratis
2393 532 2498 568 datas

1438 588 1493 618 est
1511 581 1607 618 fides
1627 582 1811 619 informis.
1827 605 1850 611 -
1869 584 1944 620 Sed
1963 584 2038 620 hoc
2057 594 2135 620 non
2156 584 2425 621 convenienter
2445 585 2497 621 di-

1438 634 1542 671 citur.
1574 635 1674 681 Quia
1701 635 1841 682 gratiae
1869 635 1980 683 gratis
1999 637 2121 683 datae,
2150 649 2249 684 quae
2269 637 2320 674 ibi
2341 649 2498 674 enume-

1438 695 1585 732 rantur,
1625 700 1703 724 non
1731 696 1817 725 sunt
1845 701 2070 726 communes
2103 690 2283 726 omnibus
2316 690 2498 727 membris

1437 740 1651 776 Ecclesiae:
1682 741 1783 777 unde
1802 742 2009 789 Apostolus
2038 742 2088 778 ibi
2110 742 2129 762 ⁹³²
2149 742 2256 779 dicit:
2286 743 2498 780 Divisiones

1435 793 1650 841 gratiarum
1678 799 1779 837 sunt;
1809 802 1844 830 et
1872 794 2007 831 iterum
2027 794 2061 830 ⁵³²:
2091 794 2169 831 Alii
2187 796 2298 831 datur
2321 797 2402 841 hoc,
2431 795 2500 832 alii

1436 844 1548 880 datur
1575 843 1676 880 illud.
1707 844 1818 882 Fides
1846 854 1973 882 autem
2002 843 2172 883 informis
2201 855 2256 883 est
2283 849 2496 885 communis

1436 896 1615 933 omnibus
1636 897 1818 934 membris
1838 899 2046 936 Ecclesiae:
2077 900 2165 947 quia
2185 899 2394 937 informitas
2419 913 2496 938 non

1437 957 1493 986 est
1512 950 1559 986 de
1579 949 1785 987 substantia
1806 951 1899 997 eius,
1921 952 2132 988 secundum
2153 953 2256 1000 quod
2278 960 2333 989 est
2352 954 2496 990 donum

1437 1002 1653 1050 gratuitum.

1489 1055 1600 1092 Unde
1639 1054 1843 1091 dicendum
1874 1063 1928 1092 est
1965 1057 2068 1103 quod
2102 1056 2198 1093 fides
2225 1057 2275 1093 ibi
2304 1058 2463 1094 sumitur
2482 1063 2496 1086 Υ

1435 1119 1505 1156 pro
1534 1107 1662 1155 aliqua
1690 1107 1779 1144 fidei
1805 1106 2041 1145 excellentia:
2072 1109 2165 1145 sicut
2191 1121 2260 1157 pro
2290 1110 2497 1147 constantia

1425 1160 1532 1208 fidei,
1557 1168 1599 1197 ut
1627 1158 1715 1197 dicit
1747 1158 1894 1207 Glossa,
1922 1161 1984 1197 vel
2012 1174 2082 1210 pro
2110 1174 2282 1198 sermone
2297 1163 2403 1210 fidei.
2425 1163 2444 1184 '³⁵
2472 1183 2495 1190 -

1434 1213 1547 1250 Fides
1567 1221 1694 1250 autem
1724 1213 1877 1261 ponitur
1899 1214 2040 1251 fructus
2065 1215 2276 1251 secundum
2296 1217 2400 1263 quod
2428 1216 2495 1252 ha-

1414 1266 1501 1305 ,bet
1528 1266 1694 1314 aliquam
1728 1266 2016 1304 delectationem
2045 1267 2082 1303 in
2111 1279 2180 1304 suo
2210 1275 2315 1314 actu,
2354 1268 2496 1304 ratione

1437 1318 1676 1356 certitudinis.
1715 1319 1826 1356 Unde
1863 1319 1911 1356 ad
1940 1320 2022 1356 Gal.
2052 1332 2095 1366 v,
2124 1320 2190 1356 ubi
2228 1328 2498 1357 enumerantur

1438 1370 1592 1416 fructus,
1610 1372 1810 1420 exponitur
1828 1372 1923 1408 fides
1942 1372 1987 1408 de
2010 1373 2252 1409 invisibilibus
2272 1373 2449 1410 certitudo
2464 1374 2494 1410 ²⁸.

1489 1484 1518 1517 γ)
1532 1485 1602 1518 fides
1623 1485 1658 1509 ibi
1675 1485 1798 1510 sumitur.
1816 1499 1834 1504 -
1853 1485 1968 1509 sumitur
1987 1486 2023 1510 ibi
2041 1486 2068 1510 Ρ.

998 1586 1330 1622 Commentario.
1353 1585 1604 1621 Cardinalis
1626 1587 1827 1621 Caietam

389 1669 527 1702 more
541 1660 663 1692 aviculi
679 1659 783 1700 quinti
802 1659 947 1690 eiusdem
959 1659 1155 1699 quaestionis
1171 1659 1307 1690 dubium
1323 1659 1383 1689 du-

348 1707 424 1749 fle-,x
445 1704 582 1737 occurrit
603 1714 642 1736 ex
663 1704 828 1741 Durando,
853 1704 885 1734 in
909 1713 985 1734 xxm
1007 1703 1078 1734 dist.
1094 1703 1134 1734 111
1151 1703 1251 1741 Sent„
1269 1714 1324 1744 qu.
1340 1713 1384 1739 xv,-

318 1744 378 1787 art.
395 1759 418 1786 2.
429 1745 455 1784 ²⁶²,
480 1755 631 1789 arguente
655 1748 759 1788 primo
784 1754 893 1778 contra
916 1747 988 1784 hoc,
1004 1747 1121 1778 scilicet
1139 1745 1229 1788 quod
1243 1747 1321 1778 fides
1337 1754 1383 1778 est

317 1784 427 1826 virtus.
451 1791 625 1832 Distinguit
647 1800 786 1833 namque
809 1791 899 1833 quod
920 1790 1018 1822 virtus
1041 1790 1210 1832 dupliciter
1230 1791 1381 1822 sumitur:

318 1835 418 1879 large,
442 1844 507 1878 pro*
525 1834 639 1867 habitu
661 1835 832 1867 inclinante
859 1836 895 1866 in
917 1842 1024 1866 actum
1047 1834 1188 1871 bonrum
1213 1842 1244 1866 et
1267 1836 1380 1872 stricte,

318 1891 379 1924 pru
401 1881 513 1913 habitu
536 1887 678 1921 ponente
698 1880 876 1920 potentiam
893 1879 927 1910 in
943 1880 1059 1910 uitium
1073 1879 1275 1919 perfectionis
1297 1880 1382 1910 debi-

318 1934 371 1960 tu
383 1934 444 1959 suo
463 1925 558 1962 actui,
578 1925 627 1955 sic
638 1925 725 1955 enin
740 1924 841 1955 virtus
859 1930 905 1954 est
923 1925 1070 1955 ultimum
1086 1924 1126 1954 de
1134 1925 1280 1964 potentia
1292 1925 1318 1954 *.
1343 1925 1384 1955 Et

281 1977 291 2011 ζ
317 1971 383 2005 hoc
403 1967 515 2007 mode,
538 1969 655 2011 iuquit,
675 1968 754 1999 fides
773 1979 840 1999 non
857 1974 903 1999 est
916 1968 1031 1999 virtus:
1055 1968 1132 2009 quia
1150 1978 1216 1998 non
1233 1968 1307 1999 facit
1321 1969 1383 1999 evi-

285 2029 291 2036 ·
318 2010 446 2056 dentem
461 2011 687 2054 cognitionem,
704 2022 768 2054 qua
784 2019 877 2043 natus
893 2019 940 2043 est
963 2019 1050 2042 actus
1073 2009 1248 2043 intellectus
1265 2009 1381 2053 perfici.

374 2057 412 2090 Π.
436 2054 621 2089 Secundum
642 2061 718 2087 vero
742 2062 789 2087 est
812 2066 848 2087 ex
871 2053 984 2087 eodem
1004 2060 1154 2096 arguente
1173 2062 1282 2087 contra
1297 2054 1383 2087 hunc

319 2102 488 2134 articulum
510 2100 672 2141 tripliciter
699 2101 788 2142 quod
811 2099 891 2131 fides
913 2107 979 2130 non
1002 2100 1045 2131 sir
1065 2100 1166 2140 magis
1186 2101 1286 2131 virtus
1309 2107 1384 2131 cum

319 2147 449 2178 aritae
467 2152 567 2186 quam
589 2144 659 2175 sine
680 2145 816 2176 enitare.
840 2145 964 2181 Primo,
977 2151 1014 2175 ex
1027 2150 1111 2176 actu.
1135 2145 1222 2182 Quia
1233 2145 1382 2176 assentire

317 2200 400 2225 vno·
417 2189 648 2230 mummii
671 2198 738 2220 non
760 2195 808 2220 est
829 2188 1003 2229 perfectius
1021 2189 1188 2219 intrinsece
1211 2199 1287 2220 cum
1309 2189 1384 2220 cari-

317 2241 385 2269 ute.
403 2244 508 2277 quam.
524 2233 593 2265 sine
615 2233 756 2264 caritate:
780 2242 866 2273 ergo.
896 2233 1094 2263 Antecedens
1117 2233 1281 2273 probatur:
1307 2233 1383 2274 quia

319 2288 357 2310 ex
379 2276 505 2317 caritate
528 2274 649 2308 nullam
669 2274 896 2318 perfectionem
910 2276 1121 2317 pertinentem
1137 2277 1176 2307 ad
1192 2273 1381 2317 cognitionis

318 2328 419 2362 genus
441 2316 568 2361 recipit;
592 2319 646 2351 sed
669 2320 874 2351 extrinsecam
897 2327 1035 2357 rantum,
1060 2327 1137 2361 puta
1160 2328 1227 2352 esse
1254 2322 1382 2352 merito—

318 2364 413 2396 rium.
438 2362 677 2405 Censequmffl
699 2370 806 2404 patet:
827 2364 902 2405 quia
925 2372 995 2395 non
1011 2371 1049 2395 ex
1062 2371 1267 2406 quacumque
1282 2365 1383 2405 persea

319 2409 424 2441 abac
447 2415 538 2440 ame
564 2413 715 2448 pensatur
735 2407 851 2444 ήκω,
873 2408 928 2438 sed
954 2408 1123 2439 innume:
1151 2409 1214 2445 iui;
1238 2409 1380 2449 alioquin

318 2460 407 2485 actu·
419 2451 585 2494 opinionis
593 2451 779 2483 meritorius
785 2451 902 2483 faceret
914 2453 1006 2492 qaod,
1014 2452 1126 2492 opinio
1143 2459 1224 2483 esset
1238 2453 1347 2484 virtus.
1360 2470 1381 2476 -

317 2497 477 2533 Secundo,
498 2503 528 2527 et
543 2496 576 2526 in
599 2496 684 2526 idem
708 2495 796 2532 redit,
814 2505 851 2526 ex
865 2495 1050 2526 habitudine
1063 2494 1136 2526 fidei
1153 2496 1192 2526 ad
1207 2496 1378 2527 caritatem.

318 2541 412 2572 Fides
441 2551 508 2571 non
536 2540 693 2581 dependet
715 2550 733 2570 a
755 2539 881 2570 caritate
912 2537 1021 2580 quoad
1047 2537 1208 2576 habitum,
1233 2537 1307 2580 quia
1335 2546 1382 2570 est

317 2583 406 2627 prior
427 2583 498 2616 ilfa:
523 2590 584 2615 nec
603 2583 711 2625 quoad
726 2589 842 2619 actum,
859 2581 934 2624 quia
950 2589 1016 2614 non
1034 2582 1198 2623 perficitur
1215 2582 1380 2614 intrinsece

317 2631 357 2661 ab
371 2627 436 2660 illa.
459 2626 544 2668 Ergo
560 2635 627 2658 non
641 2633 755 2667 estper
765 2626 858 2658 illan·
865 2627 974 2658 virtus.
987 2627 1138 2663 -Terfio,
1150 2634 1259 2658 contra
1275 2633 1381 2657 exem·

316 2674 412 2715 ptum
432 2673 565 2708 litter-e,
578 2671 658 2712 quin
670 2678 738 2702 non
761 2678 810 2702 est
829 2671 932 2702 simile
948 2672 987 2701 de
1003 2671 1116 2702 virtute
1133 2671 1248 2702 morali
1261 2678 1292 2702 et
1307 2681 1380 2711 pru⁴

317 2717 439 2754 dena,
463 2716 545 2758 quie
566 2725 727 2747 munuae
749 2722 844 2746 sunu
870 2714 948 2745 fides
978 2722 1089 2746 autem
1113 2722 1144 2746 et
1171 2715 1280 2746 caritas
1312 2723 1381 2745 non

317 2769 392 2793 sunt
415 2770 585 2792 connexae.

371 2805 422 2836 111.
439 2806 491 2836 Ad
502 2804 643 2844 primum
660 2802 794 2834 dubium
810 2803 827 2822 *
845 2802 958 2833 dicitur
972 2803 1061 2844 quod
1078 2812 1211 2842 arguens
1228 2803 1378 2843 deceptus

318 2856 368 2880 est
387 2858 454 2879 non
477 2844 701 2888 distinguendo
724 2847 805 2878 inter
825 2847 978 2877 virtutem·
998 2843 1242 2877 intellectualem
1265 2853 1296 2877 et
1318 2847 1378 2877 vir-

317 2899 429 2924 tutem.
453 2892 535 2922 Plus
545 2890 636 2922 eninr
646 2890 780 2931 exigitur
797 2891 841 2921 ad
851 2890 1005 2921 virtutem
1015 2890 1262 2921 inteueeruatenr
1279 2897 1380 2931 quasa

317 2937 357 2967 ad
371 2936 531 2972 virtutem,
551 2935 647 2966 etiam
662 2935 848 2966 intellectus.
874 2935 967 2966 Unde
982 2935 1077 2975 gratis
1094 2935 1277 2965 conceditur
1291 2935 1379 2975 quod

316 2979 395 3011 fides
418 2989 484 3010 non
500 2987 546 3010 est
569 2979 668 3010 virtus
683 2979 912 3015 intellectualis,
929 2979 1004 3019 quia
1019 2989 1086 3021 non
1102 2979 1175 3010 facit
1190 2978 1378 3009 evidentiam

316 3024 349 3055 in
372 3023 533 3055 intellectu
556 3022 761 3063 speculativo,
785 3022 817 3052 in
841 3032 907 3063 quo
924 3029 978 3053 est.
1004 3021 1090 3053 Cum
1112 3023 1174 3053 hoc
1197 3029 1303 3053 tamen
1319 3029 1379 3054 stat

316 3068 404 3109 quod
428 3073 475 3098 est
496 3066 596 3097 virtus
618 3066 795 3097 intellectus
819 3066 1013 3106 theologica,
1037 3074 1161 3107 ponens
1182 3066 1378 3097 inteliecvum

315 3112 349 3142 in
361 3111 473 3143 ultima
485 3110 677 3151 perfectione
691 3120 790 3151 quam
805 3117 898 3141 natus
913 3117 959 3140 est
973 3110 1250 3150 supernaturaliter
1264 3110 1378 3142 habere

315 3156 348 3186 in
371 3156 433 3186 via.
457 3153 622 3191 Quoniam
645 3163 682 3184 ex
697 3160 808 3185 natura
830 3164 888 3184 sua
903 3153 1090 3185 determinat
1110 3154 1312 3185 infallibiliter
1331 3155 1379 3185 in-

315 3199 478 3231 tellectum
493 3198 533 3229 ad
548 3208 660 3229 verum
683 3205 714 3229 et
737 3198 860 3228 bonum
875 3198 1112 3238 supernaturale
1127 3197 1194 3229 eius
1217 3197 1379 3230 obiectum

317 3251 357 3275 ac
374 3243 490 3274 finem:
523 3242 616 3284 quod*
635 3248 683 3272 ew
704 3241 858 3272 ultimum
885 3241 927 3272 de
946 3241 1091 3282 potentia
1114 3251 1175 3282 pro
1197 3248 1279 3273 snam
1303 3242 1375 3274 isto.

315 3287 357 3319 Et
379 3293 546 3328 praepter-ea
568 3285 657 3322 fides,
674 3292 711 3316 ut
731 3285 767 3315 in
787 3285 892 3316 litterar
911 3285 1034 3322 dieitur,
1051 3292 1099 3317 eet
1119 3286 1302 3326 simpliciter
1317 3286 1377 3317 vir-

316 3338 383 3368 um.
402 3338 438 3362 er
454 3338 526 3362 non
545 3331 640 3370 lavgw
656 3329 829 3360 vocabulo.-

1434 1669 1522 1689 mero
1547 1669 1565 1689 a
1588 1659 1733 1695 formata,
1760 1669 1827 1690 non
1849 1659 1893 1689 sic
1915 1659 2098 1700 accipienda
2121 1667 2167 1691 est
2182 1660 2340 1692 distinctio
2357 1672 2421 1692 non
2437 1662 2498 1692 vir-

1435 1703 1511 1733 tutis
1535 1713 1552 1732 a
1576 1703 1689 1734 virtute
1713 1703 1745 1733 in
1769 1714 1804 1733 ea
1828 1703 1908 1734 sicut
1931 1704 2134 1743 distinguitur
2156 1704 2281 1735 habitus
2312 1715 2377 1736 non
2399 1706 2498 1737 virtus

1435 1742 1474 1777 ab
1498 1744 1606 1777 habitu
1630 1747 1686 1788 qui
1710 1754 1757 1778 est
1779 1747 1894 1783 virtus,
1919 1754 1995 1787 puta
2025 1748 2135 1788 opinio
2159 1758 2177 1778 a
2200 1747 2346 1779 scientia:
2370 1751 2425 1780 sed
2447 1760 2497 1780 ac-

1435 1790 1580 1831 cipienda
1590 1798 1636 1821 est
1651 1791 1732 1821 sicut
1748 1791 1866 1821 habens
1879 1798 1995 1822 statum
2011 1791 2133 1822 virtutis
2150 1792 2379 1832 distinguitura
2393 1793 2499 1834 seipso

1435 1844 1503 1865 non
1517 1833 1652 1866 habente
1675 1841 1793 1866 statum
1815 1835 1949 1871 virtutis,
1966 1836 2047 1866 sieut
2061 1836 2281 1876 imperfectum
2297 1837 2499 1878 distinguitur

1436 1889 1454 1909 a
1476 1878 1582 1919 seipso
1606 1879 1756 1920 perfecto.
1780 1879 1873 1910 Fides
1896 1889 2036 1920 namque
2059 1880 2126 1910 sine
2156 1880 2280 1911 caritate
2303 1891 2370 1911 non
2398 1888 2443 1912 est
2465 1881 2498 1911 in

1436 1930 1520 1954 statu
1543 1923 1667 1955 virtutis
1690 1923 1888 1963 simpliciter:
1913 1934 1988 1954 eum
2012 1924 2137 1955 caritate
2160 1931 2267 1955 autem
2291 1932 2337 1956 est
2358 1926 2391 1955 in
2415 1932 2498 1955 statu

1436 1967 1568 1998 virtutis.
1593 1967 1634 1998 Et
1656 1967 1718 1997 hoc
1736 1977 1778 1999 ,ex
1801 1974 1873 1998 actu
1898 1974 1928 1998 et
1950 1967 2092 1998 subiecto
2116 1968 2341 2000 manifestatur.
2366 1969 2412 1999 Ex
2426 1976 2498 2000 actu

1435 2007 1576 2052 quidem,
1597 2011 1672 2052 quia
1696 2019 1783 2042 actus
1807 2009 1948 2051 pendens
1971 2021 2027 2052 per
2042 2021 2074 2041 se
2098 2022 2115 2041 a
2137 2012 2264 2042 duobus
2287 2023 2352 2043 non
2369 2021 2415 2044 est
2430 2023 2498 2053 per-

1435 2055 1535 2086 fectus
1559 2055 1743 2096 simpliciter
1773 2056 1832 2086 nisi
1866 2061 2038 2096 utrumque
2061 2056 2101 2085 sit
2123 2056 2315 2095 perfectum:
2349 2057 2497 2087 assentire

1434 2106 1542 2131 autem
1565 2107 1641 2129 vero
1663 2099 1893 2140 supernaturali
1917 2100 2078 2130 credendo>
2095 2101 2211 2139 pendet
2234 2106 2271 2130 οι
2291 2098 2451 2131 intellectu
2468 2108 2498 2131 et

1434 2144 1613 2175 voluntate:
1638 2153 1713 2183 ergo
1736 2153 1804 2174 nori
1817 2150 1864 2174 est
1878 2150 1969 2174 actus
1981 2143 2164 2183 simpliciter
2182 2144 2343 2175 virtuosus
2357 2145 2415 2175 nisi
2432 2151 2498 2175 tam

1434 2188 1612 2219 intellectus
1642 2197 1740 2228 quarn
1762 2188 1909 2218 voluntas
1940 2187 2076 2228 perfecta
2099 2188 2147 2218 sit.
2171 2188 2218 2218 Ex
2241 2188 2383 2219 subiecto
2410 2198 2496 2224 vero,

1435 2232 1510 2273 quia
1533 2231 1710 2262 subiectum
1735 2241 1791 2272 per
1813 2242 1846 2262 se
1869 2231 1941 2262 fidei
1966 2238 2013 2262 est
2031 2231 2206 2262 intellectus
2230 2239 2337 2263 motus
2353 2232 2496 2263 avolun-

1434 2279 1512 2307 tate:
1538 2286 1612 2315 ergo
1637 2275 1814 2306 subiectum
1839 2285 1895 2316 per
1917 2286 1949 2306 se
1973 2275 2044 2306 fidei
2068 2275 2222 2316 perfectae
2246 2283 2292 2306 est
2321 2276 2497 2307 intellectus

1435 2325 1542 2351 motus
1556 2330 1574 2350 a
1587 2316 1750 2350 voluntate
1774 2319 1920 2360 perfecta,
1936 2323 1973 2350 ut
1994 2319 2272 2360 proportionaliter
2285 2320 2344 2350 sibi
2367 2326 2498 2359 respon-¹

1434 2365 1529 2395 deant
1550 2364 1702 2404 perfectio
1726 2371 1756 2394 et
1778 2364 1980 2403 perfectibile.

1489 2409 1528 2439 V.
1552 2408 1605 2438 Ad
1627 2408 1763 2448 primam
1786 2415 1895 2439 autem
1927 2407 2139 2438 obtectionem
2170 2408 2330 2444 Durandi,
2365 2415 2494 2447 negatur

1433 2452 1636 2482 antecedens:
1654 2459 1684 2482 et
1700 2451 1814 2483 dicitur
1829 2452 1921 2492 quod*
1938 2452 2062 2482 credere
2077 2446 2115 2481 εἷς
2130 2451 2256 2482 caritate
2271 2458 2318 2482 est
2331 2451 2497 2491 perfectior

1433 2502 1520 2528 actus
1552 2494 1718 2525 intrinsece
1749 2505 1848 2536 quam
1878 2495 2002 2526 credere
2034 2505 2099 2525 non
2125 2505 2161 2526 ex
2185 2495 2319 2526 caritate.
2358 2496 2398 2525 Et
2421 2505 2495 2525 cum

1433 2531 1584 2579 iirguitur,
1602 2533 1723 2568 Caritas
1747 2538 1826 2569 nihil
1845 2538 1930 2569 addit
1945 2539 2103 2579 pertinens
2119 2540 2158 2569 ad
2174 2549 2273 2578 genus
2290 2535 2493 2578 cognitionis:

1432 2583 1642 2623 respondetur
1662 2583 1750 2622 quod
1772 2583 1834 2613 hoc
1854 2590 1901 2614 est
1922 2592 2043 2618 verum,
2061 2583 2118 2613 sed'
2139 2590 2204 2612 non
2227 2583 2339 2622 probat
2361 2582 2496 2621 proban-

1433 2626 1522 2657 dum.
1539 2626 1625 2663 Quia
1640 2627 1764 2656 credere
1779 2635 1846 2656 non
1860 2626 2014 2666 significat
2027 2633 2134 2657 actum
2148 2627 2324 2657 intellectus
2340 2626 2494 2662 absolute,

1431 2671 1486 2701 sed
1510 2677 1545 2700 ut
1569 2670 1648 2700 moti
1671 2680 1693 2700 a·
1712 2671 1884 2701 voluntate.
1908 2671 1949 2701 Et
1971 2677 2148 2711 propterea,
2163 2670 2234 2700 licet
2257 2671 2382 2700 credere
2401 2674 2496 2709 prout

1432 2720 1551 2754 spectat
1574 2714 1612 2744 ad
1636 2714 1828 2745 intellectum
1852 2724 1918 2745 non
1938 2714 1977 2745 sit
1992 2714 2160 2755 perfectius
2179 2714 2369 2754 simpliciter,
2388 2721 2494 2745 tamen

1433 2765 1479 2789 est
1500 2757 1667 2798 perfectius
1691 2768 1756 2789 non
1780 2768 1836 2798 per
1859 2758 2011 2794 accidens,
2037 2765 2072 2789 ut
2094 2765 2182 2789 actus
2205 2757 2365 2798 opinionis
2388 2757 2421 2787 in
2441 2758 2494 2788 ha-

1432 2799 1524 2833 bente
1552 2799 1721 2838 caritatem,
1738 2803 1797 2832 sed
1809 2812 1865 2843 per
1891 2811 1939 2833 se:
1964 2802 2038 2845 quia
2060 2809 2106 2832 est
2125 2809 2213 2832 actus
2236 2812 2292 2843 per
2306 2811 2339 2832 se
2353 2802 2494 2842 pendens

1433 2856 1450 2877 a
1465 2847 1638 2877 voluntate.
1662 2847 1704 2876 Et
1717 2845 1790 2877 licet
1805 2847 1915 2877 caritas
1930 2853 1960 2877 et
1975 2846 2042 2877 eius
2059 2853 2146 2877 actus
2165 2852 2248 2877 extra
2269 2845 2366 2876 fidem
2381 2852 2412 2876 et
2427 2845 2494 2876 eius

1432 2897 1539 2922 aetum
1571 2890 1650 2926 sint,
1678 2890 1715 2920 iu·
1733 2896 1839 2921 tamen
1869 2891 1958 2931 quod
1987 2896 2076 2921 aetus
2104 2889 2179 2920 fidei*
2200 2890 2239 2920 ab
2262 2897 2337 2920 actu¹
2357 2889 2494 2920 caritatis

1432 2935 1526 2965 habet
1548 2941 1613 2965 non
1638 2941 1684 2965 est
1712 2934 1921 2966 extrinsecum
1944 2935 1982 2965 ab
2006 2935 2090 2975 ipso,
2109 2935 2163 2964 sed
2179 2933 2195 2952 *
2211 2934 2374 2965 constituit
2386 2934 2494 2974 ipsum

1432 2979 1465 3009 in
1489 2989 1554 3009 esse
1579 2978 1710 3008 virtuosi
1727 2985 1823 3010 actus.
1848 2979 1888 3009 Et
1903 2978 2046 3009 similiter
2060 2978 2092 3008 id
2108 2978 2196 3019 quod
2213 2978 2390 3008 subiectum
2410 2977 2492 3013 fidei,

1432 3022 1551 3054 scilicet
1573 3022 1749 3053 intellectus
1772 3029 1880 3054 motus
1903 3033 1920 3052 a
1943 3022 2117 3058 voluntate,
2134 3022 2228 3052 habet
2242 3032 2260 3051 a
2274 3022 2410 3057 caritate,
2427 3031 2493 3052 non

1432 3074 1479 3097 est
1502 3073 1586 3097 extra
1617 3066 1795 3097 subiectum
1824 3065 1914 3102 fidei,
1946 3067 2000 3096 sed
2031 3065 2195 3097 constituit
2223 3066 2330 3106 ipsum
2353 3065 2385 3095 in
2409 3072 2490 3096 statu

1432 3111 1564 3142 subiecti
1587 3110 1710 3141 virtutis
1733 3110 1923 3150 simpliciter.
1948 3111 2014 3141 Nec
2037 3115 2084 3141 est
2106 3109 2208 3140 simile
2231 3110 2269 3139 d‘e
2292 3109 2443 3149 opinione
2463 3116 2493 3140 et

1411 3187 1413 3193 ⁴
1432 3155 1500 3186 eius
1513 3161 1594 3186 actu:
1608 3155 1683 3195 quia
1699 3154 1814 3185 bonum
1828 3155 1997 3195 consurgit
2011 3164 2053 3185 ex
2068 3164 2166 3185 causa
2182 3155 2309 3194 integra
2333 3153 2364 3191 *3
2381 3153 2492 3193 opinio

1430 3205 1538 3229 autem
1561 3209 1627 3229 non
1651 3205 1697 3229 est
1719 3197 1922 3229 infallibiliter
1945 3199 1983 3228 ad
2007 3208 2127 3234 verum,
2153 3205 2188 3228 ut
2211 3198 2298 3227 solus
2313 3203 2410 3227 status
2430 3196 2491 3226 vir-

1430 3242 1508 3274 tutis
1530 3242 1558 3273 ei
1582 3242 1671 3273 desit.

1484 3287 1527 3317 Et
1548 3296 1604 3326 per
1627 3286 1688 3317 hoc
1713 3293 1799 3326 patet
1821 3286 1986 3326 responsio
2009 3286 2049 3316 ad
2073 3286 2258 3316 secundum.
2288 3284 2372 3322 Quia
2395 3283 2491 3314 fidem

1430 3331 1539 3371 quoad
1562 3337 1669 3361 actum
1699 3330 1869 3361 intrinsece
1897 3340 1964 3360 non
1988 3330 2164 3370 dependere
2192 3339 2210 3359 a
2233 3328 2361 3359 caritate
2386 3334 2492 3368 potest

372 3375 429 3407 Ν,
449 3375 505 3406 aaz
522 3373 714 3405 evidentiam
734 3379 842 3404 amem
857 3372 991 3404 secundi·
1010 3373 1096 3404 dubii
1112 3374 1129 3392 *
1144 3374 1308 3404 sciendum
1331 3381 1379 3405 est
1431 3374 1599 3415 dupliciter
1621 3373 1763 3414 intelligi.
1787 3373 1905 3410 Primo,
1929 3373 2087 3404 absolute:
2111 3380 2146 3403 et·
2162 3373 2204 3403 sic
2228 3380 2274 3403 est
2290 3381 2412 3403 verum
2437 3372 2491 3402 Se-

315 3419 421 3461 quod',
440 3428 515 3450 cum
538 3417 615 3449 fides
636 3417 783 3448 informis
805 3425 872 3447 non
894 3416 1110 3457 distinguatur
1127 3417 1230 3458 specie
1247 3427 1304 3448 nec
1318 3427 1376 3448 nu—

458 3481 568 3505 smne
587 3479 688 3504 Tutor..
707 3479 739 3503 D.
752 3478 867 3503 Tnouaa
886 3478 918 3502 Τ.
937 3478 968 3503 V.

1431 3418 1548 3454 cundo,
1572 3418 1606 3448 in
1631 3428 1697 3448 esse
1714 3417 1869 3458 perfecto:
1895 3425 1925 3449 et
1939 3418 1982 3448 sic
1998 3425 2044 3448 est
2059 3417 2182 3447 falsum.
2208 3416 2491 3453 Quemadmodum

2333 3485 2348 3510 7

2527 431 2533 438 ”
2541 429 2606 450 Text.
2613 429 2655 450 18.-
2663 429 2733 451 S.Tb.

2526 456 2574 476 lect.
2592 462 2622 476 vr.

2525 759 2534 767 ·
2550 757 2615 779 Vers.
2629 765 2652 783 4.

2524 808 2533 816 ·
2550 806 2614 828 Vers.
2630 807 2643 828 8
2659 812 2709 834 sqq.

2619 1074 2636 1099 Υ

2525 1174 2532 1181 ”
2540 1173 2623 1194 Glossa
2633 1173 2732 1194 interlin.

2526 1382 2534 1390 ¹
2547 1381 2624 1403 Gloss.
2636 1382 2734 1403 interlin.

2522 2946 2530 2953 ·
2546 2947 2569 2965 et
2581 2950 2620 2965 ΑΒ.

2519 3162 2530 3173 ⁸
2544 3162 2613 3184 Dion.
2632 3162 2662 3184 de
2674 3162 2726 3184 Diu.

2519 3188 2593 3237 {offis
2603 3194 2659 3237 lecti:
2669 3195 2726 3237 gu-
