2892 4056
0 722 8 740 h
55 720 117 743 flod.

57 694 68 705 ⁸
82 694 117 716 Cf.
134 701 173 724 qu.
188 701 215 722 x,
229 694 266 716 xn-

986 157 1251 204 QUAEsrlo
1280 157 1384 203 xm,
1413 157 1707 194 ARTICULUS
1737 158 1750 192 1
2379 168 2447 203 107

821 335 1229 412 QUAESTIO
1290 333 1913 390 DECIMATERTIA

929 445 1012 484 DE
1034 443 1419 484 BLASPHEMIA
1441 443 1502 482 IN
1525 442 1832 482 GENERALI

1069 541 1103 565 IN
1132 540 1303 571 QUATUOR
1329 539 1530 565 ARTlCULos
1558 540 1674 565 DIVISA

296 634 484 716 DEINDE
518 625 836 663 considerandum
876 632 931 661 est
969 625 1017 661 de
1050 632 1205 673 peccato
1243 626 1342 661 blas·
1449 623 1597 660 Primo:
1635 631 1761 660 utrum
1795 625 2030 673 blasphemia
2062 632 2278 673 opponatur
2310 624 2455 661 confes-

376 691 565 740 phemiae,
590 692 695 740 quod
723 690 927 739 opponitur
955 690 1182 727 confessioni
1210 690 1299 727 fidei
1310 691 1342 727 *.
1503 676 1599 712 Sioni
1627 676 1728 713 fidei·
2034 729 2041 735 ,
2308 728 2314 735 ,

1453 729 1649 765 Secundo:
1678 736 1805 765 utrum
1833 729 2067 777 blasphemia
2109 741 2260 778 semper
2288 736 2333 765 sit
2369 741 2456 777 pec-

294 756 343 792 Et
369 756 512 804 primo,
541 757 589 794 de
616 753 853 803 blasphemia
879 753 917 790 in
944 753 1127 801 generali3
1157 755 1343 801 secunde,
1505 788 1632 818 catum
1661 781 1832 818 mortale.

295 817 343 854 de
370 815 605 866 blasphemia
629 827 726 864 quae
745 814 879 852 dicitur
895 821 1094 862 peccatum
1109 814 1147 851 in
1167 815 1346 863 Spiritum
1453 833 1604 869 Tssrfiot
1635 840 1759 870 utrum
1797 834 2033 882 blasphemia
2061 833 2106 870 sit
2133 834 2340 873 maximum
2369 845 2456 882 pec,

296 878 478 914 Sanctum
495 877 527 914 *·
1371 857 1374 942 1
1507 892 1678 921 catorum
1699 890 1728 922 ².
2577 898 2594 914 α

295 938 406 975 Circa
431 937 599 987 primum
626 943 859 986 quaeruntur
886 941 1059 983 quatuor.
1371 943 1374 985 Ι
1454 937 1621 982 Quarto:
1650 944 1776 974 utrum
1805 938 2037 986 blasphemia
2065 938 2111 974 sit
2138 938 2176 974 in
2204 938 2402 975 damnatis.

1098 1034 1414 1077 ARTICULUS
1445 1035 1649 1077 PRIMUS

786 1117 941 1149 UTRUM
963 1117 1234 1148 BLASPHEMIA
1256 1117 1520 1149 OPPONATUR
1544 1118 1824 1149 CONFEssle
1848 1119 1959 1149 FIDEl

332 1218 441 1255 „sss
424 1222 481 1261 55<
504 1210 526 1236 ι)
555 1209 692 1235 PRIMUM
719 1209 772 1234 su:
799 1208 1038 1234 pnocum‘run.
1067 1196 1225 1233 Videtur
1243 1196 1376 1245 quod3
1402 1197 1558 1244 derogat
1595 1197 1744 1234 divinae
1778 1198 1946 1235 bonitati.
1986 1199 2103 1245 Quod
2141 1199 2298 1247 quidem
2334 1208 2458 1249 potest

319 1230 476 1316 UA&
504 1249 740 1300 blasphemia
772 1261 851 1286 non
879 1256 1094 1298 opponatur
1122 1249 1348 1286 confessioni
1374 1271 1376 1276 ·
1403 1249 1619 1298 contingere
1649 1250 1864 1299 dupliciter:
1893 1263 1970 1287 uno
2000 1251 2153 1299 quidem
2173 1252 2303 1300 modo,
2325 1265 2457 1290 secun-

293 1296 432 1363 ’ζῖρς
444 1291 475 1345 ²⁷(
490 1303 606 1341 fidei.
643 1303 747 1340 Nam
778 1302 1041 1351 blasphemare
1069 1309 1126 1338 est
1153 1309 1349 1338 contume-
1404 1303 1496 1339 dum
1533 1303 1654 1340 solam
1692 1302 1914 1351 opinionem
1949 1303 2178 1350 intellectus;
2207 1305 2280 1341 alio
2316 1306 2454 1353 modo,

299 1351 448 1404 svp?
464 1348 495 1392 N
506 1355 594 1393 liam
620 1356 684 1392 vel
717 1355 872 1403 aliquod
904 1353 1120 1391 convicium
1148 1354 1282 1391 inferre
1310 1354 1348 1391 in
1405 1354 1606 1391 coniuncta
1638 1356 1806 1402 quadam
1834 1356 1991 1392 affectus
2019 1356 2285 1404 detestatione,
2315 1358 2410 1394 sicut
2437 1371 2458 1395 e

294 1409 469 1446 iniuriam
507 1408 705 1446 Creatoris.
745 1407 822 1444 Sed
858 1407 933 1443 hoc
963 1406 1083 1453 magis
1114 1406 1274 1454 pertinet
1300 1406 1349 1443 ad
1376 1415 1378 1424 ·
1404 1407 1591 1443 contrario
1634 1407 1730 1444 fides
1771 1408 1842 1443 Dei
1878 1420 1947 1456 per
1988 1409 2227 1446 dilectionem
2268 1411 2460 1458 perficitur

295 1461 603 1498 malevolentiam
631 1466 761 1496 contra
787 1460 915 1495 Deum
944 1470 1062 1506 quam
1087 1458 1135 1495 ad
1155 1458 1351 1495 infidelita-
1377 1474 1378 1477 ¹
1404 1458 1531 1507 ipsius.
1562 1459 1792 1496 Huiusmodi
1820 1460 1929 1507 igitur
1956 1461 2149 1508 derogatio
2179 1462 2329 1499 divinae
2352 1463 2459 1499 boni-

294 1521 385 1562 tem.
414 1514 516 1562 Ergo
544 1511 779 1560 blasphemia
804 1523 881 1548 non
900 1510 1106 1559 opponitur
1124 1510 1352 1548 confessioni
1377 1516 1379 1546 ὲ
1404 1511 1488 1548 tatis
1517 1519 1573 1547 est
1590 1509 1604 1533 δ
1630 1512 1693 1548 vel
1722 1512 1932 1548 secundum
1954 1513 2183 1550 intellectum
2203 1521 2370 1559 tantum;
2398 1515 2460 1552 vel
2582 1518 2596 1542 δ

293 1563 398 1610 fidei.
1377 1583 1379 1614 3
1405 1563 1518 1600 etiam
1548 1564 1759 1600 secundum
1782 1564 1973 1601 affectum.
2003 1565 2043 1601 Si
2063 1566 2241 1603 consistat
2258 1574 2404 1604 tantum
2422 1568 2460 1604 in

298 1618 386 1656 aua.
406 1618 638 1663 Parmam,
658 1617 710 1654 ad
725 1617 860 1664 Ephes.
881 1627 928 1662 iv,
953 1628 1068 1664 super
1094 1616 1186 1653 illud
1200 1615 1232 1662 ²⁸,
1261 1615 1350 1653 Bla-
1406 1617 1532 1663 corde,
1563 1624 1617 1653 est
1645 1616 1770 1653 cordis
1802 1617 2048 1665 blasphemia.
2079 1618 2119 1655 Si
2146 1626 2273 1655 autem
2303 1619 2460 1656 exterius

293 1670 462 1719 sphemia
481 1670 632 1707 tollatur
649 1681 674 1706 a
691 1670 807 1716 vobis,
828 1668 915 1706 dicit
933 1668 1119 1705 Glossa*:
1139 1680 1236 1717 quae
1243 1670 1296 1716 fit
1313 1669 1350 1705 in
1378 1682 1379 1686 ¹
1404 1669 1564 1718 prodeat
1590 1681 1660 1717 per
1687 1669 1928 1716 locutionem,
1959 1678 2014 1706 est
2041 1671 2116 1707 oris
2136 1671 2382 1719 blasphemia.
2412 1673 2460 1708 Et

294 1723 420 1760 Deum
447 1722 538 1759 vel
523 1735 560 1760 tn
579 1728 737 1759 sanctos.
768 1722 843 1758 Sed
874 1721 1060 1758 confessio
1088 1721 1178 1758 fidei
1198 1733 1276 1758 non
1294 1721 1351 1758 vi-
1378 1755 1379 1767 ,
1405 1722 1617 1758 secundum
1645 1723 1719 1758 hoc
1747 1722 1981 1770 blasphemia
2001 1723 2226 1760 confessioni
2245 1724 2459 1772 opponitur.

295 1775 405 1826 detur
432 1787 513 1812 esse
542 1774 613 1813 nisi
641 1774 688 1812 de
716 1774 773 1811 his
801 1785 899 1822 quae
926 1773 1115 1822 pertinent
1142 1774 1190 1811 ad
1210 1774 1349 1821 Deum,
1378 1775 1379 1831 J
1457 1776 1516 1811 An
1545 1785 1682 1811 ramum
1708 1786 1806 1811 ERGO
1835 1786 2017 1812 mcENDUM
2041 1776 2146 1824 quod
2168 1775 2228 1812 ille
2248 1776 2311 1825 qui
2332 1785 2462 1814 contra

235 1852 239 1856 -
296 1827 362 1876 qui
380 1835 437 1866 est
454 1827 546 1865 fidei
563 1827 768 1865 obiectum.
789 1827 891 1875 Ergo
907 1827 1141 1875 blasphemia
1155 1839 1234 1864 non
1253 1839 1350 1864 sem·
1378 1835 1379 1840 ¹
1405 1827 1533 1864 Deum
1561 1827 1727 1876 loquitur
1754 1827 1972 1864 convicium
2000 1828 2134 1865 inferre
2158 1828 2367 1875 intendens,
2397 1830 2461 1866 de-

296 1892 365 1962 per
392 1880 598 1930 opponitur
625 1879 851 1918 confessioni
878 1879 979 1916 fidei.
1406 1887 1513 1927 rogat
1541 1879 1691 1917 divinae
1719 1880 1875 1917 bonitati
1903 1892 1982 1917 non
2005 1881 2130 1917 solum
2163 1882 2372 1918 secundum
2397 1894 2462 1918 ve-

262 1952 269 1984 3
330 1958 334 1962 Δ
314 1934 386 1971 3.
410 1934 644 1980 PRAETEREA‚
664 1945 687 1970 a
705 1932 933 1981 quibusdam
951 1932 971 1954 ²⁸
991 1932 1124 1969 dicitur
1141 1932 1247 1980 quod
1266 1939 1353 1969 sunt
1406 1932 1553 1968 ritatem
1572 1937 1585 1953 ⁸
1608 1932 1828 1979 intellectus,
1849 1933 1916 1969 sed
1936 1932 2048 1969 etiam
2069 1935 2279 1970 seeundum
2300 1934 2461 1981 pravita-

262 2005 268 2016 ›
296 1957 372 2023 tres
399 1986 658 2035 blasphemiae
692 1985 853 2034 species:
883 1996 1044 2033 quarum
1076 1997 1152 2021 una
1180 1993 1236 2021 est
1263 1996 1351 2022 cum
1379 2014 1380 2018 ,
1405 1992 1483 2021 tem
1498 1985 1701 2021 voluntatis
1717 1985 1931 2021 detestantis
1947 1992 1983 2021 et
2001 1985 2241 2034 impedientis
2259 1998 2329 2034 pro
2348 1998 2461 2034 posse

297 2038 507 2076 attribuitur
541 2039 626 2075 Deo
660 2039 764 2087 quod
793 2037 826 2074 ei
855 2049 932 2074 non
961 2037 1155 2083 convenit;
1185 2038 1353 2075 secunda
1378 2036 1380 2043 ’
1407 2037 1578 2074 divinum
1597 2038 1799 2074 honorem.
1822 2037 1937 2083 Quod
1958 2045 2013 2074 est
2030 2038 2266 2086 blasphemia
2285 2039 2460 2087 perfecta.

297 2099 353 2129 est
371 2103 458 2128 cum
479 2091 526 2128 ab
546 2099 593 2128 eo
614 2098 833 2128 removetur
851 2091 956 2138 quod
975 2089 1010 2127 ei
1029 2090 1224 2136 convenit;
1245 2090 1352 2128 tertia
1378 2094 1380 2138 ξ
1459 2092 1518 2126 AD
1538 2102 1727 2127 SECUNDUM
1746 2102 1930 2127 DICENDUM
1949 2091 2053 2139 quod
2082 2091 2176 2128 sicut
2193 2092 2298 2128 Deus
2318 2092 2355 2128 in
2375 2104 2461 2128 san-

297 2152 353 2182 est
380 2156 471 2182 cum
497 2143 708 2182 attribuitur
735 2151 926 2180 creaturae
959 2144 1064 2191 quod
1096 2144 1180 2180 Deo
1215 2155 1352 2191 appro-
1407 2142 1473 2180 ctis
1488 2142 1564 2180 suis
1578 2143 1763 2189 laudatur,
1779 2142 2003 2190 inquantum
2018 2143 2219 2180 laudantur
2233 2156 2349 2192 opera
2365 2157 2462 2192 quae

295 2197 449 2246 priatur.
479 2197 529 2233 Et
555 2197 608 2233 sic
635 2196 786 2233 videtur
812 2196 917 2244 quod
940 2196 1175 2244 blasphemia
1193 2208 1272 2232 non
1291 2209 1352 2232 so—
1378 2194 1380 2241 ξ
1407 2197 1513 2232 Deus
1539 2195 1577 2232 in
1606 2196 1743 2232 sanctis
1762 2195 1894 2240 efficit3
1923 2195 1974 2232 ita
1993 2203 2029 2232 et
2047 2196 2283 2244 blasphemia
2302 2209 2400 2244 quae
2420 2198 2463 2234 fit

297 2249 377 2286 lum
405 2249 451 2286 sit
479 2248 576 2289 circa
603 2250 751 2295 Deum,
781 2249 848 2286 sed
878 2248 991 2285 etiam
1019 2248 1118 2285 circa
1152 2256 1350 2285 creaturas.
1407 2248 1446 2285 in
1474 2255 1624 2285 sanctos
1653 2258 1698 2284 ex
1727 2248 1972 2296 consequenti
1999 2248 2038 2284 in
2066 2250 2193 2285 Deum
2213 2249 2408 2286 redundat.

297 2295 412 2339 Fides
430 2308 558 2338 autem
573 2301 688 2338 habet
706 2302 834 2338 Deum
852 2312 923 2349 pro
943 2300 1104 2338 obiecto.
1133 2301 1236 2349 Ergo
1256 2301 1352 2338 blas·
1378 2336 1381 2354 ἃ
1460 2302 1519 2337 An
1538 2312 1697 2338 TERTmM
1725 2311 1908 2338 DicENDUM
1937 2300 2041 2349 quod
2070 2301 2280 2338 secundum
2308 2302 2368 2338 illa
2396 2302 2462 2338 tria

297 2353 453 2403 phemia
480 2365 560 2391 non
587 2353 791 2402 opponitur
818 2353 1046 2391 confessioni
1073 2353 1176 2391 fidei.
1408 2366 1487 2390 non
1505 2361 1676 2402 possunt,
1695 2353 1847 2412 proprie
1871 2353 2079 2401 loquendo,
2101 2353 2275 2402 distingui
2295 2354 2463 2391 diversae

353 2407 428 2444 Szn
460 2417 605 2443 CONTRA
639 2417 705 2443 EST
737 2407 841 2453 quod
875 2407 1083 2453 Apostolus
1111 2406 1218 2453 dicit,
1257 2407 1271 2442 I
1304 2407 1355 2442 ad
1409 2406 1553 2454 species
1572 2406 1715 2454 peccati
1734 2406 2003 2454 blasphemiae.
2024 2406 2237 2443 Attribuere
2256 2407 2358 2443 enim
2377 2408 2462 2443 Deo

303 2459 398 2496 Tim.
420 2459 483 2496 1*:
512 2459 622 2495 Prius
644 2459 714 2506 fui
738 2458 972 2506 blasphemus
999 2464 1036 2495 et
1053 2464 1290 2505 persecutum
1317 2466 1354 2494 et
1409 2460 1514 2505 quod
1542 2458 1577 2494 ei
1604 2470 1682 2494 non
1711 2458 1900 2504 convenit,
1920 2459 1983 2495 vel
2005 2470 2204 2495 removere
2225 2460 2273 2495 ab
2294 2472 2340 2495 eo
2360 2460 2463 2507 quod

299 2519 432 2560 postea
460 2511 607 2548 subdit:
643 2511 826 2560 ignorans
851 2510 936 2558 feci
971 2511 1008 2547 in
1045 2511 1300 2547 incredulitate
1325 2508 1352 2546 β.
1409 2510 1443 2546 ei
1471 2510 1662 2556 convenit,
1693 2522 1770 2546 non
1799 2509 1922 2546 differt
1937 2511 2007 2547 nisi
2026 2509 2039 2536 ζ
2058 2511 2269 2547 secundum
2299 2512 2464 2548 affirma-
2584 2517 2599 2545 ζ

301 2564 358 2602 Ex
387 2576 464 2612 quo
482 2563 634 2600 videtur
653 2563 757 2612 quod
776 2563 1010 2611 blasphemia
1030 2563 1078 2599 ad
1097 2562 1354 2599 infidelitatem
1408 2562 1552 2599 tionem
1588 2570 1624 2598 et
1652 2562 1904 2609 negationem.
1945 2563 2054 2609 Quae
2083 2563 2238 2611 quidem
2267 2563 2463 2600 diversitas

299 2617 495 2666 pertineat.
1409 2613 1558 2652 habitus
1585 2614 1751 2663 speciem
1770 2627 1848 2651 non
1868 2614 2076 2662 distinguit:
2107 2615 2196 2663 quia
2214 2628 2281 2663 per
2301 2616 2462 2653 eandem

354 2670 578 2706 stpounso
597 2680 780 2705 DlCENDUM
803 2669 908 2716 quod
937 2679 1079 2704 nornen
1099 2667 1354 2716 blasphemiae
1380 2678 1382 2718 ξ
1410 2666 1603 2704 scientiam
1623 2667 1819 2704 innotescit
1838 2667 1974 2704 falsitas
1995 2668 2291 2705 affirmationum
2307 2674 2325 2695 ⁷¹
2345 2677 2382 2705 et
2399 2681 2463 2706 ne·
2583 2683 2597 2705 η

300 2722 507 2770 importare
520 2721 671 2758 videtur
685 2721 879 2768 quandam
896 2720 1180 2767 derogationem
1201 2720 1356 2756 alicuius
1380 2722 1382 2732 '
1410 2719 1622 2767 gafionum,
1657 2727 1693 2755 et
1724 2732 1792 2768 per
1824 2719 1986 2756 eandem
2019 2720 2268 2767 ignorantiam
2301 2729 2462 2770 utroque

301 2774 513 2812 excellentis
542 2773 736 2819 bonitatis,
767 2779 803 2809 et
829 2772 1030 2821 praecipue
1059 2772 1221 2809 divinae.
1251 2773 1356 2809 Deus
1380 2784 1383 2815 4
1409 2771 1527 2808 modo
1547 2779 1698 2818 erratur,
1713 2784 1799 2808 curn
1828 2773 1976 2821 negatio
1990 2774 2172 2820 probetur
2182 2784 2256 2820 per
2291 2774 2462 2821 affirma-

256 2839 273 2855 ¹·
301 2834 442 2874 autem,
462 2834 504 2863 ut
522 2825 728 2874 Dionysius
756 2825 855 2871 dicit⁷
877 2837 887 2861 1
911 2837 992 2874 cap.
1014 2826 1059 2861 de
1076 2825 1163 2862 Div.
1184 2825 1301 2862 Nom.
1324 2825 1355 2871 *‚
1380 2825 1382 2868 l
1410 2825 1557 2870 tionem,
1586 2832 1627 2860 ut
1654 2825 1814 2861 habetur
1841 2825 2013 2861 IPoster.
2039 2825 2097 2852 *-
2074 2825 2230 2872 Q-uod
2258 2833 2385 2862 autem
2419 2838 2464 2863 ea
2488 2834 2538 2856 'C-
2556 2841 2681 2861 -‚·⁴·xxvn

303 2886 358 2917 est
383 2879 466 2928 ipsa
494 2878 653 2916 essentia
680 2877 855 2915 bonitatis
874 2883 901 2914 Υ.
931 2877 1042 2915 Unde
1062 2877 1247 2925 quidquid
1270 2878 1355 2914 Deo
1411 2889 1509 2925 quae
1529 2884 1614 2914 sunt
1633 2877 1704 2913 Dei
1729 2876 1880 2925 propria
1900 2875 2108 2914 creaturis⁹
2137 2877 2394 2925 attribuantur,
2414 2878 2464 2916 ad
2490 2860 2515 2882 S
2553 2861 2674 2912 ''3¹¹¹''

302 2931 481 2969 convenit
511 2931 671 2979 pertinet
703 2931 752 2968 ad
779 2930 987 2968 bonitatem
1019 2929 1155 2978 ipsius;
1187 2937 1222 2967 et
1249 2929 1357 2979 quid·
1381 2967 1383 2972 ,
1410 2930 1503 2966 hoc·
1511 2929 1696 2978 pertinere
1724 2929 1872 2966 videtur
1899 2930 2003 2978 quod
2032 2929 2171 2978 aliquid
2190 2930 2223 2966 ei
2242 2930 2464 2968 attribuatur

302 2984 392 3032 quid
419 2984 469 3021 ad
497 2983 621 3033 ipsum
649 2995 728 3020 non
755 2983 915 3031 pertinet
941 2983 1052 3030 longe
1081 2990 1136 3019 est
1163 2994 1185 3018 a
1213 2981 1356 3019 ratione
1410 2983 1515 3031 quod
1544 2982 1576 3018 ei
1605 2994 1684 3018 non
1712 2981 1924 3018 conveniat.
1954 2982 2148 3031 Quidquid
2178 2982 2278 3020 enim
2307 2991 2361 3020 est
2379 2984 2463 3020 Deo

301 3037 490 3087 perfectae
517 3036 708 3083 bonitatis,
739 3047 836 3084 quae
867 3042 921 3072 est
949 3035 1029 3071 eius
1058 3035 1229 3072 essentia.
1264 3034 1357 3081 Qui-
1410 3034 1622 3093 proprium·
1629 3042 1683 3071 est
1701 3034 1779 3082 ipse
1799 3035 1923 3071 Deus.
1949 3034 2150 3072 attribuere
2171 3041 2283 3083 ergo‘
2302 3036 2340 3073 id
2361 3036 2464 3084 quod

303 3101 468 3138 cumque
495 3084 605 3136 igitur
630 3089 692 3125 vel
720 3095 832 3136 negat
859 3087 999 3137 aliquid
1028 3087 1075 3124 de
1094 3088 1178 3124 Deo
1199 3087 1303 3136 quod
1323 3087 1356 3123 ei
1382 3106 1383 3109 ¹
1410 3086 1482 3127 Dei
1496 3086 1692 3136 proprium
1709 3094 1763 3123 est
1781 3086 1890 3123 alicui
1911 3094 2102 3124 creaturae
2123 3095 2178 3124 est
2197 3088 2321 3137 ipsum
2337 3089 2463 3126 Deum

304 3141 494 3188 convenit,
514 3141 575 3178 vel
604 3140 735 3178 asserit
763 3140 810 3177 de
830 3153 876 3178 eo
897 3140 1000 3189 quod
1021 3140 1054 3176 ei
1073 3152 1151 3177 non
1167 3139 1356 3184 convenit
1411 3139 1534 3182 dicere
1563 3140 1665 3176 idem
1695 3146 1897 3176 creaturae.

357 3262 384 3294 α)
398 3265 581 3294 peccatorum.
597 3275 618 3280 -
632 3264 770 3293 peccatum
790 3261 889 3285 FDEIK
1100 3255 1102 3258 ’
1463 3261 1489 3293 ζ)
1508 3269 1560 3286 nno
1581 3261 1670 3294 differt
1689 3268 1714 3285 m
1710 3261 1747 3285 'n'-
1765 3274 1784 3279 -
1802 3268 1853 3286 non
1873 3261 1964 3302 differt
1981 3261 2167 3294 ABEFLpr,
2185 3262 2211 3286 d
2204 3261 2274 3295 ffert
2293 3262 2320 3292 C,
2340 3269 2391 3286 non
2412 3261 2439 3286 d
2431 3261 2464 3294 γ

357 3296 383 3330 β)
402 3297 595 3322 incredulitate.
613 3310 631 3316 -
650 3303 708 3320 mea
726 3296 796 3320 addit
813 3296 842 3320 P.
1403 3297 1500 3329 ferunt
1518 3297 1558 3321 ed.
1576 3304 1602 3325 a,
1621 3303 1672 3321 non
1692 3296 1820 3329 differunt
1838 3296 1890 3321 nisi
1904 3295 1936 3321 P.

355 3333 383 3366 γ)
402 3333 464 3358 bom·
465 3333 536 3357 tati&
554 3346 572 3350 -
590 3339 636 3356 ure
637 3339 668 3356 ae
687 3331 812 3356 hotmaris
831 3331 877 3355 Pa.
1463 3331 1492 3363 η)
1510 3331 1641 3364 affirmati
1642 3339 1692 3356 <mu
1696 3339 1729 3355 m.
1747 3334 1810 3356 -et
1826 3332 1889 3364 asfir
1874 3331 1988 3356 rmation
1973 3339 2036 3356 num
2055 3332 2113 3356 Ela.

357 3367 381 3400 δ)
401 3371 450 3393 est.
468 3368 565 3392 —.Om
582 3366 796 3391 MBCDFGHKK
1464 3365 1488 3398 Θ)
1507 3367 1645 3392 creaturis.
1663 3379 1682 3385 ·-
1699 3373 1729 3391 cr
1715 3369 1807 3390 rur-eat
1793 3373 1839 3391 rae
1856 3367 1889 3391 D.
1905 3366 1975 3391 -ΓΡ
1962 3375 1992 3391 ro
2011 3368 2035 3392 ei
2053 3372 2162 3398 utroque
2182 3368 2246 3396 loce,
2265 3367 2302 3391 eis
2321 3366 2375 3390 ΑΚ.

358 3403 584 3435 ev)111'ertatem.—
602 3402 746 3426 »amitatem
766 3401 799 3430 P;
819 3401 888 3433 aiulq
890 3407 919 3425 ae
933 3399 971 3424 edi
974 3400 1026 3424 tion
1010 3407 1055 3425 nse
1067 3400 1136 3433 falsi
1127 3403 1217 3425 itatem
1235 3401 1276 3425 vel
1288 3401 1357 3433 seri-
1465 3402 1483 3433 ι)
1503 3409 1575 3435 ergo.
1593 3415 1612 3421 -
1629 3404 1716 3426 autem
1737 3401 1807 3430 Pst.
1826 3409 1879 3427 om.
1898 3409 1942 3434 px.
1960 3415 1978 3420 -
1998 3402 2046 3426 Pro
2066 3402 2142 3431 idem,
2162 3402 2272 3426 eundem
2292 3402 2322 3425 A.

304 3440 394 3463 tatem.
