2892 4056
281 1016 291 1032 ε

189 2553 196 2561 ”
213 2552 279 2573 Vers.
296 2552 328 2572 18.

191 2713 271 2761 §.⁰5³5ss
281 2719 378 2761 ’,ἐὲῧέ
390 2724 399 2728 ·

294 3184 308 3215 β

198 3244 207 3254 “
215 3243 250 3265 Cf.
263 3242 318 3264 Can.
326 3241 407 3267 Pasce,

198 3270 250 3291 dist.
268 3267 393 3290 LXXXVI.

295 3306 310 3330 ’t

427 251 502 288 256

425 382 643 419 indivisibili
672 381 912 418 constitutus:
951 379 1018 415 sed
1055 377 1182 414 multis
1215 378 1370 426 additis,
1410 391 1488 415 non

425 443 549 483 potest
579 434 772 472 diiudicari
802 441 882 469 esse
920 432 1016 467 ultra
1044 431 1115 467 tale
1149 431 1423 477 necessarium;
1454 439 1489 468 et

426 489 554 525 multis
574 487 782 532 subtractis,
804 486 929 522 adhuc
949 491 1120 520 remanet
1132 484 1240 520 -unde
1259 484 1380 532 possit
1399 497 1488 521 con-

425 541 622 578 venienter
637 540 771 586 aliquis
785 539 904 574 vitam
924 534 1150 584 transigere⁶
1169 537 1381 574 secundum
1401 549 1489 585 pro-

424 594 549 642 prium
571 600 720 630 statum.
751 593 808 627 De
837 589 1053 627 huiusmodi
1083 601 1172 636 ergo
1203 590 1488 638 eleemosynam

426 647 516 684 dare
543 654 597 683 est
625 647 789 682 bonum:
821 651 856 679 et
875 654 954 679 non
974 641 1072 679 cadit
1091 642 1162 678 sub
1181 650 1399 691 praecepto,
1421 643 1490 679 sed

425 700 495 736 sub
525 698 693 736 consilio.
724 696 985 733 Inordinatum
1014 702 1142 732 autem
1171 703 1270 732 esset
1297 695 1328 732 si
1356 696 1489 744 aliquis

424 760 570 789 tantum
591 751 661 788 sibi
690 750 737 787 de
766 749 876 785 bonis
894 748 1056 796 propriis
1077 748 1315 785 subtraheret
1341 756 1383 785 ut
1411 748 1490 785 aliis

424 805 636 851 largiretur,
671 802 778 851 quod
815 801 863 838 de
901 801 1054 838 residuo
1093 813 1172 837 non
1208 808 1339 849 posset
1369 801 1490 838 vitam

423 858 625 905 transigere
650 855 922 892 convenienter
950 853 1163 891 secundum
1191 854 1391 903 proprium
1419 861 1492 891 sta-

423 918 503 946 tum
534 918 569 946 et
597 908 748 957 negotia
777 907 1036 945 occurrentia:
1073 907 1199 943 nullus
1228 907 1330 944 enirn
1359 907 1491 945 incon-

421 963 621 1000 venienter
648 962 782 999 vivere
812 961 939 998 debet.

477 1017 554 1053 Sed
586 1017 634 1053 ab
668 1016 744 1052 hoc
767 1019 778 1035 ε
811 1014 882 1052 tria
915 1020 1002 1050 sunt
1038 1012 1271 1061 excipienda.
1312 1014 1490 1061 Quorum

475 1130 501 1162 γ)
522 1129 619 1154 Huius.
637 1143 656 1148 -
675 1129 711 1154 Et
730 1128 809 1154 huius
827 1128 884 1153 GK.

475 1163 499 1196 ὃ)
520 1165 602 1190 vitam
622 1165 782 1197 transigere.
800 1178 819 1183 -
837 1163 989 1196 transigere
1008 1163 1059 1192 Ga,
1078 1163 1195 1188 transire
1214 1163 1301 1188 ceteri.

1073 248 1340 293 QUAESTIO
1371 249 1531 294 XXXII,
1561 246 1858 283 ARTICULUS
1886 247 1955 283 VII

427 329 580 366 cumbit.
622 328 742 365 Huius
764 333 779 356 Υ
808 326 1008 364 necessarii
1041 325 1224 362 terminus
1260 337 1338 362 non
1367 333 1422 363 est
1450 326 1487 362 in
1514 331 1517 341 ¹

1542 326 1709 375 primum
1740 332 1795 361 est
1827 324 1983 372 quando
2012 324 2145 373 aliquis
2174 333 2313 363 statum
2341 334 2482 374 mutat,
2516 334 2608 376 puta

1542 391 1611 427 per
1639 377 1829 425 religionis
1858 377 2084 425 ingressum.
2114 378 2227 415 Tunc
2248 379 2362 427 enim,
2392 380 2520 416 omnia
2540 392 2609 416 sua

1542 438 1698 479 propter
1722 430 1916 467 Christum
1935 429 2109 477 largiens,
2131 442 2228 479 opus
2247 432 2488 480 perfectionis
2508 433 2608 480 facit,

1515 521 1517 524 Α
1543 496 1583 520 se
1612 484 1650 520 in
1670 483 1743 520 alio
1764 491 1862 520 statu
1890 483 2085 531 ponendo.
2116 503 2139 511 -
2170 484 2362 531 Secundo,
2388 486 2543 534 quando
2565 499 2611 523 ea

1545 549 1642 584 quae
1672 536 1742 573 sibi
1771 536 1971 583 subtrahit,
2003 536 2071 572 etsi
2098 535 2172 572 sint
2199 538 2413 575 necessaria
2441 538 2489 575 ad
2519 550 2612 575 con—

1542 589 1775 626 venientiam
1794 589 1907 637 vitae,
1923 597 2053 626 tamen
2074 588 2122 625 de
2137 588 2234 625 facili
2253 590 2422 627 resarciri
2436 598 2610 640 possunt,

1543 650 1585 679 ut
1613 655 1691 679 non
1717 650 1896 692 sequatur
1916 642 2127 678 maximum
2146 642 2433 680 inconveniens.
2463 664 2487 672 -
2516 645 2612 681 Ter-

1541 696 1605 742 tio,
1628 695 1784 744 quando
1806 702 2022 732 occurreret
2036 702 2211 732 extrema
2230 696 2434 734 necessitas
2454 697 2611 734 alicuius

1542 748 1714 797 privatae
1742 761 1952 797 personae,
1981 749 2044 786 vel
2073 747 2187 784 etiam
2223 747 2350 797 aliqua
2378 761 2518 797 magna
2547 762 2613 788 ne-

1544 802 1697 838 cessitas
1718 801 1959 850 reipublicae.
1990 803 2032 838 In
2060 801 2118 838 his
2138 801 2241 838 enim
2262 801 2413 838 casibus
2441 803 2612 840 laudabi-

1542 855 1624 891 liter
1652 854 1965 903 praetermitteret
1984 854 2118 903 aliquis
2137 854 2176 891 id
2204 855 2310 903 quod
2329 854 2378 891 ad
2397 855 2611 892 decentiam

1543 908 1601 945 sui
1620 915 1737 944 status
1757 908 1944 956 pertinere
1963 907 2169 955 videretur,
2186 915 2228 943 ut
2247 906 2382 944 maiori
2402 907 2614 946 necessitati

1544 961 1780 998 subveniret.

1598 1015 1648 1052 Et
1665 1026 1734 1063 per
1753 1015 1828 1051 hoc
1847 1021 1950 1062 patet
1970 1013 2017 1051 de
2036 1013 2135 1051 facili
2155 1013 2356 1063 responsio
2376 1014 2425 1051 ad
2451 1013 2613 1051 obiecta.

1599 1128 1621 1160 ε)
1641 1128 1674 1153 ab
1693 1129 1751 1154 hoc.
1768 1141 1788 1148 -
1805 1129 1842 1153 ad
1860 1129 1909 1154 hoc
1927 1129 2027 1161 DHpK,
2046 1128 2134 1154 adhuc
2152 1128 2199 1153 Pa.

1098 1234 1432 1266 commentaria
1454 1233 1706 1266 Oardjnalis
1728 1233 1931 1266 Caietam

452 1317 472 1336 N
496 1306 629 1336 articulo
653 1312 740 1336 sexto
765 1305 907 1335 eiusdem
931 1304 1125 1346 quaestionis
1142 1310 1219 1334 nota
1242 1304 1332 1344 quod
1357 1313 1431 1334 curn
1456 1303 1489 1333 in

426 1319 537 1381 Icalce
568 1350 711 1380 eiusdem
743 1349 857 1380 dicitur
885 1349 974 1389 quod
1005 1349 1037 1378 in
1065 1348 1114 1378 his
1137 1347 1262 1378 casibus
1285 1348 1492 1378 laudabiliter

416 1396 690 1435 praetermitteret
711 1394 828 1434 aliquis
855 1393 888 1423 id
903 1393 988 1433 quod
1005 1392 1048 1422 ad
1070 1392 1245 1423 decentiam
1270 1398 1340 1428 etc.,
1364 1392 1396 1433 Iy
1420 1392 1491 1422 lau-

1544 1304 1639 1334 ctoris
1663 1313 1700 1334 ex
1719 1303 1813 1334 titulo
1838 1311 1869 1335 et
1891 1304 2032 1334 materia.
2057 1304 2104 1334 Ex
2127 1304 2222 1334 titulo
2247 1305 2389 1345 quidem,
2406 1305 2481 1346 quia
2503 1305 2537 1336 in
2553 1306 2615 1337 hoc

1544 1348 1677 1378 articulo
1695 1347 1862 1378 discutitur
1881 1358 1922 1378 an
1940 1348 2032 1378 liceat
2052 1348 2091 1378 de
2111 1349 2288 1378 necessario
2313 1349 2402 1385 dare;
2427 1356 2458 1380 et
2480 1359 2557 1387 non,
2573 1359 2615 1381 an

1545 1391 1584 1422 sit
1598 1392 1631 1422 in
1647 1398 1816 1432 praecepto
1831 1392 1881 1422 vel
1897 1391 2043 1422 consilio.
2060 1392 2107 1422 Ex
2123 1392 2253 1422 materia
2268 1399 2386 1429 autem,
2402 1393 2477 1434 quia
2493 1401 2617 1425 constat

422 1439 571 1470 dabiliter
593 1448 660 1468 non
684 1438 821 1468 sumitur
844 1443 879 1468 ut
902 1435 1107 1476 distinguitur
1137 1443 1247 1467 contra
1269 1435 1302 1477 Iy
1325 1446 1367 1466 ex
1388 1436 1492 1467 debito
1545 1436 1634 1476 quod
1657 1443 1723 1467 tam
1746 1446 1862 1476 magna
1885 1436 2052 1467 necessitas
2076 1435 2268 1476 reipublicae
2289 1447 2387 1477 quam
2410 1443 2547 1468 extrema
2563 1447 2617 1470 ne-

416 1484 593 1524 praecepti,
618 1482 673 1513 sed
697 1488 807 1512 contra
829 1482 862 1523 ly
886 1480 1149 1521 vituperabiliter.
1175 1481 1221 1511 Ita
1244 1481 1333 1521 quod
1357 1490 1423 1510 non
1446 1486 1494 1511 est
1546 1480 1672 1511 cessitas
1696 1480 1830 1511 alicuius
1853 1480 2046 1511 occurrentis
2077 1480 2243 1512 necessitat
2271 1491 2308 1511 ex
2331 1481 2442 1512 ordine
2471 1481 2617 1520 caritatis,

423 1538 533 1558 sensus
557 1527 647 1568 quod
666 1536 732 1557 non
756 1536 792 1557 ex
814 1526 945 1556 vinculo
969 1525 1138 1566 praecepti,
1156 1526 1211 1555 sed
1230 1524 1396 1555 honestate
1420 1534 1495 1555 con-

423 1572 484 1602 silii
505 1573 584 1602 bene
608 1571 738 1602 faceret:
763 1570 818 1601 sed
842 1577 889 1601 est
904 1580 1015 1600 sensus
1039 1570 1127 1611 quod
1151 1579 1217 1600 non
1234 1569 1327 1605 maie,
1345 1569 1399 1599 sed
1415 1570 1495 1599 bene

423 1617 539 1647 faceret
561 1616 594 1646 in
611 1615 659 1646 his
683 1615 818 1646 casibus.
842 1615 884 1645 Et
898 1621 986 1654 patet
1007 1614 1088 1644 hanc
1112 1624 1179 1644 esse
1195 1613 1406 1644 intentionem
1429 1615 1496 1644 Au-

1546 1525 1603 1566 qui
1627 1531 1674 1555 est
1695 1524 1728 1555 in
1752 1531 1940 1565 praecepto,
1975 1535 2171 1565 praeponere
2201 1525 2327 1556 bonum
2357 1535 2531 1557 commune
2553 1526 2617 1568 pri-

1546 1575 1632 1605 vato,
1657 1575 1688 1599 et
1713 1569 1812 1600 vitam
1842 1569 1980 1609 proximi
2012 1569 2204 1610 opportunis
2237 1570 2276 1600 ad
2300 1570 2478 1601 decentiam
2505 1577 2616 1608 status,

1550 1620 1586 1644 ut
1609 1620 1706 1653 patet.

1209 1726 1526 1783 ARTICULUS
1557 1741 1825 1801 SEPTIMUS

854 1826 1009 1857 UTRUM
1032 1826 1181 1857 possiT
1205 1826 1317 1856 FIERI
1341 1825 1633 1857 ELEEMOSYNA
1656 1826 1713 1856 DE
1738 1826 1909 1857 INIUSTE
1932 1826 2176 1864 AcomsiTls

724 1896 814 1928 Supra,
835 1903 878 1928 qu.
897 1903 963 1925 xxx1,
981 1901 1027 1921 art.
1049 1896 1072 1925 3,
1091 1897 1122 1921 ad
1144 1895 1157 1920 3
1164 1903 1171 1926 ς
1191 1895 1226 1920 IV
1245 1896 1328 1926 Sent„
1349 1896 1409 1921 dist.
1427 1904 1467 1927 κν,
1488 1904 1533 1929 qu.
1551 1904 1579 1926 11,
1599 1901 1645 1920 art.
1663 1904 1689 1928 4,
1709 1896 1759 1929 qu*
1780 1903 1803 1925 2,
1825 1895 1854 1926 33
1875 1896 1972 1926 Quodl.
1991 1896 2046 1925 X11,
2065 1904 2109 1929 qu.
2129 1903 2200 1928 xvm,
2220 1902 2267 1921 art.
2288 1897 2312 1922 3.

464 2004 487 2014 „.
544 1985 595 2010 Μ
634 1970 656 1994 D
677 1970 859 1994 SEPTlMUM
878 1970 931 1995 sm
952 1970 1194 1995 PROCEDITUR.
1211 1959 1371 1996 Videtur
1387 1959 1493 2007 quod

635 2011 755 2059 possit
783 2012 1031 2059 eleemosyna
1049 2012 1132 2048 fieri
1153 2011 1200 2048 de
1219 2012 1343 2048 illicite
1364 2012 1493 2060 acqui-

612 2064 724 2104 sitis.
763 2064 906 2101 Dicitur
944 2064 1047 2101 enim
1086 2066 1180 2101 Luc.
1204 2077 1264 2102 xvi
1283 2064 1323 2102 *ε
1361 2065 1493 2102 Facite

424 2134 652 2208 Mammona
673 2177 801 2207 autem
822 2170 1009 2218 significat
1037 2171 1200 2208 divitias.
1231 2172 1332 2219 Ergo
1363 2171 1410 2208 de
1441 2171 1494 2208 di-

423 2224 524 2262 vitiis
542 2224 670 2272 inique
690 2223 881 2271 acquisitis
901 2231 1026 2272 potest
1044 2224 1115 2261 sibi
1134 2224 1268 2272 aliquis
1284 2224 1494 2273 spirituales

425 2278 569 2315 amicos
597 2277 734 2324 facere,
764 2278 1030 2325 eleemosynas
1058 2277 1266 2325 largiendo.

480 2343 514 2367 2.
535 2332 768 2375 PRAETEREA,
785 2342 902 2366 omne
921 2337 1031 2378 turpe
1051 2331 1200 2367 lucrum
1215 2330 1367 2367 videtur
1378 2335 1395 2351 ²
1410 2342 1494 2367 esse

425 2384 548 2420 illicite
568 2383 808 2432 acquisitum.
839 2383 917 2420 Sed
936 2391 1046 2431 turpe
1066 2384 1215 2420 lucrum
1237 2390 1293 2419 est
1312 2385 1415 2431 quod
1446 2383 1494 2420 de

426 2436 640 2474 meretricio
670 2435 890 2484 acquiritur:
919 2437 1022 2473 unde
1051 2443 1088 2472 et
1116 2436 1163 2473 de
1192 2436 1415 2473 huiusmodi
1438 2448 1495 2472 sa-

428 2490 612 2527 crificium
641 2490 703 2526 vel
733 2489 873 2525 oblatio
903 2490 988 2526 Deo
1017 2490 1146 2526 offerri
1173 2501 1252 2526 non
1281 2489 1407 2536 debet,
1437 2501 1495 2526 se-

428 2543 597 2580 cundum
618 2542 709 2579 illud
728 2542 991 2579 Deut.xxl11*:
1013 2543 1104 2579 Non
1125 2542 1263 2591 offeres
1281 2542 1493 2579 mercedem

420 2596 623 2645 prostibuli
648 2596 684 2632 in
714 2596 825 2632 domo
853 2595 928 2632 Dei
954 2596 1017 2632 tui.
1055 2595 1235 2631 Similiter
1268 2595 1382 2632 etiam
1419 2602 1495 2632 tur-

426 2650 523 2698 piter
550 2649 754 2697 acquiritur
781 2649 887 2696 quod
915 2647 1121 2696 acquiritur
1147 2660 1216 2696 per
1243 2649 1362 2685 aleas:
1391 2649 1493 2696 quia,

427 2710 468 2740 ut
496 2702 753 2750 Philosophus
777 2702 877 2749 dicit,
898 2701 936 2738 in
957 2702 1008 2738 IV
1026 2702 1146 2738 Ethic.
1162 2701 1194 2748 ³⁵,
1223 2702 1315 2738 tales
1333 2703 1382 2738 ab
1401 2702 1495 2738 ami-

428 2757 480 2793 cis
517 2756 730 2800 lucrantur,
769 2756 902 2804 quibus
939 2759 1084 2803 oportet
1119 2755 1223 2791 dare.
1254 2755 1495 2803 Turpissime

430 2810 543 2846 etiam
563 2808 767 2857 acquiritur
786 2808 926 2856 aliquid
946 2820 1014 2857 per
1033 2808 1250 2854 simoniam,
1279 2820 1350 2856 per
1376 2819 1494 2856 quam

430 2862 562 2912 aliquis
591 2861 744 2910 Spiritui
775 2863 914 2898 Sancto
948 2861 1125 2898 iniuriam
1163 2860 1260 2897 facit.
1291 2862 1340 2897 Et
1366 2868 1495 2897 tamen

431 2916 478 2952 de
507 2915 726 2951 huiusmodi
755 2916 1001 2962 eleemosyna
1029 2914 1111 2951 fieri
1139 2921 1275 2962 potest.
1315 2914 1418 2961 Ergo
1448 2913 1496 2950 de

430 2969 528 3005 male
549 2968 738 3016 acquisitis
757 2976 882 3016 potest
896 2967 1030 3017 aliquis
1051 2968 1338 3015 eleemosynam
1358 2967 1495 3003 facere.

487 3022 521 3058 3.
551 3022 783 3068 Parim-Em,
809 3022 955 3058 maiora
976 3022 1076 3057 mala
1095 3027 1182 3057 sunt
1200 3020 1322 3068 magis
1340 3019 1497 3056 vitanda

433 3085 549 3121 quam
570 3074 730 3111 minora.
761 3075 837 3111 Sed
866 3075 992 3111 minus
1021 3081 1221 3123 peccatum
1246 3080 1301 3109 est
1328 3072 1495 3110 detentio

434 3126 487 3163 rei
515 3126 660 3163 alienae
689 3139 806 3176 quam
835 3127 1107 3175 homicidium,
1143 3127 1247 3175 quod
1281 3125 1413 3174 aliquis
1442 3125 1497 3162 in-

436 3179 548 3216 currit
566 3180 635 3216 nisi
655 3180 763 3216 alicui
783 3179 798 3210 β
817 3180 854 3217 in
874 3181 1003 3217 ultima
1024 3180 1246 3219 necessitate
1275 3178 1496 3215 subveniat:

435 3241 476 3269 ut
498 3240 601 3281 patet
619 3245 688 3281 per
705 3233 966 3294 Ambrosium,
987 3234 1051 3282 qui
1072 3233 1160 3270 dicit
1173 3232 1234 3269 7²⁸:
1255 3233 1373 3268 Pasce
1383 3232 1498 3279 fame

435 3286 672 3323 morientem.-
692 3287 870 3334 quoniam
884 3287 918 3323 si
931 3299 1004 3323 non
1019 3287 1184 3335 paveris,
1201 3285 1375 3322 occidisti
1393 3285 1495 3332 Ergo

436 3339 568 3388 aliquis
597 3346 721 3388 potest
745 3340 1035 3398 eleemosynam
1060 3339 1211 3376 sacere'
1202 3351 1240 3375 in
1260 3338 1385 3387 aliquo
1407 3349 1496 3374 casu

438 3393 485 3429 de
513 3393 613 3429 male
643 3391 845 3442 acquisitis.

1597 1960 1671 1995 SED
1697 1970 1845 1995 CONTRA
1869 1970 1936 1995 EST
1959 1958 2066 2007 quod
2083 1959 2319 2006 Augustinus
2340 1958 2441 2007 dicit,
2461 1959 2500 1996 in
2520 1959 2617 1998 libro

1543 2012 1590 2048 de
1606 2012 1714 2048 Verb.
1731 2012 1846 2048 Dom.
1870 2011 1906 2047 *z
1936 2013 1997 2048 De
2023 2012 2127 2048 iustis
2155 2012 2348 2049 laboribus
2377 2012 2496 2060 facite
2525 2013 2655 2050 elee-

1543 2076 1738 2113 mosynas.
1757 2065 1850 2101 Non
1870 2065 1970 2101 enim
1990 2066 2210 2113 corrupturi
2226 2067 2311 2102 estis
2330 2066 2490 2103 iudicem
2511 2066 2618 2103 Chri-

1543 2124 1654 2164 stum,
1685 2123 1725 2154 ut
1751 2130 1825 2154 non
1849 2129 1917 2155 vos
1940 2118 2072 2156 audiat
2098 2130 2184 2155 cum
2206 2118 2453 2167 pauperibus,
2483 2119 2618 2167 quibus

1544 2171 1679 2208 tollitis.
1699 2171 1829 2209 Nolite
1846 2171 1941 2207 velle
1959 2171 2218 2219 eleemosynas
2230 2173 2371 2220 facere
2388 2171 2434 2208 de
2447 2172 2620 2220 faenore

1545 2229 1581 2261 et
1612 2224 1746 2261 usuris.
1793 2224 1984 2261 Fidelibus
2010 2224 2114 2270 dico,
2142 2223 2276 2272 quibus
2303 2235 2441 2273 corpus
2481 2224 2622 2270 Christi

1545 2289 1611 2314 ero
1642 2289 1764 2313 amus.

1598 2289 1825 2367 {asponiam
1845 2341 2031 2367 mcENDUM
2052 2330 2158 2378 quod
2174 2329 2370 2378 tripliciter
2388 2336 2517 2379 potest
2530 2335 2619 2386 ene

1545 2383 1686 2432 aliquid
1725 2382 1850 2419 illicite
1888 2382 2128 2431 acquisitum.
2165 2383 2253 2420 Uno
2289 2382 2388 2418 enim
2422 2381 2544 2420 mode
2556 2370 2620 2423 id

1545 2436 1650 2485 quod
1685 2436 1810 2472 illicite
1843 2436 1891 2472 ab
1931 2436 2058 2484 aliquo
2092 2435 2300 2484 acquiritur
2337 2435 2498 2473 debetur
2530 2435 2564 2473 e'i
2597 2445 2620 2474 a

1545 2501 1622 2538 quo
1644 2497 1700 2526 est
1722 2489 1970 2549 acquisitum,
2000 2501 2071 2526 nec
2089 2495 2218 2549 potest
2244 2488 2292 2525 ab
2314 2499 2360 2525 eo
2381 2485 2533 2527 retineri
2546 2485 2620 2545 qui

1544 2542 1767 2591 acquisivit:
1806 2541 1902 2578 sicut
1935 2541 2117 2590 contingit
2149 2541 2188 2579 in
2216 2540 2349 2591 rapina
2383 2549 2419 2579 et
2447 2541 2548 2580 furto
2584 2541 2621 2580 et

1543 2595 1682 2632 usuris.
1712 2595 1761 2632 Et
1789 2596 1835 2632 de
1859 2594 2009 2642 talibus,
2032 2607 2121 2632 curn
2148 2595 2271 2632 homo
2298 2602 2475 2632 teneatur
2493 2592 2547 2634 ad
2561 2591 2620 2658 r'e-

1544 2648 1794 2695 stitutionem,
1824 2649 2073 2696 eleemosyna
2099 2648 2183 2686 fieri
2211 2660 2291 2685 non
2317 2655 2456 2698 potest.

1598 2702 1686 2738 Alio
1714 2714 1808 2739 vero
1838 2700 1958 2738 modo
1988 2709 2045 2738 est
2068 2700 2210 2761 aliquid
2236 2700 2363 2738 illicite
2391 2700 2620 2755 acquisitum

1545 2755 1636 2804 quia
1650 2755 1711 2791 ille
1732 2754 1890 2802 quidem
1905 2754 1970 2802 qui
1985 2753 2187 2804 acquisivit
2201 2754 2361 2793 retinere
2381 2766 2461 2792 non
2479 2762 2618 2809 potest,

1547 2820 1619 2844 nec
1641 2815 1771 2844 tamen
1800 2807 1962 2844 debetur
1981 2807 2013 2844 ei
2034 2819 2056 2844 a
2079 2819 2156 2855 quo
2183 2806 2396 2857 acquisivit,
2412 2805 2503 2855 quia
2521 2804 2619 2845 scili—

1546 2867 1606 2897 cet
1634 2867 1767 2897 contra
1794 2859 1975 2896 iustitiam
2005 2859 2163 2909 accepit,
2186 2867 2222 2898 et
2249 2861 2343 2897 alter
2367 2857 2618 2899 contraiusti-

1544 2914 1637 2950 tiam
1658 2913 1781 2951 dedit:
1803 2912 2097 2961 sicutscontingit
2115 2911 2154 2950 in
2173 2912 2350 2960 simonia,
2367 2911 2406 2949 in
2427 2924 2503 2962 qua
2523 2913 2619 2951 dans

1548 2974 1584 3004 et
1611 2966 1802 3015 accipiens
1839 2974 1971 3003 contra
2002 2965 2180 3003 iustitiam
2218 2966 2310 3014 legis
2344 2965 2496 3003 divinae
2530 2966 2618 3016 agit.

1547 3019 1659 3058 Unde
1688 3032 1767 3056 non
1792 3020 1905 3056 debet
1928 3019 2011 3056 fieri
2031 3018 2215 3056 restitutio
2246 3019 2280 3055 ei
2309 3019 2374 3068 qui
2404 3018 2519 3066 dedit,
2549 3019 2619 3058 sed

1548 3072 1690 3110 debet'
1681 3084 1720 3109 in
1741 3073 2007 3132 eleemosynas
2027 3072 2188 3120 erogari.
2218 3073 2268 3109 Et
2287 3072 2425 3110 eadem
2446 3072 2542 3111 ratio
2559 3080 2621 3113 est

1546 3126 1583 3163 in
1613 3125 1838 3172 similibus,
1830 3137 1868 3162 m
1888 3124 2027 3173 quibus
2043 3125 2184 3162 scilicet
2207 3134 2244 3162 et
2263 3125 2366 3162 datio
2388 3133 2424 3162 et
2443 3124 2618 3191 acceptio

1549 3186 1605 3216 est
1634 3186 1766 3215 contra
1793 3179 1928 3226 Iegem.

1602 3232 1734 3269 Tertio
1754 3232 1874 3269 modo
1895 3239 1951 3268 est
1971 3231 2111 3281 aliquid
2132 3231 2257 3268 illicite
2277 3231 2519 3279 acquisitum,
2541 3242 2620 3268 non

1549 3285 1704 3333 quidem
1733 3285 1823 3334 quia
1850 3284 1933 3334 ipsa
1960 3284 2157 3334 acquisitio
2187 3285 2233 3322 sit
2259 3284 2403 3333 illicita,
2433 3283 2501 3322 sed
2530 3284 2619 3334 quia

1549 3338 1588 3374 id
1617 3350 1660 3374 ex
1684 3350 1761 3387 quo
1782 3337 1988 3387 acquiritur
2016 3346 2072 3375 est
2098 3338 2286 3375 illicitum:
2316 3337 2412 3374 sicut
2437 3344 2543 3388 patet
2570 3336 2619 3374 de

1550 3403 1595 3426 eo
1621 3391 1726 3439 quod
1746 3391 1882 3428 mulier
1901 3391 2060 3441 acquirit
2077 3403 2147 3440 per
2165 3390 2436 3428 meretricium.
2467 3390 2516 3427 Et
2543 3388 2618 3427 hoc

491 3505 518 3537 α)
538 3505 652 3530 videtur.
670 3519 689 3524 -
706 3507 746 3530 est
763 3504 835 3537 quod
853 3504 959 3529 videtur
977 3504 1005 3528 P.

492 3540 516 3573 β)
536 3540 624 3565 alicui.
642 3554 661 3559 -
678 3540 775 3572 aliquis
794 3539 979 3572 PBEFHILpC
999 3544 1024 3564 et
1042 3546 1103 3568 rma,
1124 3547 1177 3564 om.
1195 3540 1234 3568 A„

1606 3503 1633 3536 γ)
1653 3504 1698 3535 qui
1717 3504 1791 3529 dicit.
1808 3517 1827 3523 -
1845 3505 1974 3530 dicentem
1994 3505 2073 3534 PAa;
2090 3512 2144 3530 om.
2164 3505 2197 3529 H.
2215 3517 2234 3523 —
2252 3504 2302 3528 Pro
2321 3510 2396 3536 quem
2415 3502 2446 3531 si,
2461 3502 2486 3527 si
2503 3502 2572 3527 enim
2586 3502 2619 3533 A,

1554 3539 1596 3570 qm
1615 3539 1638 3563 si
1656 3539 1757 3564 PEFIa.

2643 2030 2747 2053 ⁴.Serm
2766 2029 2856 2057 exui,

2643 2058 2672 2079 ιΙ.
2679 2056 2782 2079 deVerB.
2788 2045 2856 2078 Dom-

2644 2083 2741 2111 Xxxv,
2751 2089 2804 2111 etp
2817 2089 2842 2105 n.

2872 2938 2892 3912 QdQ*-.Qn
2886 2907 2892 2928 a.
2887 2874 2892 2899 c,
2888 2856 2892 2864 i
