2892 4056
977 166 1241 212 QUAESTIO
1271 166 1393 214 XVII,
1422 167 1716 204 ARTICULUS
1743 167 1778 204 V

1375 244 1379 287 ἑ
1403 245 1466 280 vel
1495 245 1542 281 de
1570 245 1695 293 aliqua
1714 253 1894 291 creatura,
1915 245 2010 282 sicut
2038 244 2085 281 de
2103 244 2227 293 prima
2248 257 2360 281 causa
2380 257 2462 282 mo-

1403 305 1517 333 vente
1545 297 1582 333 in
1615 298 1907 344 beatitudinem;
1942 298 2027 334 licet
2060 304 2186 334 autem
2226 309 2376 346 sperare
2414 298 2460 335 de

2392 179 2460 215 127

291 250 346 279 est
373 242 421 279 ad
457 242 588 278 finem.
628 243 807 280 Similiter
841 244 1055 293 principalis
1084 257 1198 281 causa
1235 256 1349 292 agens
1376 288 1378 297 ‚

290 302 345 332 est
372 294 539 344 primum
578 307 714 343 agens;
744 298 967 334 secundaria
995 310 1088 334 vero
1126 309 1241 334 causa
1270 297 1349 334 effi·
1375 299 1377 341 i

289 347 390 384 ciens
410 355 466 384 est
493 359 608 394 agens
636 349 902 387 secundarium
927 349 1221 386 instrumentale.
1253 350 1348 398 Spes
1375 356 1377 392 ζ
1404 349 1530 397 aliquo
1559 350 1727 396 homine,
1757 351 1818 387 vel
1846 351 1892 387 de
1922 349 2047 399 aliqua
2076 358 2262 397 creatura,
2292 350 2386 386 sicut
2414 350 2460 387 de

288 407 414 436 autem
443 400 593 448 respicit
611 402 882 439 beatitudinem
902 410 1094 439 aeternam
1115 402 1210 438 sicut
1228 402 1347 439 finem
1375 393 1377 443 ἶ
1404 409 1536 449 agente
1565 403 1788 439 secundario
1818 411 1854 439 et
1872 402 2156 449 instrumentali,
2176 415 2245 451 per
2272 403 2377 450 quod
2397 403 2461 439 ali-

287 452 482 498 ultimum;
512 453 681 490 divinum
702 462 829 491 autem
853 454 1030 491 auxilium
1061 454 1155 490 sicut
1181 454 1346 502 primam
1374 470 1376 487 v
1403 454 1487 502 quis
1501 454 1702 491 adiuvatur
1720 455 1768 492 ad
1783 467 2050 503 quaecumque
2070 456 2172 492 bona
2191 456 2460 503 consequenda

288 517 442 542 causam
480 505 728 543 inducentem.
752 506 800 543 ad
829 506 1111 542 beatitudinem.
1143 506 1247 542 Sicut
1282 506 1346 554 igi·
1373 490 1376 544 i
1402 506 1440 542 in
1455 506 1726 543 beatitudinem
1746 508 1917 544 ordinata
1933 509 2060 544 ‘².-Et
2076 509 2150 545 hoc
2169 508 2288 544 modo
2308 508 2356 545 ad
2376 521 2460 545 san-

285 564 346 594 tur
374 570 452 594 non
471 557 555 594 licet
574 571 726 606 sperare
745 558 900 607 aliquod
927 559 1072 595 bonum
1091 566 1239 606 praeter
1257 559 1346 595 bea·
1373 545 1375 572 Ι
1403 566 1483 595 ctos
1512 560 1792 606 convertimur;
1822 568 1856 596 et
1885 560 1932 597 ab
1961 559 2179 598 hominibus
2199 559 2214 590 β
2243 560 2367 609 aliqua
2394 573 2458 610 pe-

284 609 483 647 titudinem
513 611 607 647 sicut
634 611 811 647 ultimum
838 611 975 657 finem,
1005 610 1071 647 sed
1100 611 1223 647 solum
1251 610 1347 647 sicut
1372 624 1374 659 ;
1401 611 1534 656 timus,
1564 619 1600 648 et
1627 611 1887 660 vituperantur
1904 612 1955 649 illi
1983 613 2029 650 de
2048 613 2185 662 quibus
2213 613 2346 662 aliquis
2370 626 2459 651 con—

284 662 324 699 id
361 664 466 711 quod
505 671 560 700 est
588 664 636 701 ad
672 664 790 700 finem
828 662 1070 700 beatitudinis
1107 663 1344 708 ordinatum,

284 715 334 752 ita
363 716 476 752 etiam
514 729 592 753 non
629 716 713 753 licet
741 727 892 764 sperare
923 716 968 752 de
1004 715 1131 762 aliquo
1166 715 1344 761 homine,

336 828 363 860 α)
383 828 521 854 ordinata.
538 843 556 848 —
575 828 728 862 ordinanda
745 827 996 853 ABCDEFHKLsn.
1370 830 1372 854 l

1400 664 1518 700 fidere
1547 676 1625 700 non
1653 672 1776 712 potest
1803 666 1851 702 ad
1880 666 2058 702 auxilium
2087 666 2298 703 ferendum.

1454 717 1502 752 Et
1529 728 1598 764 per
1625 718 1699 753 hoc
1726 725 1828 765 patet
1856 719 2052 766 responsio
2081 719 2129 755 ad
2157 719 2315 755 obiecta.

1453 827 1477 860 β)
1497 829 1653 855 hominibus.
1672 844 1690 849 -
1708 830 1787 855 etiam
1807 831 1903 855 addunt
1922 831 1968 855 Pa.

1069 936 1386 978 ARTICULUS
1417 937 1672 989 QUINTUS

939 1021 1094 1052 UTRUM
1118 1020 1215 1052 SPEs
1238 1020 1305 1051 Sir
1330 1019 1487 1051 VIRTUS
1510 1020 1797 1053 THEOLOGICA

637 1090 660 1116 1·
678 1090 735 1122 11¹⁰,
755 1099 800 1124 qu.
819 1098 878 1122 mm,
898 1097 944 1116 an.
965 1091 994 1121 3;
1014 1091 1045 1116 111
1065 1091 1148 1121 Sene„
1168 1090 1227 1115 dist.
1243 1097 1308 1119 xxvi,
1328 1096 1374 1121 qu.
1392 1096 1425 1120 11,
1446 1094 1492 1114 art.
1513 1097 1526 1114 2
1533 1097 1540 1119 ;
1562 1091 1603 1116 De
1627 1091 1732 1120 Virtut„
1752 1099 1796 1124 qu.
1816 1100 1848 1123 iv,
1869 1098 1915 1116 art.

315 1175 383 1207 2102*
400 1179 468 1220 ΛΚ(
491 1167 513 1192 n
541 1166 704 1198 QmNTuM
724 1167 777 1193 sxc
798 1167 1038 1193 PROCEDlTUR.
1058 1156 1218 1193 Videtur
1236 1154 1341 1203 quod
1366 1153 1368 1175 ¹

411 1200 463 1255 ἷζὶο
491 1221 577 1258 spes
613 1221 692 1246 non
726 1209 772 1246 sit
806 1209 924 1246 virtus
962 1209 1186 1257 theologica.
1213 1206 1368 1256 Virtus!

334 1253 338 1263 x
430 1248 595 1311 ''enim
621 1262 834 1311 theologica
863 1270 918 1300 est
945 1275 1044 1312 quae
1071 1262 1186 1299 habet
1214 1261 1341 1297 Deum
1366 1271 1368 1302 ζ

452 1314 482 1351 N
498 1327 560 1352 ·ro
580 1316 743 1354 obiecto.
774 1316 851 1353 Sed
864 1328 956 1365 ‚spes
976 1328 1054 1353 non
1082 1316 1196 1352 habet
1215 1315 1340 1351 solum
1366 1306 1368 1370 J

279 1366 407 1403 Deum
435 1378 505 1414 pro
535 1369 699 1417 obiecto,
719 1369 787 1406 sed
816 1369 929 1406 etiam
958 1369 1029 1406 alia
1062 1369 1164 1405 bona
1191 1380 1290 1416 quae
1318 1378 1341 1403 a
1366 1383 1367 1426 i

279 1419 364 1456 Deo
393 1420 564 1458 obtinere
594 1434 803 1471 speramus.
834 1423 936 1470 Ergo
965 1434 1052 1470 spes
1076 1433 1154 1457 non
1185 1427 1239 1456 est
1265 1419 1340 1456 vir·
1366 1427 1367 1458 ἒ

277 1479 338 1509 tus
366 1472 589 1521 theologica.
1365 1463 1367 1550 ἰ

332 1536 368 1563 2.
397 1526 635 1569 PRAETEREA,
665 1526 784 1564 virtus
811 1526 1022 1575 theologica
1059 1537 1136 1562 non
1174 1523 1342 1561 consistit

384 1279 418 1307 a

140 1585 181 1609 Φ·
242 1597 250 1608 ‚
277 1577 316 1615 in
330 1579 459 1616 medio
476 1580 641 1617 duorum
656 1579 849 1627 vitiorum,
865 1587 906 1617 ut
924 1579 1068 1628 supra*
1081 1578 1256 1615 habitum
1272 1584 1338 1614 est.
1365 1572 1367 1615 Ϊ

19 3019 243 3049 ⁷·1·u⁸0,qu.m1,

28 3050 77 3070 «ΙΙΙ.
91 3053 109 3069 ι.

12 3311 13 3315 ,
33 3291 46 3303 ’
58 3291 109 3314 Art.
123 3291 228 3319 praeeed-

277 1630 353 1668 Sed
388 1644 475 1681 spes
514 1633 682 1670 consistit
718 1634 756 1670 in
783 1634 910 1671 medio
947 1632 1267 1682 praesumptionis
1305 1631 1366 1689 et*1

277 1685 562 1733 desperationis.
585 1688 686 1736 Ergo
702 1699 789 1735 spes
809 1699 886 1724 non
907 1694 962 1723 est
975 1686 1094 1722 virtus
1113 1685 1338 1733 theologica.

332 1738 365 1774 3.
394 1739 628 1787 PRAETEREA,
658 1741 867 1789 expectatio
905 1741 1065 1789 pertinet
1094 1740 1141 1776 ad
1171 1739 1339 1787 longani-

276 1790 459 1840 mitatem,
480 1805 578 1841 quae
608 1801 663 1830 est
689 1806 776 1842 pars
806 1799 822 1815 α
850 1792 1088 1830 fortitudinis,
1120 1793 1219 1830 Cum
1249 1804 1337 1842 ergo
1363 1799 1365 1816 ³

275 1856 363 1893 spes
391 1846 438 1884 sit
463 1846 654 1894 quaedam
684 1847 911 1896 expectatio,
939 1847 1091 1884 videtur
1118 1847 1222 1894 quod
1251 1859 1337 1895 spes
1363 1845 1365 1877 ἱ

275 1909 354 1934 non
383 1899 428 1936 sit
454 1900 573 1937 virtus
601 1901 825 1947 theologica,
847 1901 914 1937 sed
942 1899 1108 1936 moralis.

326 1962 364 1998 4.
393 1952 626 2000 PRAETEREA,
648 1954 839 1991 obiectum
861 1953 940 2002 spei
970 1960 1026 1990 est
1054 1952 1228 1989 arduum.
1260 1953 1335 1989 Sed

273 2004 428 2041 tendere
457 2007 495 2043 in
523 2007 686 2043 arduum
715 2007 875 2056 pertinet
895 2007 943 2044 ad
973 2005 1334 2054 magnanimitatem,
1362 2021 1363 2038 1

273 2069 371 2107 quae
392 2067 447 2095 est
474 2059 593 2096 virtus
613 2061 777 2097 moralis.
808 2061 910 2108 Ergo
935 2072 1021 2109 spes
1042 2067 1096 2096 est
1115 2059 1233 2096 virtus
1254 2071 1336 2095 mo·
1361 2089 1363 2092 .

273 2111 371 2158 ralis,
393 2121 428 2150 et
456 2126 534 2151 non
562 2113 785 2161 theologica.
1360 2129 1363 2180 ᾖ

325 2165 400 2202 San
429 2178 575 2203 CONTRA
603 2179 669 2204 EST
697 2167 812 2216 quod,
835 2168 847 2202 I
873 2167 925 2203 ad
954 2167 1040 2203 Cor.
1060 2165 1170 2210 X111*,
1193 2177 1336 2202 connu-

272 2226 440 2256 meratur
458 2218 473 2249 β
500 2219 591 2256 fidei
611 2227 647 2257 et
666 2220 818 2266 caritati,
840 2232 938 2268 quae
954 2227 1040 2256 sunt
1058 2219 1214 2255 virtutes
1229 2219 1334 2255 theo·
1360 2221 1362 2245 ³

272 2271 428 2319 logicae.

325 2325 550 2362 Responnzo
571 2337 753 2363 DICENDUM
769 2325 885 2375 quod,
899 2338 986 2362 cum
1004 2324 1234 2362 differentiae
1250 2337 1333 2373 spe·
1360 2344 1361 2347 =

273 2376 401 2414 cificae
429 2390 498 2426 per
525 2390 566 2414 se
595 2378 764 2415 dividant
795 2391 933 2425 genus,
964 2385 1114 2426 oportet
1141 2378 1333 2415 attendere
1359 2393 1361 2431 3

271 2431 374 2468 unde
394 2431 532 2467 habeat
560 2443 646 2479 spes
667 2431 851 2467 rationem
880 2431 1038 2472 virtutis,
1059 2431 1107 2467 ad
1134 2431 1209 2466 hoc
1226 2431 1334 2479 'quod

272 2483 438 2520 sciamus
457 2489 473 2511 Υ
501 2484 571 2520 sub
601 2496 677 2532 qua
707 2484 917 2521 differentia
945 2483 1090 2520 virtutis
1117 2484 1332 2520 collocetur.

272 2536 427 2574 Dictum
457 2544 512 2573 est
539 2545 667 2575 autem
697 2550 811 2586 supra
831 2539 850 2555 ⁴*
880 2537 982 2585 quod
1012 2548 1098 2585 spes
1133 2537 1249 2572 habet
1277 2549 1332 2573 ra·
1358 2562 1359 2567 ,

272 2589 416 2626 tionem
445 2590 590 2627 virtutis
620 2603 664 2627 ex
696 2591 770 2627 hoc
799 2590 903 2639 quod
941 2589 1085 2637 attingit
1113 2601 1332 2638 supremam

273 2643 441 2690 regulam
476 2644 733 2681 humanorum
772 2651 946 2687 actuum;
975 2654 1092 2691 quam
1127 2643 1270 2690 attingit
1298 2650 1333 2680 et

272 2696 368 2732 sicut
385 2695 550 2744 primam
571 2709 724 2733 causam
746 2696 986 2743 efficientem,
1004 2696 1230 2742 inquantum
1251 2696 1332 2732 eius

271 2747 407 2785 auxilio
428 2748 607 2795 innititur3
628 2757 664 2787 et
678 2749 774 2786 sicut
792 2750 965 2786 ultimam
987 2761 1141 2785 causam
1162 2750 1329 2796 finalem,
1357 2739 1359 2764 '

270 2801 496 2850 inquantum
513 2802 550 2839 in
571 2803 649 2840 eius
669 2803 843 2840 fruitione
863 2801 1133 2839 beatitudinem
1150 2809 1330 2850 expectat.
1357 2799 1359 2817 ¹

271 2854 320 2891 Et
338 2854 392 2891 sic
409 2862 512 2903 patet
530 2857 635 2904 quod
654 2856 746 2904 spei⁷
767 2856 991 2904 inquantum
1013 2862 1067 2892 est
1085 2854 1215 2901 virtus,
1233 2855 1332 2903 prin-

272 2907 390 2955 cipale
425 2907 615 2945 obiectum
650 2907 735 2946 est⁶
765 2910 881 2945 Deus.
913 2909 1012 2944 Cum
1051 2908 1159 2955 igitur
1193 2909 1230 2945 in
1258 2909 1332 2944 hoc

272 2959 451 2998 consistat
487 2961 580 2998 ratio
617 2961 763 2998 virtutis
799 2961 1034 3009 theologicae
1063 2961 1166 3009 quod
1203 2962 1359 2999 Deum]

271 3013 410 3049 habeat
427 3025 497 3061 pro
527 3014 689 3062 obiecto,
709 3014 804 3051 sicut
822 3026 935 3063 supra
953 3013 973 3035 ’¹‘
1001 3014 1144 3051 dictum
1165 3022 1230 3060 est,
1253 3026 1331 3051 ma·
1357 3012 1359 3052 l

271 3065 448 3102 nifestum
479 3074 533 3103 est
561 3066 665 3115 quod
694 3079 779 3116 spes
809 3074 864 3103 est
890 3066 1009 3103 virtus
1036 3066 1259 3115 theologica.

323 3120 381 3155 An
410 3131 547 3156 Palmum
575 3131 673 3156 ERGO
708 3131 891 3157 DicENDUM
925 3119 1030 3168 quod
1067 3131 1331 3168 quaecumque

271 3171 342 3208 alia
371 3184 456 3220 spes
485 3172 641 3221 adipisci
675 3180 865 3220 expectat,
895 3180 1019 3220 sperat
1047 3172 1085 3208 in
1123 3172 1255 3209 ordine
1283 3174 1332 3210 ad

271 3226 398 3261 Deum
424 3225 518 3261 sicut
544 3226 591 3262 ad
622 3225 795 3262 ultimum
820 3225 939 3261 finem
969 3232 1005 3260 et
1023 3229 1036 3245 ὃ
1064 3224 1158 3261 sicut
1187 3225 1235 3262 ad
1258 3226 1331 3274 pri—

272 3289 376 3314 mam
406 3290 560 3315 causam
591 3278 832 3324 efficientem,
852 3285 893 3314 ut
922 3277 1063 3314 dictum
1094 3285 1148 3314 est
1166 3277 1196 3314 ²⁸.
1356 3251 1361 3330 Ι

325 3394 352 3424 α)
368 3399 444 3424 pars.
462 3406 480 3411 —
498 3392 595 3424 species
615 3392 642 3416 Ρ.

325 3427 350 3460 β)
369 3431 584 3453 connumeratur.
603 3441 621 3445 -
639 3434 697 3458 spes
716 3427 813 3451 addunt
832 3427 907 3451 Plxa.

324 3463 350 3496 γ)
370 3463 442 3495 quod
459 3463 582 3487 sciamus.
599 3476 618 3481 —
637 3465 666 3486 ut
684 3463 786 3487 sciatur
804 3462 835 3492 G,
856 3466 884 3486 ut
902 3461 1016 3486 sciamus
1036 3461 1080 3486 Pa.

1939 1101 1959 1122 1,
1979 1093 2010 1117 ad
2030 1091 2061 1124 6,
2081 1101 2106 1125 7.

1448 1156 1506 1191 An
1534 1167 1725 1194 SECUNDUM
1744 1169 1929 1194 DicENDUM
1949 1158 2053 1206 quod
2081 1159 2250 1195 medium
2276 1159 2456 1208 accipitur

1393 1207 1432 1243 in
1452 1209 1625 1256 regulatis
1654 1218 1690 1246 et
1709 1210 1936 1247 mensuratis
1965 1211 2176 1248 secundum
2195 1212 2300 1260 quod
2328 1215 2455 1260 regula

1394 1261 1455 1296 vel
1483 1273 1662 1299 mensura
1698 1263 1903 1311 attingitur3
1937 1263 2149 1301 secundum
2187 1272 2314 1301 autem
2350 1267 2455 1313 quod

1395 1314 1587 1351 exceditur
1614 1317 1754 1364 regula,
1780 1324 1836 1353 est
1863 1317 2122 1366 superfluum;
2151 1319 2361 1356 secundum
2390 1331 2455 1356 au-

1394 1373 1471 1403 tem
1500 1367 1688 1405 defectum
1717 1382 1740 1406 a
1767 1371 1914 1417 regula,
1945 1378 2000 1407 est
2032 1370 2274 1408 diminutum.
2304 1373 2345 1408 In
2371 1372 2454 1421 ipsa

1395 1427 1522 1456 autem
1551 1422 1680 1468 regula
1706 1423 1767 1458 vel
1797 1435 1975 1459 mensura
2003 1435 2081 1460 non
2102 1431 2158 1460 est
2185 1425 2356 1473 accipere
2375 1437 2454 1462 me—

1394 1471 1499 1508 dium
1530 1481 1567 1509 et
1594 1481 1770 1511 extrema.
1791 1474 1916 1512 Virtus
1945 1484 2072 1512 autem
2092 1477 2246 1514 moralis
2274 1485 2329 1514 est
2358 1477 2454 1515 circa

1395 1537 1440 1562 ea
1467 1537 1566 1574 quae
1595 1528 1809 1574 regulantur
1836 1529 1980 1565 ratione
2009 1528 2103 1566 sicut
2131 1529 2230 1567 circa
2255 1531 2453 1578 proprium

1395 1578 1608 1616 obiectum:
1639 1588 1674 1617 et
1692 1580 1780 1618 ideo
1799 1593 1868 1630 per
1895 1594 1934 1618 se
1956 1582 2135 1619 convenit
2153 1582 2187 1619 ei
2216 1595 2298 1619 esse
2317 1583 2356 1619 in
2375 1597 2453 1620 me-

1394 1631 1457 1668 dio
1478 1644 1522 1669 ex
1542 1640 1646 1681 parte
1665 1634 1807 1683 proprii
1826 1634 1974 1672 obiecti.
2005 1635 2082 1672 Sed
2099 1636 2217 1672 virtus
2240 1637 2454 1684 theologica

1364 1692 1366 1696 ’
1393 1692 1450 1721 est
1477 1686 1574 1722 circa
1602 1686 1725 1735 ipsam
1745 1688 1914 1735 regulam
1943 1688 2118 1736 primam,
2140 1700 2218 1725 non
2246 1690 2452 1737 regulatam

1393 1738 1463 1774 alia
1502 1739 1648 1788 regula,
1675 1741 1770 1777 sicut
1797 1741 1894 1777 circa
1932 1741 2129 1790 proprium
2168 1741 2373 1780 obiectum.
2404 1745 2452 1780 Et

1391 1791 1478 1828 ideo
1507 1803 1575 1841 per
1602 1805 1663 1838 se,
1694 1801 1729 1830 et
1763 1796 1973 1831 secundum
2012 1793 2207 1844 proprium
2237 1796 2450 1843 obiectum,

1391 1857 1470 1882 non
1499 1846 1677 1882 convenit
1703 1847 1830 1884 virtuti
1858 1847 2093 1894 theologicae
2131 1860 2212 1884 esse
2240 1848 2279 1885 in
2307 1850 2448 1886 medio.

1362 1900 1364 1946 ξ
1393 1898 1468 1935 Sed
1497 1905 1621 1946 potest
1649 1899 1719 1936 sibi
1747 1908 1965 1948 competere
1997 1913 2065 1948 per
2093 1901 2279 1948 accidens,
2307 1902 2451 1939 ratione

1391 1952 1471 1988 eius
1490 1953 1594 2001 quod
1615 1952 1810 1990 ordinatur
1828 1953 1875 1989 ad
1895 1953 2100 2002 principale
2121 1953 2325 1992 obiectum.
2348 1956 2452 1993 Sicut

1390 2006 1485 2042 fides
1514 2017 1591 2042 non
1620 2013 1744 2054 potest
1779 2006 1920 2043 habere
1955 2006 2126 2044 medium
2155 2014 2192 2043 et
2219 2014 2384 2046 extrema
2412 2011 2449 2046 in

1389 2059 1464 2096 hoc
1484 2059 1587 2106 quod
1607 2058 1784 2096 innitatur
1811 2059 1957 2112 primae
1976 2059 2134 2106 veritati,
2157 2060 2215 2096 cui
2239 2062 2363 2100 nullus
2381 2074 2450 2111 po-

1389 2120 1460 2148 test
1487 2111 1599 2148 nimis
1627 2112 1752 2149 inniti:
1783 2113 1849 2150 sed
1879 2125 1923 2150 ex
1949 2120 2056 2161 parte
2085 2124 2218 2150 eorum
2244 2127 2342 2163 quae
2371 2128 2450 2154 cre-

1390 2165 1453 2211 dit,
1469 2173 1592 2213 potest
1610 2166 1752 2203 habere
1772 2165 1942 2203 medium
1964 2174 2000 2202 et
2019 2173 2196 2213 extrema,
2213 2166 2309 2204 sicut
2326 2181 2446 2206 unum

1388 2231 1524 2255 verum
1555 2226 1609 2254 est
1637 2219 1806 2255 medium
1836 2219 1930 2255 inter
1959 2220 2035 2256 duo
2065 2219 2166 2257 falsa.
2206 2221 2254 2257 Et
2281 2221 2449 2259 similiter

1360 2268 1362 2303 T
1389 2284 1475 2321 spes
1495 2272 1708 2309 nonhabet
1726 2271 1896 2308 medium
1917 2279 1952 2308 et
1971 2280 2139 2310 extrema
2159 2285 2203 2309 ex
2221 2282 2327 2322 parte
2346 2276 2447 2324 prin-

1389 2325 1518 2373 cipalis
1547 2325 1695 2372 obiecti,
1726 2324 1814 2372 quia
1842 2323 1972 2362 divino
2001 2325 2140 2364 auxilio
2173 2328 2297 2364 nullus
2324 2337 2449 2376 potest

1388 2378 1499 2415 nlmis
1526 2378 1650 2415 inniti:
1680 2378 1747 2415 sed
1777 2386 1961 2426 quantum
1990 2380 2052 2416 ad.
2076 2391 2120 2416 ea
2157 2392 2256 2427 quae
2292 2382 2449 2419 confidit

1388 2431 1521 2480 aliquis
1549 2444 1590 2468 se
1619 2431 1861 2479 adepturum,
1891 2439 2014 2480 potest
2040 2432 2195 2469 ibi¹esse
2214 2434 2382 2471 medium
2412 2443 2448 2471 et

1388 2491 1565 2530 extrema,
1586 2485 1809 2532 inquantum
1837 2485 1900 2519 vel
1927 2485 2136 2533 praesumit
2163 2498 2208 2522 ea
2235 2498 2333 2534 quae
2362 2496 2448 2525 sunt

1387 2549 1500 2586 supra
1529 2548 1638 2573 suam
1674 2536 1984 2585 proportionem,
2011 2539 2073 2574 vel
2103 2539 2279 2587 desperat
2314 2540 2360 2576 de
2388 2540 2446 2577 his

1387 2602 1484 2639 quae
1513 2597 1599 2626 sunt
1627 2589 1696 2626 sibi
1724 2589 2023 2637 proportionata.

1438 2646 1498 2680 AD
1517 2654 1676 2679 TER-rium
1704 2654 1887 2679 DICENDUM
1905 2643 2011 2691 quod
2031 2644 2239 2691 expectatio
2260 2656 2357 2692 quae
2376 2658 2444 2693 po-

1386 2697 1485 2734 nitur
1503 2696 1542 2732 in
1561 2695 1781 2732 definitione
1805 2695 1886 2744 spei
1909 2707 1986 2732 non
2011 2695 2190 2744 importat
2209 2696 2444 2746 dilationem,

1386 2751 1479 2787 sicut
1498 2749 1706 2797 expectatio
1726 2761 1823 2797 quae
1847 2748 2006 2797 pertinet
2033 2749 2081 2786 ad
2104 2749 2443 2797 longanimitatem:

1386 2803 1453 2841 sed
1489 2801 1667 2850 importat
1705 2810 1917 2850 respectum
1955 2802 2004 2838 ad
2036 2802 2215 2839 auxilium
2250 2803 2442 2851 divinum,

1386 2857 1466 2894 sive
1495 2855 1584 2892 illud
1613 2855 1717 2903 quod
1746 2862 1917 2904 speratur
1935 2855 2140 2902 differatur,
2161 2856 2242 2893 sive
2269 2869 2347 2894 non
2377 2857 2445 2894 dif-

1385 2910 1535 2947 feratur.
1762 2933 1767 2937 -

1439 2964 1497 2999 An
1527 2972 1698 3004 Qum-rum
1717 2972 1901 2997 memnon
1929 2961 2034 3008 quod
2053 2961 2344 3009 magnanimitas
2365 2971 2444 2999 ten—

1387 3015 1438 3053 dit
1465 3015 1502 3051 in
1532 3013 1693 3050 arduum
1714 3025 1869 3061 sperans
1898 3013 2037 3062 aliquid
2060 3014 2164 3062 quod
2184 3023 2240 3051 est
2266 3027 2357 3052 suae
2375 3027 2444 3064 po-

1385 3067 1537 3105 testatis.
1573 3066 1683 3103 Unde
1721 3066 1872 3115 proprie
1901 3066 2051 3115 respicit
2087 3067 2348 3116 operationem
2381 3068 2445 3105 ali-

1386 3133 1552 3170 quorum
1581 3131 1819 3167 magnorum.
1859 3118 1936 3156 Sed
1964 3131 2070 3168 speS‚
2099 3120 2309 3157 secundum
2339 3121 2443 3169 quod

1387 3182 1442 3211 est
1468 3174 1587 3211 virtus
1606 3172 1829 3219 theologica,
1850 3172 2000 3220 respicit
2018 3173 2180 3210 arduum
2209 3173 2359 3210 alterius
2378 3186 2443 3210 au-

1385 3227 1473 3264 xilio
1502 3225 1793 3273 assequendum,
1814 3233 1856 3261 ut
1883 3225 2026 3261 dictum
2056 3234 2111 3263 est
2129 3226 2160 3262 ²¹².

1437 3391 1462 3424 ὀ)
1482 3392 1610 3416 obiectum
1630 3395 1677 3416 est.
1694 3405 1713 3410 —
1731 3395 1770 3416 est
1788 3391 1916 3416 obiectum
1935 3391 2169 3424 ABDEFHleCK
2189 3396 2214 3415 et
2232 3398 2275 3419 im,
2295 3390 2350 3415 eius
2373 3390 2442 3416 obie—

1385 3430 1455 3452 ctum
1475 3430 1515 3451 est
1533 3427 1580 3452 Pa.

1438 3464 1459 3493 ε)
1479 3465 1512 3486 ee.
1531 3476 1549 3480 -
1568 3462 1608 3486 vel
1626 3461 1715 3494 PDpn.

2469 3241 2479 3252 ⁸
2493 3242 2543 3263 Art.
2558 3248 2574 3263 ι.
