2892 4056
211 1019 221 1028 ''
246 1018 280 1041 Cf,
295 1017 338 1038 1²¹¹¹
364 1017 421 1043 11²⁶,

211 1045 271 1066 Prot.

291 1033 422 1065 Comment’

447 127 468 161 6
1397 127 1676 165 PROLOGUS

1125 249 1453 284 Commentaria
1476 250 1724 283 Cardinalis
1747 249 1945 282 Caietani

496 361 515 380 N
539 349 674 390 prologo
697 348 792 379 huius
816 347 928 387 Operis
953 348 1077 378 adverte
1102 354 1254 388 quatuor:
1279 357 1419 388 quorum
1443 348 1507 388 pri-

455 359 587 464 Imum
617 393 657 423 ad
688 402 792 422 meam
823 398 941 432 spectat
971 391 1197 428 intentionem
1233 392 1291 422 tria
1318 392 1439 432 reliqua
1469 392 1508 422 ad

496 438 667 478 prologum
683 435 840 467 Auctoris.
857 435 941 466 Scito
961 435 1056 475 igitur
1075 436 1179 476 primo
1200 437 1299 476 quod,
1315 437 1387 467 licet
1402 436 1509 466 omnia
1534 434 1537 458 ¹3
1562 442 1627 467 tem
1651 437 1785 467 membri
1818 443 1892 467 sunt
1916 443 1987 472 tres,
2011 435 2097 466 iuxta
2121 444 2292 467 numerum
2319 437 2416 468 trium
2439 437 2626 469 differentia-

449 492 519 512 mea
543 481 661 521 ubique
685 481 745 520 legi
769 479 934 519 audirique
957 479 1052 509 velim
1076 481 1195 520 absque
1219 480 1283 510 ulla
1306 491 1377 511 mea
1401 487 1509 511 aucto—

448 526 546 561 ritate,
571 525 624 555 sed
649 525 716 555 sola
739 523 868 554 rationis
892 523 922 553 vi
946 523 1036 560 duce,
1060 524 1092 554 in
1117 524 1178 554 hoc
1203 524 1400 564 singulariter
1414 534 1510 564 opere

447 571 479 600 id
504 579 654 610 exposco:
680 567 941 608 quandoquidem
958 577 1044 598 error
1067 568 1117 598 hic
1133 578 1198 598 non
1214 568 1247 598 in
1264 569 1334 599 solo
1350 569 1509 600 intellectu

449 621 540 650 esset,
566 613 620 643 sed
643 612 675 642 in
700 621 812 652 opere,
837 622 902 652 quo
935 612 1057 642 animae
1086 612 1170 642 salus
1201 611 1344 643 efficitur.
1379 613 1511 653 Propter

449 658 546 699 quod,
571 657 643 686 licet
665 656 800 686 illustres
817 656 962 686 doctores
978 656 1201 686 nominaturus
1217 656 1287 693 sim,
1305 663 1340 687 ut
1355 657 1387 686 in
1403 657 1510 688 Primo

449 709 479 733 et
502 701 648 732 Secundo
673 700 769 731 Libro
799 699 895 731 huius
927 699 1079 731 Summae
1108 700 1182 735 feci.
1208 707 1243 731 ut
1275 701 1407 741 quilibet
1436 701 1512 732 sciat

448 746 587 776 invenire
618 744 697 786 quid
727 744 933 784 impugnatur
956 751 986 775 et
1009 755 1107 785 quam
1135 745 1216 775 bene
1239 751 1294 775 aut
1318 745 1415 781 male;
1441 755 1510 776 mo-

449 791 564 820 dernos
580 795 686 819 tamen
699 788 881 820 summistas
898 789 1017 829 absque
1030 789 1160 819 nomine
1173 789 1358 829 pertransire
1370 790 1511 827 intendo,

449 844 488 864 ne
512 833 628 864 invidia
651 839 706 863 aut
728 843 818 864 amor
841 834 992 864 lectorem
1015 844 1033 863 a
1055 843 1130 864 vero
1155 834 1300 872 abducat,
1325 841 1356 864 et
1371 841 1407 865 ut
1430 845 1513 875 opus

449 879 537 919 quod
561 888 619 918 pro
645 877 744 908 salute
768 877 948 908 animarum
975 878 1114 918 suscipio
1136 879 1262 909 nullum
1287 878 1434 910 offendat.
1458 879 1512 910 Di-

449 923 524 952 vino
548 922 643 962 igitur
666 922 763 952 fretus
794 923 927 958 auxilio,
961 922 1050 953 divae
1080 923 1197 953 Mariae
1220 933 1256 953 ac
1280 923 1344 953 divi
1366 919 1513 954 Thomae

450 966 568 997 meritis
592 973 622 997 et
644 967 799 1006 precibus,
818 968 857 998 ad
879 973 1002 998 textum
1026 968 1193 1004 descendo,
1211 973 1333 998 servato
1350 968 1514 998 anterioris

450 1011 536 1041 Libri
559 1011 724 1051 proposito
748 1011 774 1042 *-

508 1055 654 1086 Secundo
679 1056 804 1086 adverte
820 1056 909 1096 quod
925 1058 1048 1087 Auctor
1063 1055 1165 1096 prima
1181 1055 1336 1086 divisione
1352 1051 1530 1096 distinguit*

450 1099 511 1129 hoc
536 1109 618 1139 opus
634 1099 667 1129 in
691 1100 768 1130 duas
793 1107 894 1140 partes
919 1100 1116 1140 principales,
1134 1099 1250 1130 scilicet
1274 1098 1311 1130 de
1337 1099 1515 1130 communi-

451 1144 510 1174 bus
525 1143 675 1174 omnibus
691 1143 886 1181 hominibus,
904 1151 934 1174 et
950 1145 989 1174 de
1004 1145 1140 1185 propriis
1157 1145 1358 1184 quibusdam.
1383 1145 1423 1174 Et
1439 1145 1516 1174 haec

452 1188 589 1218 secunda
604 1198 675 1228 pars
694 1189 806 1229 incipit
821 1189 853 1219 in
868 1189 1054 1229 quaestione
1070 1199 1168 1224 ccxxr,
1187 1195 1221 1219 ut
1236 1188 1280 1218 ibi
1297 1195 1390 1227 patet.
1410 1189 1516 1218 Partes

452 1232 652 1263 secundariae
685 1233 850 1274 utriusque
882 1233 1015 1263 membri
1040 1233 1130 1263 facile
1161 1239 1278 1272 patent.
1314 1232 1397 1261 Nam
1421 1232 1514 1272 primi

1562 347 1695 378 membri
1712 354 1786 378 sunt
1802 353 1924 388 septem
1935 353 2049 387 partes,
2062 347 2149 379 iuxta
2160 353 2332 381 numerum
2346 349 2511 386 virtutum,
2529 350 2626 382 trium

1563 392 1680 423 scilicet
1702 391 1932 432 theologalium
1955 397 1987 422 et
2009 398 2150 432 quatuor
2174 384 2391 425 cardinalium.
2417 390 2555 425 Secundi
2571 404 2625 424 au-

1563 491 1635 511 rum
1664 480 1744 511 inter
1773 480 1921 511 homines
1951 480 2153 510 inventarum
2181 481 2268 520 apud
2295 482 2510 521 Apostolum,
2543 482 2554 511 1
2585 482 2628 512 ad

1566 525 1642 556 Cor.
1666 525 1745 561 x11*,
1763 525 1880 556 scilicet
1894 525 2079 556 divisionem
2094 525 2290 565 gratiarum,
2304 525 2490 557 divisionem
2515 536 2627 566 opera·
2653 528 2662 537 '

1565 570 1698 606 tionum,
1723 576 1754 599 et
1776 569 1962 600 divisionem
1995 569 2276 600 ministrationum.
2310 569 2351 602 Et
2374 570 2418 601 sic
2441 570 2626 601 universum

1564 613 1626 643 hoc
1665 623 1747 652 opus
1786 613 1818 643 in
1857 614 1966 644 decem
2006 609 2110 654 partes
2149 612 2352 653 distinguitur
2389 613 2486 644 claras
2515 614 2547 644 in
2583 614 2628 644 lo-

1565 657 1609 688 cis
1632 656 1708 687 suis

1620 700 1742 737 Tertio,
1765 700 1856 741 quod
1878 708 2026 733 tractatus
2053 699 2187 743 quilibet
2209 701 2248 732 de
2270 709 2475 742 quacumque
2506 709 2628 742 septem

1565 744 1719 776 virtutum
1749 751 1887 796 quatuor
1917 746 2072 777 continet:
2098 745 2215 776 scilicet
2248 745 2351 785 ipsam
2373 744 2538 782 virtutem,
2571 757 2629 786 op-

1566 790 1709 830 positum
1740 789 1869 826 vitium,
1888 790 2089 831 ,respondens
2114 790 2253 826 donum,
2280 797 2310 821 et
2338 796 2505 830 praecepta
2533 791 2572 820 ad
2595 790 2628 820 id

1567 833 1747 875 spectantia.
1772 834 1991 865 Diversimode
2007 841 2112 865 tamen
2129 835 2206 865 haec
2221 834 2297 865 fient
2311 834 2344 864 in
2359 833 2528 865 virtutibus
2543 834 2629 864 theo-

1567 879 1723 919 logalibus
1746 885 1776 909 et
1799 879 2017 910 cardinalibus.
2041 880 2124 909 Nam
2145 879 2220 920 quia
2243 889 2309 910 non
2334 878 2484 909 omnibus
2507 878 2631 909 theolo-

1567 923 1690 964 galibus
1718 930 1931 956 annectuntur
1959 923 2037 954 aliae
2067 923 2197 954 virtutes
2233 930 2268 954 ut
2305 929 2423 963 partes,
2451 922 2524 953 ideo
2555 921 2631 952 haec

1568 975 1706 1008 quatuor
1729 973 1900 998 tractantur
1915 968 1947 998 in
1964 968 2183 1004 cardinalibus,
2199 977 2312 998 verum
2327 967 2481 998 virtutum
2501 966 2631 997 nomine

1568 1022 1633 1042 non
1649 1013 1756 1043 solum
1774 1013 1858 1052 ipsas
1880 1012 2078 1062 principales,
2095 1013 2149 1043 sed
2168 1022 2303 1043 annexas
2319 1018 2446 1052 oportet
2460 1011 2632 1052 intelligere

1567 1057 1713 1092 virtutes;
1738 1063 1769 1087 et
1792 1066 1859 1097 sem
1902 1066 1916 1086 r
1934 1053 2091 1098 opposita·
2109 1052 2185 1107 vitia
2208 1056 2390 1097 singillatim
2413 1063 2553 1088 tractare.

1624 1100 1757 1137 Quarto,
1782 1109 1847 1141 quo
1893 1100 1966 1131 hinc
1995 1108 2120 1131 memor
2143 1101 2194 1137 sis,
2216 1101 2249 1131 in
2273 1100 2453 1131 tractatibus
2477 1101 2516 1131 de
2540 1099 2631 1130 donis

1568 1144 1748 1184 sapientiae,
1765 1144 1942 1175 intellectus
1965 1151 1995 1175 et
2013 1144 2170 1181 scientiae,
2187 1151 2296 1176 notare
2318 1144 2490 1185 spectantia
2508 1144 2548 1174 ad
2572 1143 2632 1174 vir-

1569 1194 1651 1218 tutes
1674 1188 1899 1219 intellectuales
1923 1188 2043 1219 eisdem
2065 1189 2250 1220 nominibus
2273 1195 2482 1229 nuncupatas,
2505 1195 2541 1220 ut
2564 1197 2632 1218 mo-

1570 1231 1641 1262 ralis
1666 1233 1808 1263 doctrina
1832 1233 1990 1272 completa
2014 1232 2062 1262 sit.

2682 527 2746 549 Vei-s.
2759 535 2775 553 4
2789 533 2842 555 sqq.
