2892 4056
220 996 227 1003 ⁴
243 995 299 1020 Arg.
314 1000 329 1014 1.

219 1047 227 1055 ⁸
242 1047 290 1066 Art.

220 1206 224 1208 ’
238 1203 275 1230 Qu

308 1045 409 1072 praeced.

279 1218 284 1223 .
302 1209 366 1229 Lvffl,
384 1207 424 1224 art.

296 1367 332 1383 ιν,
348 1364 387 1381 art.
402 1360 423 1381 8.

458 177 534 222 406

459 261 494 290 et
521 254 631 290 Deut.
659 265 729 290 xxv
757 253 791 290 *τ
820 254 910 291 Non
939 254 1088 290 habebis
1117 254 1153 290 in
1182 255 1330 290 sacculo
1368 260 1429 290 tuo
1458 255 1510 291 di-

456 317 565 342 versa
587 307 771 354 pondera,
801 306 921 342 maius
948 311 983 342 et
1009 306 1142 342 minus.
1172 307 1273 353 Ergo
1305 314 1340 343 et
1368 307 1413 344 de
1443 306 1510 343 illis

456 357 555 395 vitiis
584 371 680 407 quae
710 358 846 395 directe
875 366 1120 406 opponuntur
1146 359 1369 406 prudentiae
1388 359 1511 408 aliqua

456 418 656 460 praecepta
683 410 911 459 prohibitiva
940 410 1016 447 dari
1048 410 1271 447 debuerunt.

511 475 545 500 2.
567 465 797 509 ΡιιΑΕτΕιιΕΑ,
818 462 856 499 in
876 463 1002 500 multis
1022 463 1102 500 aliis
1123 464 1236 500 rebus
1254 470 1377 512 potest
1410 464 1510 500 fraus

456 515 538 552 fieri
567 527 681 564 quam
709 515 746 551 in
775 515 965 563 emptione
995 523 1030 552 et
1057 514 1288 552 venditione.
1327 517 1510 552 Inconve-

456 569 601 604 nienter
628 568 736 615 igitur
764 568 936 604 fraudem
964 568 1001 604 in
1031 569 1111 604 sola
1140 569 1335 616 emptione
1365 577 1400 605 et
1417 581 1510 606 ven-

457 621 596 658 ditione
624 621 682 656 lex
709 617 912 667 prohibuit.

510 674 544 709 3.
580 673 821 719 PRAETEREA,
860 673 994 709 eadem
1033 672 1127 709 ratio
1165 680 1220 709 est
1255 673 1510 722 praecipiendi

455 733 580 761 actum
608 724 752 761 virtutis
772 733 808 761 et
826 725 1052 773 prohibendi
1072 732 1198 762 actum
1226 725 1306 762 vitii
1333 726 1508 774 oppositi.

456 778 532 814 Sed
569 785 674 813 actus
709 777 931 825 prudentiae
969 790 1047 814 non
1085 777 1328 815 inveniuntur
1363 779 1401 815 in
1428 779 1509 826 lege

453 829 655 878 praecepti.
685 830 786 877 Ergo
814 842 884 866 nec
912 830 1037 878 aliqua
1057 831 1233 879 opposita
1259 831 1350 868 vitia
1369 832 1510 868 debue-

454 890 540 919 runt
568 882 605 918 in
634 883 713 929 lege
741 883 947 930 prohiberi.

507 935 581 971 SED
614 946 847 972 CONTRARmM
876 943 978 983 patet
1005 948 1074 984 per
1109 944 1311 985 praecepta
1337 936 1427 984 legis
1454 937 1508 974 in-

454 988 565 1024 ducta
584 987 614 1023 ²⁸.

507 1041 730 1076 RESPONDEO
750 1052 933 1077 DICENDUM
947 1041 1064 1088 quod,
1086 1040 1181 1077 sicut
1199 1053 1312 1090 supra
1330 1041 1350 1063 ‘¹‘
1369 1041 1510 1079 dictum

453 1100 518 1139 est,
539 1092 678 1129 iustitia
697 1093 864 1130 maxime
883 1093 1035 1142 respicit
1053 1093 1238 1130 rationem
1259 1093 1384 1142 debiti,
1403 1093 1509 1142 'quod

452 1145 650 1194 requiritur
687 1146 736 1183 ad
770 1153 1039 1194 praeceptum:
1077 1146 1167 1195 quia
1203 1147 1342 1184 iustitia
1379 1154 1435 1184 est
1461 1147 1509 1185 ad

452 1198 690 1235 reddendum
727 1198 899 1236 debitum
938 1199 1062 1246 alteri,
1100 1206 1142 1235 ut
1178 1198 1273 1235 infra
1304 1199 1324 1221 ‘¹‘
1352 1199 1507 1236 dicetur.

451 1250 598 1287 Astutia
625 1257 753 1288 autem
782 1259 966 1300 quantum
987 1251 1037 1288 ad
1057 1251 1318 1288 executionem
1344 1252 1510 1289 maxime

452 1303 698 1340 committitur
725 1303 763 1340 in
790 1304 848 1340 his
869 1304 967 1341 circa
994 1316 1093 1352 quae
1120 1312 1174 1341 est
1202 1304 1351 1352 iustitia,
1384 1312 1426 1342 ut
1458 1305 1509 1342 di-

1144 177 1408 222 QUAESTIO
1437 177 1539 223 LVI,
1568 177 1863 213 ARTicuLus
1894 178 1926 214 11

1562 254 1636 290 tiae
1672 254 1897 302 inquantum
1928 259 1944 275 α
1972 254 2022 291 ad
2058 255 2274 293 iniustitiam
2309 257 2488 305 pertinet:
2524 257 2620 294 sicut

1565 319 1651 342 cum
1680 307 1767 343 dolo
1805 307 1867 343 vel
1896 307 2028 343 fraude
2065 307 2199 355 aliquis
2241 309 2350 345 alicui
2388 310 2618 347 calumniam

1564 358 1707 406 ingerit,
1736 359 1799 396 vel
1829 359 1908 396 eius
1937 360 2039 396 bona
2067 359 2227 409 surripit.

1616 413 1674 447 AD
1691 423 1827 448 1>R1M1JM
1842 422 1940 449 ERGO
1953 423 2140 449 montinum
2155 413 2262 462 quod
2276 413 2337 449 illa
2350 413 2440 450 vitia
2455 426 2552 462 quae
2567 414 2620 451 di-

1563 471 1664 500 recte
1692 472 1937 512 opponuntur
1958 465 2180 513 prudentiae
2200 465 2397 502 manifesta
2421 466 2620 503 contrarie—

1563 522 1637 552 tate
1661 528 1739 552 non
1759 516 1809 553 ita
1826 517 2013 565 pertinent
2036 518 2082 554 ad
2102 517 2319 554 iniustitiam
2338 518 2433 554 sicut
2452 518 2620 554 executio

1563 569 1732 606 astutiae.
1755 570 1803 606 Et
1820 569 1907 606 ideo
1928 582 2006 606 non
2025 570 2074 606 ita
2097 570 2347 618 prohibentur
2365 570 2403 607 in
2422 571 2503 618 lege
2527 570 2622 607 sicut

1563 621 1664 657 fraus
1706 630 1743 657 et
1771 621 1892 669 dolus,
1922 635 2020 671 quae
2049 622 2096 659 ad
2124 623 2341 659 iniustitiam
2369 622 2567 671 pertinent.

1616 675 1675 710 Αι)
1703 685 1893 711 SECUNDUM
1922 686 2103 712 DICENDUM
2140 675 2246 722 quod
2273 675 2399 712 omnis
2431 676 2533 720 fraus
2556 676 2620 712 vel

1565 725 1674 762 dolus
1703 727 1909 778 commissa
1936 727 1974 765 in
2002 728 2060 764 his
2088 739 2187 775 quae
2217 728 2265 764 ad
2293 728 2470 765 iustitiam
2495 717 2620 782 *iper-

1562 778 1681 815 tinent
1707 787 1833 827 potest
1860 779 2011 827 intelligi
2040 792 2121 817 esse
2149 780 2359 829 prohibita,
2388 781 2478 817 Lev.
2506 784 2567 816 xix
2584 778 2619 827 ¹³,

1562 831 1601 867 in
1628 831 1886 879 prohibitione
1915 833 2138 870 calumniae.
2169 833 2376 882 Praecipue
2405 840 2533 873 autem
2561 845 2621 874 so-

1563 885 1613 920 let
1640 885 1741 921 fraus
1770 885 1934 921 exerceri
1963 893 1999 922 et
2028 885 2137 922 dolus
2169 885 2207 922 in
2236 885 2428 934 emptione
2465 892 2502 921 et
2527 897 2620 922 ven-

1564 936 1724 975 ditione:
1750 939 1961 975 secundum
1990 938 2080 975 illud
2106 938 2221 975 Eccli.
2241 950 2325 974 xxm
2344 937 2380 974 *z
2409 938 2500 975 Non
2519 938 2619 974 iusti-

1551 990 1736 1037 ficabitur
1762 1001 1882 1039 caupo
1910 1003 1933 1027 a
1955 997 2111 1040 peccato
2141 991 2338 1028 labiorum.
2368 991 2528 1039 Propter
2546 991 2620 1027 hoc

1562 1041 1771 1091 specialiter
1788 1051 2033 1091 praeceptum
2053 1043 2326 1092 prohibitivum
2353 1043 2463 1080 datur
2481 1043 2520 1080 in
2539 1043 2620 1091 lege

1564 1094 1610 1131 de
1638 1095 1769 1132 fraude
1806 1095 1903 1132 circa
1932 1096 2145 1144 emptiones
2174 1104 2210 1133 et
2236 1096 2475 1134 venditiones
2514 1108 2619 1132 com-

1563 1147 1679 1184 missa
1697 1147 1728 1184 ³¹⁶.
2504 1174 2509 1176 -

1616 1201 1675 1239 An
1703 1211 1862 1237 TERTluM
1898 1211 2082 1238 memnon
2120 1200 2225 1249 quod
2253 1200 2383 1238 omnia
2417 1207 2620 1249 praecepta

1564 1252 1611 1289 de
1640 1252 1784 1289 actibus
1803 1251 1962 1290 iustitiae
1981 1252 2019 1289 in
2047 1253 2129 1301 lege
2151 1253 2237 1295 data
2262 1253 2452 1302 pertinent
2468 1252 2519 1290 ad
2538 1264 2622 1291 exe-

1563 1304 1753 1343 cutionem
1781 1305 2020 1354 prudentiae:
2050 1305 2144 1342 sicut
2173 1313 2208 1342 et
2234 1313 2436 1355 praecepta
2455 1305 2620 1354 prohibig

452 1364 553 1392 ctum
582 1364 636 1392 est
654 1355 684 1393 ³¹⁸.
715 1357 764 1393 Et
789 1356 876 1394 ideo
906 1357 1136 1394 conveniens
1165 1357 1232 1394 fuit
1250 1365 1290 1393 ut
1308 1365 1509 1406 praecepta
1562 1357 1639 1394 tiva
1668 1358 1754 1395 data
1782 1357 1830 1395 de
1858 1358 1967 1405 furto,
1990 1357 2179 1395 calumnia
2207 1366 2244 1395 et
2270 1356 2506 1396 fraudulenta
2525 1353 2618 1415 νῖᾳῄῂ

450 1408 679 1457 prohibitiva
707 1409 884 1446 darentur
911 1409 949 1446 in
976 1410 1058 1457 lege
1087 1410 1133 1446 de
1164 1410 1385 1449 executione
1410 1418 1508 1448 astu-

505 1575 532 1607 α)
551 1575 714 1608 inquantum.
732 1589 750 1594 -
767 1578 793 1600 et
811 1576 966 1607 inquantum
986 1576 1015 1600 Ρ.

1564 1410 1704 1447 ditione
1732 1410 1918 1459 pertinent
1946 1410 1994 1448 ad
2023 1411 2284 1448 executionem
2314 1411 2481 1448 astutiae.

1614 1575 1638 1608 β)
1658 1576 1797 1602 iustitiam.
1811 1589 1830 1595 -
1842 1568 1999 1602 iniustitiam
2013 1576 2179 1602 PABFKan
2198 1582 2223 1602 et
2235 1583 2261 1607 a,
2275 1576 2402 1603 astutiam
2425 1577 2456 1607 D,
2470 1576 2562 1601 abrasa
2573 1567 2621 1611 pn.

2647 781 2658 791 ⁸
2671 779 2726 801 Vid.
2741 785 2788 808 arg.
2803 786 2820 802 ι.

2648 944 2657 952 ·
2673 941 2740 963 Vere.
2754 942 2789 964 28.

2647 1147 2657 1157 ⁸
2675 1146 2711 1168 ef.
2731 1145 2785 1168 ιη.
2805 1151 2831 1168 cn
2849 1161 2856 1168 .

2646 1178 2856 1226 'BacY‘z'ssffaiv‘

2646 1231 2707 1248 vers.
2721 1231 2742 1254 ¹3
2755 1230 2807 1253 sqq.
2850 1215 2856 1226 ’
