2892 4056
211 965 221 975 ⁸
236 966 286 987 Art.
301 971 321 986 2.

213 1011 220 1018 '
235 1009 305 1030 Num.
320 1015 348 1031 iv.

211 1057 221 1067 '⁴
235 1057 304 1078 Num.
319 1064 341 1078 v.

197 2349 206 2359 “
225 2349 280 2376 Cap.
295 2355 336 2371 vn.

297 2754 302 2776 Ι

195 2788 205 2799 “
214 2787 299 2820 Ssl'h,
311 2789 362 2810 lect.
374 2796 406 2810 xi.

196 2814 270 2867 Ῐ-ΧΡιῐξί..
279 2815 324 2870 ³hb.
335 2815 375 2842 XI,
387 2822 407 2837 c.

197 3235 204 3242 '
220 3233 254 3255 Cf.
271 3239 333 3256 num.
350 3240 365 3255 ι.

460 196 506 230 36

1157 195 1422 240 QUAESTIO
1453 197 1500 242 ΙΙ,
1531 197 1826 233 ARTICULUS
1855 197 1940 233 VIII

1132 282 1463 315 Commentario.
1485 283 1735 315 Gar-ainans
1757 283 1958 315 Caietam

485 361 504 380 N
529 351 660 381 articulo
685 358 807 387 octaVO‚
834 351 952 381 omisso
978 351 1124 391 septimo,
1151 352 1292 383 eiusdem
1309 353 1513 394 quaestionis,

459 364 518 424 lin
541 394 746 434 responsione
770 396 808 424 ad
832 395 976 431 tertium,
1002 395 1079 426 scito
1104 397 1208 436 quod,
1234 407 1307 428 cum
1331 398 1374 428 ibi
1402 397 1515 428 dicitur

454 440 542 479 quod
565 448 691 469 summa
714 439 838 469 bonitas
861 439 932 476 Dei,
957 440 1132 470 secundum
1156 441 1241 481 quod
1264 443 1458 483 intelligitur
1481 442 1513 470 in

452 484 575 522 seipsa,
601 488 702 522 prout
731 483 856 513 videtur
878 494 897 512 α
922 484 1038 519 beatis,
1071 494 1133 515 non
1158 491 1264 525 potest
1287 487 1425 527 intelligi
1446 487 1515 516 sine

452 528 596 557 trinitate
618 527 853 563 Personarum,
885 528 916 567 ly
942 537 1003 557 non
1029 533 1135 568 potest
1165 529 1331 570 dupliciter
1361 530 1513 561 sumitur:

452 571 567 610 primo,
593 578 627 600 ut
651 571 779 600 denotat
802 571 977 610 potentiam
1002 573 1192 610 naturalem;
1223 575 1380 610 secundo,
1405 581 1445 604 ut
1463 575 1514 604 de-
1541 602 1542 608 ,

452 621 540 645 notat
568 615 743 655 potentiam
773 614 919 654 logicam.
951 615 991 646 Et
1014 616 1118 656 primo
1143 618 1274 658 quidem
1305 618 1404 648 modo
1435 625 1516 648 esset

451 668 560 688 sensus
584 659 671 698 quod
696 659 872 688 secundum
897 660 1071 690 naturalem
1095 661 1313 693 habitudinem
1337 662 1452 692 obiecti
1475 663 1515 692 ad

449 703 625 742 potentiam
649 702 783 732 videntis
806 703 921 739 Deum,
948 713 1013 734 non
1029 712 1134 745 potest
1153 706 1242 736 aliter
1264 717 1342 737 esse.
1367 706 1514 736 Secundo

450 753 556 776 autem
570 746 680 782 modo,
705 747 793 787 quod
813 757 869 787 per
884 748 1005 778 nullam
1021 750 1197 790 potentiam
1212 757 1317 791 potest
1333 750 1421 781 aliter
1436 760 1513 781 esse.

449 791 490 820 Et
511 790 583 820 licet
606 797 707 820 textus
730 791 787 821 iste
811 791 1000 823 sufficienter
1023 794 1159 825 salvetur
1178 796 1354 826 secundum
1373 795 1514 835 primum

448 844 586 870 sensum,
612 834 686 874 quia
711 845 814 865 sermo
840 835 981 867 formalis
1001 838 1039 868 de
1054 839 1148 869 rebus
1161 840 1298 880 loquens
1314 841 1353 870 de
1372 839 1514 880 potentia

448 887 557 908 earum
581 884 616 907 ut
635 878 678 908 sic
693 878 945 920 interpretandus
962 889 1022 918 est;
1048 883 1122 924 quia
1138 890 1243 914 tamen
1260 884 1354 915 etiarn
1370 885 1403 914 in
1419 894 1512 914 sensu

447 923 587 952 secundo
611 932 703 952 verus
726 923 864 960 videtur,
890 932 920 955 et
943 926 1129 958 Thomistae
1153 928 1297 967 Scotum,
1321 929 1353 959 in
1378 929 1389 958 I
1414 929 1512 965 Sem„

448 966 517 996 dist.
535 977 554 1002 1,
572 976 626 1006 qu.
647 977 669 996 11
685 967 710 1003 *,
736 968 795 997 sibi
811 969 951 1000 sentiunt
974 970 1142 1008 infestum;
1167 973 1240 1003 ideo
1264 973 1369 1013 primo
1386 973 1513 1004 afferam

446 1010 532 1040 Scoti
550 1011 744 1051 positionem
760 1019 790 1042 et
805 1014 958 1050 rationes;
984 1017 1137 1055 secundo,
1153 1018 1337 1048 ostendetur
1351 1018 1465 1048 veritas
1480 1017 1511 1054 *;

446 1055 548 1090 tertio,
573 1056 737 1086 solventur
760 1057 882 1088 obiecta
897 1058 923 1088 *.
1064 1055 1069 1061 ¹

500 1099 537 1129 11.
563 1100 666 1130 Tenet
688 1100 783 1140 igitur
806 1102 919 1132 Scotus
944 1105 1042 1143 quod,
1068 1105 1106 1135 de
1122 1106 1264 1146 potentia
1280 1106 1339 1136 Dei
1355 1106 1510 1142 absoluta,

444 1150 550 1183 potest
573 1145 681 1174 beatus
704 1145 810 1176 videre
834 1147 1001 1177 essentiam
1026 1149 1166 1180 divinam
1189 1160 1255 1180 non
1278 1150 1417 1180 videndo
1440 1151 1512 1180 Per-

445 1197 556 1223 sonas,
590 1196 620 1219 et
643 1199 742 1219 unam
766 1190 938 1221 Personam
966 1202 1031 1222 non
1062 1194 1198 1225 videndo
1230 1194 1340 1224 aliam:
1372 1205 1410 1224 eo
1437 1194 1511 1234 quia

443 1239 531 1262 actus
561 1232 679 1263 habens
703 1233 865 1264 obiectum
889 1235 1077 1275 primarium
1100 1248 1118 1268 a
1141 1248 1208 1278 quo
1232 1239 1436 1268 essentialiter
1459 1239 1512 1268 de-

443 1278 575 1317 pendet,
601 1285 631 1308 et
655 1278 816 1310 obiectum
840 1281 1062 1311 secundarium
1086 1291 1103 1311 a
1127 1292 1192 1322 quo
1218 1282 1421 1313 essentialiter
1445 1293 1511 1313 non

443 1322 609 1361 dependet,
629 1329 735 1362 potest
757 1323 916 1353 terminari
940 1325 978 1354 ad
995 1325 1181 1365 primarium
1201 1327 1320 1367 absque
1336 1327 1398 1357 hoc
1422 1328 1511 1366 quod

443 1366 627 1396 terminetur
651 1368 690 1397 ad
713 1367 945 1398 secundarium.
975 1369 1026 1400 Sic
1050 1376 1157 1400 autem
1181 1381 1213 1401 se
1237 1371 1354 1402 habent
1377 1371 1510 1402 essentia

442 1410 548 1440 divina
564 1420 594 1440 et
608 1410 729 1442 trinitas
744 1411 955 1442 Personarum
973 1420 1115 1454 respectu
1132 1415 1263 1446 visionis
1280 1426 1379 1456 quam
1394 1416 1511 1448 habent

442 1455 535 1485 beati.
559 1456 654 1495 Ergo.
678 1474 699 1479 —
723 1456 829 1486 Minor
851 1464 938 1496 patet
961 1467 997 1488 ex
1021 1459 1083 1489 hoc
1107 1461 1196 1500 quod
1220 1460 1299 1491 ratio
1322 1460 1509 1493 visibilitatis

442 1507 472 1530 et
495 1499 685 1531 fruibilitatis
707 1500 741 1531 in
763 1507 829 1531 tota
853 1501 1007 1533 Trinitate
1031 1513 1095 1534 una
1118 1512 1174 1541 est,
1198 1505 1315 1536 scilicet
1338 1506 1446 1541 deitas.

497 1544 550 1574 111.
566 1545 738 1581 Praeterea,
756 1558 770 1573 «
784 1546 875 1576 Pater
885 1546 973 1586 prius
989 1547 1110 1588 origine
1126 1559 1224 1589 quam
1238 1557 1365 1590 generet
1379 1551 1508 1587 Filium,

441 1596 487 1620 est
516 1588 653 1629 perfecte
683 1590 801 1621 beatus.
830 1591 915 1630 Ergo
939 1591 1033 1623 habet
1066 1592 1099 1623 in
1132 1594 1188 1624 illo
1218 1595 1316 1635 priori
1346 1595 1508 1626 obiectum

440 1633 578 1673 perfecte
602 1633 790 1665 beatificans.
817 1634 878 1665 Sed
902 1645 968 1665 non
992 1636 1086 1668 habet
1101 1637 1134 1668 in
1149 1639 1205 1669 illo
1222 1639 1319 1679 priori
1339 1640 1508 1671 essentiam

441 1678 709 1709 communicatam
724 1679 824 1709 tribus
839 1686 875 1709 ut
890 1680 1062 1713 obiectum.
1083 1682 1168 1722 Ergo
1185 1693 1251 1714 non
1269 1691 1315 1715 est
1331 1685 1369 1715 de
1386 1685 1507 1715 ratione

440 1723 591 1754 essentiae
607 1723 731 1753 divinae
748 1730 783 1754 ut
799 1730 845 1754 est
861 1725 1023 1756 obiectum
1038 1726 1230 1764 beatificum,
1248 1729 1337 1769 quod
1354 1729 1508 1760 beatificet

439 1769 632 1809 inquantum
655 1776 702 1799 est
725 1769 960 1800 communicata
983 1770 1092 1802 tribus.
1112 1783 1126 1798 »

494 1813 527 1843 Si
550 1819 682 1852 negetur
705 1813 826 1849 minor,
857 1821 888 1844 et
912 1814 1034 1845 dicatur
1057 1816 1146 1856 quod
1170 1816 1262 1847 Pater
1284 1817 1378 1848 habet
1401 1826 1506 1847 essen-

438 1857 515 1887 tiam
540 1864 574 1887 ut
597 1858 867 1888 communicatam
896 1859 995 1889 tribus
1019 1870 1078 1900 pro
1102 1860 1243 1897 obiecto;
1276 1869 1307 1892 et
1333 1862 1395 1892 hoc
1417 1862 1507 1902 prius

438 1903 616 1932 secundum
639 1902 805 1942 originem,
829 1902 904 1943 quia
928 1903 1022 1934 habet
1036 1905 1098 1936 hoc
1114 1916 1132 1936 a
1147 1915 1179 1936 se
1203 1904 1297 1948 (nihil
1319 1906 1405 1937 enim
1420 1906 1507 1937 aliud

437 1947 589 1986 importat
612 1946 757 1987 prioritas
787 1946 917 1987 originis
940 1957 1038 1989 quam
1062 1960 1079 1980 a
1103 1959 1150 1981 se:
1183 1960 1258 1981 nam
1282 1951 1369 1982 nulla
1394 1959 1440 1982 est
1462 1950 1506 1981 ibi

437 1992 582 2031 prioritas
607 1997 745 2027 naturae,
770 1998 806 2021 ut
828 1991 862 2021 in
884 1991 993 2033 aliquo
1011 1994 1107 2034 priori
1123 2001 1253 2026 naturae
1277 1995 1444 2027 obiiciatur
1460 2006 1506 2026 es-

438 2036 537 2066 sentia
560 2043 596 2066 ut
619 2042 665 2066 est
687 2036 720 2066 in
744 2045 808 2065 una
822 2036 962 2067 Persona
978 2045 1009 2068 et
1023 2049 1089 2069 non
1112 2039 1145 2070 in
1161 2039 1231 2077 alia,
1249 2047 1304 2072 aut
1322 2041 1379 2071 uni
1394 2047 1425 2071 et
1439 2050 1505 2071 non

437 2080 504 2116 alii;
530 2081 585 2111 sed
609 2080 674 2116 uni,
697 2087 775 2120 puta
797 2080 890 2118 Patri,
916 2091 952 2112 ex
975 2092 1023 2120 se,
1049 2083 1131 2115 Filio
1155 2094 1192 2115 ex
1215 2083 1309 2128 alio):
1334 2103 1352 2107 -
1374 2085 1505 2122 Contra,

437 2125 597 2166 quaelibet
618 2126 756 2155 Persona
785 2124 932 2166 intelligit
954 2126 1128 2159 formaliter
1150 2129 1310 2161 intellectu
1341 2136 1377 2161 ut
1403 2137 1450 2161 est
1472 2130 1505 2160 in

437 2170 521 2210 ipsa,
549 2179 615 2200 non
639 2176 675 2199 ut
698 2176 744 2199 est
767 2169 799 2199 in
823 2170 884 2200 alia
907 2180 965 2201 nec
989 2179 1024 2204 ut
1046 2172 1079 2204 in
1101 2172 1211 2205 tribus.
1237 2175 1322 2215 Ergo
1346 2175 1506 2216 quaelibet

436 2215 574 2244 Persona
602 2213 748 2254 intelligit
776 2223 832 2254 per
855 2225 887 2245 se
917 2216 1069 2255 perfecte,
1100 2217 1306 2258 intelligendo
1337 2219 1505 2250 essentiam

438 2266 472 2289 ut
496 2265 542 2289 est
564 2259 597 2288 in
621 2268 653 2288 se
677 2258 861 2289 formaliter.
886 2259 970 2299 Ergo
994 2261 1132 2301 perfecta
1154 2262 1336 2300 intellectio,
1361 2274 1443 2304 quae
1462 2264 1505 2294 ibi

437 2310 483 2334 est
507 2302 657 2339 beatifica,
682 2313 749 2333 non
771 2304 948 2335 necessario
973 2315 1010 2336 ex
1029 2315 1063 2337 se
1077 2307 1210 2347 requirit
1228 2308 1396 2339 essentiam
1420 2315 1456 2339 ut
1470 2308 1504 2338 in

437 2348 547 2378 tribus.
571 2365 591 2370 —
614 2348 813 2379 Antecedens
836 2354 922 2389 patet
946 2359 983 2380 ex
1005 2351 1198 2391 Augustino,
1222 2352 1282 2383 XV
1304 2353 1345 2383 de
1367 2354 1456 2384 Trin.
1471 2353 1503 2383 *ἰ

437 2392 607 2429 Quaelibet
629 2393 767 2424 Persona
789 2392 935 2433 intelligit
950 2394 1010 2424 sibi
1032 2396 1104 2436 ipsi.
1124 2413 1145 2418 -
1169 2395 1408 2438 Consequentia
1431 2408 1504 2438 pro—

437 2438 537 2467 batur.
558 2449 573 2464 «
584 2437 658 2467 Non
674 2439 780 2469 minus
804 2439 844 2469 ad
859 2438 1108 2471 intellectionem
1123 2441 1293 2482 requiritur
1307 2442 1505 2482 intelligibile

436 2491 533 2522 quam
557 2481 743 2514 intellectus.
769 2483 867 2522 Igitur
889 2483 922 2513 in
945 2483 1084 2524 perfecto
1107 2484 1300 2527 intelligente
1324 2497 1361 2517 ex
1380 2497 1413 2517 se
1436 2496 1503 2517 non

435 2526 542 2556 minus
565 2527 735 2568 requiritur
757 2529 846 2568 quod
869 2527 984 2560 habeat
997 2530 1029 2560 in
1047 2539 1079 2560 se
1096 2530 1258 2561 obiectum
1274 2537 1310 2562 ut
1329 2530 1504 2562 formaliter

435 2570 647 2645 {ntelligibilffi
672 2581 770 2612 quarn
794 2573 883 2614 quod
906 2573 1021 2604 habeat
1042 2574 1242 2606 intellectum
1265 2581 1300 2606 ut
1323 2585 1390 2616 quo
1413 2574 1503 2606 intel—

447 2615 520 2655 igat.
540 2627 554 2642 2>

490 2659 531 2688 Et
554 2658 768 2698 confirmatur.
796 2674 811 2688 «
830 2661 914 2698 Quia
942 2661 967 2691 si
993 2662 1083 2693 Pater
1111 2663 1258 2703 intelligit
1287 2662 1428 2694 beatifica
1457 2662 1503 2693 vi-

435 2703 524 2734 sione
550 2704 719 2736 essentiam
743 2712 778 2735 ut
801 2705 834 2736 in
853 2705 952 2742 Filio,
977 2706 1072 2745 igitur
1097 2707 1217 2748 aliquid
1239 2707 1331 2748 quasi
1351 2708 1503 2747 reciperet

435 2758 454 2777 a
469 2747 560 2784 Filio,
578 2748 627 2778 vel
644 2749 682 2779 ab
699 2749 807 2790 aliquo
833 2756 867 2780 ut
888 2750 921 2780 in
944 2750 1037 2782 Filio.
1058 2764 1072 2778 »
1100 2752 1172 2782 Hoc
1196 2758 1242 2782 est
1263 2751 1502 2782 inconveniens.

435 2792 530 2832 Ergo.
553 2810 573 2815 —
598 2792 836 2834 Consequentia
860 2801 946 2834 patet
969 2805 1006 2825 ex
1035 2795 1092 2826 XII
1115 2796 1300 2836 Metaphys.
1322 2795 1355 2826 *t
1380 2795 1501 2827 intelle-

435 2843 503 2867 ctus
519 2837 653 2874 divinus,
667 2837 692 2867 si
715 2837 902 2878 intelligeret
922 2838 1042 2880 aliquid
1064 2846 1148 2871 extra
1171 2850 1213 2876 se,
1229 2840 1405 2877 vilesceret,
1426 2839 1503 2881 quia

434 2888 591 2921 pateretur
614 2882 652 2912 ab
675 2882 872 2922 intelligibili.
896 2901 916 2906 —
941 2883 1121 2915 Destructio
1137 2885 1361 2925 consequentis
1387 2885 1502 2926 proba—

434 2933 494 2956 tur.
516 2926 599 2962 Quia
615 2926 706 2957 Pater
720 2927 947 2966 perfectionem
963 2929 1156 2969 simpliciter,
1173 2929 1403 2960 beatitudinem
1421 2929 1502 2960 scili-

435 2977 493 3006 cet,
510 2970 660 3010 reciperet
675 2981 693 3000 a
708 2971 854 3002 Personis
879 2979 914 3003 ut
933 2973 1074 3010 obiectis,
1090 2974 1140 3004 vel
1163 2974 1202 3004 ab
1219 2974 1327 3014 aliquo
1344 2980 1380 3004 ut
1399 2973 1433 3004 in
1449 2973 1501 3005 tri-

434 3015 508 3044 bus:
529 3021 559 3044 et
575 3022 751 3056 sequuntur
766 3016 831 3046 duo
848 3016 993 3048 absurda.
1009 3017 1163 3054 Primum,
1183 3018 1273 3059 quod
1287 3027 1353 3048 non
1369 3028 1500 3048 omnem

435 3058 663 3098 perfectionem
676 3058 766 3089 Pater
790 3060 884 3090 habet
899 3070 916 3090 a
933 3070 974 3091 se.
992 3061 1186 3098 Secundum,
1203 3062 1293 3103 quod
1311 3071 1377 3092 non
1395 3062 1500 3093 omnis

435 3102 585 3143 perfectio
616 3103 798 3143 simpliciter
828 3111 859 3134 et
882 3105 1053 3136 essentialis
1077 3106 1116 3137 sit
1146 3106 1254 3147 aliquo
1285 3107 1384 3137 modo
1414 3107 1501 3147 prior

435 3147 696 3187 proprietatibus,
728 3148 783 3177 sed
806 3147 911 3189 aliqua
941 3150 1031 3190 quasi
1056 3150 1212 3190 posterior
1234 3150 1310 3191 ipsis
1334 3151 1498 3187 Personis,

434 3198 512 3232 puta
528 3191 587 3222 ista
602 3201 683 3232 quae
699 3198 746 3222 est
761 3193 798 3222 ab
816 3193 940 3223 obiecto
958 3201 993 3224 ut
1008 3194 1040 3224 in
1060 3194 1170 3226 tribus.
1186 3212 1207 3218 -
1224 3195 1311 3225 Haec
1327 3194 1366 3224 de
1381 3195 1498 3235 primo.

490 3235 544 3266 IV.
567 3235 684 3273 Quoad
700 3237 877 3267 secundum
889 3236 915 3273 ’ἥ
933 3237 1008 3278 quia
1023 3238 1136 3269 Scotus
1154 3238 1187 3269 in
1208 3238 1271 3269 hoc
1293 3239 1499 3279 potissimum

434 3290 466 3310 se
491 3279 603 3311 fundat
626 3280 715 3320 quod
739 3281 872 3312 essentia
892 3288 927 3311 ut
950 3282 1095 3313 distincta
1111 3293 1128 3313 a
1145 3282 1364 3323 personalibus
1387 3283 1427 3314 sit
1442 3284 1499 3314 ob-

434 3325 551 3355 iectum
575 3324 755 3355 beatificum
779 3335 845 3355 non
861 3326 967 3355 solum
984 3334 1125 3366 respectu
1141 3334 1309 3363 creaturae,
1330 3328 1385 3358 sed
1399 3327 1499 3368 ipsius

434 3368 509 3405 Dei;
534 3368 660 3404 idcirco,
686 3368 791 3408 primo
815 3370 853 3400 ab
877 3370 948 3410 ipso
972 3371 1042 3400 Deo
1059 3371 1251 3408 inchoando,
1276 3372 1315 3402 ad
1331 3378 1497 3409 creaturas,

434 3412 761 3452 proportionabilitate
795 3421 930 3450 servata,
963 3415 1200 3446 descendemus.
1233 3415 1416 3447 Commune
1453 3423 1499 3447 est

434 3457 619 3487 beatitudini
643 3457 766 3487 divinae
790 3465 820 3489 et
836 3466 956 3490 creatae
971 3459 1060 3499 quod
1070 3460 1226 3490 'consistat
1248 3460 1281 3490 in
1300 3459 1423 3491 visione
1437 3461 1497 3491 Dei

434 3501 524 3531 sicuti
549 3508 603 3532 est.
629 3501 690 3531 Sed
705 3502 743 3531 ad
759 3502 984 3533 beatitudinem
1010 3503 1149 3534 divinam
1171 3504 1243 3544 plus
1259 3504 1375 3544 requiri
1399 3514 1496 3545 quam

1569 351 1608 381 ad
1632 349 1859 380 beatitudinem
1883 349 2113 390 cuiuscumque
2137 356 2294 382 creaturae
2317 362 2355 382 ex
2378 362 2417 383 eo
2436 359 2521 393 patet
2544 351 2632 394 quod

1570 394 1730 425 beatitudo
1755 401 1856 424 creata
1879 403 2062 424 mensuram
2078 395 2269 434 compatitur
2285 394 2428 438 (propter
2443 398 2531 437 quod
2548 405 2632 427 unus

1569 439 1666 469 altero
1687 438 1807 468 beatior
1823 436 1893 480 est),
1909 438 2071 469 beatitudo
2088 444 2196 468 autem
2212 439 2316 470 divina
2332 441 2426 481 exigit
2440 451 2507 471 non
2521 451 2632 482 quam-

1569 492 1708 524 cumque
1738 482 1955 522 cognitionem
1983 482 2121 519 deitatis,
2153 483 2208 512 sed
2231 485 2541 524 comprehensivam:
2566 494 2633 514 non

1569 527 1654 558 enim
1677 527 1850 568 quiesceret
1869 527 2027 568 appetitus
2043 527 2112 564 Dei,
2129 527 2267 567 potentis
2283 529 2550 570 comprehendere
2567 529 2632 559 dei-

1568 579 1675 607 tatem,
1700 571 1725 601 si
1747 571 1835 601 illam
1851 581 1918 602 non
1940 571 2231 612 comprehenderet.
2255 574 2354 603 Actus
2370 583 2445 613 ergo
2469 572 2632 604 beatificus

1568 626 1634 657 quo
1658 616 1744 646 Deus
1764 615 1937 647 formaliter
1960 623 2006 646 est
2028 617 2138 657 beatus
2155 623 2201 646 est
2216 617 2458 656 comprehensio
2473 627 2548 648 suae
2565 617 2630 647 dei-

1568 661 1647 691 tatis.
1674 660 1758 700 Ergo
1782 667 1828 691 est
1844 661 2086 701 comprehensio
2110 660 2232 691 deitatis
2256 669 2322 690 non
2341 661 2448 692 solum
2462 669 2498 693 ut
2521 661 2631 700 deitas,
2649 688 2664 691 -,

1568 705 1623 735 sed
1647 711 1683 735 ut
1710 714 1774 735 una
1797 711 1827 735 et
1850 705 1946 742 trina,
1971 712 2002 735 et
2026 712 2061 736 ut
2083 715 2176 735 causa
2201 705 2305 735 omnis
2329 705 2503 745 possibilis.
2528 713 2585 737 etc.
2609 721 2631 728 -

1568 749 1608 779 Et
1625 748 1839 779 confirmatur.
1871 749 1955 786 Quia
1982 750 2043 780 nisi
2074 749 2316 790 comprehensio
2340 749 2463 780 deitatis
2493 756 2632 790 ponatur

1568 793 1748 830 beatitudo,
1778 801 1833 824 aut
1864 794 1903 824 de
1930 794 2050 825 ratione
2074 794 2293 830 beatitudinis,
2327 800 2510 835 sequeretur
2541 793 2631 834 quod

1566 838 1654 868 Deus
1672 837 1791 878 posset'
1803 847 1869 868 esse
1893 839 2028 870 beatior:
2053 838 2174 870 beatius
2191 838 2276 869 enim
2300 845 2347 868 est
2362 847 2551 878 cognoscere
2567 837 2631 868 dei-

1567 889 1663 913 tatem
1688 882 1947 923 comprehensive
1970 893 2069 924 quam
2092 893 2158 914 non
2182 882 2451 923 comprehensive.

1621 928 1672 957 Ad
1695 927 1756 958 hoc
1781 934 1887 958 autem
1911 929 2000 968 quod
2024 934 2070 958 est
2092 927 2197 958 videre
2221 927 2327 957 Deum
2351 927 2443 957 sicuti
2466 932 2522 962 est,
2542 925 2632 967 quod

1566 971 1681 1002 sufficit
1704 972 1744 1002 ad
1767 971 1994 1003 beatitudinem
2017 979 2192 1008 creaturae,
2223 971 2356 1011 exigitur
2385 971 2475 1011 quod
2497 969 2630 1001 intuitus

1565 1016 1700 1047 videntis
1723 1016 1909 1047 terminetur
1931 1016 1964 1046 in
1986 1017 2092 1047 Deum
2117 1016 2209 1048 sicuti
2232 1023 2278 1046 est
2301 1016 2334 1046 in
2348 1026 2408 1046 suo
2425 1025 2492 1046 esse
2511 1015 2631 1054 absque

1565 1060 1790 1097 abstractione,
1822 1061 1865 1091 ita
1887 1061 1977 1101 quod
2000 1071 2066 1092 non
2090 1060 2143 1092 fiat
2166 1060 2333 1092 abstractio
2360 1067 2490 1090 naturae
2513 1069 2531 1089 a
2554 1069 2630 1099 sup-

1563 1106 1686 1145 posito:
1719 1115 1783 1135 non
1808 1105 1894 1135 enim
1917 1105 2035 1136 videret
2058 1104 2220 1136 Socratem
2250 1105 2341 1135 sicuti
2364 1112 2410 1135 est
2433 1103 2489 1144 qui
2511 1103 2631 1133 videret

1563 1150 1645 1180 hanc
1668 1149 1897 1180 humanitatem
1929 1149 2065 1180 Socratis
2089 1156 2119 1180 et
2142 1159 2207 1180 non
2230 1149 2349 1180 videret
2377 1148 2485 1189 ipsum
2509 1157 2629 1188 suppo-

1564 1195 1661 1224 situm
1685 1193 1830 1224 Socratis.
1855 1194 1895 1224 Et
1917 1193 1979 1224 hoc
2002 1194 2158 1234 exemplo,
2182 1194 2283 1223 immo
2306 1194 2365 1223 hac
2379 1192 2539 1223 inductiva
2563 1201 2629 1222 ma-

1565 1238 1766 1268 nifestatione
1797 1237 1842 1268 uti
1865 1237 1976 1274 debes,
2008 1245 2038 1269 et
2061 1247 2127 1268 non
2151 1238 2217 1268 falli
2246 1237 2280 1269 in
2310 1237 2456 1277 exemplo
2481 1236 2566 1268 Scoti
2590 1237 2629 1266 de

1563 1282 1707 1312 albedine
1724 1289 1753 1313 et
1769 1281 1937 1321 supposito
1954 1282 1987 1311 in
2003 1291 2069 1322 quo
2094 1289 2149 1312 est.
2174 1282 2206 1312 Si
2229 1281 2342 1312 albedo
2359 1288 2438 1312 esset
2457 1280 2630 1311 substantia

1562 1326 1648 1357 illius
1671 1325 1845 1366 suppositi,
1875 1335 1942 1356 non
1964 1325 2123 1357 videretur
2146 1331 2227 1356 certe
2250 1326 2312 1356 hoc
2337 1325 2446 1355 album
2469 1324 2559 1355 sicuti
2583 1330 2630 1355 est

1562 1372 1588 1401 si
1612 1381 1677 1401 non
1700 1371 1858 1401 videretur
1880 1370 2101 1411 suppositum:
2133 1370 2187 1400 sed
2211 1370 2286 1411 quia
2308 1369 2452 1400 accidens
2475 1375 2531 1405 est,
2555 1369 2628 1399 ideo

1563 1415 1653 1446 fauit.

1616 1460 1658 1490 Et
1680 1458 1885 1490 confirmatur
1913 1459 1945 1489 in
1969 1459 2147 1499 proposito.
2173 1458 2258 1496 Quia
2281 1458 2307 1488 si
2329 1458 2416 1489 Deus
2440 1464 2522 1489 esset
2543 1465 2629 1489 uuus

1561 1504 1806 1545 suppositaliter,
1831 1503 1912 1534 sicut
1935 1511 1981 1535 est
1997 1513 2081 1534 unus
2097 1502 2309 1539 essentialiter,
2327 1509 2450 1534 constat
2467 1501 2557 1544 quod
2571 1501 2629 1543 qui

1559 1550 1680 1580 videret
1709 1548 1856 1579 deitatem
1880 1548 1960 1578 hanc
1983 1558 2049 1578 non
2072 1548 2105 1578 in
2135 1558 2202 1579 uno
2225 1548 2406 1589 supposito,
2421 1557 2488 1578 non
2509 1546 2630 1578 videret

1560 1604 1632 1624 eam
1654 1593 1747 1624 sicuti
1770 1600 1826 1629 est,
1850 1602 1908 1623 nec
1931 1599 2012 1623 esset
2034 1593 2160 1624 beatus:
2185 1593 2260 1634 quia
2282 1603 2350 1623 non
2371 1592 2490 1623 videret
2509 1591 2626 1627 Deum,

1559 1638 1686 1679 proprie
1709 1637 1883 1678 loquendo,
1909 1637 1963 1675 sed
1987 1637 2068 1668 hanc
2091 1637 2239 1668 deitatem
2247 1646 2255 1674 ;
2280 1637 2361 1668 sicut
2383 1637 2422 1668 de
2445 1637 2573 1668 Socrate
2596 1641 2628 1668 et

1559 1684 1618 1714 hac
1641 1683 1837 1713 humanitate
1861 1681 1983 1713 dictum
2007 1688 2061 1712 est.

1615 1728 1655 1758 Et
1679 1726 1892 1758 confirmatur.
1918 1725 2002 1763 Quia
2031 1735 2106 1757 cum
2136 1726 2175 1756 de
2205 1725 2408 1756 beatitudinis
2438 1725 2560 1757 ratione
2587 1724 2628 1756 sit

1558 1771 1663 1802 videre
1687 1772 1792 1802 Deum
1815 1770 1908 1801 sicuti
1931 1777 1987 1806 est,
2011 1767 2063 1800 ille
2087 1771 2203 1801 modus
2219 1780 2286 1811 quo
2301 1770 2389 1801 Deus
2409 1777 2455 1801 est
2470 1770 2628 1802 clauditur
2667 1773 2669 1775 ’

1558 1816 1592 1846 in
1621 1817 1691 1847 Deo
1723 1823 1759 1846 ut
1786 1815 1912 1846 obiecto
1943 1815 2087 1846 beatifico
2117 1815 2186 1846 sine
2215 1825 2281 1856 quo
2313 1815 2420 1846 nullus
2449 1815 2626 1847 intellectus

1559 1861 1702 1902 quiescit.
1727 1860 1789 1891 Sed
1811 1860 1922 1890 videns
1944 1859 2025 1890 hanc
2049 1859 2197 1890 deitatem
2211 1860 2245 1890 in
2266 1860 2358 1892 nullo
2382 1860 2551 1901 supposito
2572 1869 2627 1901 aa·

1557 1905 1651 1937 turali
1673 1905 1894 1946 inquietudine
1915 1904 2038 1935 laborat
2060 1905 2229 1945 quomodo
2252 1905 2340 1939 Deus
2361 1905 2401 1936 sit
2421 1905 2522 1936 trinus
2551 1914 2627 1947 sup-

1557 1949 1741 1991 positaliter.
1765 1949 1851 1990 Ergo
1875 1949 1914 1979 de
1937 1948 2058 1979 ratione
2082 1956 2169 1980 actus
2190 1949 2324 1981 beatifici
2341 1956 2387 1980 est
2402 1949 2507 1980 videre
2520 1949 2627 1980 Deum

1559 1994 1650 2026 sicuti
1674 2002 1720 2025 est
1742 1993 1843 2025 trinus
1866 2000 1897 2024 et
1919 2003 2013 2024 unus.

1613 2040 1688 2070 Non
1711 2048 1787 2079 ergo
1811 2048 1848 2069 ex
1871 2037 2083 2068 diminutione
2107 2037 2232 2069 divinae
2255 2038 2426 2079 potentiae,
2450 2039 2505 2070 sed
2519 2049 2557 2071 ex
2579 2043 2627 2070 rai·

1556 2084 1699 2116 tionibus
1721 2083 1934 2115 terminorum
1961 2083 2006 2114 sic
2029 2093 2062 2114 se
2085 2082 2273 2115 habentibus
2301 2083 2338 2115 fit
2365 2089 2401 2114 ut
2429 2084 2627 2125 impossibile

1558 2129 1598 2161 sit
1620 2129 1760 2170 aliquem
1783 2137 1851 2158 esse
1873 2137 1945 2158 vere
1968 2128 2098 2159 beatum
2121 2135 2152 2159 et
2173 2137 2240 2158 non
2254 2128 2361 2159 videre
2375 2129 2482 2160 Deum
2506 2129 2626 2169 uiuunt

1558 2181 1589 2206 et
1604 2183 1716 2205 unum.
1742 2173 1834 2204 Unde
1853 2172 1886 2202 in
1901 2172 2004 2203 littera
2019 2175 2142 2204 Auctor
2158 2171 2237 2204 duas
2251 2172 2371 2206 radices
2386 2173 2496 2214 tetigit.
2520 2174 2626 2208 Prima

1558 2225 1604 2250 est
1627 2218 1702 2260 quia
1725 2217 1812 2248 Deus
1835 2217 1867 2247 in
1891 2217 1997 2258 seipso
2020 2218 2159 2248 videtur:
2188 2218 2276 2259 quod
2299 2217 2435 2260 pertinet
2457 2219 2497 2250 ad
2518 2218 2625 2260 primo

1556 2263 1694 2294 inducta.
1719 2261 1865 2292 Secunda
1881 2268 1928 2292 est
1942 2261 2016 2303 quia
2031 2264 2100 2304 ipsa
2117 2262 2195 2293 visio
2209 2261 2228 2280 ¹⁸
2246 2263 2463 2294 Personarum
2475 2263 2626 2304 perducit

1556 2318 1615 2339 nos
1638 2309 1670 2338 in
1694 2306 1932 2344 beatitudinem,
1957 2306 2038 2338 idest
2060 2306 2196 2348 pertinet
2218 2307 2257 2337 ad
2281 2306 2508 2348 perfectionem
2526 2306 2627 2339 beet}-

1555 2352 1675 2384 tudinis
1690 2358 1831 2382 nostrae:
1847 2352 1938 2392 quod
1951 2351 1985 2382 in
2002 2351 2115 2383 ultima
2130 2350 2373 2383 confirmatione
2388 2352 2520 2384 allatum
2535 2358 2626 2383 est..-

1557 2398 1645 2429 Haec
1669 2397 1708 2427 de
1730 2395 1884 2427 secundo.
2489 2424 2492 2425 γ
2564 2416 2581 2428 «2

1610 2441 1648 2472 V.
1674 2440 1791 2478 Quoad
1815 2439 1942 2471 tertium
1957 2439 1986 2475 ff,
2011 2438 2101 2470 facile
2124 2440 2293 2472 solvuntur
2314 2440 2438 2472 obiecta
2459 2440 2558 2473 Scoti.
2571 2441 2625 2473 Ad

1557 2484 1728 2526 primum*
1744 2484 1857 2515 dicitur
1873 2485 1961 2525 quod
1985 2483 2102 2514 falsum
2121 2484 2301 2520 assumitur,
2319 2484 2436 2517 scilicet
2459 2485 2549 2527 quod
2570 2485 2624 2517 tri-

1557 2529 1637 2561 nitas
1664 2529 1877 2560 Personarum
1901 2530 2020 2569 spectet
2042 2529 2082 2559 ad
2105 2528 2267 2560 obiectum
2290 2529 2512 2561 secundarium
2535 2537 2624 2565 actus

1556 2573 1700 2605 beatifici.
1725 2573 1782 2604 Est
1811 2573 1897 2604 enim
1921 2573 2012 2615 quasi
2041 2579 2114 2613 pars
2141 2573 2257 2605 obiecti
2279 2573 2437 2615 primarii:
2468 2574 2624 2616 quoniam

1556 2626 1603 2650 est
1625 2618 1717 2660 quasi
1731 2627 1803 2658 pars
1827 2618 1923 2649 huius
1939 2618 2029 2659 quod
2045 2618 2128 2654 dico,
2145 2618 2236 2650 Deus
2257 2619 2352 2650 sicuti
2366 2624 2423 2650 est.
2446 2619 2522 2650 Non
2537 2619 2624 2650 enim

1554 2663 1587 2704 ly
1602 2664 1698 2694 sicuti
1713 2668 1760 2694 est
1774 2662 2027 2702 restringendum
2043 2669 2091 2693 est
2105 2662 2145 2694 ad
2159 2662 2355 2694 existentiam
2371 2669 2407 2694 ut
2419 2663 2624 2704 distinguitur

1555 2714 1666 2738 contra
1688 2706 1941 2744 subsistentiam,
1971 2713 2008 2737 ut
2030 2707 2143 2738 Scotus
2166 2706 2272 2748 fingit:
2302 2707 2358 2738 sed
2379 2707 2623 2748 intelligendum

1555 2758 1602 2782 est
1624 2751 1663 2781 de
1686 2750 1775 2781 omni
1799 2751 1899 2781 modo
1923 2751 2123 2787 substantiae,
2144 2757 2208 2781 tarn
2226 2751 2342 2782 scilicet
2356 2751 2508 2783 essentiae
2522 2761 2622 2793 quam

1554 2795 1745 2837 hypostasis.
1779 2794 1934 2837 Alioquin
1965 2802 2045 2826 esset
2074 2795 2154 2826 visio
2186 2795 2337 2835 essentiae
2370 2795 2553 2826 abstractiva
2582 2796 2621 2826 ab

1554 2839 1729 2881 hypostasi,
1754 2845 1794 2876 et,
1819 2839 1851 2869 in
1875 2839 2056 2871 substantiis
2075 2839 2250 2881 loquendo,
2270 2850 2336 2870 non
2353 2846 2435 2870 esset
2448 2849 2521 2871 vere
2539 2839 2620 2884 visio

1554 2884 1715 2915 intuitiva:
1739 2883 1919 2925 hypostasis
1942 2884 2027 2915 enim
2051 2891 2099 2916 est
2121 2884 2231 2915 omnia
2252 2884 2379 2921 faciens,
2400 2890 2431 2915 et
2446 2884 2497 2915 cui
2512 2884 2622 2915 omnia

1554 2929 1747 2965 tribuuntur,
1772 2935 1803 2959 et
1825 2938 1925 2969 quam
1949 2928 2057 2959 omnia
2080 2928 2258 2960 desiderant
2280 2929 2396 2960 videre.

1609 2974 1676 3004 Nec
1700 2979 1809 3004 contra
1832 2973 1914 3004 hanc
1936 2973 2178 3014 responsionem
2201 2973 2315 3004 militat
2337 2972 2490 3013 probatio.
2506 2973 2562 3006 illa
2576 2972 2620 3009 al-

1553 3018 1625 3055 lata,
1650 3017 1767 3048 scilicet
1789 3017 1865 3058 quia
1888 3017 1956 3048 sola
1979 3017 2077 3049 deitas
2104 3024 2150 3048 est
2179 3017 2258 3048 ratio
2285 3017 2426 3054 visibilis,
2450 3024 2509 3049 etc.
2533 3016 2620 3049 Cum

1552 3062 1615 3093 hoc
1639 3061 1725 3093 enim
1747 3062 1836 3103 quod
1855 3062 1924 3102 ipsa
1938 3062 2007 3093 sola
2023 3062 2062 3093 sit
2078 3061 2158 3093 ratio
2175 3061 2309 3093 beatifici
2325 3061 2440 3093 obiecti
2456 3068 2517 3093 stat
2530 3060 2620 3103 quod

1553 3107 1621 3146 ipsa
1645 3116 1710 3137 non
1735 3105 1795 3137 nisi
1818 3113 1854 3138 ut
1870 3116 1934 3137 una
1952 3114 1982 3138 et
2005 3107 2085 3138 trina
2108 3106 2316 3147 personaliter
2337 3105 2404 3137 visa
2425 3106 2511 3137 beet:
2536 3115 2619 3147 quo<

1553 3151 1640 3182 niam
1663 3151 1703 3181 ad
1726 3151 1888 3182 obiectum
1910 3150 2090 3182 beatificum
2114 3161 2180 3181 non
2203 3150 2271 3181 sola
2290 3150 2371 3181 ratio
2385 3150 2499 3182 beandi
2521 3150 2618 3191 exigi-

1552 3203 1613 3232 tur,
1638 3195 1693 3226 sed
1716 3195 1824 3236 ipsum
1846 3196 1957 3232 beans,
1981 3205 2014 3226 se
2037 3195 2156 3226 habens
2180 3202 2215 3226 ut
2233 3195 2327 3236 quod.
2362 3195 2434 3232 Quo
2457 3201 2564 3225 autem
2586 3201 2619 3226 et

1551 3239 1637 3281 quod
1658 3249 1725 3270 non
1748 3246 1823 3270 sunt
1846 3239 1911 3270 duo
1928 3239 2060 3276 obiecta,
2086 3249 2227 3280 quorum
2243 3249 2346 3270 unum
2369 3239 2409 3270 sit
2430 3238 2572 3281 primum
2586 3244 2618 3270 et

1552 3284 1687 3315 alterum
1698 3283 1937 3315 secundarium:
1951 3283 2006 3315 sed
2022 3294 2059 3315 ex
2075 3290 2212 3324 utroque
2228 3283 2319 3324 quasi
2330 3283 2503 3323 integratur
2514 3292 2615 3315 unum

1552 3328 1723 3359 obiectum.

1607 3372 1660 3403 Vl.
1685 3371 1736 3402 Ad
1766 3371 1922 3402 rationem
1945 3378 2053 3403 autem
2084 3371 2170 3403 Scoti
2199 3371 2290 3413 quod
2310 3371 2409 3402 Pater
2426 3371 2523 3412 prius
2551 3371 2615 3401 ori-

1549 3417 1639 3457 gine,
1654 3422 1711 3447 etc.
1724 3415 1751 3452 *,
1769 3415 1882 3446 dicitur
1897 3415 1986 3456 quod
2001 3415 2055 3446 illa
2071 3415 2236 3456 responsio
2252 3421 2299 3446 est
2313 3415 2407 3451 bona,
2421 3415 2510 3456 quod
2524 3415 2615 3445 Pater

1551 3470 1587 3491 ex
1603 3470 1636 3491 se
1656 3467 1702 3491 est
1724 3461 1833 3491 beatus
1857 3459 2156 3501 comprehendendo
2180 3459 2337 3495 deitatem,
2357 3469 2393 3489 ac
2416 3469 2472 3499 per
2487 3458 2549 3489 hoc
2568 3458 2612 3489 vi-

1551 3505 1655 3535 dendo
1673 3514 1743 3535 eam
1758 3504 1791 3535 in
1805 3504 1904 3535 tribus
1921 3511 1951 3535 et
1967 3514 2095 3535 causam
2116 3503 2273 3539 omniurn,
2290 3510 2363 3539 etc.;
2388 3502 2487 3533 Filius
2505 3509 2613 3534 autem

2651 2264 2661 2274 ·
2676 2262 2712 2286 Cf.
2728 2266 2778 2286 not.
2790 2272 2812 2288 κ.

2649 2445 2658 2454 ·
2675 2442 2713 2467 Cf.
2724 2449 2790 2467 nan.
2804 2450 2820 2467 1.

2649 2487 2662 2499 ⁸
2674 2486 2746 2510 Nam.
2759 2493 2786 2510 ει.

2640 3416 2651 3427 ·
2665 3416 2736 3439 Num.
2751 3422 2785 3439 ιιι.
