2892 4056
189 2373 331 2416 -ffin-vz0-

117 2367 188 2416 ἐἷ’ἳὶ

1093 161 1359 208 QUAESTIO
1390 163 1438 210 L,
1468 162 1763 200 ARTICULUS
1793 164 1823 199 lI

2466 163 2538 211 375

1046 275 1376 309 Commentario.
1399 276 1648 309 Cardinalis
1671 277 1869 309 Caietani

396 361 416 382 N
439 352 626 393 quaestione
642 353 915 394 quinquagesima,
932 355 1064 385 articulo
1088 355 1203 395 primo,
1220 355 1356 386 dubium
1373 365 1428 385 oc-

128 393 172 415 ⁸¹¹¹
188 399 248 421 ΜΡ·
263 393 292 415 ³⁴¹
303 399 323 421 ³·
369 363 492 426 Icurrit
516 395 596 426 circa
618 396 697 427 illud
729 397 848 428 dictum
878 398 910 435 *‚
936 398 1052 430 scilicet
1082 399 1170 440 quod
1201 400 1288 440 leges
1305 409 1428 439 ponere

365 449 428 470 non
452 441 598 470 convenit
625 441 699 471 aliis
716 442 948 482 principatibus
975 448 1005 473 et
1021 443 1142 483 populo
1165 444 1227 474 nisi
1253 443 1426 474 secundum

363 484 449 524 quod
464 485 663 524 participant
685 486 807 526 aliquid
828 486 868 516 de
883 487 1042 527 regimine
1065 488 1165 527 regio.
1191 487 1323 517 Videtur
1343 487 1428 517 enim

364 528 565 568 oppositum:
589 529 664 569 quia
687 539 740 559 rex
763 530 928 570 participat
950 530 1119 570 populum,
1136 537 1167 560 et
1189 540 1255 560 non
1271 541 1287 560 e
1305 538 1427 567 contra;

363 571 518 612 quoniam
540 582 594 603 rex
615 571 651 603 fit
673 574 855 604 naturaliter
877 584 895 604 a
918 574 1055 614 populo,
1080 581 1111 604 et
1130 584 1182 604 rex
1205 574 1295 615 quasi
1318 585 1428 614 gerens

362 615 465 646 vicem
487 617 586 647 totius
610 617 722 657 populi
744 617 829 658 leges
852 617 954 658 ponit.

414 660 465 690 Ad
479 660 541 691 hoc
556 660 669 691 dicitur
681 662 779 702 quod,
794 661 867 692 licet
878 661 979 701 prima
995 660 1072 691 facie
1084 661 1226 692 videatur
1237 661 1429 701 distinguen-

364 703 452 740 dum,
473 711 503 735 et
522 705 692 736 dicendum
707 706 796 746 quod
818 704 958 745 regimen
976 704 1097 744 regium
1123 711 1153 735 et
1168 706 1322 746 populare
1341 715 1428 736 com-

363 755 512 787 parantur
529 748 710 789 dupliciter:
735 748 852 779 scilicet
873 748 983 778 ordine
999 748 1134 785 formali,
1151 756 1182 779 et
1197 750 1251 785 sic,
1269 759 1342 780 cum
1359 759 1428 789 per-

362 791 493 823 fectiora
510 793 543 823 in
563 792 687 823 entibus
702 793 764 823 sint
787 792 975 832 exemplaria
989 792 1270 832 imperfectiorum,
1287 793 1428 832 regimen

361 836 496 876 regium,
520 843 632 876 utpote
647 836 922 877 perfectissimum,
940 842 986 866 est
1005 837 1166 876 exemplar
1181 837 1287 867 omnis
1303 837 1428 876 regimi-

362 880 421 916 nis,
437 890 474 911 ac
488 891 545 921 per
559 881 622 912 hoc
644 881 678 911 in
691 880 793 911 littera
809 879 924 910 dicitur
937 880 1027 920 quod
1043 880 1095 910 alii
1110 879 1315 921 principatus,
1333 881 1428 911 etiam

359 923 532 965 popularis,
548 924 708 955 intantum
721 923 806 964 leges
821 930 947 964 ponunt
962 923 1154 964 inquantum
1170 924 1358 964 participant
1378 934 1423 954 re-

362 968 468 1007 gimen
491 967 627 1008 regium;
651 968 701 998 vel
717 967 828 997 ordine
850 967 1071 1007 generationis,
1089 974 1119 998 et
1142 967 1186 997 sic
1209 967 1349 1007 regimen
1369 978 1426 1007 po-

1482 355 1591 395 putare
1615 356 1791 386 secundum
1807 363 1913 386 actum
1937 356 2097 387 electionis
2114 363 2160 386 est
2182 356 2268 396 prius
2284 355 2435 395 regimine
2451 357 2539 396 regis,

1482 406 1517 430 ut
1540 399 1717 430 obiiciendo
1731 399 1867 430 dicitur:
1885 417 1905 422 —
1922 401 1975 430 sed
1995 400 2020 430 si
2045 400 2207 439 diligenter
2226 399 2439 430 consideretur
2454 401 2541 440 quod

1481 443 1592 474 electio
1616 443 1775 483 regiminis
1799 454 1866 474 non
1889 451 1936 474 est
1958 454 2029 484 pars
2053 444 2220 483 regiminis,
2246 444 2299 473 sed
2323 443 2485 483 praevium
2503 445 2541 474 ad

1481 497 1612 517 omnem
1631 487 1768 527 speciem
1792 487 1961 527 regiminis,
1982 489 2020 517 ad
2045 488 2231 518 electionem
2248 487 2404 528 siquidem
2428 487 2541 527 populi

1480 538 1616 570 spectat,
1638 525 1818 561 ⁴secundum
1841 532 1982 562 naturale
2011 532 2077 567 ius,
2102 541 2142 561 an
2165 532 2320 572 populare
2343 541 2383 561 an
2407 531 2541 571 optima-

1481 582 1551 605 tum
1574 585 1613 605 an
1637 575 1739 615 regale
1762 575 1801 606 sit
1824 574 1967 606 futurum
1986 575 2140 615 regimem
2165 576 2327 606 manifeste
2350 582 2435 615 patet
2453 575 2541 615 quod

1480 629 1537 649 nec
1566 619 1660 649 etiam
1686 619 1863 649 secundum
1892 620 2100 659 generationis
2123 620 2267 651 ordinem
2295 619 2405 660 regalis
2427 619 2541 659 princi-

1479 669 1572 702 patus
1589 663 1743 702 dependet
1762 673 1780 693 a
1798 663 1956 703 populari,
1973 663 2028 704 qui
2042 663 2075 693 in
2090 663 2191 694 littera
2205 663 2222 682 *
2238 664 2377 704 populus
2392 670 2540 699 vocatur;

1479 707 1578 746 magis
1602 713 1709 737 autern
1739 706 1999 746 distinguendum
2026 714 2072 738 est
2100 707 2137 737 de
2159 708 2273 748 populi
2303 706 2539 746 significatione.

1480 750 1683 791 Quandoque
1707 750 1792 780 enim
1815 751 1952 781 sumitur
1974 751 2114 791 populus
2131 761 2189 791 pro
2210 751 2360 791 regimine
2379 751 2539 792 populari:

1479 795 1674 834 quandoque
1688 801 1793 824 autem
1810 804 1868 834 pro
1883 794 1954 835 ipso
1969 793 2104 835 populo.
2128 795 2280 835 Regimen
2297 802 2404 826 autem
2419 795 2542 834 regium

1479 848 1497 867 a
1520 838 1634 877 populi
1656 838 1787 878 quidem
1810 839 1962 869 electione
1986 840 2150 879 dependet,
2174 839 2229 879 qui
2253 846 2327 870 vota
2351 849 2407 869 sua
2431 846 2461 870 et
2483 849 2541 879 po—

1479 888 1623 912 testatem
1646 881 1678 911 in
1703 892 1777 912 eum
1804 883 2044 914 transtulerunt:
2069 890 2100 913 et
2123 890 2287 923 propterea
2315 883 2398 913 vices
2428 883 2542 923 populi

1479 934 1585 964 gerere
1609 925 1732 955 dicitur.
1761 926 1835 955 Non
1860 926 2015 965 dependet
2039 933 2146 957 antem
2169 937 2187 956 a
2209 926 2359 966 regimine
2383 926 2540 966 populari,

1481 969 1535 998 sed
1559 978 1575 998 e
1600 975 1724 1004 contra,
1751 975 1784 999 ut
1810 969 1842 999 in
1865 969 1965 1000 littera
1989 970 2117 1006 dicitur;
2151 980 2207 1000 nec
2230 970 2312 1001 vices
2342 970 2425 1000 illius
2453 971 2540 1010 gerit.

1139 1102 1457 1144 ARTICULUS
1487 1102 1787 1144 SECUNDUS

744 1194 901 1225 UTRUM
924 1193 1130 1225 POLITICA
1154 1193 1495 1224 CONVENIENTER
1518 1194 1726 1225 PONATUR
1749 1195 2156 1226 PARS-PRUDENTIAE

821 1272 912 1304 Supra,
932 1279 977 1304 qu.
995 1279 1088 1302 xzvn13
1107 1271 1139 1295 111
1159 1271 1242 1300 Sem„
1262 1271 1320 1296 dist.
1339 1279 1424 1302 xxxin,
1444 1279 1489 1304 qu.
1508 1279 1545 1303 m,
1565 1278 1611 1297 art.
1635 1280 1655 1302 ι,
1675 1272 1724 1304 qu·
1742 1279 1760 1304 4
1767 1279 1774 1303 ;
1794 1272 1827 1296 VI
1848 1272 1942 1301 Ethic..
1962 1272 2020 1297 lect.
2038 1280 2083 1297 vn.

445 1374 453 1397 ι
571 1364 594 1389 D
610 1363 801 1389 SECUNDUM
819 1363 873 1388 Sic
888 1362 1130 1396 PROCEDiTua.
1146 1351 1305 1389 Videtur
1319 1352 1426 1400 quod

410 1410 429 1435 ·ἶ·
471 1407 541 1452 ,sii
571 1405 724 1455 politica
738 1404 1051 1442 inconvenienter
1059 1411 1225 1452 ponatur
1237 1416 1326 1453 pars
1337 1417 1425 1453 pru-

377 1460 415 1506 ’,Ῡ
427 1457 496 1505 >3⁷⁴-
508 1445 736 1500 (dentiae.
781 1458 995 1505 Regnativa
1025 1457 1126 1494 enim
1157 1465 1213 1494 est
1239 1469 1328 1506 pars
1355 1470 1424 1505 po-

380 1505 391 1515 *
416 1507 513 1539 δῖ’-θ’»
528 1505 692 1548 liticae
720 1507 957 1559 prudentiae,
977 1517 1020 1546 ut
1039 1509 1181 1546 dictum
1212 1518 1268 1546 est
1285 1510 1317 1546 ²¹⁸.
1348 1511 1426 1548 Sed

358 1577 447 1614 pars
466 1576 545 1602 non
566 1564 680 1602 debet
698 1563 818 1601 dividi
837 1570 969 1600 contra
987 1570 1123 1600 toturn.
1150 1563 1252 1611 Ergo
1272 1563 1427 1612 politica

358 1630 438 1656 non
466 1617 582 1655 debet
608 1617 701 1667 poni
729 1616 801 1654 alia
828 1616 975 1665 species
1002 1615 1238 1665 prudentiae.

413 1683 449 1709 2.
470 1672 713 1717 Pluinnam,
742 1669 890 1718 species
916 1669 1117 1706 habituum
1148 1669 1426 1717 distinguuntur

357 1725 573 1763 secundum
594 1724 746 1763 diversa
765 1722 926 1760 obiecta.
957 1722 1035 1759 Sed
1055 1723 1191 1760 eadem
1221 1730 1308 1759 sunt
1326 1735 1424 1771 quae

358 1786 512 1828 oportet
530 1785 752 1826 regnantem
772 1775 993 1825 praecipere
1014 1783 1051 1812 et
1065 1775 1261 1813 subditum
1278 1775 1424 1824 exequi.

358 1832 463 1880 Ergo
491 1831 658 1880 politica,
688 1829 901 1867 secundum
929 1828 1036 1877 quod
1067 1828 1229 1877 pertinet
1259 1829 1308 1865 ad
1336 1830 1424 1866 sub-

358 1885 470 1931 ditos,
500 1897 580 1922 non
608 1884 723 1922 debet
749 1882 842 1932 poni
869 1881 1016 1931 species
1043 1881 1267 1930 prudentiae
1297 1882 1425 1919 distin-

359 1946 419 1976 cta
447 1950 470 1974 a
498 1937 705 1986 regnativa.

412 1991 448 2027 3.
492 1991 736 2036 PRAETEREA‚
779 1987 1042 2037 unusquisque
1085 1987 1326 2025 subditorum
1369 1996 1426 2026 est

357 2043 557 2091 singularis
584 2054 762 2092 persona.
794 2042 870 2079 Sed
899 2041 1092 2089 quaelibet
1119 2041 1315 2088 singularis
1339 2054 1423 2090 per-

357 2109 454 2134 sona
495 2096 663 2145 seipsam
706 2094 940 2132 sufficienter
987 2093 1146 2142 dirigere
1187 2102 1313 2143 potest
1354 2107 1425 2143 per

356 2149 601 2199 prudentiam
626 2148 881 2186 communiter
900 2146 1052 2184 dictam.
1084 2147 1185 2194 Ergo
1211 2159 1290 2184 non
1310 2160 1423 2196 opor-

357 2210 410 2240 tet
437 2202 530 2251 poni
558 2202 671 2239 aliam
700 2201 869 2250 speciem
897 2199 1122 2249 prudentiae
1151 2212 1250 2248 quae
1279 2200 1425 2238 dicatur

358 2255 524 2306 politica.
921 2279 923 2282 -

413 2306 487 2345 sen
517 2319 663 2344 CONTRA
688 2318 754 2343 EST
773 2305 876 2354 quod
905 2305 1163 2353 Philosophus
1183 2305 1284 2353 dicit,
1314 2306 1352 2343 in
1371 2306 1422 2343 VI

357 2362 479 2399 Ethic.
499 2360 538 2397 *ε
580 2360 673 2397 Eius
700 2365 826 2396 autem
854 2369 951 2406 quae
983 2358 1084 2394 circa
1113 2358 1298 2396 civitatem
1330 2360 1424 2396 haec

357 2415 507 2464 quidem
543 2419 583 2450 ut
609 2412 897 2450 architectonica
919 2410 1122 2459 prudentia
1150 2411 1424 2460 legispositiva,·

357 2470 452 2506 haec
479 2472 604 2504 autem
633 2477 833 2502 commune
851 2475 986 2501 nomen
1006 2463 1117 2499 habet
1134 2464 1300 2511 politica,
1321 2465 1423 2501 circa

356 2520 571 2571 singularia
600 2519 774 2556 existens.
1218 2568 1225 2574 ι

412 2575 639 2611 RESPONDEO
659 2582 844 2609 mcENDUM
860 2568 964 2618 quod
980 2580 1114 2604 servus
1133 2581 1202 2616 per
1217 2569 1422 2617 imperium

357 2634 536 2665 movetur
573 2639 594 2662 a
632 2625 790 2662 domino
829 2631 866 2659 et
897 2621 1070 2658 subditus
1107 2633 1128 2657 a
1165 2622 1422 2670 principante,

357 2680 463 2717 aliter
483 2688 612 2716 tamen
637 2690 754 2727 quam
783 2674 1013 2713 irrationalia
1041 2681 1078 2710 et
1104 2674 1312 2711 inanimata
1339 2687 1422 2712 mo—

356 2741 520 2770 veantur
539 2745 561 2769 a
580 2731 655 2768 suis
675 2730 900 2768 motoribus.
927 2728 1031 2764 Nam
1052 2726 1258 2765 inanimata
1280 2735 1315 2765 et
1333 2728 1423 2766 irra-

355 2786 512 2824 tionalia
540 2793 703 2833 aguntur
728 2784 854 2821 solum
884 2781 931 2818 ab
961 2779 1047 2826 alio,
1077 2792 1155 2817 non
1184 2789 1312 2818 autem
1340 2781 1422 2830 ipsa

358 2847 475 2888 agunt
511 2838 655 2887 seipsa:
703 2837 793 2886 quia
830 2847 908 2872 non
943 2833 1086 2870 habent
1115 2833 1330 2871 dominium
1364 2835 1421 2871 sui

1477 1358 1584 1388 actus
1612 1363 1681 1400 per
1709 1351 1872 1388 liberum
1906 1352 2113 1389 arbitrium.
2161 1353 2211 1390 Et
2236 1353 2323 1390 ideo
2357 1354 2539 1392 rectitudo

1480 1404 1671 1452 regiminis
1708 1404 1880 1453 ipsorum
1908 1417 1987 1441 non
2025 1413 2080 1442 est
2106 1405 2144 1442 in
2172 1406 2283 1454 ipsis,
2319 1409 2386 1444 sed
2413 1409 2539 1445 solum

1479 1457 1517 1493 in
1535 1457 1760 1494 motoribus.
1790 1458 1868 1495 Sed
1891 1457 2067 1495 homines
2091 1459 2202 1504 servi,
2222 1460 2284 1495 vel
2308 1460 2540 1509 quicumque

1479 1509 1631 1557 subditi,
1661 1510 1712 1546 ita
1731 1518 1892 1558 aguntur
1911 1511 1958 1547 ab
1978 1510 2060 1547 aliis
2079 1523 2148 1559 per
2166 1520 2412 1560 praeceptum
2435 1513 2539 1561 quod

1479 1569 1606 1599 tamen
1636 1570 1752 1610 agunt
1779 1563 1926 1612 seipsos
1953 1575 2022 1611 per
2049 1563 2210 1600 liberum
2240 1565 2447 1602 arbitrium.
2492 1567 2541 1603 Et

1478 1615 1567 1652 ideo
1588 1615 1789 1664 requiritur
1803 1616 1842 1653 in
1862 1616 1915 1653 eis
1934 1616 2124 1664 quaedam
2145 1617 2327 1654 rectitudo
2348 1618 2539 1666 regiminis

1478 1680 1547 1717 per
1575 1681 1692 1717 quam
1721 1669 1867 1718 seipsos
1904 1669 2064 1717 dirigant
2091 1669 2128 1706 in
2157 1670 2374 1708 obediendo
2402 1672 2539 1720 princi-

1478 1722 1629 1770 patibus
1649 1727 1678 1758 α.
1716 1723 1765 1758 Et
1785 1722 1834 1759 ad
1856 1723 1932 1759 hoc
1958 1722 2121 1771 pertinet
2147 1723 2292 1772 species
2315 1725 2537 1773 prudentiae

1478 1786 1577 1822 quae
1605 1775 1758 1823 politica
1785 1783 1955 1812 vocatur.

1530 1830 1590 1864 AD
1618 1840 1755 1865 Palmum
1787 1840 1885 1865 ERGO
1914 1839 2098 1865 DlCENDUM
2126 1829 2231 1877 quod
2268 1829 2365 1866 sicut
2392 1830 2536 1868 dictum

1477 1888 1533 1918 est
1550 1880 1582 1929 *‚
1611 1881 1806 1929 regnativa
1834 1889 1890 1918 est
1908 1881 2183 1930 perfectissima
2201 1882 2347 1930 species
2372 1883 2538 1930 pruden-

1477 1933 1564 1971 tiae.
1593 1935 1642 1971 Et
1668 1934 1756 1971 ideo
1785 1934 1986 1983 prudentia
2013 1934 2262 1982 subditorum,
2293 1947 2391 1984 quae
2412 1936 2539 1974 deficit

1477 1999 1499 2023 a
1526 1987 1728 2035 prudentia
1750 1987 1962 2035 regnafiva,
1993 1987 2127 2024 retinet
2155 1987 2226 2024 sibi
2259 2000 2402 2026 nornen
2431 2002 2536 2027 com-

1476 2052 1606 2087 mune,
1635 2047 1677 2077 ut
1704 2040 1855 2089 politica
1874 2039 1889 2070 β
1918 2041 2082 2077 dicatur:
2111 2040 2206 2077 sicut
2232 2041 2270 2077 in
2289 2041 2419 2089 logicis
2447 2054 2536 2080 con-

1475 2093 1649 2130 vertibile
1687 2094 1792 2142 quod
1829 2106 1908 2130 non
1945 2093 2129 2141 significat
2166 2094 2367 2131 essentiam
2404 2095 2537 2133 retinet

1477 2146 1547 2183 sibi
1577 2159 1783 2183 commune
1813 2158 1955 2183 nomen
1977 2146 2137 2194 proprii.

1529 2201 1588 2237 An
1607 2211 1798 2237 SECUNDUM
1817 2211 2001 2236 mci-:NDUM
2021 2200 2126 2246 quod
2146 2199 2296 2237 diversa
2316 2199 2410 2236 ratio
2432 2201 2535 2237 obie-

1477 2252 1524 2288 cti
1545 2252 1775 2290 diversificat
1792 2252 1965 2289 habitum
1993 2251 2206 2288 secundum
2225 2252 2406 2300 speciem,
2427 2262 2466 2290 ut
2491 2266 2535 2290 ex

1476 2305 1700 2353 supradictis
1718 2305 1739 2327 ’¹‘
1765 2313 1878 2354 patet.
1927 2305 2074 2341 Eadem
2104 2312 2232 2341 autem
2266 2306 2414 2353 agenda
2446 2319 2535 2343 con-

1476 2358 1691 2395 siderantur
1714 2358 1870 2406 quidem
1905 2370 1927 2394 a
1955 2370 2042 2405 rege
2061 2363 2077 2386 Υ
2105 2358 2315 2394 secundum
2343 2358 2535 2396 universa-

1476 2410 1611 2447 liorem
1640 2411 1824 2447 rationem
1854 2423 1970 2458 quam
2007 2411 2293 2456 considerentur
2319 2423 2342 2447 a
2370 2412 2533 2460 subdito,

1476 2464 1540 2512 qui
1561 2463 1706 2500 obedit:
1730 2464 1795 2500 uni
1818 2464 1919 2500 enim
1940 2463 2017 2510 regi
2037 2463 2074 2500 in
2095 2463 2254 2500 diversis
2274 2464 2409 2501 officiis
2428 2466 2533 2502 multi

1475 2516 1670 2553 obediunt.
1701 2517 1750 2552 Et
1769 2516 1856 2552 ideo
1886 2516 2079 2562 regnativa
2100 2524 2341 2564 comparatur
2359 2517 2408 2554 ad
2435 2518 2534 2554 hanc

1475 2569 1668 2617 politicam
1685 2569 1732 2606 de
1749 2581 1823 2617 qua
1838 2569 2034 2616 loquimur
2054 2568 2150 2604 sicut
2169 2581 2229 2605 ars
2244 2569 2533 2607 architectonica

1476 2623 1524 2659 ad
1554 2634 1639 2658 eam
1669 2634 1768 2670 quae
1797 2633 1913 2658 manu
1943 2628 2122 2669 operatur
2139 2621 2169 2657 ²¹².

1528 2677 1586 2711 AD
1596 2686 1756 2711 TERTmM
1771 2678 1954 2711 DICENDU‘M
1970 2673 2073 2722 quod
2087 2686 2157 2722 per
2170 2674 2409 2722 prudentiam
2427 2687 2531 2712 com-

1476 2727 1641 2764 muniter
1659 2727 1797 2764 dictam
1825 2727 1917 2774 regit
1945 2727 2064 2763 homo
2085 2726 2252 2774 seipsum
2274 2726 2311 2763 in
2331 2727 2462 2764 ordine
2483 2729 2530 2765 ad

1475 2781 1672 2830 proprium
1701 2781 1866 2817 bonum:
1904 2792 1972 2828 per
1999 2779 2191 2828 politicam
2225 2787 2352 2816 autem
2380 2780 2427 2817 de
2456 2793 2531 2829 qua

1473 2834 1677 2883 loquimur,
1709 2834 1746 2870 in
1775 2832 1909 2880 ordine
1937 2832 1986 2869 ad
2014 2833 2161 2868 bonum
2191 2844 2409 2869 commune.

411 2970 438 3002 α)
454 2968 660 3000 principatibus.
677 2981 697 2987 -
710 2969 926 3001 principantibus
945 2970 1083 2995 PDGKaa.

411 3003 438 3038 β)
456 3004 577 3036 politica.
591 3017 609 3022 -
622 3004 772 3036 prudentia
790 3005 828 3029 Pa
847 3010 873 3029 et
891 3005 1001 3030 codices.

1529 2966 1556 2999 γ)
1571 2964 1678 2998 quidem
1696 2972 1714 2989 a
1732 2971 1806 2997 rege.
1823 2978 1842 2983 -·
1858 2972 1876 2988 a
1894 2971 1958 2997 rege
1976 2963 2080 2996 quidem
2099 2963 2168 2995 Dpn.

1037 3083 1369 3116 Commentario.
1392 3079 1643 3112 cardinalis
1666 3078 1866 3111 Caietam

388 3175 408 3196 N
432 3164 564 3195 articulo
588 3164 739 3200 secundo,
763 3163 796 3194 in
812 3163 1016 3204 responsione
1033 3163 1072 3193 ad
1088 3162 1274 3198 secundum,
1294 3161 1419 3191 adverte

361 3177 478 3250 Iquod
502 3207 639 3248 politica,
664 3217 745 3248 quae
769 3207 858 3248 quasi
882 3207 1037 3238 manualis
1061 3214 1117 3243 est,
1142 3216 1208 3237 non
1232 3205 1338 3241 unius,
1362 3205 1418 3235 sed

358 3253 532 3283 multarum
562 3258 608 3282 est
631 3251 823 3292 specierum,
853 3251 938 3282 iuxta
967 3250 1203 3282 multitudinem
1234 3248 1418 3280 formalium

358 3297 497 3337 partium
520 3295 665 3327 civitatis:
698 3295 778 3326 sicut
801 3295 926 3327 nautica
956 3295 1158 3335 distinguitur
1180 3294 1213 3324 in
1236 3303 1306 3324 earn
1336 3302 1418 3334 quae

359 3341 437 3381 regit
469 3347 632 3371 temonem
656 3347 686 3371 et
716 3349 786 3370 earn
816 3349 900 3380 quae
934 3339 1012 3380 regit
1042 3349 1165 3375 remos,
1197 3344 1255 3370 etc.
1286 3338 1417 3377 Propter

1471 3159 1658 3190 huiusmodi
1674 3159 1758 3190 enim
1775 3158 1984 3189 diversitatem
2001 3157 2137 3188 diximus
2153 3157 2296 3198 superius
2311 3157 2337 3194 *‚
2355 3167 2391 3188 ex
2413 3157 2531 3188 Aristo-
2556 3160 2565 3169 ⁸
2579 3159 2626 3187 Qu.
2637 3165 2707 3185 nvn,
2724 3163 2765 3180 m·

1471 3204 1541 3240 tele,
1566 3213 1632 3234 esse
1655 3210 1703 3234 tot
1719 3213 1832 3243 genera
1846 3202 2016 3233 virtutum:
2041 3201 2142 3232 simile
2166 3202 2251 3232 enim
2267 3208 2313 3232 est
2331 3201 2364 3231 in
2380 3201 2530 3232 omnibus
2556 3192 2563 3207 ¹

1470 3247 1664 3278 huiusmodi.
1689 3248 1821 3288 Propter
1835 3246 1924 3287 quod
1940 3246 2035 3277 etiam
2051 3246 2258 3277 oeconomica
2281 3246 2313 3276 in
2329 3245 2444 3275 multas
2460 3255 2529 3286 spe-

1471 3292 1532 3323 cies
1556 3291 1714 3328 dividitur,
1740 3291 1850 3322 eadem
1866 3290 1998 3329 ratione,
2014 3297 2143 3330 propter
2166 3290 2301 3320 diversas
2325 3289 2441 3320 scilicet
2459 3299 2529 3330 par-

1470 3344 1516 3367 tes
1539 3335 1696 3366 formales.

2569 662 2579 672 ⁸
2593 662 2648 688 Arg.
2662 667 2683 690 3.

2565 1892 2575 1902 ⁸
2589 1892 2639 1913 Art.
2658 1892 2761 1918 praeced.

2563 2316 2572 2325 ⁸
2605 2321 2626 2336 u.
2632 2321 2700 2341 nvn,
2707 2320 2748 2337 art.
2753 2322 2772 2343 52

2562 2341 2586 2362 1ι
2622 2341 2654 2368 ⁸⁸³,
2672 2348 2710 2368 qu.
2727 2349 2772 2368 uv,

2562 2371 2604 2389 art.
2617 2374 2638 2390 2.

2559 2616 2569 2625 ⁸
2585 2615 2621 2637 cf.
2636 2622 2674 2643 qu.
2692 2622 2753 2637 xcvii
2763 2633 2769 2642 ,

2558 2646 2600 2663 art.
2616 2648 2645 2663 12.
