2892 4056
146 1008 156 1018 ⁸
171 1007 198 1028 D.
214 1013 274 1034 ¹047.

133 2901 142 2911 ⁴
158 2900 224 2923 Vers.
238 2908 257 2929 5.

389 189 464 235 334

440 268 664 303 RESPONDEO
685 279 868 304 DtCENDUM
894 267 1011 315 quod,
1029 279 1115 303 cum
1134 275 1338 316 praecepta
1354 268 1445 305 den—

385 327 445 355 tur
465 325 482 340 ²
502 320 548 356 de
573 319 717 356 actibus
741 320 934 366 virtutum,
955 320 1030 355 hoc
1055 331 1142 366 ergo
1169 319 1288 356 modo
1312 321 1445 369 aliquis

386 379 491 408 actus
525 372 624 409 cadit
661 373 730 408 sub
759 380 978 420 praeceptO,
1009 371 1222 408 secundum
1251 373 1356 420 quod
1391 381 1446 410 est

386 433 490 461 actus
508 425 663 462 virtutis.
701 424 917 472 Requiritur
937 431 1064 460 autem
1084 424 1132 460 ad
1152 432 1279 462 actum
1299 425 1445 462 virtutis

386 490 463 514 non
488 479 612 514 solum
633 477 737 526 quod
767 477 875 513 cadat
903 489 1017 524 super
1042 476 1206 514 debitam
1233 478 1458 525 materiam,·

385 530 453 567 sed
482 530 594 567 etiarn
615 530 719 577 quod
737 530 918 567 vestiatur
938 527 952 558 β
981 529 1115 566 debitis
1144 530 1444 578 circumstantiis,

386 583 522 631 quibus
564 583 609 619 sit
648 582 958 630 proportionatus
995 581 1058 618 tali
1099 583 1293 619 materiae.
1340 584 1444 620 Deus

385 643 512 672 autem
533 643 587 671 est
606 630 816 682 diligendus
845 634 939 671 sicut
967 634 1054 671 finis
1074 635 1239 682 ultimus,
1260 635 1308 672 ad
1328 648 1444 683 quem

385 689 514 724 omnia
534 695 619 724 sunt
648 687 855 724 referenda.
887 688 935 724 Et
953 687 1040 724 ideo
1070 687 1232 724 totalitas
1253 688 1444 736 quaedam

384 741 449 777 fuit
486 740 717 788 designanda
746 740 843 776 circa
881 747 1128 789 praeceptum
1166 740 1213 777 de
1243 740 1444 778 dilectione

384 793 468 829 Dei.

434 847 493 882 An
513 857 649 882 patmum
677 857 775 882 ERGO
795 857 979 882 DicENDUM
1005 845 1111 893 quod
1139 846 1210 882 sub
1238 854 1443 895 praecepto

383 898 486 946 quod
516 899 625 935 datur
653 898 700 935 de
738 906 824 935 actu
856 898 1012 935 alicuius
1040 898 1186 935 virtutis
1231 911 1310 936 non
1347 899 1445 937 cadit

382 951 522 987 modus
551 963 668 999 quem
702 952 817 988 habet
853 951 914 987 ille
942 958 1047 988 actus
1077 963 1122 988 ex
1150 951 1222 988 alia
1257 952 1444 1001 superiori

381 1003 517 1040 virtute
536 1004 567 1040 *.
598 1004 709 1041 Cadit
736 1012 866 1041 tamen
886 1004 957 1041 sub
984 1011 1190 1053 praecepto
1213 1005 1353 1042 modus
1381 1005 1442 1042 ille

382 1056 443 1104 qui
462 1057 625 1105 pertinet
643 1058 692 1094 ad
713 1057 897 1094 rationem
916 1056 1094 1106 propriae
1113 1057 1272 1094 virtutis.
1294 1059 1342 1095 Et
1362 1058 1443 1095 talis

382 1109 520 1146 modus
549 1109 780 1157 significatur
808 1122 896 1146 cum
926 1110 1070 1156 dicitur,
1100 1122 1150 1146 ex
1178 1116 1250 1147 toto
1278 1112 1400 1148 corde.

433 1222 460 1255 α)
479 1229 539 1247 cum
554 1226 700 1254 praecepta
718 1222 825 1248 dentur.
842 1236 860 1242 -
877 1230 937 1248 cum
951 1227 1098 1255 praecepta
1116 1224 1217 1248 dantur
1236 1224 1298 1255 Hlss,
1314 1224 1442 1249 sicut=di-

330 1283 332 1286 ,
379 1261 450 1283 ctum
469 1261 509 1282 est
521 1261 668 1290 praecepta
686 1257 787 1282 dantur
806 1258 843 1288 G;
863 1265 929 1291 ergo
947 1266 1000 1282 om.
1021 1259 1087 1283 PsK.

1062 189 1328 236 QUAESTIO
1358 191 1498 238 XLIV,
1527 191 1824 228 ARTICULUS
1853 192 1888 228 V

1551 271 1609 304 AD
1630 280 1821 305 SECUNDUM
1841 280 2025 306 D1CEND1JM
2045 271 2151 319 quod
2171 272 2368 320 dupliciter
2383 274 2563 323 contingit

1471 382 1473 420 ξ
1498 373 1536 409 in
1557 381 1654 421 actu,
1675 373 1770 410 idest
1789 382 1830 410 ut
1848 381 1971 412 totum
1991 387 2058 411 cor
2076 376 2242 413 hominis
2263 390 2416 427 semper
2434 388 2560 417 actua-

1471 449 1473 452 ·
1498 425 1579 462 liter
1607 426 1645 462 in
1675 427 1802 463 Deum
1831 427 1981 464 feratur.
2030 428 2079 464 Et
2106 428 2175 464 ista
2203 437 2258 466 est
2285 432 2466 479 perfectio
2495 445 2560 481 pa-

1498 478 1601 514 triae.
1622 499 1646 506 -
1684 479 1770 515 Alio
1807 481 1946 527 modo,
1984 487 2025 516 ut
2061 480 2299 519 habitualiter
2335 491 2456 520 totum
2495 497 2560 521 cor

1498 531 1664 571 hominis
1692 531 1730 568 in
1749 533 1876 569 Deum
1906 533 2065 570 feratur:
2094 533 2144 570 ita
2172 534 2312 572 scilicet
2339 537 2444 585 quod
2468 537 2559 574 nihil

1500 591 1630 620 contra
1657 584 1729 621 Dei
1757 584 1997 622 dilectionem
2028 598 2093 623 cor
2120 587 2284 625 hominis
2313 588 2475 638 recipiat.
2511 591 2560 627 Et

1498 637 1593 672 haec
1613 644 1669 673 est
1686 637 1867 685 perfectio
1887 639 1985 676 viae.
2016 638 2088 688 Cui
2107 651 2187 676 non
2206 641 2454 680 contrariatur
2471 655 2559 692 pec-

1499 696 1626 726 catum
1654 690 1818 727 veniale:
1847 691 1936 740 quia
1964 704 2043 728 non
2067 692 2158 728 tollit
2186 693 2360 730 habitum
2386 694 2558 743 caritatis,

1498 754 1586 778 cum
1624 754 1702 779 non
1740 744 1870 781 tendat
1905 744 1944 781 in
1972 745 2193 793 oppositum
2231 746 2445 793 obiectum;
2492 748 2559 786 sed

1498 796 1624 831 solum
1652 794 1810 844 impedit
1838 797 1999 834 caritatis
2025 810 2152 834 usum.

1550 850 1609 884 An
1637 859 1796 886 TERTttJM
1829 861 2013 888 mcENDUM
2046 852 2151 899 quod
2184 851 2366 900 perfectio
2400 852 2560 890 caritatis

1497 901 1546 937 ad
1566 912 1682 949 quam
1702 902 1924 940 ordinantur
1944 903 2100 940 consilia
2129 912 2185 941 est
2208 904 2336 942 media
2354 904 2450 942 inter
2465 905 2560 943 duas

1495 953 1747 1002 perfectiones
1765 955 1978 1004 praedictas
1999 957 2034 993 *ε
2064 964 2105 993 ut
2130 957 2269 994 scilicet
2287 958 2419 1005 homo,
2441 970 2560 1007 quan-

1496 1014 1576 1043 tum
1602 1007 1782 1055 possibile
1812 1015 1886 1055 est,
1921 1021 1962 1046 se
1995 1010 2186 1046 abstrahat
2214 1022 2235 1047 a
2265 1011 2377 1048 rebus
2412 1018 2560 1059 tempo-

1497 1059 1637 1096 ralibus
1667 1060 1781 1097 etiam
1810 1060 1937 1110 licitis,
1967 1074 2081 1110 quae,
2111 1063 2339 1112 occupando
2373 1064 2558 1112 animum,

1497 1112 1711 1160 impediunt
1739 1114 1924 1150 actualem
1953 1122 2102 1152 motum
2131 1110 2255 1153 cordis
2282 1116 2321 1154 in
2349 1118 2489 1154 Deum.

1552 1224 1577 1258 β)
1597 1226 1735 1251 vestiatur.
1752 1239 1771 1244 -
1789 1226 1916 1251 vestietur
1934 1226 2099 1252 ABEFHLR.

1052 1337 1387 1371 Commentariis
1407 1339 1660 1372 cardinalis
1681 1339 1884 1372 Caietani

409 1428 429 1448 N
453 1418 584 1449 articulo
607 1424 731 1458 quarto,
756 1417 882 1448 omissis
906 1417 1046 1448 secundo
1071 1425 1102 1448 et
1124 1418 1226 1454 tertio,
1249 1424 1325 1448 nota
1348 1419 1438 1459 quod

383 1431 442 1492 lin
459 1469 530 1493 actu
546 1462 668 1493 virtutis
683 1461 862 1492 invenimus
877 1462 949 1492 tria:
975 1462 1091 1493 scilicet
1111 1462 1318 1493 substantiam
1335 1469 1439 1499 actus;

379 1507 514 1537 modum
530 1507 597 1537 eius
613 1506 833 1543 intrinsecum;
851 1513 882 1536 et
900 1507 1035 1537 modum
1052 1506 1272 1537 extrinsecum.
1296 1507 1441 1547 Exempli

378 1551 490 1591 gratia,
513 1551 547 1581 in
570 1557 641 1581 actu
665 1561 731 1592 quo
761 1550 936 1581 honoratur
959 1558 1046 1591 pater
1068 1557 1114 1581 est
1136 1551 1240 1591 primo
1268 1551 1441 1582 substantia

379 1602 475 1637 actus,
500 1595 555 1636 qui
579 1602 625 1626 est
647 1595 715 1635 ipsa
737 1595 907 1626 honoratio
933 1605 988 1626 seu
1012 1595 1190 1626 subventio.
1221 1596 1278 1625 Est
1299 1596 1439 1626 secundo

378 1639 536 1680 quantitas
560 1646 656 1675 actus,
682 1639 799 1670 scilicet
822 1646 907 1670 tanta
922 1640 971 1670 vel
994 1639 1242 1680 proportionalis
1261 1640 1438 1676 subventio,

378 1684 495 1714 scilicet
518 1690 553 1714 ut
577 1684 665 1714 decet
686 1683 789 1714 filium
813 1683 856 1714 sic
880 1683 1090 1714 constitutum
1121 1690 1264 1724 respectu
1287 1683 1383 1724 patris
1406 1684 1439 1714 in

378 1728 431 1758 tali
455 1727 602 1758 articulo:
627 1734 658 1758 et
673 1727 734 1758 hoc
751 1734 782 1758 et
804 1727 919 1758 similia
933 1735 1088 1758 vocantur
1110 1728 1226 1758 modus
1242 1727 1438 1759 intrinsecus.

377 1772 433 1803 Est
460 1771 551 1802 tertio
585 1772 665 1802 ordo
696 1771 785 1802 istius
810 1779 896 1802 actus
923 1772 963 1801 ad
995 1772 1129 1802 alterum
1161 1771 1272 1807 finem,
1297 1778 1374 1812 puta
1402 1782 1439 1802 ex

378 1816 502 1846 caritate
526 1825 581 1846 seu
605 1821 734 1856 propter
750 1816 856 1846 Deum
871 1815 1029 1846 honorare
1045 1822 1181 1855 patrem:
1207 1823 1237 1846 et
1252 1815 1438 1847 huiusmodi

376 1860 543 1891 relationes
566 1866 720 1891 vocantur
750 1860 867 1890 modus
891 1860 1092 1891 extrinsecus.
1121 1860 1162 1890 Et
1184 1859 1263 1890 ratio
1295 1867 1341 1891 est
1364 1861 1439 1901 quia

376 1905 627 1935 circumstantiae
650 1904 726 1934 istae
749 1911 956 1944 apponuntur
974 1905 1057 1935 actui
1081 1914 1118 1935 ex
1142 1911 1286 1934 extranea
1305 1904 1437 1936 virtute:

375 1949 445 1979 illae
477 1955 585 1979 autem
609 1949 647 1978 ab
670 1948 790 1979 illamet
817 1948 931 1979 virtute
955 1949 1006 1980 cui
1030 1955 1076 1979 est
1099 1948 1246 1989 proprius
1277 1956 1374 1980 actus.
1398 1949 1439 1980 Et

375 1999 542 2034 propterea
566 1992 817 2024 circumstantiae
848 1993 919 2023 illae
943 2003 1024 2034 quae
1049 2003 1114 2023 non
1139 1993 1306 2024 extrahunt
1331 2000 1438 2024 actum

376 2047 393 2067 a
422 2037 549 2077 propria
582 2037 696 2067 virtute
728 2037 766 2067 ad
795 2037 929 2067 modum
957 2037 1163 2068 intrinsecum
1194 2043 1350 2077 spectant:
1382 2037 1438 2068 cir-

376 2081 581 2112 cumstantiae
613 2087 720 2111 autem
743 2091 825 2122 quae
849 2082 887 2111 ad
912 2082 1041 2112 alteram
1072 2081 1200 2112 trahunt
1222 2081 1371 2112 virtutem
1399 2082 1438 2112 ad

375 2126 584 2157 extrinsecum
607 2126 744 2156 modum
767 2132 918 2165 spectant.

428 2170 463 2200 In
486 2169 653 2210 proposito
682 2169 787 2210 igitur,
812 2170 845 2200 in
869 2169 1038 2200 dilectione
1069 2169 1128 2200 Dei
1152 2170 1325 2201 substantia
1349 2177 1437 2201 actus

374 2221 420 2244 est
443 2213 570 2254 diligere
594 2214 716 2244 Deum:
748 2214 864 2244 modus
889 2221 996 2245 autem
1025 2213 1093 2244 eius
1118 2221 1164 2244 est
1188 2224 1224 2244 ex
1247 2220 1316 2245 toto
1342 2214 1436 2245 corde

373 2258 480 2298 ipsum
510 2258 647 2298 diligere.
680 2258 720 2288 Et
743 2258 819 2299 quia
845 2258 923 2289 haec
953 2258 1095 2288 conditio
1126 2265 1234 2294 actus,
1260 2257 1377 2288 scilicet
1400 2268 1436 2288 ex

373 2309 441 2333 toto
466 2303 577 2339 corde,
602 2312 668 2332 non
699 2302 793 2333 trahit
816 2309 923 2332 actum
954 2309 1038 2332 extra
1066 2302 1215 2332 virtutem
1240 2301 1389 2338 caritatis,
1419 2312 1436 2332 a

373 2356 436 2387 qua
459 2353 505 2377 est
528 2346 672 2382 dilectio;
697 2346 772 2387 quia
796 2356 862 2376 non
892 2346 935 2376 sic
959 2356 992 2376 se
1014 2346 1110 2376 habet
1137 2346 1227 2386 quod
1250 2355 1286 2376 ex
1309 2346 1434 2376 caritate

373 2390 519 2430 provenit
538 2390 666 2430 diligere
691 2391 797 2421 Deum
821 2397 851 2420 et
874 2400 911 2420 ex
934 2390 994 2420 alia
1016 2389 1130 2420 virtute
1154 2390 1281 2430 diligere
1305 2399 1342 2420 ex
1365 2397 1434 2420 toto

373 2435 466 2465 corde
496 2444 592 2470 eum,
624 2434 678 2464 sed
717 2441 888 2475 utrumque
922 2434 1067 2474 provenit
1097 2444 1134 2464 ex
1169 2444 1233 2464 una
1264 2441 1294 2464 et
1324 2434 1435 2464 eadem

1493 1419 1635 1450 caritate:
1660 1419 1733 1450 ideo
1757 1419 1898 1451 conditio
1922 1419 1981 1451 ista
2003 1420 2120 1451 modus
2140 1420 2327 1452 intrinsecus
2351 1429 2398 1453 est
2422 1423 2559 1455 dilectio-

1493 1464 1541 1494 nis
1566 1463 1635 1494 Dei.
1969 1501 1971 1505 Α

1546 1507 1683 1548 Oportet
1710 1517 1842 1548 quoque
1871 1518 1965 1539 nosse
1988 1509 2078 1549 quod
2106 1509 2224 1540 modus
2250 1509 2438 1541 intrinsecus
2468 1518 2558 1544 actus

1492 1552 1625 1583 virtuosi
1649 1558 1695 1582 est
1711 1552 1842 1592 duplex:
1866 1553 1999 1593 quidam
2015 1553 2081 1583 sine
2105 1563 2171 1594 quo
2194 1553 2355 1585 virtuosus
2369 1565 2438 1585 non
2461 1563 2557 1594 essen

1492 1596 1624 1637 quidam
1639 1596 1771 1627 reddens
1795 1602 1901 1627 actum
1916 1597 2148 1637 prefectiorem.
2177 1597 2370 1638 Exemplum
2393 1599 2506 1640 primi:
2525 1601 2557 1636 ,si

1491 1640 1576 1671 filius
1600 1640 1780 1671 subveniret
1803 1640 1934 1681 quidem
1957 1642 2047 1682 patri,
2072 1642 2128 1672 sed
2150 1651 2217 1672 non
2240 1649 2398 1683 quantum
2422 1650 2556 1678 tenetur.

1491 1685 1683 1725 Exemplum
1706 1684 1852 1715 secundi:
1877 1685 1903 1715 si
1926 1684 2009 1716 filius
2030 1685 2210 1724 subveniret
2233 1686 2313 1726 patri
2330 1695 2487 1728 quantum
2511 1696 2555 1720 te-

1490 1735 1591 1764 netur,
1617 1729 1671 1759 sed
1695 1739 1761 1759 non
1785 1739 1859 1759 cum
1882 1729 1936 1759 illa
1958 1729 2212 1770 promptitudine
2242 1740 2306 1771 qua
2330 1731 2466 1764 deberet.

1544 1773 1627 1803 Inter
1641 1773 1700 1803 hos
1717 1779 1824 1803 autem
1839 1773 1955 1804 modos
1972 1774 2111 1804 haec'est
2127 1773 2309 1811 differentia,
2327 1776 2416 1816 quod
2438 1778 2556 1808 modus

1490 1816 1681 1847 extrinsecus
1697 1827 1763 1847 non
1780 1817 1862 1847 cadit
1876 1818 1935 1848 sub
1959 1825 2127 1858 praecepto
2149 1818 2279 1858 proprio
2297 1819 2383 1850 iuius
2398 1827 2500 1852 actus:
2520 1828 2557 1853 ut

1489 1861 1522 1890 in
1537 1861 1639 1891 littera
1663 1861 1785 1898 dicitur,
1802 1861 1835 1891 in
1850 1862 2058 1901 responsione
2077 1863 2117 1892 ad
2132 1862 2283 1903 primum.
2307 1864 2426 1895 Modus
2448 1872 2556 1897 autem

1489 1905 1678 1936 intrinsecus
1693 1905 1761 1936 sine
1784 1915 1850 1946 quo
1867 1913 1955 1937 actus
1977 1916 2046 1937 non
2061 1913 2107 1938 est
2129 1906 2290 1938 virtuosus
2313 1908 2395 1939 cadit
2415 1910 2474 1940 sub
2498 1909 2555 1941 illo

1490 1956 1673 1990 praecepto:
1699 1957 1734 1980 ut
1757 1949 1877 1980 ibidem
1901 1957 1931 1981 et
1953 1950 1985 1980 in
2011 1960 2143 1991 corpore
2168 1950 2290 1982 dicitur.
2315 1951 2432 1983 Modus
2449 1955 2556 1985 autem

1490 1992 1654 2034 perficiens
1678 1994 1717 2024 ad
1736 1993 1833 2024 finem
1849 1995 2006 2035 praecepti
2031 2001 2165 2035 spectat:
2191 1995 2231 2025 ad
2253 1995 2315 2025 hoc
2345 1996 2431 2027 enim
2454 1998 2556 2030 tendit

1490 2045 1675 2078 praeceptor
1698 2045 1734 2068 ut
1756 2037 1893 2078 perfecte
1922 2038 2093 2079 impleatur
2121 2040 2210 2080 quod
2233 2039 2433 2080 praecipitur.

1546 2082 1648 2118 Unde,
1673 2082 1706 2112 in
1729 2082 1907 2122 proposito,
1932 2082 2060 2123 diligere
2092 2083 2199 2114 Deum
2221 2083 2343 2114 intense
2367 2091 2414 2116 est
2436 2086 2554 2118 modus

1489 2126 1676 2158 intrinsecus
1694 2133 1838 2167 spectans
1861 2128 1902 2157 ud
1920 2126 2017 2158 finem
2032 2127 2205 2168 praecepti:
2230 2127 2305 2168 quia
2320 2128 2360 2159 ad
2376 2129 2438 2160 hoc
2453 2131 2555 2165 tendit

1489 2171 1685 2212 praecipiens
1705 2177 1740 2202 ut
1762 2171 1849 2202 Deus
1865 2171 1966 2211 magis
1991 2181 2026 2202 ac
2045 2171 2145 2211 magis
2165 2171 2322 2212 diligatur.
2346 2172 2408 2204 Sed
2424 2174 2553 2215 diligere

1489 2215 1595 2245 Deum
1619 2225 1655 2245 ex
1678 2222 1747 2246 toto
1768 2215 1862 2246 corde
1879 2221 1925 2245 est
1948 2215 2065 2246 modus
2080 2214 2267 2247 intrinsecus
2291 2215 2358 2247 sine
2378 2227 2444 2258 quo
2464 2226 2551 2251 actus

1489 2258 1666 2289 dilectionis
1691 2268 1755 2289 non
1780 2265 1827 2289 est
1849 2265 1937 2290 actus
1968 2259 2118 2290 caritatis:
2152 2259 2228 2301 quia
2255 2268 2553 2304 quantumcumque

1488 2302 1575 2333 Deus
1592 2302 1748 2343 diligatur,
1763 2303 1822 2333 nisi
1838 2303 1985 2343 diligatur
2001 2313 2096 2344 super
2112 2305 2231 2340 omnia,
2248 2304 2337 2345 quod
2353 2305 2504 2346 importat
2519 2306 2553 2348 ly

1487 2399 1546 2464 ptp3
1561 2391 1705 2422 caritatis.
1730 2392 1771 2422 Et
1786 2398 1954 2431 propterea
1969 2391 2002 2422 in
2025 2391 2127 2422 littera
2151 2392 2264 2423 dicitur
2280 2394 2371 2433 quod
2383 2394 2447 2425 hoc
2470 2396 2552 2429 cadit

1488 2445 1524 2464 su
1571 2442 1752 2475 praecepte.

1157 2566 1475 2608 ARTICULUS
1507 2567 1763 2619 QUINTUS

586 2654 742 2684 UTRUM
766 2654 901 2684 SUPER
925 2653 1029 2691 HOC,
1054 2653 1239 2684 DILIGES
1259 2653 1489 2685 DOMINUM
1507 2655 1645 2686 DEUM
1670 2655 1803 2686 TUUM
1820 2656 1887 2686 EX
1912 2656 2032 2692 TOTO
2059 2657 2214 2688 CORDE
2238 2658 2339 2696 TUO,

483 2698 825 2729 CONVENIENTER
848 2698 1075 2735 ADDATUR,
1099 2699 1166 2728 ET
1181 2698 1248 2728 EX
1272 2698 1387 2729 TOTA
1411 2699 1557 2730 ANIMA
1587 2700 1672 2731 TUA
1696 2700 1762 2730 ET
1779 2700 1846 2730 EX
1869 2700 1985 2731 TOTA
2009 2701 2330 2733 FORTITUDINE
2355 2703 2439 2733 TUA

459 2775 490 2799 111
510 2774 592 2803 Sent„
613 2773 670 2798 dist.
689 2780 763 2804 xxvxi,
783 2781 871 2805 expos.
891 2774 952 2803 litt.;
980 2774 1021 2798 De
1041 2773 1127 2798 Duob.
1147 2774 1283 2806 Praecept.
1301 2774 1385 2799 Carit.
1406 2779 1463 2806 etc„
1482 2782 1538 2807 cap.
1555 2783 1586 2806 v;
1607 2775 1648 2800 De
1666 2775 1778 2808 Perfect.
1806 2775 1880 2800 Vitae
1898 2776 2001 2807 Spirit„
2021 2783 2077 2808 cap.
2095 2783 2133 2807 1v3
2154 2776 2183 2801 In
2204 2777 2311 2806 Matth.,
2330 2785 2385 2809 cap.
2403 2785 2462 2803 xxxi.

403 2859 464 2904 >1131ss
484 2864 532 2897 Μ
582 2857 603 2880 D
624 2856 785 2886 QUINTUM
804 2855 857 2880 s1c
879 2855 1118 2881 PROCEDITUR.
1148 2844 1306 2881 Videtur
1325 2844 1431 2892 quod

397 2887 558 2958 ⁷55¹
582 2896 916 2942 inconvenienter,
946 2898 1056 2934 Deut.
1087 2909 1123 2934 vi
1152 2898 1183 2943 *,
1213 2909 1329 2946 super
1354 2898 1430 2935 hoc

418 2950 423 2956 ’
472 2967 501 2985 ν»
528 2949 686 2998 (quod
715 2949 866 2995 dicitur,
896 2950 1042 2999 Diliges
1068 2951 1277 2987 Dominum
1305 2951 1429 2988 Deum

432 2990 436 2995 ,
486 2982 507 2996 Ἵ

370 3067 420 3091 ex
438 3061 513 3092 tota
532 3056 660 3092 anima
680 3061 743 3091 tua
763 3061 799 3091 et
819 3067 869 3091 ex
887 3061 961 3092 tota
977 3056 1206 3104 fortitudine
1233 3061 1308 3093 tua.
1338 3056 1430 3093 Non

371 3108 473 3144 enim
502 3108 682 3157 accipitur
717 3108 778 3144 hic
815 3120 881 3144 cor
914 3121 983 3156 pro
1021 3109 1196 3146 membro
1226 3109 1429 3158 corporali:

369 3161 458 3210 quia
475 3161 626 3209 diligere
647 3162 774 3198 Deum
795 3173 871 3197 non
893 3169 948 3198 est
967 3162 1137 3211 corporis
1157 3169 1273 3199 actus.
1305 3162 1430 3211 Opor-

368 3222 420 3251 tet
447 3214 557 3261 igitur
584 3215 688 3262 quod
727 3225 793 3250 cor
820 3213 1024 3262 accipiatur
1056 3215 1305 3264 spiritualiter.
1353 3215 1431 3251 Cor

369 3275 497 3304 autern
523 3266 762 3316 spiritualiter
780 3274 978 3315 acceptum
1006 3269 1067 3304 vel
1098 3276 1153 3304 est
1180 3268 1261 3316 ipsa
1289 3267 1428 3314 anima,

367 3321 429 3358 vel
449 3320 590 3368 aliquid
611 3320 773 3357 animae.
805 3319 1051 3367 Superfluum
1072 3321 1181 3368 igitur
1199 3320 1267 3358 fuit
1284 3327 1431 3357 utrum·
1456 3367 1457 3372 ¹

395 3386 443 3409 ue
500 3385 629 3410 onere.

368 3386 392 3422 q
422 3386 713 3472 2.Il)³RAETEREA,
743 3425 922 3462 fortitudo
948 3426 1114 3463 hominis
1143 3426 1346 3475 praecipue
1366 3425 1429 3463 de-

367 3479 508 3527 pendet
532 3491 576 3515 ex
597 3479 727 3516 corde:
757 3478 838 3515 sive
863 3478 1102 3526 spiritualiter
1120 3479 1194 3516 hoc
1214 3479 1428 3528 accipiatur,

399 2979 401 2981 .
448 2966 469 2983 Ἰ

388 2954 686 3040 ²⁴Y=g'4‘⁴f’‘'ss'9&tuum
723 3015 772 3038 ex
797 3008 872 3038 toto
909 3003 1023 3040 corde
1058 3009 1143 3049 tuo,
1181 3003 1358 3050 addatur,
1397 3009 1457 3040 et*

1483 2845 1563 2881 sive
1585 2845 1838 2893 corporaliter.
1865 2846 1967 2894 Ergo
1994 2854 2201 2894 postquam
2229 2846 2383 2895 dixerat,
2403 2848 2549 2898 Diliges

1482 2898 1692 2935 Dominum
1721 2899 1845 2935 Deum
1874 2904 1978 2936 tuum
2007 2911 2058 2935 ex
2080 2905 2154 2936 toto
2174 2900 2286 2937 corde
2313 2905 2388 2947 tuo,
2416 2913 2549 2951 super-

1482 2951 1606 2988 fluum
1635 2951 1704 2988 fuit
1731 2951 1886 2998 addere,
1915 2963 1965 2988 ex
1991 2957 2067 2989 tota
2083 2952 2311 3000 fortitudine
2337 2959 2413 2991 tua.

1538 3005 1572 3040 3.
1594 3005 1827 3046 PRAETEREA,
1845 3005 1980 3042 Matth.
1995 3017 2068 3042 xxii
2082 3005 2103 3027 *
2121 3005 2267 3051 dicitur,
2283 3006 2320 3044 in
2334 3011 2411 3045 tota
2426 3012 2549 3044 mente

1482 3062 1558 3102 tua,
1587 3057 1692 3105 quod
1719 3057 1782 3095 hic
1810 3070 1889 3094 non
1917 3058 2082 3106 ponitur.
2131 3059 2234 3106 Ergo
2263 3058 2415 3097 videtur
2442 3061 2548 3109 quod

1482 3109 1793 3147 inconvenienter
1821 3110 1895 3147 hoc
1922 3118 2170 3160 praeceptum
2200 3112 2309 3151 detur
2334 3113 2446 3151 Deut.
2471 3125 2518 3150 vi.

1537 3163 1611 3199 SED
1640 3174 1786 3200 CONTRA
1814 3174 1881 3200 EST
1909 3164 2113 3201 auctoritas
2143 3164 2376 3213 Scripturae.

1535 3216 1762 3254 REsponmzo
1787 3228 1972 3254 DtCENDUM
1992 3217 2097 3265 quod
2118 3217 2194 3255 hoc
2217 3226 2467 3267 praeceptum
2492 3218 2546 3256 di-

1481 3268 1700 3310 versimode
1738 3269 1928 3306 invenitur
1964 3269 2143 3307 traditum
2181 3269 2220 3307 in
2249 3270 2407 3308 diversis
2439 3271 2544 3310 locis.

1455 3378 1457 3391 ⁴
1482 3373 1623 3410 scilicet
1642 3387 1691 3410 ex
1709 3380 1782 3411 toto
1811 3375 1934 3421 corde,
1957 3383 1992 3412 et
2011 3387 2061 3413 ex
2079 3381 2154 3412 tota
2173 3377 2315 3422 anima,
2337 3384 2373 3414 et
2401 3388 2452 3413 ex
2468 3382 2544 3414 tota

1477 3427 1714 3473 fortitudine.
1744 3428 1878 3464 Matth.
1907 3440 1979 3467 xxii
2003 3427 2023 3450 '¹‘
2051 3436 2246 3477 ponuntur
2274 3430 2352 3467 duo
2380 3430 2543 3476 horum,

1483 3478 1623 3516 scilicet
1651 3491 1701 3515 ex
1727 3485 1800 3516 toto
1824 3481 1936 3518 corde
1965 3489 2000 3518 et
2028 3481 2066 3518 in
2095 3486 2171 3519 tota
2199 3481 2341 3528 anima,
2371 3490 2407 3519 et
2435 3481 2545 3519 omit-

1483 3320 1586 3358 Nam
1615 3321 1710 3358 sicut
1738 3322 1882 3359 dictum
1902 3330 1958 3359 est
1984 3322 2016 3370 ³¹⁸,
2044 3324 2155 3361 Deut.
2178 3335 2214 3360 vi
2237 3331 2433 3372 ponuntur
2455 3324 2544 3361 tria:
2571 3336 2583 3348 ⁴

1500 333 1545 357 ex
1564 329 1643 357 toto
1665 320 1778 358 corde
1799 322 1927 358 Deum
1949 322 2115 369 diligere.
2144 324 2231 361 Uno
2252 325 2407 373 quidem
2428 328 2559 375 modo,
2617 347 2619 349 ·

2586 1075 2629 1097 'In
2644 1082 2706 1105 resp.
2722 1077 2750 1099 nd
2767 1083 2788 1100 2.

1489 2356 1530 2377 ex
1546 2352 1610 2377 toto
1626 2347 1731 2385 corde,
1749 2357 1815 2377 non
1838 2347 1978 2387 diligitur
1993 2357 2030 2378 ex
2053 2348 2190 2384 caritate,
2210 2348 2277 2378 non
2301 2349 2411 2380 satisfit
2426 2360 2551 2391 praece·
2576 2386 2578 2388 ‚

2575 3023 2586 3035 ⁸⁸
2600 3021 2667 3045 Vere.
2680 3029 2719 3052 37.

2572 3444 2582 3454 ·
2597 3443 2663 3466 Vers.
2679 3444 2722 3466 cit.

2886 951 2892 1011 ἐ

2888 1054 2892 1066 Ι

2888 1117 2892 1130 t
