2892 4056
151 2583 160 2591 ⁸
171 2581 237 2602 Vers.
252 2581 288 2603 28.
301 2593 311 2597 -
323 2581 358 2602 Cf.

150 2608 204 2629 Luc.
233 2614 283 2636 cap.
310 2614 341 2629 xu
353 2624 358 2634 ,

148 2640 207 2656 vers.
222 2641 245 2661 4.

151 2740 237 2761 ’Vei-s.
257 2745 296 2768 35,
318 2739 358 2767 36,

149 2773 185 2793 42-
201 2773 236 2794 43-

150 2992 161 3015 .'
179 3006 230 3026 Art.
247 3005 362 3032 praeced.‚

400 186 474 222 250

448 265 558 302 Unde
586 273 689 313 patet
717 265 914 313 responsio
945 265 993 300 ad
1022 263 1185 300 tertium.
1214 305 1223 309 ‚.

446 320 504 354 AD
526 329 697 360 QUARTUM
717 329 900 354 DICENDUM
925 316 1029 364 quod
1059 316 1148 352 dare
1170 317 1455 364 eleemosynam

393 370 554 418 pertinet
572 372 618 407 ad
639 371 899 406 liberalitatem
921 370 1146 416 inquantum
1171 369 1372 406 liberalitas
1392 382 1456 406 au-

448 495 472 528 δ)
493 503 578 528 quem.
597 509 615 513 —
634 502 699 527 quas
718 494 749 524 D,
770 493 841 524 quod
860 493 891 521 Η,
911 499 990 524 quam
1012 493 1039 516 P.

1062 185 1328 231 QUAESTIO
1358 183 1517 233 XXXII,
1548 186 1843 223 ARTICULUS
1874 187 1905 222 11

1484 275 1485 303 ἑ
1511 266 1581 301 fert
1600 264 1916 312 impedimentum
1945 265 2057 301 huius
2077 274 2193 313 actus,
2214 268 2318 315 quod
2338 280 2420 304 esse
2448 275 2579 316 posset

1483 311 1485 355 i
1513 329 1557 353 ex
1586 317 1780 365 superfluo
1810 329 1941 353 amore
1971 317 2207 366 divitiarum,
2242 328 2398 368 propter
2426 333 2544 369 quem
2566 318 2578 341 ὃ

1483 358 1486 417 i
1512 369 1646 417 aliquis
1676 369 1838 406 efficitur
1865 369 1976 406 nimis
2004 371 2211 408 retentivus
2240 385 2384 409 earum.

1059 572 1393 606 Commentaria
1415 574 1667 606 Cardinalis
1688 573 1890 606 Caietam

423 664 441 682 N
466 652 659 692 quaestionis
684 651 1020 690 trigesimaesecundae
1044 651 1177 682 articulo
1208 652 1331 692 primo,
1357 653 1388 682 in
1413 663 1459 683 re-

396 666 596 736 Isponsione
626 695 665 724 ad
695 695 890 731 secundum,
924 695 1060 725 dubium
1091 696 1244 732 occurrit,
1274 706 1340 737 quo
1365 704 1459 737 pacto

390 748 477 771 actus
501 739 672 779 superioris
702 739 826 769 virtutis
857 746 963 778 potest
987 739 1136 779 imperari
1164 741 1203 769 ab
1234 740 1375 771 inferiori
1398 741 1460 770 vir—

389 792 469 820 tute;
496 791 529 814 ut
552 784 584 814 in
601 783 702 813 littera
726 783 840 813 dicitur
855 783 945 823 quod
970 790 1057 813 actus
1075 783 1210 814 caritatis
1234 791 1341 824 potest
1355 785 1457 825 impe-

388 829 447 858 rari
471 838 488 857 a
511 827 628 857 iustitia
651 834 681 857 et
705 837 722 856 a
746 827 909 867 religione.
935 827 975 857 Et
999 834 1046 858 est
1069 828 1148 859 ratio
1178 828 1266 858 dubii
1299 829 1374 869 quia
1397 829 1458 859 im-

388 882 495 912 perare
520 878 566 902 est
589 871 774 910 superioris.

442 917 492 946 Ad
516 916 577 946 hoc
602 915 715 946 dicitur
738 916 827 956 quod
851 922 939 946 actus
963 915 1136 956 superioris
1161 916 1297 953 virtutis,
1322 916 1405 947 sicut
1428 923 1459 947 et

388 959 531 996 aliarum,
556 966 662 1000 potest
686 959 854 1000 dupliciter
885 960 982 996 sumi,
1008 960 1127 991 scilicet
1151 967 1180 991 et
1204 961 1407 992 materialiter
1431 968 1462 992 et

388 1004 576 1034 formaliter:
602 1014 684 1044 quae
708 1004 869 1035 distinctio
894 1005 1071 1035 declaratur
1093 1005 1126 1035 in
1149 1005 1252 1036 littera
1275 1005 1308 1035 in
1331 1016 1462 1046 respon-

387 1048 475 1078 sione
499 1049 539 1078 ad
562 1049 712 1088 primum.
745 1049 785 1079 Et
808 1048 984 1080 formaliter
1014 1056 1163 1089 sumptus
1193 1060 1260 1080 non
1283 1050 1459 1090 imperatur

387 1093 424 1122 ab
448 1092 590 1122 inferiori
612 1093 742 1123 virtute:
776 1093 850 1133 quia
875 1103 891 1123 e
916 1102 1087 1130 converso;
1113 1093 1189 1134 quia
1215 1093 1385 1134 imperanti
1410 1105 1457 1125 re-

387 1137 524 1176 spondet
539 1137 670 1167 ulterior
685 1136 772 1173 finis,
798 1137 971 1177 superioris
988 1144 1097 1168 autem
1117 1148 1243 1178 semper
1266 1138 1397 1169 ulterior
1413 1145 1460 1168 est
1482 1177 1484 1180 Ι

1345 1214 1398 1222 W

1507 652 1578 682 finis
1595 662 1693 692 quam
1716 652 1872 693 imperati,
1898 660 1933 684 ut
1949 660 2035 694 patet
2054 654 2087 683 in
2111 653 2359 685 architectonice
2382 663 2412 687 et
2440 656 2582 686 manuali

1509 704 1540 727 et
1563 696 1730 727 similibus.
1755 697 1958 728 Materialiter
1981 705 2089 728 autem
2122 704 2271 737 sumptus
2295 705 2384 729 actus
2409 700 2582 740 superioris

1508 741 1632 771 virtutis
1656 747 1762 781 potest
1776 741 1925 781 imperari
1949 742 1988 772 ab
2003 741 2145 772 inferiori
2168 741 2299 772 virtute:
2324 742 2400 783 quia
2414 742 2487 774 finis
2502 743 2581 775 infe-

1510 785 1602 815 rioris
1617 785 1742 816 virtutis
1758 791 1805 816 est
1821 786 1953 816 ulterior
1967 793 2112 826 respectu
2129 792 2217 816 actus
2233 786 2436 818 materialiter
2451 788 2581 828 sumpti.

1510 829 1550 859 Et
1573 829 1636 859 hoc
1659 830 1760 860 modo
1785 830 1858 860 dare
1882 830 2120 871 eleemosynam
2143 837 2250 870 potest
2282 830 2379 861 simul
2403 840 2471 861 esse
2494 838 2583 862 actus

1510 873 1656 910 caritatis,
1673 874 1778 904 media
1794 874 2022 911 misericordia;
2041 881 2071 905 et
2086 881 2174 905 actus
2190 874 2336 911 iustitiae,
2354 874 2458 905 media
2472 876 2583 915 poeni-

1509 917 1626 953 tentia;
1651 923 1682 948 et
1704 925 1793 948 actus
1816 918 1991 958 religionis;
2016 926 2047 949 et
2062 925 2150 949 actus
2166 918 2369 955 liberalitatis,
2386 920 2582 950 removendo

1509 961 1698 1002 prohibens:
1724 969 1760 993 ut
1782 969 1870 1002 patet
1893 972 1968 993 cum
1991 963 2064 1004 quis
2087 973 2125 993 ex
2148 963 2285 1000 caritate,
2310 970 2341 994 et
2364 969 2400 994 ut
2415 963 2583 995 satisfaciat

1508 1016 1568 1045 pro
1591 1006 1730 1046 peccatis
1754 1006 1830 1042 suis,
1856 1013 1886 1037 et
1909 1007 1948 1037 ad
1971 1007 2131 1038 honorem
2155 1007 2229 1044 Dei,
2254 1008 2374 1048 absque
2402 1007 2583 1048 cupiditatis

1510 1050 1692 1087 obstaculo,
1718 1050 1957 1092 eleemosynam
1989 1051 2124 1091 pauperi
2157 1051 2276 1082 Christi
2299 1053 2363 1082 dat.
2388 1069 2409 1074 -
2431 1052 2473 1082 Et
2501 1052 2583 1083 hanc

1508 1094 1747 1125 distinctionem
1771 1105 1806 1125 ac
1831 1095 2011 1125 doctrinam
2030 1096 2110 1126 bene
2125 1102 2258 1126 notato:
2284 1096 2360 1136 quia
2377 1106 2471 1136 saepe
2487 1106 2583 1137 opor-

1511 1145 1555 1168 tet
1579 1138 1632 1168 illa
1658 1138 1715 1170 uti.

1159 1273 1477 1315 ARTICULUS
1509 1273 1811 1315 SECUNDUS

719 1368 875 1398 UTRUM
901 1367 1244 1398 CONVENIENTER
1268 1367 1655 1398 ELEEMOSYNARUM
1680 1367 1855 1398 GENERA
1879 1367 2240 1398 DISTINGUANTUR

987 1447 1022 1471 IV
1041 1447 1125 1476 Sent„
1146 1447 1206 1472 dist.
1225 1455 1265 1478 xv,
1285 1455 1328 1479 qu.
1347 1454 1375 1478 n,
1391 1452 1438 1471 art.
1460 1446 1483 1478 3,
1503 1446 1554 1479 qu*
1577 1455 1598 1476 1,
1620 1454 1650 1478 25
1671 1447 1700 1471 In
1721 1446 1829 1476 Matth.,
1850 1454 1906 1479 cap.
1925 1454 1982 1471 xxv.

424 1550 446 1567 ,-
472 1536 479 1550 ι
505 1552 520 1567 3,
533 1546 547 1570 ¹.
597 1529 619 1553 n
635 1528 826 1553 SECUNDUM
841 1528 895 1553 sm
915 1528 1157 1553 eitonam-run.
1173 1517 1333 1554 Videtur
1349 1517 1455 1566 quod

448 1568 461 1590 *¹
512 1562 577 1619 '3³2⁶
598 1569 913 1606 inconvenienter
946 1571 1279 1618 eleemosynarum
1315 1582 1455 1618 genera

507 1643 517 1649 κ
569 1621 885 1670 distinguantur.
924 1623 1127 1660 Ponuntur
1165 1623 1266 1660 enim
1298 1630 1455 1672 septem

555 1668 867 1724 Keleemosynae
884 1677 1118 1724 corporales:
1139 1676 1280 1713 scilicet
1297 1688 1454 1724 pascere

387 1729 629 1775 esurientem,
658 1737 792 1777 potare
821 1728 1024 1776 sitientem,
1047 1729 1187 1765 vestire
1207 1730 1368 1776 nudum,
1399 1740 1455 1764 re-

387 1781 562 1828 colligere
595 1782 807 1830 hospitem,
835 1781 988 1818 visitare
1017 1782 1235 1829 infirmum,
1266 1782 1454 1818 redimere

386 1835 592 1883 captivum,
610 1843 646 1871 et
665 1834 825 1883 sepelire
841 1843 1052 1880 mortuum,
1073 1847 1173 1882 quae
1192 1835 1230 1871 in
1251 1835 1326 1871 hoc
1340 1846 1456 1871 versu

386 1888 643 1924 continentur:
681 1887 805 1933 Visito,
828 1894 934 1935 poto,
964 1888 1058 1934 cibo,
1080 1888 1236 1933 redimo,
1261 1893 1360 1937 tego,
1381 1887 1455 1924 col-

385 1941 480 1990 ligo,
510 1941 642 1977 condo.
682 1942 883 1978 Ponuntur
912 1940 1026 1978 etiam
1055 1941 1150 1978 aliae
1179 1949 1327 1990 septem
1358 1942 1455 1977 elee-

386 2006 572 2042 mosynae
601 1993 832 2042 spirituales:
862 1994 1004 2030 scilicet
1032 1995 1172 2031 docere
1201 1994 1455 2042 ignorantem,

386 2048 585 2084 consulere
619 2048 824 2093 dubitanti,
855 2047 1044 2084 consolari
1072 2047 1235 2094 tristem,
1267 2047 1455 2095 corrigere

384 2107 631 2149 peccantem,
662 2100 852 2137 remittere
881 2100 1107 2148 offendenti,
1136 2108 1290 2149 portare
1319 2113 1456 2138 onero-

385 2166 448 2191 sos
469 2160 504 2189 et
527 2165 681 2201 graves,
703 2161 740 2190 et
762 2165 832 2202 pro
853 2154 1032 2191 omnibus
1057 2166 1188 2200 orare;
1218 2166 1316 2202 quae
1343 2154 1456 2191 etiam

384 2207 423 2244 in
451 2207 660 2244 hocvversu
681 2208 940 2244 continentur:
975 2207 1148 2253 Consule,
1174 2208 1319 2257 castiga
1340 2212 1369 2253 α,
1397 2219 1456 2244 so-

385 2260 477 2305 lare,
507 2260 663 2306 remitte,
681 2261 763 2308 fer,
793 2270 886 2304 ora,·
918 2260 969 2296 ita
997 2268 1127 2297 tamen
1156 2261 1261 2309 quod
1291 2261 1362 2297 sub
1393 2273 1457 2297 eo-

385 2313 474 2350 dem
508 2312 733 2360 intelligatur
768 2312 969 2349 consitium
1005 2321 1040 2349 et
1075 2313 1258 2363 doctrina.
1297 2313 1458 2350 Videtur

385 2373 513 2402 autem
534 2366 639 2413 quod
659 2366 975 2402 inconvenienter
1003 2366 1224 2403 huiusmodi
1244 2367 1457 2415 eleemosy-

385 2431 457 2455 nae
478 2418 764 2466 distinguantur.
786 2419 1047 2467 Eleemosyna
1067 2420 1169 2455 enim
1191 2419 1389 2456 ordinatur
1408 2420 1457 2456 ad

386 2472 696 2508 subveniendum
716 2471 907 2520 proximo.
939 2473 1016 2509 Sed
1044 2485 1113 2520 per
1131 2473 1206 2508 hoc
1234 2473 1341 2521 quod
1369 2485 1458 2521 pro-

384 2525 509 2562 ximus
538 2525 727 2574 sepelitur,
758 2525 795 2561 in
825 2526 928 2562 nullo
959 2525 992 2561 ei
1018 2525 1258 2562 subvenitur:
1289 2525 1457 2575 alioquin

386 2590 463 2615 non
485 2586 582 2615 esset
601 2590 738 2615 verum
768 2578 873 2626 quod
897 2578 1090 2615 Dominus
1110 2578 1208 2625 dicit,
1231 2579 1365 2615 Matth.
1381 2591 1405 2615 x
1419 2578 1455 2615 ³¹⁶:

385 2631 515 2668 Nolite
542 2632 674 2668 timere
692 2643 756 2667 eos
775 2631 840 2679 qui
857 2632 1032 2668 occidunt
1048 2643 1196 2680 corpus,
1217 2637 1253 2668 et
1271 2637 1360 2679 post
1385 2633 1458 2668 hoc

387 2696 460 2721 non
485 2686 625 2721 habent
640 2684 801 2732 amplius
825 2685 916 2733 quid
929 2685 1094 2732 faciant.
1125 2685 1237 2722 Unde
1260 2692 1296 2721 et
1322 2685 1457 2722 Domi-

387 2750 476 2784 nus,
507 2738 642 2775 Matth.
667 2749 740 2774 xxv
759 2739 795 2784 ³¹²,
827 2749 1139 2775 commemorans
1172 2737 1457 2775 misericordiae

388 2803 517 2840 opera,
548 2791 596 2827 de
625 2790 819 2840 sepultura
847 2797 1091 2827 mortuorum
1112 2790 1350 2828 mentionem
1378 2803 1457 2828 non

388 2844 486 2881 facit.
503 2845 605 2892 Ergo
620 2844 772 2881 videtur
787 2844 891 2893 quod
907 2843 1221 2881 inconvenienter
1235 2843 1457 2881 huiusmodi

390 2898 657 2945 eleemosynae
687 2897 975 2945 distinguantur.

444 2962 479 2987 2.
509 2951 742 2996 PRAETEREA,
765 2951 1011 2999 eleemosyna
1030 2950 1140 2987 datur
1159 2950 1206 2987 ad
1227 2949 1458 2987 subvenien-

390 3004 482 3041 dum
510 3003 796 3039 necessitatibus
828 3003 1013 3052 proximi,
1049 3003 1144 3040 sicut
1178 3002 1320 3040 dictum
1351 3010 1407 3040 est
1424 3002 1456 3040 *.

391 3056 468 3093 Sed
492 3056 633 3093 multae
654 3056 747 3092 aliae
771 3063 858 3092 sunt
881 3056 1122 3093 necessitates
1146 3057 1338 3093 humanae
1356 3055 1457 3093 vitae

390 3121 508 3158 quam
537 3107 773 3157 praedictae:
804 3109 898 3146 sicut
926 3109 1032 3157 quod
1061 3121 1196 3146 caecus
1219 3108 1362 3157 indiget
1389 3109 1458 3146 du—

392 3170 507 3209 ctore,
529 3162 685 3198 claudus
706 3162 989 3210 sustentatione,
1010 3174 1156 3211 pauper
1175 3161 1325 3199 divitiis.
1355 3163 1457 3210 Ergo

390 3215 704 3252 inconvenienter
738 3215 954 3264 praedictae
992 3216 1262 3264 eleemosynae
1299 3227 1458 3253 enume-

393 3276 533 3306 rantur.

448 3323 482 3358 3.
511 3322 745 3368 PRAETEREA,
772 3321 861 3358 dare
882 3321 1169 3369 eleemosynam
1190 3328 1246 3358 est
1264 3328 1369 3357 actus
1389 3321 1458 3358 mi-

447 3443 473 3476 α)
493 3444 606 3477 castiga.
624 3457 643 3463 -
661 3443 726 3469 doce
745 3442 814 3468 addit
832 3443 855 3467 D
862 3451 869 3474 ς
889 3442 958 3468 idem
977 3451 1024 3475 pro
1045 3444 1156 3474 remitte,
1178 3444 1262 3469 mitte.

448 3477 472 3511 β)
488 3480 638 3511 partiatur.
657 3493 676 3497 —
692 3481 821 3511 procuret
840 3478 941 3503 codices
962 3483 986 3503 et
1005 3485 1031 3503 a.

1507 1517 1749 1555 sericordiae.
1772 1517 1849 1555 Sed
1870 1517 2058 1565 corrigere
2080 1517 2367 1568 delinquentem
2386 1519 2510 1568 magis
2527 1521 2584 1559 vi-

1508 1571 1618 1608 detur
1645 1571 1694 1608 ad
1723 1570 1968 1608 severitatem
1995 1571 2185 1619 pertinere
2214 1584 2332 1621 quam
2362 1573 2410 1610 ad
2437 1573 2584 1611 miseri-

1508 1624 1692 1661 cordiam.
1732 1625 1836 1671 Ergo
1865 1636 1943 1661 non
1972 1623 2086 1660 debet
2115 1625 2331 1673 computari
2357 1624 2456 1663 inter
2483 1627 2582 1664 elee-

1508 1689 1692 1725 mosynas
1721 1676 1945 1726 spirituales.
2538 1681 2542 1687 '
2575 1682 2579 1684 “

1561 1742 1598 1776 4.
1627 1731 1866 1776 PRAETEREA,
1889 1730 2136 1778 eleemosyna
2157 1730 2355 1767 ordinatur
2373 1731 2422 1769 ad
2442 1732 2583 1771 subve—

1509 1783 1694 1820 niendum
1725 1782 1900 1820 defectui.
1932 1783 2008 1820 Sed
2037 1783 2163 1819 nullus
2188 1790 2244 1819 est
2270 1784 2392 1820 homo
2422 1784 2488 1834 qui
2517 1785 2581 1834 de-

1509 1836 1652 1872 fectum
1670 1835 1907 1883 ignorantiae
1926 1848 2006 1872 non
2024 1835 2188 1884 patiatur
2201 1836 2241 1872 in
2256 1836 2457 1885 aliquibus.
2478 1837 2582 1889 Ergo

1508 1889 1661 1926 videtur
1696 1889 1803 1937 quod
1831 1888 1989 1937 quilibet
2023 1889 2160 1926 debeat
2188 1889 2400 1937 quemlibet
2428 1890 2581 1942 docere,

1509 1943 1540 1979 si
1569 1942 1718 1990 ignoret
1745 1941 1783 1979 id
1812 1941 1917 1990 quod
1945 1942 2028 1990 ipse
2057 1942 2138 1978 scit.

1563 1996 1637 2032 SED
1658 2007 1806 2032 CONTRA
1824 2006 1891 2032 EST
1919 1995 2024 2043 quod
2053 1994 2261 2042 Gregorius
2291 1993 2391 2042 dicit,
2420 1994 2460 2032 in
2488 2007 2582 2045 qua-

1510 2049 1600 2086 dam
1629 2047 1788 2086 homilia
1802 2047 1838 2084 *ε
1866 2049 2031 2096 Habens
2051 2048 2274 2085 intellectum
2297 2053 2404 2085 curet
2424 2049 2580 2088 omnino

1509 2115 1556 2140 ne
1583 2107 1724 2145 taceat‚·
1751 2102 1893 2138 habens
1920 2113 2049 2138 rerum
2069 2102 2304 2150 affluentiam
2323 2101 2457 2151 vigilet
2480 2113 2530 2138 ne
2554 2099 2579 2153 a

1509 2155 1791 2192 misericordiae
1827 2154 2006 2203 largitate
2042 2160 2247 2202 torpescat:
2282 2155 2424 2191 habens
2457 2161 2579 2193 artem

1509 2221 1584 2257 qua
1622 2209 1769 2258 regitur
1805 2219 2040 2257 magnopere
2073 2207 2220 2244 studeat
2255 2212 2296 2244 ut
2326 2219 2436 2244 usum
2468 2214 2581 2257 atque

1510 2262 1703 2299 utilitatem
1732 2260 1830 2297 illius
1853 2272 1938 2298 cum
1961 2260 2145 2309 proximo
2162 2260 2357 2309 partiatur
2375 2258 2410 2306 β;
2438 2261 2581 2313 habens

1509 2314 1687 2363 loquendi
1721 2314 1844 2350 locum
1879 2314 1983 2362 apud
2014 2313 2164 2350 divitem
2199 2313 2482 2350 damnationem
2503 2326 2580 2364 pro

1509 2373 1650 2405 retento
1671 2367 1808 2404 talento
1833 2367 1960 2403 timeat
1977 2367 2022 2412 si,
2042 2378 2129 2403 cum
2148 2365 2258 2412 valet,
2279 2377 2354 2402 non
2373 2366 2477 2415 apud
2493 2379 2579 2419 eum

1502 2433 1577 2470 pro
1599 2420 1834 2469 pauperibus
1862 2420 2076 2456 intercedat.
2106 2419 2209 2466 Ergo
2237 2418 2454 2468 praedictae
2483 2421 2580 2473 elee-¹

1510 2485 1696 2522 mosynae
1736 2472 2008 2510 convenienter
2049 2471 2329 2520 distinguuntur
2365 2473 2580 2512 secundum

1511 2539 1555 2564 ea
1583 2526 1623 2562 in
1651 2525 1791 2574 quibus
1819 2525 1997 2562 homines
2025 2525 2222 2563 abundant
2242 2525 2508 2576 'etdeficiunt

1562 2579 1790 2616 Rasponnsso
1810 2590 1997 2616 memnon
2017 2579 2124 2627 quod
2151 2574 2346 2627 praedicta
2369 2578 2580 2630 eleemosy-

1510 2644 1646 2670 narum
1675 2631 1862 2669 distinctio
1893 2631 2166 2669 convenienter
2185 2630 2348 2670 sumitur
2367 2631 2580 2674 secundum

1510 2685 1682 2722 diversos
1711 2684 1881 2722 defectus
1910 2685 2186 2733 proximorum.
2218 2686 2395 2732 Quorum
2421 2685 2579 2739 quidam

1509 2746 1598 2774 sunt
1627 2750 1671 2774 ex
1700 2746 1806 2786 parte
1827 2737 1988 2784 animae,
2019 2737 2068 2774 ad
2097 2750 2195 2785 quos
2224 2738 2447 2774 ordinantur
2474 2737 2580 2788 spiri—

1508 2792 1630 2828 tuales
1660 2791 1946 2838 eleemosynae3
1976 2790 2135 2839 quidam
2162 2802 2257 2827 vero
2288 2803 2334 2828 ex
2360 2798 2468 2839 parte
2498 2803 2580 2828 cor-

1509 2844 1624 2893 poris,
1641 2843 1688 2881 ad
1709 2856 1807 2892 quos
1823 2843 2048 2880 ordinantur
2062 2843 2331 2892 eleemosynae
2347 2845 2577 2892 corporaleS.

1509 2897 1690 2934 Defectus
1711 2896 1812 2933 enim
1833 2896 2040 2945 corporalis
2069 2904 2134 2934 aut
2153 2904 2209 2934 est
2226 2896 2266 2933 in
2285 2897 2375 2944 vita,
2400 2904 2465 2933 aut
2493 2905 2549 2934 est
2562 2902 2578 2927 Υ

2606 2062 2618 2073 ⁸
2634 2061 2724 2084 Homil-
2743 2061 2775 2084 lx
2792 2062 2818 2084 tu

2606 2087 2702 2116 Evang.

1509 2957 1597 2998 post
1619 2950 1751 2988 vitam.
1783 2949 1823 2986 Si
1850 2949 2007 2998 quidem
2037 2957 2094 2986 est
2120 2949 2159 2986 in
2177 2949 2268 2997 vita,
2298 2957 2362 2987 aut
2391 2957 2446 2986 est
2474 2962 2579 2988 cotn-
2624 2991 2628 2993 ,

1510 3002 1636 3040 munis
1665 3003 1834 3039 defectus
1853 3010 2028 3051 respectu
2049 3014 2183 3039 eorum
2208 3001 2348 3050 quibus
2368 3015 2505 3040 omnes
2524 3003 2579 3041 in-

1511 3056 1652 3104 digent3
1682 3063 1746 3092 aut
1766 3063 1822 3092 est
1840 3055 2012 3104 specialis
2039 3063 2196 3105 propter
2219 3055 2376 3104 aliquod
2401 3055 2578 3094 accidens

1510 3109 1798 3158 superveniens.
1838 3108 1878 3145 Si
1905 3108 2031 3157 primo
2061 3109 2202 3156 modo,
2231 3116 2297 3146 aut
2324 3108 2494 3147 defectus
2523 3116 2580 3146 est

1509 3162 1675 3210 interior,
1697 3169 1761 3199 aut
1781 3162 1953 3199 exterior.
1984 3162 2143 3198 Interior
2162 3161 2320 3210 quidem
2344 3168 2400 3199 est
2420 3162 2575 3212 duplex:

1510 3228 1610 3252 unus
1639 3215 1798 3262 quidem
1828 3215 1889 3251 eui
1916 3214 2140 3252 subvenitur
2166 3227 2236 3264 per
2262 3214 2486 3252 alimentum
2507 3214 2577 3252 sic-

1513 3280 1611 3315 cum,
1633 3267 1774 3305 scilicet
1794 3267 1927 3315 fames,
1949 3275 1984 3304 et
2003 3268 2215 3305 secundum
2234 3269 2310 3305 hoc
2329 3267 2484 3317 ponitur
2506 3279 2577 3317 pa-

1510 3333 1614 3358 scere
1642 3321 1883 3365 esurientem,-
1911 3320 2005 3358 alius
2032 3329 2160 3358 autem
2182 3327 2238 3358 est
2266 3321 2326 3358 cui
2354 3319 2578 3359 subvenitur

1564 3444 1590 3477 γ)
1611 3447 1657 3469 est.
1677 3458 1696 3462 —
1715 3444 1777 3468 Om.
1796 3444 1852 3469 DL.
