2892 4056
21 663 22 666 =
55 651 67 663 ⁴
80 650 146 673 νει-ι.
160 656 193 679 3².

55 914 66 927 ’
81 913 145 936 Ven-
160 918 194 935 ιο.

1002 147 1267 193 QUAESTlO
1297 148 1366 194 111,
1394 148 1689 185 ART1CULUS
1720 150 1750 184 11
2410 163 2455 196 41

346 236 381 262 2.
416 225 660 271 PRAETEREA,
703 237 771 273 per
809 225 1031 262 exteriorem
1070 225 1349 262 confessionem

292 276 520 323 fideihomo
541 277 658 315 fidem
679 290 788 314 suam
809 277 870 314 alii
893 278 1039 315 homini
1059 278 1244 327 patefacit.
1273 278 1350 314 Sed

291 331 373 381 hoc'
394 342 472 367 non
511 337 566 367 est
601 330 858 368 necessarium
898 331 966 368 nisi
1003 331 1073 368 illis
1110 331 1174 379 qui
1211 331 1352 368 habent

292 381 386 425 alios
413 382 452 420 in
478 382 558 420 fide
586 382 780 420 instruere.
810 383 911 431 Ergo
930 382 1081 420 videtur
1104 383 1209 430 quod
1229 382 1351 423 mino—

293 447 352 472 res
380 447 458 472 non
486 442 685 472 teneantur
713 436 761 472 acl
790 436 879 473 fidei
909 435 1200 473 contessionem.

347 488 381 525 3.
417 489 657 534 PRAETEREA,
695 488 786 525 illud
815 489 919 536 quod
946 495 1072 536 potest
1098 500 1257 536 vergere
1277 494 1294 509 ‘²
1315 489 1352 524 in

292 540 514 578 scandalum
540 549 575 577 et
593 541 848 578 turbationem
869 540 1030 577 aliorum
1051 552 1128 576 non
1150 549 1205 577 est
1223 553 1352 578 neces-

291 593 432 631 sarium
461 593 510 631 ad
539 595 719 631 salutem:
759 593 847 631 dicit
882 592 982 629 enim
1011 594 1229 641 Apostolus,
1261 595 1274 630 I
1303 594 1355 630 ad

296 638 383 690 Cor.
398 658 423 685 x
441 645 475 682 *ι
497 647 586 684 Sine
604 645 810 696 offensione
827 651 939 682 estote
955 645 1106 682 Iudaeis
1129 652 1165 682 et
1180 647 1352 696 gentibus

291 699 532 736 ethcclesiae
550 700 637 741 Dei.
655 699 733 736 Sed
747 708 816 747 per
831 697 1110 735 confessionem
1125 699 1215 736 fidei
1234 711 1352 748 quan-

291 751 420 800 doque
448 753 497 790 ad
525 750 860 800 perturbationem‘
883 750 1054 787 infideles
1081 759 1350 799 provocantur.

291 804 394 853 Ergo
411 804 600 854 confessio
613 803 703 842 fidei
717 815 797 840 non
814 810 870 840 est
884 803 1097 840 necessaria
1114 804 1163 840 ad
1178 805 1350 840 salutem.

345 857 420 894 SED
441 850 586 895 couirtu.
603 859 670 893 Esr
698 855 803 904 quod
827 856 1033 903 Apostolus
1055 855 1153 903 dicit,
1173 857 1225 892 ad
1238 857 1350 893 Rom.

291 922 315 946 x
332 902 372 946 *ε
406 911 526 953 Corde
551 909 718 954 creditur
735 909 787 950 ad
808 908 996 954 iustitiam,
1025 920 1091 945 ore
1113 914 1238 945 autem
1265 921 1351 945 con-

279 963 400 1010 fessio
417 964 473 1010 fit
496 963 548 999 ad
571 961 743 999 salutem.

318 1014 569 1062 gRsssi’onnao
602 1016 786 1051 memnon
823 1013 927 1062 quod
956 1025 1002 1049 ea
1039 1025 1137 1062 quae
1172 1021 1259 1049 sunt
1286 1025 1352 1049 ne·
1377 1014 1379 1019 '

291 1058 452 1105 cessaria
481 1067 528 1104 ad
557 1068 717 1104 salutem
753 1066 891 1103 cadunt
918 1066 989 1103 sub
1016 1065 1227 1115 praeceptis
1257 1066 1351 1102 divi-

290 1133 361 1171 nae
389 1121 493 1168 legis.
524 1119 724 1158 Confessio
753 1127 880 1157 autem
909 1119 1010 1166 fidei,
1039 1131 1128 1155 cum
1156 1119 1201 1156 sit
1228 1119 1350 1167 quod-

202 1178 210 1186 *
291 1166 380 1216 dam
407 1173 701 1218 affirmativum,
741 1185 820 1210 non
851 1179 976 1221 potest
1008 1172 1144 1210 cadere
1182 1171 1250 1209 nisi
1279 1172 1349 1209 sub

289 1233 493 1276 praecepto
523 1225 766 1263 affirmativo.
802 1225 912 1263 Unde
933 1237 980 1262 eo
1006 1226 1124 1263 modo
1145 1233 1200 1270 est
1220 1225 1267 1262 de
1286 1237 1351 1261 ne-

236 1278 244 1283 ’
270 1322 277 1324 ⁷
289 1279 710 1327 ffissaeiia‘ad‘salutem
738 1290 816 1327 quo
841 1279 959 1315 modo
980 1285 1104 1327 potest
1123 1278 1258 1315 cadere
1278 1278 1349 1314 sub

287 1330 425 1385 praece
453 1339 492 1370 to
513 1332 743 1369 affirmativo
765 1330 915 1369 divinae
934 1331 1037 1378 legis.
1058 1332 1266 1379 Praecepta
1285 1342 1350 1367 au-

289 1394 368 1437 ῑῇᾳι
462 1385 636 1433 rmativa,
655 1393 697 1423 ut
725 1396 840 1433 supra
857 1383 878 1405 '¹‘
898 1383 1040 1435 dictum
1070 1391 1136 1430 est,
1157 1395 1235 1420 non
1256 1382 1349 1420 obli-

287 1434 378 1488 gant
404 1438 457 1481 ,ad
482 1450 654 1486 semper,
684 1437 752 1474 etsi
780 1448 934 1485 semper
961 1435 1148 1484 obligent:
1183 1435 1351 1484 obligant

287 1498 416 1530 autem
443 1503 516 1540 pro
542 1491 629 1527 loco
665 1497 703 1526 et
727 1497 901 1537 tempore
929 1496 966 1526 et
983 1487 999 1518 β
1018 1488 1230 1526 secundum
1259 1488 1349 1525 alias

287 1542 586 1582 circumstantias
623 1542 768 1579 debitas
811 1542 1023 1578 secundum
1061 1554 1156 1590 quas
1200 1548 1350 1589 oportet

286 1604 414 1635 actum
441 1596 654 1633 humanum
683 1594 834 1632 limitari
862 1594 910 1632 ad
934 1595 1008 1631 hoc
1037 1594 1143 1642 quod
1171 1594 1217 1630 sit
1243 1601 1349 1630 actus

284 1649 442 1688 virtutis.
482 1648 545 1686 Sic
572 1648 682 1696 igitur
715 1647 887 1684 confiteri
925 1646 1044 1684 fidem
1082 1659 1160 1683 non
1197 1658 1349 1695 semper

285 1714 410 1752 neque
429 1702 468 1739 in
487 1701 657 1750 quolibet
680 1702 766 1738 loco
797 1708 852 1737 est
881 1701 928 1738 de
956 1699 1178 1737 necessitate
1203 1699 1347 1736 salutis:

285 1755 354 1793 sed
382 1755 509 1805 aliquo
538 1756 624 1791 loco
654 1761 691 1791 et
718 1762 904 1802 tempore,
933 1753 1087 1802 quando
1118 1752 1258 1789 scilicet
1280 1765 1349 1800 per

286 1808 534 1846 omissionem
549 1813 565 1836 Υ
579 1807 692 1844 huius
712 1806 960 1844 confessionis
980 1806 1262 1842 subtraheretur
1280 1806 1348 1842 ho-

285 1873 358 1898 nor
385 1860 535 1898 debitus
554 1861 651 1907 Deo,
674 1861 737 1896 vel
767 1860 881 1897 etiarn
905 1859 1041 1896 utilitas
1068 1858 1251 1907 proximis
1279 1858 1349 1895 im-

284 1914 509 1963 pendenda;
546 1921 638 1962 puta
675 1913 705 1949 si
733 1913 866 1962 aliquis
904 1912 1153 1959 interrogatus
1191 1912 1237 1948 de
1270 1911 1347 1948 fide

338 2035 366 2068 α)
381 2038 472 2068 potest
490 2042 608 2068 vergere.
625 2049 645 2054 -
663 2043 714 2060 non
734 2038 774 2059 est
791 2041 885 2067 gerere
903 2034 956 2059 nisi
973 2035 1006 2065 H,
1022 2037 1111 2066 potest
1129 2034 1204 2066 vergi
1223 2034 1240 2058 Ι.
1259 2046 1278 2052 -
1296 2034 1346 2057 Pro

284 2071 472 2101 turbationem,
488 2071 718 2103 perturbationem
738 2070 767 2094 P.

337 2105 364 2139 β)
383 2109 418 2132 et.
435 2120 455 2125 -
473 2106 535 2131 Om.
555 2106 583 2130 Ρ.

353 2142 362 2174 )
381 2141 559 2166 omissionem.
576 2154 596 2160 -
613 2140 792 2165 dimissionem
813 2139 859 2164 Pa.
876 2152 896 2158 -
914 2140 1026 2164 Eaedem
1046 2147 1094 2171 pro
1112 2139 1160 2167 vel,
1180 2141 1215 2163 et.

351 2179 362 2208 )
381 2177 445 2208 ipse.
462 2190 482 2195 -
500 2176 552 2208 ipsi
570 2176 599 2200 P.

336 2212 358 2244 ε)
377 2212 476 2244 aliqua.
494 2225 514 2231 -
531 2211 592 2236 Om.
611 2210 713 2235 BFGH.

1376 226 1379 235 ’
1404 233 1558 271 taceret,
1589 235 1625 263 et
1653 239 1696 263 ex
1725 228 1799 264 hoc
1829 228 2044 265 crederetur
2070 229 2132 264 vel
2161 228 2264 276 quod
2294 240 2370 264 non
2399 229 2464 264 ha-

1404 279 1510 315 beret
1537 279 1654 315 fidem
1683 281 1744 316 vel
1773 281 1878 328 quod
1905 280 2001 318 fides
2030 293 2107 317 non
2139 289 2236 317 esset
2264 293 2372 327 vera,
2401 282 2463 316 vel

1403 331 1465 368 alii
1501 343 1569 380 per
1595 332 1675 368 eius
1712 333 1999 370 taciturnitatem
2038 340 2296 370 averterentur
2325 346 2346 369 a
2375 334 2462 370 fide.

1405 385 1447 421 In
1476 383 1696 421 huiusmodi
1734 385 1834 422 enim
1873 386 2021 423 casibus
2058 386 2245 423 confessio
2283 386 2372 422 fidei
2411 394 2464 422 est

1406 436 1452 473 de
1482 437 1701 474 necessitate
1730 438 1868 475 salutis.

1458 491 1517 525 An
1558 501 1693 526 PRIMUM
1731 502 1829 527 ERGO
1866 502 2049 528 DtCENDUM
2088 491 2192 539 quod
2228 491 2314 528 finis
2351 492 2462 539 fidei,

1405 541 1500 578 sicut
1528 549 1567 578 et
1587 542 1744 580 aliarum
1773 544 1967 590 virtutum,
1989 544 2116 580 referri
2145 544 2258 580 debet
2277 544 2325 580 ad
2345 544 2461 581 finem

1406 594 1567 631 caritatis
1585 594 1615 641 ²³⁸,
1637 595 1702 644 qui
1730 603 1786 632 est
1813 608 1923 633 amor
1950 595 2021 632 Dei
2051 604 2086 632 et
2103 596 2278 644 proximi.
2309 597 2358 633 Et
2376 597 2461 634 ideo

1405 648 1560 694 quando
1593 647 1718 684 honor
1744 648 1816 685 Dei
1844 649 1906 685 vel
1938 648 2072 686 utilitas
2103 649 2266 697 proximi
2299 650 2373 686 hoc
2402 662 2462 687 ex-

1405 699 1537 747 poscit,
1566 712 1645 737 non
1674 701 1787 738 debet
1823 713 1906 738 esse
1941 708 2138 738 contentus
2174 703 2292 739 homo
2321 710 2362 738 ut
2394 715 2462 751 per

1405 752 1523 789 fidem
1557 765 1665 789 suam
1695 753 1774 802 ipse
1794 752 1807 775 δ
1839 753 1985 790 veritati
2015 754 2166 790 divinae
2195 754 2459 802 coniungatur;

1405 806 1472 842 sed
1502 804 1615 841 debet
1642 805 1760 842 fidem
1791 806 1950 842 exterius
1980 807 2163 843 confiteri.

1458 858 1516 893 AD
1546 869 1734 894 SECUNDUM
1763 869 1945 895 chaNnuM
1979 859 2083 908 quod
2115 858 2153 894 in
2183 871 2271 895 casu
2301 860 2462 896 necessi-

1404 908 1500 955 tatis,
1521 909 1587 946 ubi
1611 909 1708 946 fides
1736 910 1974 958 periclitatur,
1996 911 2151 960 quilibet
2178 919 2324 948 tenetur
2343 912 2460 949 fidem

1405 973 1514 998 suam
1544 961 1625 998 aliis
1651 962 1863 1010 propalare,
1892 964 1954 999 vel
1982 965 2029 1001 ad
2058 964 2341 1001 instructionem
2371 965 2461 1002 alio-

1405 1026 1489 1050 rum
1510 1014 1681 1051 fidelium
1710 1015 1789 1061 sive
1819 1016 2162 1062 confirmationem,
2184 1018 2243 1052 vel
2272 1018 2320 1054 ad
2347 1018 2461 1066 repri-

1404 1068 1590 1104 mendum
1619 1067 1827 1104 infidelium
1849 1068 2140 1105 insultationem.
2173 1069 2248 1105 Sed
2269 1070 2348 1106 aliis
2367 1079 2461 1107 tem-

1403 1119 1560 1168 poribus
1588 1119 1771 1157 instruere
1799 1121 1975 1157 homines
2009 1122 2055 1157 de
2089 1121 2164 1158 fide
2199 1134 2275 1158 non
2302 1123 2462 1170 pertinet

1404 1172 1452 1214 ad
1482 1185 1617 1210 omnes
1645 1173 1788 1210 fideles.

1456 1228 1515 1262 An
1543 1237 1703 1263 TERTmM
1721 1237 1905 1263 montinum
1933 1226 2049 1274 quod,
2080 1226 2109 1263 si
2137 1227 2299 1263 turbatio
2328 1227 2460 1265 infide—

1402 1278 1494 1315 lium
1523 1279 1665 1315 oriatur
1691 1279 1739 1315 de
1768 1278 2005 1315 confessione
2033 1279 2123 1316 fidei
2152 1279 2350 1316 manifesta
2376 1282 2459 1317 abs—

1403 1343 1478 1378 que
1506 1331 1631 1379 aliqua
1650 1336 1661 1352 ⁸
1682 1331 1836 1368 utilitate
1864 1331 1955 1368 fidei
1981 1332 2043 1368 vel
2071 1331 2263 1379 fidelium,
2300 1345 2377 1369 non
2406 1341 2461 1369 est

1403 1383 1591 1420 laudabile
1628 1383 1666 1420 in
1698 1384 1761 1420 tali
1799 1396 1887 1421 casu
1925 1384 2042 1421 fidem
2077 1385 2228 1432 publice
2268 1386 2459 1422 confiteri:

1402 1436 1505 1473 unde
1524 1435 1713 1472 Dominus
1735 1436 1834 1482 dicit,
1856 1438 1989 1473 Matth.
2010 1449 2057 1473 vn
2072 1437 2112 1473 *ε
2141 1438 2269 1475 Nolite
2290 1444 2459 1475 sanctum

1402 1489 1495 1525 dare
1521 1489 1687 1534 canibus,
1717 1501 1836 1537 neque
1862 1490 2093 1538 margaritas
2111 1496 2253 1527 vestras
2278 1502 2460 1539 spargere

1402 1547 1489 1577 ante
1510 1553 1669 1589 porcos,
1706 1553 1752 1577 ne
1779 1542 1952 1578 conversi
1977 1542 2192 1590 dirumpant
2217 1554 2294 1579 vos.
2326 1543 2402 1579 Sed
2431 1543 2459 1579 si

1402 1594 1538 1630 utilitas
1558 1594 1683 1642 aliqua
1706 1594 1796 1630 fidei
1816 1594 2013 1642 speretur<
2042 1602 2106 1631 aut
2133 1595 2335 1632 necessitas
2354 1596 2460 1641 adsit,

1375 1653 1376 1656 ’
1403 1654 1622 1695 contempta
1654 1647 1866 1683 turbatione
1896 1647 2106 1684 infidelium
2133 1653 2172 1694 η,
2201 1649 2313 1685 debet
2341 1649 2460 1685 homo

1402 1699 1522 1736 fidem
1541 1699 1691 1748 publice
1717 1700 1899 1736 confiteri.
1934 1700 2044 1737 Unde
2064 1701 2198 1737 Matth.
2218 1713 2266 1737 xv
2284 1701 2303 1722 ‘³‘
2327 1701 2461 1738 dicitur
2489 1712 2498 1721 ·
2516 1711 2579 1732 vers·
2595 1718 2626 1738 ¹4·

1404 1753 1520 1801 quod,
1543 1764 1630 1788 cum
1658 1752 1828 1801 discipuli
1857 1752 2034 1790 dixissent
2051 1753 2220 1790 Domino
2241 1754 2344 1802 quod
2363 1755 2461 1790 Pha-

1404 1805 1524 1852 risaei,
1553 1805 1681 1842 audito
1711 1805 1790 1841 eius
1817 1806 1954 1851 verbo,
1983 1806 2222 1842 scandalizati
2250 1814 2352 1852 sunt,
2382 1808 2460 1843 Do-

1404 1858 1530 1894 minus
1551 1858 1760 1907 respondit:
1781 1858 1896 1894 Sinite
1915 1859 2007 1904 illos,
2024 1858 2160 1895 scilicet
2178 1859 2335 1896 turbari:
2360 1860 2463 1896 caeci

1402 1917 1489 1947 sunt
1515 1917 1549 1947 et
1567 1908 1579 1931 ⁰
1608 1911 1719 1947 duces
1746 1922 1957 1948 caecorum.
2017 1919 2021 1922 ·

1451 2033 1476 2065 ζ)
1495 2037 1623 2065 speretur.
1643 2047 1660 2051 -
1676 2037 1839 2065 properetur
1863 2033 2032 2066 ABEFLpCa
2057 2038 2081 2057 et
2105 2041 2132 2064 K,
2147 2037 2328 2065 praeparetur
2345 2034 2380 2062 D,
2395 2041 2460 2065 pro-

1394 2069 1505 2100 paletur
1523 2068 1555 2097 G,
1569 2069 1748 2100 perpenditur
1766 2069 1798 2097 H,
1815 2071 2005 2100 propeteretur
2024 2069 2042 2099 l,
2056 2072 2270 2100 praepararetur
2286 2069 2323 2098 Κ,
2342 2076 2460 2100 sperare-

1399 2108 1444 2128 tur
1462 2107 1510 2128 aut
1529 2111 1619 2135 margo
1637 2103 1669 2128 K.

1453 2139 1476 2170 η)
1497 2139 1648 2163 turbatione
1667 2139 1821 2171 infidelium.
1840 2153 1858 2157 -
1872 2139 2075 2170 perturbatione
2091 2139 2208 2169 fidelium
2229 2139 2256 2163 P.

1452 2172 1477 2206 Θ)
1496 2178 1530 2199 et.
1549 2188 1566 2192 —
1585 2174 1646 2198 Om.
1666 2174 1921 2206 ABDEFGHKLpC.

961 2271 1291 2304 commentaria
1314 2267 1564 2304 Cardinalis
1588 2270 1786 2303 Caietam

314 2352 335 2373 n
350 2342 536 2383 quaestione
551 2341 649 2377 tertia,
663 2341 783 2372 omisso
799 2341 904 2382 primo
916 2341 1058 2377 articulo,
1071 2341 1152 2372 cirea
1166 2341 1344 2371 secundum

315 2386 484 2417 articulum
507 2386 642 2416 dubium
665 2385 811 2421 occurrit,
827 2395 868 2415 an
890 2385 982 2415 liceat
1003 2384 1088 2415 fideli
1110 2385 1145 2415 iu
1166 2385 1255 2416 terris
1277 2384 1346 2416 infi-

284 2430 402 2461 delium
427 2429 572 2460 omittere
595 2429 722 2469 signum
745 2439 763 2458 a
787 2428 973 2459 Christianis
996 2429 1127 2459 solitum
1150 2428 1271 2464 deferri,
1294 2428 1346 2459 vel

282 2481 403 2505 vestem
425 2480 559 2510 mutare,
583 2483 638 2511 ne,
663 2473 807 2512 cognitus
823 2472 1031 2508 Christianus,
1048 2472 1219 2503 occidatur.
1242 2472 1284 2503 Et
1299 2479 1346 2502 est

282 2518 363 2549 ratio
387 2517 475 2548 dubii
498 2517 574 2558 quia
596 2518 684 2558 quod
707 2517 799 2547 liceat
820 2523 906 2556 patet
929 2525 965 2546 ex
980 2525 1018 2546 eo
1042 2516 1131 2556 quod
1153 2515 1276 2546 licitum
1299 2522 1346 2546 est

283 2561 397 2592 clerico
421 2562 538 2592 nutrire
562 2571 690 2592 comam
720 2567 755 2591 ut
784 2560 884 2591 tutius
907 2560 1046 2590 Romam
1069 2559 1172 2589 veniat
1202 2569 1267 2589 non
1292 2569 1343 2589 co-

231 2613 255 2639 ',
282 2606 388 2646 gnitus
412 2605 552 2641 clericus,
572 2606 627 2635 sed
649 2604 747 2635 laicus
770 2611 932 2644 reputatus
947 2604 972 2634 *.
1005 2604 1088 2642 Ergo
1112 2613 1130 2633 a
1153 2602 1257 2633 simili.
1273 2604 1344 2633 —In

214 2681 221 2688 ,
248 2654 254 2660 ”
282 2650 471 2690 oppositum
494 2656 541 2680 est
562 2649 663 2680 littera
692 2649 787 2678 huius
811 2647 933 2679 articuli
957 2647 1063 2677 dicens
1086 2647 1193 2687 quod,
1223 2647 1249 2677 si
1272 2647 1343 2687 quis

281 2693 491 2725 taciturnitate
515 2700 677 2733 putaretur
700 2693 788 2733 quod
812 2702 878 2722 non
902 2691 1029 2721 haberet
1050 2690 1156 2727 fidem,
1173 2698 1343 2729 transgres—

282 2747 335 2768 sor
357 2744 437 2768 esset
460 2737 617 2778 praecepti
641 2735 848 2767 confessionis
871 2735 954 2765 fidei.
979 2735 1097 2765 Tacere
1121 2742 1227 2764 autem
1247 2735 1343 2764 verbo

281 2782 331 2812 vel
346 2781 408 2812 alio
424 2781 524 2821 signo,
541 2788 619 2821 puta
632 2786 728 2818 veste,
745 2780 888 2810 eiusdem
903 2786 950 2809 est
964 2778 1103 2809 rationis.
1127 2779 1222 2818 Ergo,
1241 2785 1298 2809 etc.

338 2825 376 2856 11.
392 2826 444 2856 Ad
462 2825 524 2855 hoc
540 2825 654 2855 dicitur
668 2824 758 2865 quod
776 2824 863 2854 aliud
886 2830 932 2854 est
953 2822 1110 2853 occultare
1130 2822 1292 2862 propriam
1306 2821 1342 2852 fi-

281 2869 365 2905 dem,
381 2876 412 2900 et
427 2869 514 2899 aliud
533 2868 673 2909 profiteri
695 2868 830 2898 alienam
852 2866 963 2898 fidem:
990 2866 1054 2896 sive
1078 2866 1198 2896 accidat
1222 2873 1343 2896 utrum-

281 2922 344 2953 que
362 2913 459 2943 verbo
482 2913 545 2944 sive
562 2912 624 2942 alio
646 2913 747 2952 signo.
771 2912 812 2942 Et
832 2910 972 2952 profiteri
988 2910 1122 2941 alienam
1137 2909 1233 2940 fidem
1253 2910 1342 2940 nullo

281 2963 374 2997 pacto
398 2956 478 2987 licet.
503 2957 544 2987 Et
566 2963 743 2996 propterea,
768 2956 849 2986 sicut
872 2955 1044 2985 mortaliter
1067 2961 1208 2994 peccaret
1231 2954 1257 2984 si
1271 2954 1343 2995 quis

281 3000 397 3031 diceret
420 3010 453 3030 se
476 3010 542 3031 esse
566 3000 720 3030 Iudaeum
743 3006 798 3030 aut
821 2999 1094 3034 Mahumetanum,
1110 2998 1153 3029 ita
1171 2997 1344 3029 mortaliter

281 3052 424 3084 peccaret
444 3044 470 3074 si
488 3051 628 3075 uteretur
650 3050 735 3074 veste
758 3050 814 3074 aut
835 3044 950 3074 birreto
973 3049 1028 3073 aut
1052 3051 1257 3083 quocumque
1280 3042 1342 3072 alio

281 3088 372 3128 signo
396 3088 526 3128 proprio
552 3087 674 3118 ludaeis
696 3087 728 3117 in
748 3087 802 3118 illa
825 3087 923 3127 patria
948 3094 1002 3117 aut
1024 3086 1154 3126 proprio
1178 3086 1343 3117 Mahume-

280 3132 374 3162 tanis:
398 3132 484 3162 verbi
507 3132 614 3172 gratia,
630 3131 655 3161 si
674 3131 746 3172 quis
768 3131 801 3161 in
821 3139 901 3162 terra
920 3130 1050 3162 Soldani
1070 3137 1208 3161 uteretur
1226 3130 1343 3161 tobalia

281 3176 350 3206 alba
372 3175 405 3206 in
429 3176 545 3216 capite,
574 3185 655 3216 quae
679 3175 722 3205 ibi
746 3182 791 3206 est
814 3175 942 3216 propria
965 3174 1215 3210 Mahumetanis;
1239 3182 1294 3205 aut
1317 3174 1342 3205 si

280 3220 352 3260 quis
367 3219 399 3250 in
416 3220 465 3250 his
481 3219 621 3260 partibus
637 3226 777 3250 uteretur
792 3219 882 3258 signo
902 3229 968 3259 quo
988 3218 1208 3249 discernuntur
1224 3218 1339 3249 Iudaei.

336 3263 503 3294 Occultare
526 3272 634 3294 autem
657 3263 819 3304 propriam
841 3262 938 3293 fidem
953 3272 1019 3293 non
1038 3269 1084 3293 est
1100 3272 1137 3292 ex
1153 3272 1212 3293 suo
1228 3273 1341 3303 genere

280 3308 412 3344 malum,
433 3309 487 3338 sed
507 3314 611 3348 potest
634 3307 714 3337 bene
737 3314 767 3338 et
789 3306 873 3337 male
896 3306 978 3337 fieri:
1002 3306 1081 3337 bene
1104 3306 1244 3348 quidem,
1262 3314 1340 3338 tem-

279 3361 356 3392 pore
372 3361 438 3392 quo
458 3361 523 3382 non
539 3358 663 3382 tenetur
678 3351 779 3381 homo
799 3349 955 3386 confiteri;
980 3350 1062 3381 male
1077 3358 1194 3387 autem,
1210 3352 1339 3392 quando

279 3396 380 3426 homo
392 3402 516 3426 tenetur
531 3395 672 3427 confiteri
687 3405 778 3426 suam
789 3393 896 3426 fidem.
912 3394 1005 3425 Unde
1017 3395 1126 3426 beatus
1138 3394 1338 3426 Sebastianus

279 3439 420 3480 quodam
437 3446 579 3480 tempore
597 3439 719 3470 occulte
734 3439 794 3469 fuit
806 3438 1011 3475 Christianus,
1025 3446 1055 3469 et
1070 3439 1212 3479 quodam
1227 3439 1339 3470 deinde

421 3501 531 3525 Summa
549 3500 650 3525 Tuam..
670 3500 702 3525 D.
714 3500 829 3524 'saonae
841 3499 874 3523 Τ.
892 3500 924 3524 V.

1397 2347 1542 2381 tempore
1567 2341 1778 2372 manifestavit
1799 2341 1896 2372 fidem
1912 2352 2012 2372 suam.
2038 2342 2131 2371 Nolle
2155 2351 2229 2380 ergo
2254 2350 2286 2370 se
2309 2339 2458 2380 cognosci

1399 2385 1617 2416 Christianum
1636 2386 1830 2426 quandoque
1846 2386 1968 2416 licitum
1986 2393 2031 2416 est
2047 2393 2077 2416 et
2093 2386 2285 2426 quandoque
2302 2384 2457 2419 illicitum,

1398 2435 1436 2460 ut
1456 2429 1490 2459 in
1512 2429 1614 2460 littera
1636 2429 1759 2460 dicitur.
1790 2430 1837 2460 Ex
1867 2440 1929 2470 qua
1953 2430 2102 2462 habetur,
2114 2430 2204 2470 quod
2226 2436 2300 2459 tunc
2331 2435 2376 2458 est
2398 2428 2458 2458 illi-

1398 2472 1498 2504 citum
1521 2474 1651 2514 quando
1680 2473 1850 2504 occultatio
1881 2473 2016 2503 auferret
2048 2474 2190 2504 debitum
2210 2473 2278 2503 Deo
2302 2473 2458 2502 honorem

1397 2523 1453 2546 aut
1469 2516 1619 2555 proximis
1634 2517 1881 2556 impendendam
1898 2517 2074 2547 utilitatem.
2099 2518 2138 2548 Et
2154 2517 2228 2558 quia
2244 2517 2276 2546 in
2292 2516 2456 2556 proposito

1398 2569 1471 2590 casu
1488 2560 1639 2599 proximis
1663 2570 1728 2590 non
1753 2561 1891 2591 subtrahi
1916 2561 2082 2591 utilitatem
2101 2561 2240 2601 aliquam
2257 2559 2456 2600 supponitur,

1397 2610 1463 2634 tota
1487 2603 1652 2634 difficultas
1675 2611 1769 2634 restat
1800 2614 1840 2634 an
1863 2604 1932 2634 Deo
1959 2605 2158 2635 subtrahatur
2190 2615 2225 2635 ex
2248 2604 2309 2634 hoc
2334 2603 2457 2634 debitus

1398 2647 1510 2678 honor.

1454 2691 1504 2722 111.
1524 2693 1664 2731 Apparet
1688 2691 1772 2721 enirn
1788 2692 1876 2732 quod
1893 2691 1947 2722 sic.
1972 2692 2055 2729 Quia
2076 2693 2203 2732 signum
2219 2691 2349 2722 solitum
2366 2691 2456 2722 Chri-

1398 2734 1574 2765 stianorum
1598 2735 1730 2765 omittit:
1756 2746 1790 2765 ac
1818 2745 1874 2775 per
1896 2735 1957 2766 hoc
1981 2736 2053 2766 facit
2075 2736 2108 2766 id
2131 2746 2186 2776 per
2209 2736 2296 2776 quod
2320 2735 2456 2765 creditur

1398 2789 1463 2808 non
1494 2779 1606 2809 habere
1636 2778 1731 2809 fidem
1755 2779 1882 2810 Christi.
1899 2797 1918 2801 —
1934 2780 2116 2810 Secundum
2138 2780 2299 2810 veritatem
2330 2786 2454 2814 autem,

1398 2823 1656 2862 distinguendum
1680 2831 1740 2854 est:
1766 2824 1854 2865 quod
1878 2823 1901 2853 si
1926 2831 1972 2854 est
1995 2824 2108 2855 alicubi
2125 2824 2174 2854 lex
2188 2831 2241 2854 aut
2257 2824 2455 2854 consuetudo

1397 2867 1430 2896 in
1454 2867 1544 2897 viridi
1567 2867 1764 2897 observantia
1787 2868 1825 2897 ab
1849 2867 1998 2898 omnibus
2028 2875 2094 2898 tam
2124 2867 2334 2898 habitantibus
2358 2877 2456 2907 quam

1397 2911 1630 2941 transeuntibus
1660 2911 1709 2941 vel
1739 2911 1978 2942 adventantibus
2002 2912 2205 2948 Christianis,
2239 2911 2344 2951 aliqua
2374 2918 2456 2941 certa

1397 2962 1481 2985 veste
1505 2962 1560 2985 aut
1582 2955 1672 2995 signo
1696 2962 1780 2985 certo
1805 2956 1844 2985 ad
1868 2955 2097 2995 professionem
2121 2966 2196 2986 suae
2219 2954 2292 2985 fidei
2309 2955 2355 2986 uti
2370 2965 2456 2985 man-

1397 2999 1491 3034 dans,
1522 3009 1587 3029 non
1611 3007 1701 3029 utens
1724 2999 1777 3029 tali
1801 2999 1892 3039 signo
1912 3006 1963 3036 ut,
1993 3000 2121 3039 ignotus
2145 2999 2358 3035 Christianus,
2389 3009 2454 3029 non

1396 3043 1573 3079 occidatur,
1604 3050 1711 3083 peccat
1734 3043 1916 3074 mortaliter.
1947 3044 2110 3081 Quoniam
2133 3050 2208 3074 tunc
2239 3049 2285 3073 est
2313 3043 2401 3073 locus
2426 3050 2455 3073 et

1395 3094 1522 3127 tempus
1547 3086 1741 3118 confitendae
1764 3086 1836 3117 fidei
1860 3088 1988 3128 quando
2012 3088 2221 3127 interrogatur
2243 3087 2314 3127 quis
2338 3087 2376 3117 de
2399 3097 2454 3116 sua

1395 3130 1466 3167 fide,
1486 3138 1520 3161 ut
1543 3131 1575 3161 in
1599 3131 1699 3161 littera
1722 3131 1843 3167 dicitur,
1859 3131 1902 3162 ita
1922 3132 2011 3172 quod
2034 3132 2059 3161 si
2083 3132 2215 3162 tacendo
2240 3131 2373 3161 creditur
2390 3140 2454 3160 non

1396 3174 1603 3211 Christianus,
1627 3175 1780 3205 subtrahit
1802 3175 1872 3205 Deo
1896 3175 2039 3206 debitum
2061 3183 2137 3206 tunc
2159 3175 2202 3206 ibi
2226 3175 2395 3204 honorem:
2421 3174 2453 3204 in

1396 3229 1470 3249 casu
1489 3226 1596 3249 autem
1620 3219 1785 3259 proposito
1815 3219 1887 3259 plus
1917 3230 2015 3260 quam
2038 3219 2240 3259 interrogatio
2270 3218 2451 3253 intervenit,

1395 3263 1473 3294 dum
1490 3263 1623 3303 exigitur
1638 3274 1655 3293 a
1667 3263 1735 3302 lege
1751 3263 1799 3293 vel
1815 3263 2043 3294 consuetudine
2059 3263 2129 3294 talis
2145 3262 2216 3293 fidei
2233 3261 2451 3292 manifestatio.

1394 3307 1460 3338 Nec
1483 3307 1587 3338 obstat
1616 3307 1641 3337 si
1663 3307 1712 3337 lex
1735 3307 1774 3337 sit
1796 3317 1815 3337 a
1837 3314 1972 3348 tyranno
1996 3307 2091 3338 facta:
2123 3306 2295 3348 quoniam,
2328 3312 2451 3335 exactus

1394 3351 1554 3391 tyrannice
1579 3351 1616 3381 de
1636 3351 1761 3391 propria
1785 3350 1846 3381 fide
1866 3351 2103 3388 manifestanda,
2120 3358 2242 3381 tenetur
2257 3349 2452 3380 Christianus

1393 3395 1554 3435 propriam
1578 3395 1776 3425 manifestare
1799 3394 1912 3431 fidem,
1944 3402 1978 3426 ut
2002 3396 2070 3426 Deo
2099 3395 2239 3425 debitum
2264 3393 2371 3423 reddat
2395 3393 2451 3423 ho-

1394 3449 1515 3470 norem.

2294 3497 2309 3521 ὁ

2490 604 2498 614 “
2513 603 2540 624 D.
2556 603 2606 631 627.

2487 1450 2497 1459 ⁸
2513 1448 2579 1470 Vers.
2594 1449 2617 1470 6.
