2892 4056
75 267 84 277 ·
92 266 286 293 Part.1‚qu.1.xn‚

75 296 117 314 m.
131 299 152 321 3·

76 574 87 584 ⁸
100 575 125 596 ln
141 578 246 600 corpore.

76 2787 289 2842 refesia:

76 2830 168 2863 'rnen’

76 2867 102 2889 la
114 2867 182 2889 Im.

79 3156 166 3205 ‘xxxa

192 2840 288 2863 Lxxlv

211 3155 289 3178 Tract-

220 3182 289 3205 Ioan.

980 141 1246 187 QUAESTIO
1275 141 1414 188 XXIV,

313 220 448 252 occurrit
471 219 583 259 triplex
605 219 644 248 ad
668 218 842 249 hominem.
866 219 985 255 Primo,
1007 219 1175 259 quomodo
1197 219 1231 250 in
1254 217 1371 259 angelis

314 263 422 295 caritas
445 262 505 293 fuit
528 262 704 293 secundum
727 269 893 293 conatum:
930 273 1017 299 cum,
1042 263 1126 303 apud
1150 265 1323 294 Auctorem
1345 258 1371 298 *‚

313 307 415 348 angeli
443 305 559 337 fuerint
586 306 679 336 creati
707 306 739 336 in
763 306 876 346 gratia,
901 313 932 336 et
960 316 1027 337 non
1054 307 1182 338 fuerunt
1212 305 1372 338 consecuti

313 351 471 382 caritatem
500 359 555 390 per
577 349 716 390 aliquem
739 357 904 386 conatum,
929 357 964 380 ut
985 350 1018 380 in
1042 350 1133 382 nobis
1161 350 1275 381 adultis
1299 359 1372 380 con-

313 393 421 435 tingit?
432 411 454 417 —
465 393 623 430 Secunde,
634 395 802 434 quomodo
818 401 950 425 conatus
965 394 1144 434 accipientis
1156 394 1315 425 caritatem
1327 399 1374 424 est
1397 394 1400 436 3

313 449 332 470 a
354 438 473 480 Spiritu
487 437 614 474 Sancto,
632 445 668 468 ut
689 438 722 468 in
738 438 944 479 responsione
958 438 999 468 ad
1021 438 1162 488 primum
1186 438 1318 469 dicitur:
1342 438 1400 469 et
1397 453 1400 486 ἶ

313 490 420 514 tamen
430 481 463 512 in
479 481 597 521 angelis
609 482 767 523 quantitas
784 488 915 512 conatus
927 481 1115 512 resolvitur’
1107 492 1139 511 in
1155 482 1372 512 conditionem
1397 492 1399 503 ⁴

313 536 426 557 eorum
437 525 613 556 naturalem
625 525 695 556 hic'
687 536 719 556 ιιι
732 525 790 556 hac
802 522 1060 566 responsione?—
1071 525 1191 561 Tertio,
1205 525 1372 567 quomodo

312 572 434 601 Auctor
448 569 499 599 hic
510 567 528 588 *
543 569 636 600 docet
650 569 738 610 quod
754 570 863 600 caritas
878 569 1054 599 secundum
1070 569 1171 599 solam
1186 569 1245 600 Dei
1260 569 1372 599 volun-

312 619 410 645 tatem
425 612 660 653 quantificatur:
685 619 716 644 et
735 619 842 643 tamen
864 613 897 642 in
919 612 978 642 hac
998 613 1204 652 responsione
1228 612 1373 643 concedit

312 657 402 698 quod
416 657 450 688 in
467 657 584 697 angelis
599 655 801 699 quantificata
816 662 863 688 est
876 656 1052 689 secundum
1071 666 1184 691 eorum
1203 654 1372 689 naturalia?

365 701 418 732 Ad
450 701 591 742 primum
620 701 737 732 horum
770 700 884 733 dicitur
910 700 999 740 quod
1033 701 1308 742 quemadmodum
1338 700 1372 730 in
1397 724 1399 736 ,

313 745 405 776 nobis
425 745 548 782 adultis,
574 754 648 776 cum
670 744 709 775 de
733 754 820 775 novo
842 743 1021 774 infunditur
1039 744 1158 780 caritas,
1179 744 1275 775 simul
1293 751 1371 775 tem-

312 799 390 830 pore
406 795 453 819 est
470 795 611 825 conatus,
627 788 707 819 idest
725 794 813 819 actus
829 787 1000 818 voluntatis
1016 787 1186 818 vehemens
1206 788 1239 818 in
1254 788 1370 824 Deum,

313 840 343 864 et
372 832 480 864 caritas
510 833 578 873 ipsa
608 831 787 862 infunditur
815 830 1055 872 proportionata
1077 831 1122 862 illi
1146 832 1242 868 actui;
1272 832 1315 862 ita
1338 832 1371 862 in
1398 833 1399 844 ¹

313 876 470 908 creatione
488 877 674 916 angelorum
698 875 794 906 simul
812 882 956 915 tempore
979 875 1040 906 fuit
1057 885 1170 906 eorum
1189 882 1321 907 conatus
1342 883 1373 906 et

311 921 412 962 ipsius
433 920 565 953 caritatis
587 920 680 953 illum
699 927 851 953 conatum
867 919 1068 951 informantis
1087 919 1215 952 infusio.
1239 920 1280 950 Et
1298 929 1372 960 pro—

311 972 418 1006 pterea
435 965 516 997 sicut
534 963 626 996 nobis
644 964 760 996 adultis
779 964 871 995 datur
889 964 999 995 caritas
1018 964 1195 997 secundum
1221 970 1373 995 conatum

312 1008 552 1044 simultaneum,
576 1007 619 1038 ita
643 1015 674 1039 et
695 1008 728 1039 in
752 1008 880 1048 angelis.
920 1007 1101 1039 Differentia
1129 1014 1236 1039 autem
1264 1014 1310 1038 est
1333 1007 1371 1038 de

313 1059 428 1085 conatu
452 1062 507 1083 seu
532 1052 739 1092 dispositione
770 1053 975 1093 praecedente
998 1059 1141 1093 tempore
1170 1052 1203 1082 in
1226 1052 1319 1083 nobis
1343 1058 1373 1082 et

311 1096 444 1137 angelis:
469 1097 545 1137 quia
567 1096 600 1127 in
624 1097 667 1128 eis
691 1107 757 1127 non
781 1097 876 1127 habet
899 1096 1018 1127 locum.

368 1141 420 1172 Ad
443 1141 620 1172 secundum
642 1148 750 1172 autern
773 1140 886 1172 dicitur
907 1141 997 1182 quod
1025 1146 1158 1171 conatus
1185 1139 1373 1180 angelorum

311 1185 406 1216 habet
433 1185 467 1216 in
494 1195 527 1216 se
550 1185 629 1216 duas
657 1185 871 1216 conditiones:
903 1194 967 1216 una
996 1192 1043 1215 est
1065 1185 1154 1225 quod
1184 1184 1224 1216 sit
1250 1184 1372 1220 totalis;

311 1229 407 1262 altera
429 1236 475 1261 est
490 1230 578 1270 quod
603 1229 642 1260 sit
662 1229 695 1260 in
710 1229 807 1260 finem
830 1230 936 1266 talem,
960 1235 1037 1269 puta
1061 1228 1205 1260 caritatis.
1229 1228 1374 1259 Primum

1443 141 1738 179 ARTICULUS
1768 142 1819 178 ιν
2415 154 2484 190 177

1427 228 1598 249 commune
1622 219 1681 250 fuit
1704 219 1855 250 omnibus
1879 219 2012 260 angelis:
2038 226 2067 250 et
2090 219 2152 250 hoc
2176 220 2342 250 resolvitur
2364 220 2396 250 in
2414 231 2488 251 con-

1427 262 1580 293 ditionem
1612 270 1751 294 naturae.
1790 263 1973 294 Secundum
2003 263 2170 303 proprium
2200 262 2259 293 fuit
2283 263 2485 304 quibusdam.

1425 306 1467 337 Et
1488 315 1545 345 per
1567 306 1630 336 hoc
1653 308 1830 337 secundum
1853 314 1985 338 conatus
2008 307 2060 337 ille
2084 314 2148 337 erat
2170 307 2335 347 dispositio
2359 308 2487 347 propria

1398 361 1399 390 3
1426 350 1466 380 ad
1490 349 1664 379 caritatem:
1701 357 1731 380 et
1754 358 1789 381 ut
1811 351 1871 386 sic,
1903 351 2070 382 resolvitur
2099 350 2132 380 in
2156 350 2309 390 Spiritum
2336 351 2488 382 Sanctum

1425 394 1457 424 in
1481 393 1688 433 responsione
1712 394 1751 423 ad
1774 394 1924 434 primum.
1956 395 2048 425 Unde
2072 394 2158 424 nulla
2182 401 2228 424 est
2251 395 2463 425 contrarietas.

1491 437 1543 468 Ad
1573 437 1701 468 tertium
1725 437 1838 468 dicitur
1861 439 1949 479 quod
1980 438 2075 469 etiam
2104 438 2138 468 in
2161 438 2278 479 angelis
2308 438 2418 469 caritas
2442 445 2488 469 est

1425 479 1628 521 quantificata
1657 481 1832 511 secundum
1857 482 1959 512 solam
1981 482 2040 513 Dei
2070 482 2278 518 voluntatem,
2302 491 2358 523 per
2380 492 2413 512 se
2439 482 2490 512 lo-

1425 524 1565 565 quendo.
1605 524 1664 554 Per
1686 525 1830 555 accidens
1854 526 1939 556 enim
1963 533 2009 556 est
2041 526 2129 566 quod
2153 532 2286 556 conatus
2309 526 2488 567 proportio-

1425 569 1510 599 nales
1534 567 1721 607 angelorum
1745 569 2025 608 proportionaliter
2040 569 2209 609 dignificati
2233 569 2295 600 sint
2311 570 2488 600 secundum

1425 611 1650 652 dispositiones
1674 612 1809 643 caritatis
1832 622 1849 642 a
1873 613 1991 653 Spiritu
2015 613 2147 644 Sancto:
2172 614 2328 654 potuisset
2349 613 2444 649 enirn,
2462 613 2488 643 si

1425 656 1587 692 voluisset,
1598 655 1733 696 Spiritus
1749 656 1882 687 Sanctus
1894 657 2147 696 proportionales
2163 665 2296 688 conatus
2310 656 2489 697 dignificare

1426 707 1461 731 ut
1487 706 1591 731 essent
1620 699 1845 740 dispositiones
1876 701 1917 730 ad
1947 701 2107 732 caritatem
2130 711 2195 732 non
2224 701 2488 742 proportionales,

1425 744 1480 776 sed
1513 753 1616 776 unum
1639 743 1734 783 longe
1762 743 1855 776 altius
1879 743 2058 784 dignificare
2082 755 2179 786 quam
2209 745 2488 785 proportionalitas

1397 793 1399 832 3
1425 787 1613 830 requirebat.
1638 787 1700 818 Sed
1723 788 1798 829 quia
1822 788 1860 819 de
1884 788 1968 818 facto
1992 788 2035 818 sic
2059 788 2226 825 credimus,
2251 796 2282 820 et
2304 789 2488 820 rationabile

1426 838 1472 863 est
1488 831 1642 872 Spiritum
1665 831 1817 862 Sanctum
1837 831 1958 868 fecisse,
1977 831 2125 872 distingui
2142 839 2247 872 potest
2266 832 2346 863 inter
2362 843 2489 863 causam

1426 883 1457 907 et
1479 875 1690 911 occasionem,
1715 885 1771 906 seu
1787 885 1916 906 causam
1938 882 2110 912 remotam;
2135 883 2165 907 et
2184 876 2245 907 dici
2261 877 2350 917 quod
2369 879 2490 907 Auctor

1425 930 1491 950 non
1515 919 1631 950 recedit
1653 920 1691 949 ab
1716 919 1897 950 excellentia
1920 930 1996 951 suae
2012 920 2172 951 doctrinae
2196 921 2283 960 quod
2301 930 2372 951 vere
2396 930 2490 951 causa

1426 970 1555 1004 propter
1578 973 1677 1004 quam
1706 963 1928 1004 quantificatur
1952 964 2061 995 caritas
2092 971 2138 994 est
2166 964 2234 995 sola
2256 964 2403 995 voluntas
2430 964 2490 995 Dei

1426 1006 1611 1047 dIgnificans
1624 1006 1719 1038 etiam
1730 1007 1803 1038 illos
1816 1014 1958 1038 conatus.
1976 1008 2112 1039 Remota
2127 1015 2233 1039 autem
2251 1018 2354 1044 causa,
2368 1018 2423 1038 seu
2437 1018 2488 1038 oc-

1426 1051 1510 1082 casio
1530 1051 1712 1093 quantitatis
1736 1051 1983 1092 proportionalis
2007 1052 2183 1082 secundum
2207 1052 2361 1083 naturalia
2383 1052 2416 1081 in
2434 1062 2490 1082 an—

1398 1105 1400 1118 ¹
1425 1095 1502 1136 gelis
1525 1102 1572 1126 est
1595 1095 1735 1126 conditio
1765 1095 1929 1126 naturalis:
1955 1105 1991 1126 ex
2014 1096 2075 1126 hoc
2099 1095 2183 1126 enim
2207 1096 2295 1136 quod
2323 1103 2410 1127 actus
2434 1106 2490 1126 an-

1426 1140 1573 1179 gelorum
1593 1139 1768 1170 secundum
1788 1149 1950 1170 excessum
1969 1140 2162 1170 naturalium
2181 1139 2245 1170 nati
2265 1147 2339 1170 sunt
2358 1139 2490 1180 obsequi

1426 1183 1556 1224 Spiritui
1580 1183 1706 1220 Sancto,
1724 1184 1944 1215 occasionatur
1962 1191 1998 1215 ut
2020 1183 2154 1223 Spiritus
2178 1183 2310 1214 Sanctus
2334 1183 2492 1223 dignificet

1427 1238 1482 1258 eos
1505 1227 1794 1269 proportionaliter.
1819 1228 1860 1260 Et
1883 1228 1926 1259 sic
1950 1227 2058 1258 omnia
2082 1235 2268 1259 consonant.

1091 1333 1408 1376 ARTICULUS
1437 1333 1708 1384 QUARTUS

1044 1408 1198 1438 UTRUM
1221 1407 1406 1438 CARITAS
1430 1407 1589 1438 AUGERI
1615 1407 1763 1438 POSSIT

631 1472 792 1504 1⁸11·⁸‚.qu
811 1478 855 1501 ut,
875 1477 921 1496 art.
945 1479 971 1502 1;
990 1479 1034 1504 qu.
1053 1479 1120 1502 uvi,
1139 1477 1185 1495 art.
1209 1479 1235 1502 1;
1255 1471 1367 1500 lSent„
1387 1471 1445 1496 dist.
1463 1478 1524 1501 xvn,
1544 1479 1589 1503 qu.
1608 1479 1636 1501 11,
1655 1477 1702 1496 art.
1726 1479 1751 1502 1;
1773 1472 1814 1496 De
1832 1472 1922 1501 Malo,
1943 1479 1987 1504 qu.
2006 1480 2054 1502 vn,
2074 1477 2121 1497 art.
2141 1480 2170 1502 23

1054 1507 1095 1531 De
1115 1506 1218 1534 Vir-tut„
1238 1514 1282 1539 qu.
1301 1514 1318 1537 1,
1338 1512 1385 1531 art.
1408 1514 1452 1537 11;
1473 1506 1571 1536 Quodl.
1590 1506 1632 1537 IX,
1652 1514 1697 1539 qu.
1716 1514 1752 1531 vr.

452 1596 463 1605 ,
500 1590 501 1593 =
524 1577 548 1602 n
567 1575 738 1607 QUARTUM
758 1575 811 1600 sic
830 1574 1069 1600 PROCEmTUR.
1094 1563 1252 1600 Videtur
1271 1563 1402 1612 quod

455 1612 491 1647 Γ
526 1616 659 1654 caritas
695 1617 823 1664 augeri
858 1628 937 1653 non
964 1616 1096 1665 possit.
1135 1616 1238 1654 Nihil
1271 1617 1374 1654 enim

481 1665 493 1713 ‘2
525 1678 683 1717 augetur
719 1669 788 1706 nisi
826 1676 1024 1717 quantum.
1062 1671 1214 1718 Duplex
1246 1679 1374 1707 autem

395 1719 410 1749 ’γ
430 1719 440 1751 T
449 1741 460 1759 r2
492 1730 582 1761 est
608 1724 811 1771 quantitas:
841 1723 982 1760 scilicet
1001 1723 1225 1770 dimensiva,
1247 1732 1282 1760 et
1300 1724 1374 1760 vir-

312 1775 432 1814 ruatis.
463 1775 636 1822 Quarum
657 1776 780 1824 prima
801 1776 940 1813 caritati
960 1789 1038 1813 non
1058 1777 1256 1814 convenit:
1286 1789 1373 1813 eum
1401 1771 1403 1834 3

313 1829 359 1867 sit
385 1828 575 1877 quaedam
595 1829 794 1878 spiritualis
822 1830 1016 1878 perfectio.
1045 1829 1223 1867 Virtualis
1247 1838 1375 1867 autem

1427 1564 1505 1612 geri
1523 1564 1558 1600 *ς
1581 1564 1611 1601 si
1640 1564 1742 1601 enim
1771 1577 1850 1601 non
1886 1573 2014 1613 posset
2052 1565 2192 1612 augeri,
2222 1565 2297 1601 iam
2328 1574 2491 1603 cessaret

1426 1617 1511 1654 viae
1531 1630 1744 1666 processus.
1774 1618 1823 1654 Et
1841 1618 1928 1654 ideo
1948 1619 2154 1666 Apostolus
2174 1618 2364 1655 caritatem
2384 1619 2489 1656 viam

1428 1671 1620 1717 nominat,
1661 1671 1790 1707 dicens
1820 1672 1833 1707 1
1867 1672 1918 1708 ad
1950 1672 2036 1708 Cor.
2064 1684 2112 1708 xu
2138 1670 2175 1707 *ε
2208 1672 2342 1708 Adhuc
2369 1673 2489 1709 excel-

1401 1739 1403 1765 3
1428 1724 1619 1760 lentiorem
1649 1724 1750 1760 viam
1778 1725 1883 1761 vobis
1910 1725 2134 1761 demonstro.

1482 1778 1540 1813 AD
1573 1789 1710 1814 PmMUM
1743 1788 1841 1814 ERGO
1879 1789 2063 1814 mCENDUM
2098 1777 2201 1826 quod
2236 1777 2378 1814 caritati
2411 1790 2490 1815 non

1429 1830 1607 1867 convenit
1635 1830 1823 1878 quantitas
1852 1830 2082 1877 dimensiva,
2113 1830 2179 1867 sed
2209 1831 2332 1867 solum
2370 1842 2490 1878 quan—

313 1881 502 1931 quantitas
521 1881 724 1919 attenditur
742 1883 954 1920 secundum
981 1883 1140 1929 obiecta,
1162 1883 1403 1927 secundum
1428 1882 1512 1919 titas
1531 1883 1712 1919 virtualis.
1742 1883 1853 1928 Quae
1872 1895 1951 1920 non
1971 1884 2095 1920 solum
2125 1883 2329 1920 attenditur
2357 1896 2491 1920 secun-

313 1943 413 1985 quae
440 1934 573 1971 caritas
592 1947 670 1972 non
699 1936 848 1973 crescit:
879 1937 968 1987 quia
987 1936 1146 1973 minima
1170 1936 1301 1973 caritas
1321 1935 1403 1976 di·
1401 1911 1403 1980 3
1429 1935 1522 1972 dum
1549 1947 1752 1972 numerum
1783 1935 2032 1995 obiectorum,
2062 1943 2103 1972 ut
2130 1936 2270 1973 scilicet
2297 1937 2405 1984 plura
2427 1938 2491 1974 vel

312 1988 389 2036 ligii
417 1988 547 2024 omnia
567 2000 665 2036 quae
693 1997 780 2026 sunt
799 2001 844 2026 ex
873 1989 1023 2026 caritate
1044 1989 1241 2037 diligenda.
1273 1982 1403 2036 Ergo
1427 1988 1608 2036 pauciora
1624 1988 1840 2036 diligantur:
1862 1990 1929 2026 sed
1950 1989 2061 2025 etiam
2083 1989 2295 2026 secundum
2313 1990 2490 2026 intensio-

313 2040 447 2078 caritas
476 2052 554 2077 non
582 2050 750 2089 augetur.
1401 2046 1403 2075 ἓ
1429 2053 1517 2077 nem
1546 2050 1662 2087 actus,
1687 2049 1729 2078 ut
1752 2041 1871 2089 magis
1890 2042 1951 2078 vel
1980 2042 2106 2078 minus
2135 2042 2276 2091 aliquid
2306 2042 2488 2090 diligatur.

367 2105 403 2130 2.
433 2094 674 2141 PRAETEREA,
703 2095 793 2132 illud
822 2095 928 2142 quod
958 2101 1013 2131 est
1039 2095 1078 2131 in
1106 2094 1268 2131 termino
1296 2106 1374 2131 non
1401 2093 1403 2142 3
1429 2095 1478 2131 Et
1497 2095 1571 2130 hoc
1591 2095 1710 2131 modo
1730 2094 1900 2131 virtualis
1919 2095 2107 2144 quantitas
2133 2094 2293 2132 caritatis
2321 2105 2489 2143 augetur.

313 2146 445 2195 recipit
471 2155 732 2194 augmentum.
769 2148 854 2184 Sed
883 2147 1016 2184 caritas
1045 2155 1100 2184 est
1127 2148 1166 2184 in
1193 2147 1372 2193 termino,
1400 2190 1403 2216 ¹
1482 2148 1542 2184 Ao
1583 2159 1772 2184 SECUNDUM
1819 2159 2002 2184 chENDUM
2045 2148 2148 2196 quod
2186 2148 2319 2186 caritas
2361 2157 2416 2185 est
2453 2148 2492 2185 in

314 2199 422 2248 quasi
448 2200 615 2237 m'axima
631 2201 813 2237 virtutum
834 2200 996 2238 existens
1016 2208 1052 2237 et
1071 2213 1246 2237 summus
1266 2213 1376 2237 amor
1401 2228 1403 2230 -

315 2252 449 2301 optimi
477 2253 580 2290 boni.
609 2254 711 2302 Ergo
741 2254 874 2291 caritas
902 2254 1029 2302 augeri
1058 2265 1135 2291 non
1163 2261 1298 2302 potest.

371 2305 404 2342 3.
435 2306 670 2354 Pam-ensi,
699 2314 944 2355 augmentum
964 2306 1120 2355 quidam
1150 2314 1278 2343 motus
1307 2314 1373 2342 est.
1401 2304 1403 2372 3

315 2357 418 2407 Ergo
447 2358 552 2405 quod
580 2366 737 2407 augetur
755 2367 944 2396 movetur.
974 2359 1090 2406 Quod
1111 2371 1200 2407 ergo
1220 2366 1403 2407 augetur!

316 2410 562 2449 essentialiter
588 2419 767 2449 movetur
795 2413 1049 2449 essentialiter.
1080 2412 1157 2448 Sed
1185 2424 1263 2448 non
1292 2424 1374 2449 mo·
1401 2374 1403 2436 3

314 2470 426 2500 vetur
453 2464 697 2502 essentialiter
724 2465 794 2501 nisi
821 2466 926 2514 quod
955 2464 1208 2512 corrumpitur
1232 2465 1294 2500 vel
1314 2476 1376 2512 ge-

315 2524 479 2553 neratur.
509 2517 611 2564 Ergo
641 2517 774 2554 caritas
802 2530 880 2555 non
898 2525 1023 2567 potest
1050 2516 1179 2564 augeri
1199 2517 1375 2553 essentia-

314 2569 408 2616 liter,
425 2569 495 2606 nisi
510 2570 605 2607 forte
622 2571 668 2608 de
683 2582 788 2607 novo
803 2578 1001 2618 generetur
1013 2571 1076 2607 vel
1092 2577 1373 2619 corrumpatur:

315 2622 421 2671 quod
449 2630 504 2659 est
531 2622 817 2660 inconveniens.

368 2675 444 2712 San
472 2687 618 2712 coam
645 2688 711 2713 EST
738 2676 844 2724 quod
872 2675 1105 2723 Augustinus
1133 2675 1234 2721 dicit,
1262 2686 1376 2722 super

313 2729 423 2765 Ioan.
437 2757 446 2774 ‚
485 2729 589 2776 quod
626 2730 765 2766 caritas
796 2734 962 2766 meretur
996 2728 1149 2777 augeri,
1189 2733 1228 2764 ut
1263 2733 1374 2764 aucta

314 2786 506 2818 mereatur
532 2787 568 2818 et
588 2783 724 2830 perfici
740 2782 770 2819 ²¹⁸.

368 2835 593 2871 Responm-:o
621 2846 804 2872 nicsunum
840 2834 944 2883 quod
972 2833 1104 2870 caritas
1139 2833 1224 2870 viae
1252 2841 1378 2882 potest

315 2886 458 2934 augeri.
490 2887 548 2924 Ex
565 2888 640 2924 hoc
660 2888 760 2925 enim
789 2887 951 2924 dicimur
974 2898 1056 2923 esse
1083 2885 1250 2922 viatores
1270 2887 1375 2935 quod

314 2938 354 2975 in
382 2940 509 2976 Deum
537 2941 740 2987 tendimus,
770 2940 834 2989 qui
862 2947 919 2977 est
946 2940 1100 2976 ultimus
1118 2939 1204 2976 finis
1225 2947 1375 2977 nostrae

315 2992 567 3030 beatitudinis.
598 2994 640 3030 In
666 2995 738 3031 hac
757 3001 885 3030 autem
904 2998 922 3014 ‘²
939 2993 1004 3030 via
1022 2999 1125 3029 tanto
1150 2992 1268 3039 magis
1287 3004 1374 3041 pro-

318 3044 490 3082 cedimus
517 3053 661 3094 quanto
689 3047 774 3083 Deo
809 3045 929 3094 magis
961 3045 1284 3094 propinquamus,
1314 3045 1374 3082 cui

317 3109 396 3134 non
426 3098 752 3148 appropinquatur
777 3099 952 3147 passibus
980 3098 1160 3147 corporis,
1189 3098 1257 3135 sed
1284 3098 1375 3135 affe·
1400 3109 1403 3134 ι

317 3149 436 3187 ctibus
455 3150 592 3187 mentis
605 3150 636 3188 *.
672 3151 783 3188 Hanc
802 3159 930 3188 autem
949 3150 1268 3201 propinquitatem
1288 3151 1376 3188 facit

318 3202 469 3240 caritas:
507 3203 597 3252 quia
634 3215 703 3252 per
738 3203 861 3252 ipsam
887 3216 996 3241 mens
1032 3205 1117 3241 Deo
1155 3204 1292 3241 unitur.
1326 3205 1376 3241 Et

316 3255 404 3292 ideo
433 3256 480 3293 de
508 3256 652 3293 ratione
691 3257 851 3293 caritatis
882 3257 968 3293 viae
997 3265 1052 3294 est
1078 3264 1120 3294 ut
1153 3257 1273 3307 possit
1307 3270 1373 3294 au-

369 3360 397 3392 οι)
415 3363 514 3390 auem.
527 3374 546 3380 -
563 3361 633 3386 enim
652 3359 780 3394 DL(pn?)‚
799 3361 880 3386 etiam
899 3362 929 3387 P.
940 3374 959 3380 -
977 3362 1026 3387 Pro
1041 3362 1261 3395 propinquamus,
1276 3370 1375 3394 appro-

311 3395 476 3428 pinquamus
493 3396 577 3421 CGlx.

371 3429 396 3464 β)
416 3431 471 3456 Sed
489 3438 541 3456 non
560 3435 599 3456 est
618 3431 712 3456 omnis.
728 3445 748 3450 -
765 3431 826 3456 Non
846 3434 934 3456 tamen
953 3435 993 3456 est
1011 3432 1056 3456 Pa.
1400 3443 1402 3465 Ι

388 3482 497 3507 Sumus:
515 3482 615 3507 Timor..
637 3483 667 3506 D.
685 3482 799 3507 ’suonam
818 3482 850 3506 T.
868 3483 900 3507 V.

1429 2212 1581 2236 summo
1612 2212 1658 2236 ex
1685 2208 1790 2248 parte
1819 2199 1968 2245 obiecti,
1998 2200 2223 2249 inquantum
2253 2200 2391 2238 scilicet
2411 2201 2492 2238 eius

1401 2250 1403 2291 ἒ
1430 2253 1623 2290 obiectum
1653 2261 1708 2289 est
1735 2265 1931 2290 summum
1961 2253 2126 2291 bonum:
2156 2261 2193 2290 et
2211 2266 2256 2290 ex
2274 2255 2348 2290 hoc
2368 2255 2491 2303 sequi-

1429 2314 1488 2342 tur
1515 2305 1620 2354 quod
1649 2305 1730 2365 ipsa
1750 2306 1796 2342 sit
1815 2306 2055 2343 excellentior
2074 2307 2153 2343 aliis
2171 2307 2383 2344 virtutibus.
2415 2308 2492 2344 Sed

1430 2371 1508 2395 non
1538 2366 1594 2396 est
1621 2358 1747 2396 omnis
1766 2356 1782 2388 β
1801 2359 1933 2396 caritas
1968 2359 2006 2396 in
2035 2372 2187 2397 summo
2226 2368 2411 2407 quantum
2441 2360 2489 2397 ad

1429 2411 1682 2449 intensionem
1711 2419 1827 2448 actus.

1482 2466 1541 2500 Αι)
1568 2475 1728 2500 τεκτιυια
1748 2465 1768 2485 *
1796 2475 1979 2501 mesanum
2003 2465 2110 2512 quod
2133 2465 2291 2512 quidam
2320 2465 2492 2502 dixerunt

1431 2515 1622 2552 caritatem
1652 2528 1730 2552 non
1759 2516 1887 2564 augeri
1907 2518 2117 2554 secundum
2147 2530 2256 2555 suam
2278 2518 2489 2566 essentiam,

1430 2569 1498 2605 sed
1527 2570 1651 2605 solum
1689 2569 1901 2606 secundum
1939 2570 2211 2607 radicationem
2241 2571 2278 2607 in
2308 2571 2488 2618 subiecto,

1428 2622 1491 2658 vel
1519 2622 1731 2659 secundum
1751 2621 1954 2658 fervorem.
1985 2623 2061 2659 Sed
2081 2623 2118 2659 hi
2138 2623 2331 2671 propriam
2351 2635 2489 2660 vocem

1428 2674 1709 2722 ignoraverunt.
1740 2674 1840 2711 Cum
1870 2674 1971 2711 enim
2000 2675 2046 2712 sit
2073 2676 2268 2723 accidens,
2299 2677 2378 2713 eius
2408 2689 2490 2713 esse

1430 2735 1485 2764 est
1512 2727 1654 2764 inesse:
1684 2727 1786 2764 unde
1814 2727 1905 2764 nihil
1925 2735 1980 2764 est
2007 2728 2107 2765 aliud
2135 2729 2259 2777 ipsam
2279 2729 2490 2766 secundum

1430 2780 1631 2817 essentiam
1661 2780 1789 2828 augeri
1818 2792 1933 2828 quam
1964 2793 2049 2817 eam
2077 2782 2198 2829 magis
2225 2782 2348 2819 inesse
2367 2782 2489 2819 subie-

1429 2840 1510 2880 cto,
1540 2834 1646 2880 quod
1684 2841 1739 2869 est
1767 2845 1852 2869 eam
1891 2833 2010 2881 magis
2049 2834 2207 2871 radicari
2238 2835 2275 2872 in
2304 2835 2487 2872 subiecto.

1430 2886 1608 2924 Similiter
1637 2885 1749 2922 etiam
1778 2885 1859 2934 ipsa
1888 2886 2132 2924 essentialiter
2160 2895 2215 2924 est
2241 2888 2361 2924 virtus
2390 2888 2488 2925 ordi—

1428 2946 1517 2976 nata
1545 2939 1592 2976 ad
1621 2946 1766 2975 actum:
1795 2939 1897 2975 unde
1925 2939 2028 2976 idem
2058 2947 2113 2976 est
2140 2940 2262 2988 ipsam
2283 2941 2411 2988 augeri
2432 2954 2489 2978 se-

1429 2992 1597 3029 cundum
1617 2992 1817 3028 essentiam
1846 2999 1882 3028 et
1900 2992 2023 3041 ipsam
2042 2993 2184 3030 habere
2210 2993 2418 3030 efficaciam
2439 2994 2489 3031 ad

1427 3045 1720 3094 producendum
1748 3045 1985 3082 ferventioris
2013 3045 2222 3083 dilectionis
2241 3054 2381 3083 actum.
2411 3050 2489 3084 Au-

1427 3106 1534 3146 getur
1562 3109 1651 3145 ergo
1673 3098 1916 3135 essentialiter
1935 3110 2013 3135 non
2034 3099 2189 3147 quidem
2210 3099 2259 3136 ita
2279 3100 2384 3147 quod
2406 3112 2487 3136 esse

1427 3151 1581 3200 incipiat
1608 3151 1669 3187 vel
1700 3163 1781 3188 esse
1810 3151 1956 3188 desinat
1982 3151 2021 3188 in
2049 3152 2231 3199 subiecto,
2262 3152 2356 3188 sicut
2383 3152 2487 3189 obie-

1429 3204 1501 3240 ctio
1520 3209 1536 3232 Υ
1554 3203 1740 3252 procedit:
1780 3204 1847 3241 sed
1875 3203 1925 3241 ita
1953 3205 2058 3252 quod
2094 3205 2215 3253 magis
2251 3205 2290 3241 in
2318 3205 2485 3241 subiecto

1429 3268 1510 3293 esse
1540 3256 1704 3305 incipiat.

1481 3363 1507 3395 γ)
1527 3362 1646 3387 obiectio.
1664 3376 1682 3381 -
1701 3363 1747 3387 illa
1766 3363 1863 3388 addunt
1881 3362 1928 3388 Pa.
1945 3376 1964 3382 -
1982 3363 2044 3387 Post
2062 3363 2178 3388 subiecto
2196 3363 2238 3387 ed.
2255 3369 2273 3387 a
2293 3362 2361 3387 addit
2379 3369 2412 3387 ac
2430 3369 2486 3387 ma-

1427 3397 1478 3430 gis,
1498 3397 1566 3422 idem
1585 3398 1605 3422 P
1625 3403 1684 3430 post
1703 3397 1797 3430 magis.

2312 3484 2343 3508 23

2518 1576 2527 1585 ⁸
2543 1575 2570 1596 D.
2584 1581 2624 1603 315,
2639 1581 2692 1603 ¹05¹·

2518 1684 2528 1692 ⁸
2544 1682 2608 1704 Vera.
2623 1688 2653 1711 3¹.

2617 2367 2632 2400 β

2519 2473 2589 2495 Vid.
2597 2473 2728 2496 Comment.

2519 2500 2591 2522 Caiet.
2607 2504 2667 2528 post.
2686 2505 2728 2522 ιη.

2518 2532 2537 2554 5.
