2892 4056
0 3181 9 3324 »zu-—n-——v
0 3091 6 3173 --‹-
0 3006 4 3057 -
0 2960 3 2986 -Α
0 2919 2 2922 -
0 2885 3 2904 <v
0 2866 3 2876 ..
0 2823 4 2852 ..v-

942 178 1206 227 QUAESTIO
1235 177 1375 223 XXVI,
1404 176 1699 213 ARTICULUS
1730 176 1778 212 111

42 270 108 291 ⁸⁰³
109 270 157 291 ⁰1¹¹·
176 269 208 291 ¹1
227 275 251 290 m
279 262 368 300 dam
394 259 552 298 homilia
577 259 609 297 *.
643 259 754 297 Unde
782 259 812 296 si
839 259 973 307 aliquis
1005 258 1222 307 proximum
1255 267 1335 293 non

41 296 131 324 Ενα-πσ

138 429 154 452 71

289 2300 384 2338 ratio
426 2301 706 2349 cognoscendi,

279 313 407 361 diligit,
435 313 541 361 argui
558 319 683 361 potest
709 313 814 360 quod
838 324 910 348 nec
937 312 1064 348 Deum
1094 309 1228 357 diligit:
1257 319 1335 346 non

278 374 434 416 propter
468 367 544 402 1108
575 365 683 412 quod
714 364 911 413 proximus
947 363 993 401 sit
1028 363 1149 410 magis
1181 360 1336 409 diligibi-

278 419 322 456 lis
350 424 388 464 '¹3
418 419 485 455 sed
513 418 601 466 quia
638 418 743 466 prius
777 417 987 465 diligendus
1023 415 1195 452 occurrit.
1230 416 1336 451 Deus

279 474 408 509 autem
437 477 492 507 est
519 471 639 518 magis
662 470 846 518 diligibilis
873 476 1029 518 propter
1055 467 1240 505 maiorem
1270 467 1338 507 bo-

279 525 448 561 nitatem.

279 597 282 599 ·
332 577 392 613 An
418 587 608 612 SECUNDUM
637 586 819 613 0111οΝ0οΜ
848 574 953 622 quod
981 572 1186 610 similitudo
1220 583 1337 620 quam

279 629 468 665 habemus
497 629 544 664 ad
573 630 699 665 Deum
735 635 791 664 est
817 627 920 676 prior
957 633 994 662 et
1028 637 1142 662 causa
1171 625 1339 662 similitu-

280 681 378 719 dinis
397 693 514 729 quam
533 681 721 718 habemus
741 681 788 718 ad
806 678 1048 729 proximum:
1078 690 1124 714 ex
1142 678 1217 714 hoc
1238 677 1339 714 enim

279 734 386 782 quod
414 733 684 783 participamus
702 745 726 770 a
753 733 838 770 Deo
857 731 897 769 id
916 730 1020 780 quod
1048 731 1096 768 ab
1117 731 1200 779 ipso
1225 730 1339 767 etiam

334 847 361 880 η)
380 847 527 880 diligibilis.
543 859 564 867 -
581 845 734 879 affigendus
753 845 800 870 1>ae.

2374 186 2444 211 211

1388 254 1586 303 proximus
1616 255 1751 300 habet,
1781 253 1920 290 similes
1954 252 2131 302 proximo
2167 252 2364 289 efficimur.
2403 254 2452 289 Et

1389 307 1476 344 ideo
1506 307 1651 343 ratione
1681 306 1933 343 similitudinis
1961 305 2081 353 magis
2110 305 2295 342 debemus
2323 307 2451 342 Deum

1390 371 1507 409 quam
1537 359 1756 407 proximum
1786 359 1952 407 diligere.

1443 414 1502 449 An
1530 424 1690 448 TER’rlUM
1723 424 1908 449 DICENDUM
1946 411 2051 460 quod
2083 412 2207 457 Deus,
2239 410 2452 446 secundum

1391 465 1638 502 substantiam
1660 477 1768 502 suam
1789 465 2059 510 consideratus,
2077 464 2115 500 in
2130 475 2374 512 quocumque
2395 463 2452 509 sit,

1391 517 1559 567 aequalis
1581 525 1654 554 est:
1686 517 1774 564 quia
1795 530 1872 554 non
1892 517 2074 554 minuitur
2093 529 2161 566 per
2179 517 2254 553 hoc
2275 516 2379 564 quod
2400 523 2455 552 est

1393 571 1430 607 in
1460 571 1599 618 aliquo.
1631 570 1706 606 Sed
1736 578 1864 606 tamen
1888 583 1967 607 non
1995 570 2201 618 aequaliter
2225 570 2340 606 habet
2367 581 2454 617 pro-

1393 624 1518 661 ximus
1555 622 1763 659 bonitatem
1801 622 1873 659 Dei
1902 623 1996 659 sicut
2024 623 2139 660 habet
2174 622 2296 672 ipsam
2330 623 2453 659 Deus:

1392 689 1482 714 nam
1520 677 1625 712 Deus
1652 675 1768 712 habet
1805 675 1929 724 ipsam
1968 675 2230 723 essentialiter,
2258 675 2454 724 proximus

1394 737 1521 767 autem
1548 728 1821 778 participative.

955 923 1286 956 Commentaria
1307 923 1558 956 cardinalis
1579 922 1781 954 Caietam

285 1016 332 1080 In
347 1005 469 1037 articuli
484 1003 614 1036 secundi
629 1010 816 1043 argumento
832 1003 973 1034 secundo
993 1003 1117 1033 adverte
1140 1002 1238 1043 quod,
1263 1002 1339 1042 quia
1394 1008 1502 1032 autern
1521 1008 1624 1032 cetera
1647 1010 1712 1031 non
1734 1007 1808 1031 sunt
1831 1000 1931 1041 paria,
1956 1001 2011 1031 sed
2029 1000 2204 1031 similitudo
2228 1002 2267 1031 ad
2290 1002 2396 1033 Deum
2413 1007 2459 1032 est

280 1081 284 1083 ,
312 1055 537 1090 argumentum
566 1048 756 1080 consistebat
777 1047 810 1078 in
831 1047 863 1078 vi
886 1046 1014 1078 maioris
1037 1046 1252 1077 similitudinis
1282 1046 1340 1076 ho-

281 1093 377 1125 minis
399 1093 439 1124 ad
461 1092 645 1133 proximum
667 1101 764 1133 quam
787 1092 827 1122 ad
848 1092 974 1128 Deum,
997 1090 1174 1131 responsio,
1198 1100 1264 1121 non
1287 1100 1341 1120 ne-

1394 1053 1425 1076 et
1447 1046 1534 1086 prior
1548 1052 1579 1076 et
1593 1055 1687 1075 causa
1703 1044 1916 1076 similitudinis
1932 1045 1972 1075 ad
1995 1045 2188 1084 proximum.
2212 1045 2252 1076 Et
2276 1045 2351 1076 haec
2374 1045 2458 1085 prio—

1394 1089 1467 1120 ritas
1491 1089 1623 1121 causalis
1647 1089 1700 1119 dat
1727 1089 1817 1139 quod
1840 1089 1962 1120 ratione
1986 1089 2200 1119 similitudinis
2224 1100 2290 1120 non
2313 1090 2458 1126 maioris,

281 1137 386 1177 gando
409 1136 481 1173 hoc,
505 1146 542 1167 ex
564 1135 624 1168 alia
639 1146 733 1167 causa
755 1135 856 1167 aufert
869 1135 936 1166 vim
950 1134 1101 1166 illativum
1116 1134 1340 1171 conclusionis,
1394 1134 1449 1165 sed
1461 1134 1574 1164 maiori
1586 1143 1623 1164 ac
1639 1133 1736 1184 priori
1748 1133 1877 1164 vinculo
1889 1133 2094 1169 inexistentis,
2107 1134 2207 1164 homo
2224 1141 2347 1165 tenetur
2359 1134 2459 1174 magis

281 1181 398 1213 scilicet
421 1191 458 1211 ex
476 1180 636 1221 prioritate
652 1186 683 1211 et
697 1180 886 1211 causalitate.
910 1180 951 1210 Et
973 1179 1107 1210 intendit
1128 1179 1218 1220 quod
1241 1178 1343 1209 maior
1396 1179 1502 1209 Deum
1525 1188 1623 1219 quam
1646 1177 1830 1217 proximum
1854 1177 1992 1218 diligere.

281 1224 477 1262 similitudo,
501 1224 610 1256 ceteris
633 1223 778 1264 paribus,
803 1230 850 1255 est
878 1223 958 1254 ratio
981 1223 1110 1254 maioris
1133 1222 1267 1254 81110115;
1291 1222 1343 1253 1118

1079 1370 1396 1413 ARTICULUS
1424 1369 1655 1412 TERTIUS

527 1465 683 1497 UTRUM
705 1463 835 1495 110Μο
858 1463 1031 1494 DEBEAT
1054 1463 1112 1494 Ex
1135 1462 1356 1494 CARITATE
1379 1461 1486 1493 ptus
1509 1462 1635 1492 DEUM
1658 1461 1861 1492 DILIGERE
1886 1462 2011 1498 QUAM
2035 1461 2213 1493 SEIPSUM

850 1541 882 1567 111
902 1541 987 1571 Sem„
1007 1542 1066 1566 dist.
1083 1548 1148 1572 xxix,
1168 1545 1216 1566 art.
1236 1540 1265 1571 3;
1286 1539 1456 1569 Devwrtut„
1476 1547 1520 1572 qu.
1540 1546 1572 1570 n,
1592 1543 1640 1564 art.
1657 1546 1684 1571 4,
1703 1540 1735 1564 ad
1756 1546 1786 1571 23
1806 1545 1853 1565 art.
1871 1547 1897 1573 9.

291 1653 294 1656 Δ
325 1630 346 1660 >,
373 1631 379 1653 ε
407 1643 456 1657 „K
496 1625 519 1651 0
541 1624 701 1650 Tannum
729 1623 782 1649 518
801 1623 1040 1649 PROCEDITUR.
1060 1611 1218 1648 Videtur
1241 1609 1346 1659 quod

284 1698 290 1705 ,
417 1642 472 1728 ῳ
497 1667 617 1704 110100
634 1677 714 1703 000
728 1665 867 1702 debeat
882 1676 927 1702 ex
942 1664 1094 1702 caritate
1112 1664 1197 1713 plus
1217 1665 1346 1701 Deum

284 1736 302 1745 -’
307 1722 463 1805 ,ἐξ
443 1709 485 1759 ‘f'
499 1719 653 1767 diligere
673 1730 790 1768 quam
810 1718 990 1766 seipsum.
1019 1717 1118 1755 Dicit
1138 1717 1240 1754 enim
1261 1717 1347 1753 Phi-

299 1782 301 1784 ’
421 1783 439 1801 )

386 1773 392 1782 ’
455 1763 761 1822 χκ10501311115,111
781 1771 834 1807 IX
850 1771 970 1808 Ethic.
990 1770 1022 1818 *,
1044 1771 1150 1820 quod
1168 1770 1347 1807 amicabi-

231 1821 259 1865 ’ἶ
285 1822 338 1863 lia
365 1823 462 1875 quae
487 1831 575 1863 sunt
605 1825 658 1862 ad
682 1824 842 1862 alterum
874 1824 1028 1861 veniunt
1057 1836 1108 1860 ex
1143 1822 1348 1861 amicabili—

286 1870 355 1927 bus
381 1889 478 1927 quae
503 1884 590 1916 sunt
616 1877 668 1914 ad
692 1877 866 1926 seipsum.
896 1876 973 1914 Sed
997 1889 1112 1914 causa
1140 1884 1196 1914 est
1221 1877 1349 1925 potior

286 1930 437 1973 effectu.
467 1932 570 1979 Ergo
597 1931 720 1968 maior
747 1938 803 1968 est
831 1930 993 1967 amicitia
1019 1930 1187 1967 hominis
1213 1930 1262 1967 ad
1291 1942 1348 1966 se-

285 1984 412 2044 ipsum
440 1995 556 2032 quam
585 1984 634 2021 ad
662 1995 944 2033 quemcumque
973 1983 1102 2020 alium.
1135 1984 1239 2031 Ergo
1268 1995 1349 2020 ma-

286 2036 343 2090 gis
371 2049 411 2074 se
441 2036 555 2074 debet
583 2036 735 2085 diligere
764 2048 881 2086 quam
910 2037 1049 2074 Deum.

297 2123 303 2132 ,
341 2101 377 2126 2.
406 2089 640 2137 Pam-anm,
668 2089 974 2139 unumquodque
1003 2089 1165 2137 diligitur
1191 2089 1351 2138 inquan-

286 2150 368 2180 tum
398 2149 454 2179 est
470 2142 671 2192 proprium
699 2143 860 2180 bonum.
891 2142 968 2180 Sed
988 2141 1026 2180 id
1046 2141 1152 2191 quod
1172 2149 1228 2179 est
1255 2141 1348 2179 ratio

287 2195 465 2243 ,diligendi
500 2196 620 2243 magis
649 2195 812 2243 diligitur
839 2208 957 2244 quam
994 2195 1034 2232 id
1061 2196 1167 2255 quod
1195 2203 1350 2244 propter

287 2249 388 2286 118118
405 2248 593 2286 rationem
613 2248 794 2297 diligitur.
815 2249 911 2286 sicut
928 2248 1125 2298 principia,
1146 2260 1245 2297 quae
1264 2256 1352 2285 sunt

749 2302 869 2351 magis
911 2308 1203 2350 cognoscuntur.
1246 2302 1349 2350 Ergo

202 2387 205 2395 ,
255 2364 257 2366 ·
289 2353 408 2398 homo
438 2353 558 2402 magis
586 2353 701 2402 diligit
728 2353 896 2403 seipsum
925 2367 1042 2404 quam
1076 2355 1350 2404 quodcumque

290 2406 393 2457 aliud
425 2408 572 2445 bonum
606 2407 797 2445 dilectum.
835 2408 928 2445 Non
965 2419 1054 2455 ergo
1087 2407 1208 2456 magis
1237 2407 1352 2456 diligit

289 2461 418 2501 Deum
447 2472 564 2509 quam
593 2460 775 2508 seipsum.

291 2543 294 2547 .
345 2514 381 2550 3.
410 2513 643 2560 ΡΒΑΕΤΕΚΕΑ,
681 2520 866 2562 quantum
895 2512 1027 2562 aliquis
1062 2512 1178 2560 diligit
1210 2513 1351 2559 Deum,

289 2573 438 2602 tantum
468 2565 583 2614 diligit
609 2565 682 2602 frui
710 2578 769 2602 eo.
800 2565 877 2602 Sed
906 2573 1092 2614 quantum
1121 2565 1254 2614 aliquis
1274 2564 1353 2602 dili-

291 2618 343 2667 git
362 2618 433 2655 frui
453 2619 551 2666 Deo,
571 2625 719 2656 tantum
741 2618 856 2667 diligit
875 2618 1059 2668 seipsum:
1090 2618 1180 2666 quia
1204 2619 1278 2655 1108
1299 2625 1354 2655 est

292 2683 488 2709 summum
517 2673 664 2709 bonum
693 2671 798 2720 quod
825 2671 961 2719 aliquis
994 2671 1065 2708 sibi
1091 2671 1188 2708 velle
1217 2679 1352 2720 potest.

198 2760 201 2761 γ
240 2751 241 2755 ,
292 2725 395 2772 Ergo
432 2725 552 2762 110100
580 2737 659 2762 non
695 2725 781 2773 plus
817 2725 930 2762 debet
958 2737 1004 2761 ex
1042 2724 1192 2762 caritate
1225 2725 1353 2761 Deum

265 2800 267 2802 -
291 2777 447 2825 diligere
475 2790 594 2826 quam
623 2777 804 2826 seipsum.

55 2891 66 2903 “
80 2890 137 2918 Cap.
151 2895 210 2914 xxu.

336 2831 421 2867 'SED
441 2842 587 2868 CONTRA
605 2842 672 2867 EST
686 2830 790 2880 quod
818 2830 1050 2878 Augustinus
1080 2829 1179 2876 dicit,
1209 2829 1280 2866 inI
1311 2829 1356 2866 de

293 2884 402 2920 Doct.
436 2884 569 2921 Christ.
588 2883 626 2920 *t
657 2884 699 2920 Si
723 2884 878 2932 teipsum
907 2896 980 2920 non
1003 2888 1161 2931 propter
1188 2888 1222 2919 te
1248 2882 1356 2919 debes

294 2935 471 2986 diligere,
499 2937 566 2973 sed
586 2942 742 2985 propter
777 2937 898 2984 ipsum
937 2937 1002 2973 ubi
1031 2936 1234 2972 dilectionis
1271 2940 1356 2972 tuae

295 2989 520 3026 rectissimus
537 2990 631 3036 finis
659 2995 722 3035 est,
752 3001 826 3026 non
853 2994 1069 3026 succenseat
1098 2989 1233 3037 aliquis
1259 2987 1356 3027 alius

295 3042 407 3078 homo
448 3041 482 3078 si
511 3047 548 3078 et
577 3042 697 3090 ipsum
729 3048 886 3090 propter
923 3043 1047 3080 Deum
1090 3042 1238 3091 diligas.
1277 3041 1355 3080 Sed

295 3101 452 3143 propter
470 3095 574 3142 quod
602 3094 920 3143 unumquodque,
940 3094 1030 3132 illud
1050 3100 1068 3116 α
1091 3094 1222 3142 magis.
1252 3094 1355 3142 Ergo

297 3146 418 3195 magis
459 3147 572 3184 debet
611 3148 732 3184 homo
775 3147 928 3195 diligere
969 3149 1096 3184 Deum
1135 3158 1251 3196 quam
1298 3160 1357 3184 sea

295 3211 436 3249 lpsum.

351 3254 577 3290 Responnzo
603 3264 789 3290 0180110οΜ
822 3253 927 3301 quod
955 3265 977 3290 a
1004 3253 1090 3289 Deo
1123 3253 1261 3301 duplex
1289 3253 1356 3291 bo·

297 3318 392 3344 num
411 3306 582 3355 accipere
602 3317 828 3355 possumus:
858 3304 999 3343 scilicet
1016 3305 1165 3344 bonum
1185 3313 1353 3353 naturae,

298 3366 334 3396 et
362 3359 507 3396 bonum
537 3358 688 3406 gratiae.
719 3359 843 3406 Super
862 3357 1206 3398 communicatione
1226 3366 1354 3397 autem

351 3479 379 3513 α)
399 3480 473 3505 illud.
491 3494 510 3499 -
528 3483 554 3505 et
573 3480 639 3505 illud
657 3480 751 3513 CDpK,
772 3481 825 3505 tale
844 3479 910 3505 illud
928 3480 946 3505 1.

1400 1609 1594 1646 bonorum
1624 1609 1852 1646 naturalium
1871 1609 1983 1646 nobis
2011 1621 2034 1646 a
2052 1610 2137 1646 Deo
2162 1609 2259 1646 facta
2286 1609 2465 1646 fundatur

1401 1674 1512 1699 amor
1547 1662 1749 1710 naturalis,
1779 1674 1858 1710 quo
1887 1675 1966 1699 non
1994 1663 2120 1699 solum
2156 1663 2277 1699 homo
2305 1662 2343 1698 in
2371 1674 2462 1698 suae

1399 1715 1608 1763 integritate
1636 1723 1793 1752 naturae
1822 1728 1937 1764 super
1965 1716 2094 1752 omnia
2130 1715 2246 1763 diligit
2273 1716 2399 1752 Deum
2429 1722 2466 1751 et

1400 1769 1486 1818 plus
1515 1781 1631 1818 quarn
1660 1769 1842 1818 seipsum,
1863 1769 1930 1806 sed
1951 1769 2064 1806 etiam
2085 1769 2275 1818 quaelibet
2294 1776 2464 1805 creatura

1401 1834 1470 1858 suo
1498 1823 1630 1868 modo,
1650 1822 1746 1859 idest
1764 1822 1827 1858 vel
1854 1821 2094 1859 intellectuali
2120 1822 2183 1859 vel
2202 1821 2373 1858 rationali
2400 1821 2463 1858 vel

1400 1875 1566 1922 animali,
1595 1876 1657 1912 vel
1686 1876 1825 1912 saltem
1849 1875 2010 1912 naturali
2037 1887 2182 1922 amore,
2203 1874 2299 1911 sicut
2317 1874 2463 1922 lapides

1402 1935 1438 1964 et
1465 1928 1538 1965 alia
1566 1940 1664 1976 quae
1694 1928 1908 1976 cognitione
1929 1936 2072 1965 carent:
2103 1928 2191 1976 quia
2210 1939 2465 1976 unaquaeque

1401 1993 1490 2030 pars
1517 1981 1731 2018 naturaliter
1758 1982 1843 2030 plus
1872 1989 1974 2018 amat
2002 1993 2206 2017 commune
2235 1981 2382 2017 bonum
2410 1987 2466 2016 to-

1401 2034 1474 2071 tius
1513 2046 1629 2083 quam
1666 2034 1890 2084 particulare
1919 2035 2066 2071 bonum
2099 2034 2309 2084 proprium.
2349 2033 2465 2080 Quod

1403 2087 1664 2124 manifestatur
1682 2099 1728 2124 ex
1748 2100 1880 2137 opere:
1910 2087 2101 2136 quaelibet
2121 2087 2222 2124 enim
2243 2099 2331 2136 pars
2350 2087 2467 2123 habet

1403 2140 1685 2178 inclinationem
1717 2141 1967 2189 principalem
1996 2141 2045 2178 ad
2074 2141 2264 2177 actionem
2294 2152 2467 2176 commu-

1402 2206 1493 2230 nem
1520 2194 1666 2230 utilitati
1693 2194 1820 2231 totius.
1850 2196 2021 2243 Apparet
2040 2194 2153 2230 etiam
2183 2193 2315 2230 hocin
2343 2192 2467 2242 politi-

1404 2247 1456 2283 cis
1470 2247 1683 2294 virtutibus‚
1696 2247 1909 2284 secundum
1925 2259 2020 2295 quas
2035 2247 2136 2283 cives
2155 2259 2226 2295 pro
2242 2247 2346 2283 bono
2364 2258 2468 2282 com-

1403 2300 1510 2337 muni
1525 2308 1560 2336 et
1576 2298 1591 2329 β
1606 2300 1804 2348 dispendia
1823 2301 2064 2349 propriarum
2085 2312 2213 2336 rerum
2234 2307 2270 2336 et
2288 2311 2469 2348 persona-

1405 2365 1489 2390 rum
1518 2353 1710 2390 interdum
1731 2354 1926 2391 sustinent.
1943 2374 1967 2381 -
1982 2354 2094 2391 Unde
2114 2354 2235 2390 multo
2256 2352 2375 2400 magis
2394 2353 2470 2389 hoc

1404 2407 1623 2444 verificatur
1642 2406 1679 2443 in
1699 2407 1863 2444 amicitia
1893 2407 2066 2454 caritatis,
2077 2419 2184 2455 quae
2213 2406 2392 2443 fundatur
2411 2418 2471 2442 su-

1404 2472 1474 2507 per
1493 2460 1840 2496 communicatione
1861 2461 2052 2497 donorum
2071 2460 2223 2507 gratiae.
2254 2460 2302 2495 Et
2317 2459 2403 2496 ideo
2425 2471 2470 2495 ex

1406 2512 1558 2548 caritate
1587 2512 1708 2559 magis
1746 2512 1859 2549 debet
1895 2514 2014 2550 homo
2045 2513 2197 2560 diligere
2226 2513 2375 2559 Deum,
2406 2511 2471 2560 qui

1408 2561 1463 2601 est
1490 2565 1636 2601 bonurn
1670 2577 1877 2602 commune
1907 2566 2097 2611 omnium,
2127 2577 2243 2625 quam
2279 2565 2468 2624 seipsum:

1408 2617 1496 2666 quia
1524 2617 1717 2654 beatitudo
1748 2625 1803 2655 est
1830 2618 1869 2655 in
1896 2619 1981 2655 Deo
2018 2618 2114 2655 sicut
2142 2619 2179 2654 in
2209 2617 2406 2655 communi
2436 2625 2472 2654 et

1408 2670 1537 2707 fontali
1565 2670 1741 2707 omnium
1769 2671 1954 2719 principio
1983 2671 2048 2719 qui
2076 2671 2347 2708 beatitudinem
2386 2682 2470 2719 par-

1407 2723 1563 2772 ticipare
1591 2731 1761 2771 possunt.

1461 2778 1520 2812 An
1553 2787 1689 2813 smmum
1722 2787 1820 2813 ERGO
1849 2787 2033 2813 01815110οΜ
2071 2777 2177 2825 quod
2214 2747 2471 2824 Philosophus

1407 2829 1574 2878 loquitur
1601 2829 1648 2866 de
1677 2829 1941 2866 amicabilibus
1979 2842 2077 2878 quae
2107 2838 2192 2867 sunt
2230 2830 2278 2867 ad
2307 2830 2470 2866 alterum

1409 2882 1447 2919 in
1476 2894 1553 2930 quo
1584 2883 1728 2918 bonurn
1758 2882 1862 2931 quod
1891 2889 1947 2919 est
1974 2882 2164 2919 obiectum
2199 2882 2384 2920 amicitiae
2418 2882 2472 2919 in-

1408 2936 1560 2972 venitur
1578 2936 1787 2972 secundum
1817 2935 1981 2984 aliquem
2002 2936 2267 2984 particularem
2289 2935 2470 2972 modum:

1410 3001 1488 3027 non
1517 2996 1644 3025 autem
1675 2989 1722 3026 de
1760 2988 2022 3025 amicabilibus
2057 3001 2154 3038 quae
2184 2997 2270 3026 sunt
2307 2989 2355 3025 ad
2384 2990 2472 3025 alte-

1410 3054 1495 3078 rum
1522 3042 1562 3078 in
1591 3054 1667 3090 quo
1697 3042 1844 3078 bonum
1865 3042 2100 3090 praedictum
2129 3042 2320 3080 invenitur
2339 3054 2473 3079 secun-

1411 3094 1503 3131 dum
1533 3094 1719 3131 rationem
1748 3094 1872 3131 totius.

1462 3149 1522 3184 Αο
1551 3159 1739 3185 SECUNDUM
1767 3159 1952 3184 DicENDUM
1976 3147 2081 3196 quod
2110 3148 2256 3184 bonum
2276 3148 2390 3184 totius
2418 3147 2472 3184 di-

1408 3199 1486 3248 ligit
1513 3201 1669 3249 quidem
1698 3208 1785 3249 pars
1823 3201 2036 3238 secundum
2066 3202 2171 3250 quod
2199 3209 2255 3238 est
2282 3201 2472 3249 510118011-

1407 3253 1584 3290 veniens:
1623 3266 1701 3290 non
1730 3261 1858 3290 autem
1885 3254 1936 3290 ita
1964 3254 2069 3303 quod
2107 3254 2252 3291 bonum
2280 3253 2403 3291 totius-
2423 3255 2472 3290 ad

1408 3318 1449 3343 se
1477 3307 1624 3353 referat,
1654 3307 1722 3343 sed
1749 3307 1876 3355 potius
1904 3307 1955 3344 ita
1983 3307 2088 3356 quod
2117 3307 2282 3355 seipsam
2303 3307 2417 3351 refert
2434 3306 2472 3343 in

1407 3359 1556 3396 bonum
1585 3359 1712 3396 totius.

1464 3480 1488 3514 β)
1508 3485 1542 3507 et.
1560 3495 1579 3501 -
1597 3482 1676 3506 etiam
1697 3481 1730 3507 G.
