2892 4056
204 2027 415 2048 ’Videommcnn

204 2053 276 2075 Caiet.
300 2058 353 2081 post
373 2060 414 2074 ar.

204 2086 292 2107 praec,
313 2081 337 2101 1η
357 2080 417 2101 arti·
475 2089 482 2107 ‘x

242 2107 262 2127 is
296 2107 365 2127 tertio
394 2108 418 2127 et
462 2117 465 2123 ·
493 2114 502 2125 n

206 2136 300 2161 quarto.

347 2793 359 2805 <

363 2760 382 2806 “a

444 189 517 236 298

442 272 588 306 appetere
612 266 720 296 locum
744 266 904 301 deorsum,
929 270 959 295 et
981 264 1144 295 excludere
1168 264 1372 304 impedientia
1394 265 1502 305 ipsum

443 320 460 340 a
483 310 556 340 loco
581 309 739 340 deorsum.
769 309 859 340 Unde
889 319 924 338 ex
947 309 1005 338 hac
1036 307 1295 338 determinatione
1326 308 1502 339 ostenditur

443 355 530 394 quod
554 354 669 383 invidia
701 363 766 384 non
791 359 836 383 est
859 361 1078 393 quaecumque
1107 351 1230 382 tristitia
1261 352 1299 382 de
1318 353 1405 382 bono
1429 362 1502 392 pro-

442 397 528 434 ximi,
553 397 607 427 sed
621 398 773 436 imperata
796 407 814 426 a
836 406 916 426 vana
939 395 1039 434 gloria
1055 395 1106 425 vel
1126 395 1282 435 superbia.
1308 396 1349 426 Et
1371 396 1414 426 sic
1431 396 1502 425 nul-

443 442 504 471 lius
528 441 622 471 unius
647 441 760 480 speciei
785 446 839 470 est.

498 485 654 520 Secundo,
672 485 746 524 quia
769 484 827 513 sub
844 482 1053 513 disiunctione
1073 482 1196 519 dicitur,
1207 483 1364 523 propriae
1377 483 1504 523 gloriae

444 530 493 559 vel
516 529 741 559 excellentiae:
764 537 799 557 ac
818 537 873 566 per
888 527 960 563 hoc,
977 533 1031 557 aut
1045 526 1210 566 utriusque
1230 526 1345 566 speciei
1369 533 1428 563 est;
1450 533 1503 557 aut

444 572 561 603 nullius
585 572 798 602 determinate.
815 588 835 593 —
851 571 891 601 Et
914 577 1046 610 augetur
1069 569 1223 601 dubitatio
1247 570 1274 600 si
1296 570 1414 610 species
1437 580 1503 600 sor-

443 616 519 647 titur
541 616 627 645 iuxta
650 615 768 655 species
791 614 920 654 gloriae,
944 614 994 644 vel
1018 614 1227 645 excellentiae.

499 660 532 689 In
557 659 742 699 oppositum
766 665 872 688 autem
896 664 942 688 est
964 658 1052 698 quod
1074 657 1210 688 invidiae
1234 657 1352 697 species
1368 667 1434 687 non
1458 667 1503 688 as-

444 703 616 742 signantur.
1257 725 1260 730 .

498 747 535 776 11.
551 747 601 777 Ad
624 746 686 776 hoc
701 745 814 776 dicitur
830 746 919 785 quod
934 745 1069 775 invidiae
1084 745 1208 780 vitium,
1225 745 1360 775 relatum
1377 745 1415 775 ad
1432 754 1504 784 pro-

442 791 578 820 ximum:
592 808 611 812 -
623 790 711 830 quod
722 789 793 820 dico
806 796 935 830 propter
944 789 1095 819 invidiam
1108 789 1260 820 fraternae
1275 789 1400 828 gratiae,
1416 789 1504 829 quod

442 834 559 865 scilicet
578 834 712 873 Spiritus
736 833 868 864 Sanctus
899 832 1108 864 diffundatur:
1131 832 1287 874 quoniam
1310 833 1372 863 hoc
1397 839 1505 864 contra

443 879 547 908 Deum
571 877 683 908 tendit:
709 894 727 899 -
753 877 848 908 unius
877 883 1002 908 tantum
1030 877 1143 917 speciei
1173 876 1417 918 specialissimae
1448 884 1503 908 est.

443 922 529 952 Sicut
562 922 647 952 enim
680 920 935 960 magnanimitas,
960 922 993 951 in
1017 921 1167 951 omnibus
1192 927 1346 961 appetens
1379 931 1504 961 magna,

443 966 537 996 unius
561 973 607 996 est
630 965 773 1002 rationis;
797 966 839 996 ita
862 965 990 1002 invidia,
1015 965 1048 995 in
1072 965 1222 995 omnibus
1251 965 1343 996 bonis
1366 965 1505 1005 proximi

442 1011 572 1040 horrens
603 1010 818 1040 excellentiam
851 1015 995 1050 respectu
1018 1009 1084 1045 sui,
1109 1009 1204 1040 unius
1227 1016 1274 1040 est
1296 1009 1436 1041 rationis.
1460 1010 1505 1040 Ita

442 1055 531 1095 quod
554 1053 633 1086 ratio
658 1053 798 1084 formalis
821 1063 885 1094 qua
907 1055 992 1084 bona
1015 1053 1152 1094 proximi
1175 1054 1337 1084 obiectum
1361 1060 1436 1085 sunt
1458 1053 1504 1084 in-

441 1098 543 1128 vidiae
566 1105 612 1128 est
635 1097 815 1128 excellentia
838 1107 904 1128 non
925 1097 1080 1134 absolute,
1097 1098 1152 1128 sed
1174 1105 1317 1137 respectu
1341 1097 1426 1128 illius
1450 1098 1505 1138 qui

442 1142 570 1172 invidet.
596 1142 689 1173 Unde
701 1143 785 1172 bona
800 1142 868 1182 ipsa
885 1141 1084 1172 materialiter
1095 1152 1128 1172 se
1143 1141 1259 1172 habent
1268 1141 1301 1172 in
1317 1141 1443 1172 obiecto
1459 1142 1505 1171 in-

442 1186 557 1222 vidiae;
582 1186 730 1216 excellere
753 1193 860 1216 autem
889 1186 1033 1216 invidum
1069 1185 1253 1216 formaliter.
1284 1185 1324 1216 Et
1351 1185 1505 1225 quoniam

442 1230 624 1261 excellentia
646 1237 682 1261 ut
711 1230 754 1260 sic
781 1229 876 1260 unius
900 1230 1029 1260 rationis
1059 1229 1317 1268 specialissimae,
1349 1238 1415 1259 non
1445 1229 1504 1259 mi-

442 1285 502 1305 nus
531 1284 629 1315 quam
656 1273 843 1314 magnitudo
866 1274 899 1303 in
923 1274 1083 1309 omnibus,
1108 1283 1206 1313 quam
1228 1272 1354 1312 respicit
1375 1283 1506 1313 magna—

443 1318 579 1353 nimitas,
604 1325 748 1358 apparet;
772 1318 844 1348 ideo
862 1327 899 1348 ex
918 1318 1006 1348 nulla
1027 1323 1114 1356 parte
1134 1317 1251 1347 invidia
1272 1316 1430 1347 invenitur
1451 1317 1505 1347 ha-

442 1364 514 1393 bere
543 1363 648 1402 plures
674 1361 804 1402 species.
835 1361 990 1398 Quamvis
1012 1361 1212 1392 latitudinem
1243 1361 1366 1396 habeat,
1390 1368 1420 1391 et
1442 1371 1505 1391 una

443 1407 481 1437 sit
503 1406 628 1446 gravior
660 1406 768 1436 altera:
793 1413 870 1446 puta
893 1405 925 1443 in
949 1405 1163 1446 spiritualibus
1180 1415 1277 1445 quam
1293 1405 1325 1435 in
1349 1411 1506 1445 tempora-

442 1451 534 1486 libus,
560 1457 590 1481 et
613 1450 693 1481 circa
717 1449 836 1480 maiora
853 1459 951 1490 quam
975 1449 1055 1479 circa
1078 1449 1212 1480 minora.

497 1495 548 1525 111.
567 1495 617 1524 Ad
633 1494 846 1524 obiectionem
861 1501 968 1524 autem
988 1493 1124 1533 primam
1140 1493 1172 1523 in
1189 1493 1378 1533 oppositum
1392 1492 1411 1512 *
1429 1491 1505 1523 dici-

443 1547 493 1570 tur
508 1539 597 1580 quod
616 1538 739 1569 tristitia
754 1539 792 1568 de
808 1539 895 1568 bono
912 1537 1048 1578 proximi
1072 1538 1216 1568 absolute
1239 1544 1358 1577 spectat
1377 1538 1416 1567 ad
1435 1547 1505 1577 spe-

444 1583 523 1614 ciem
536 1583 618 1613 odii:
636 1582 795 1614 intantum
811 1583 899 1622 quod
918 1582 1013 1613 etiam
1028 1581 1151 1612 tristitia
1168 1582 1206 1612 de
1224 1581 1409 1612 excellentia
1429 1581 1506 1611 boni

443 1627 578 1667 proximi
602 1627 746 1657 absolute
769 1633 887 1666 spectat
910 1627 950 1657 ad
973 1626 1096 1657 odium.
1121 1626 1182 1656 Sed
1205 1625 1329 1656 tristitia
1350 1625 1389 1655 de
1412 1625 1505 1655 bonis

1092 187 1356 233 QUAESTIO
1387 188 1562 233 XXXVI,
1592 187 1886 223 ARTICULUS
1917 187 1967 223 IV

1555 263 1690 303 proximi
1714 270 1750 293 ut
1772 263 1930 293 excellunt
1951 262 2053 300 illum,
2078 269 2197 303 spectat
2219 264 2259 294 ad
2280 264 2442 296 invidiam.
2467 264 2512 295 Ita
2527 264 2616 305 quod

1554 307 1680 337 invidus
1703 316 1770 336 non
1794 306 1932 337 tristatur
1955 306 1995 336 de
2018 306 2199 338 excellentia
2220 308 2357 348 proximi
2380 308 2534 345 absolute,
2562 308 2618 338 sed

1555 358 1699 390 respectu
1724 349 1789 380 sui:
1814 349 1925 380 odiens
1948 356 2056 380 autem
2079 349 2148 380 odit
2169 350 2258 382 illam
2280 352 2435 383 absolute.

1610 395 1661 424 Ad
1684 393 1856 424 secundam
1873 403 1946 424 vero
1970 393 2083 424 dicitur
2098 394 2185 434 quod
2208 395 2295 426 aliud
2317 402 2364 426 est
2378 402 2526 436 appetere
2544 405 2618 436 pro-

1555 437 1657 478 priam
1681 437 1906 474 excellentiam,
1930 444 1960 467 et
1983 437 2068 467 aliud
2090 443 2137 468 est
2159 437 2294 468 refutare
2317 439 2462 475 alienam,
2486 439 2519 469 in
2543 438 2618 469 aeti-

1556 483 1615 512 bus
1639 488 1669 512 et
1691 481 1849 512 habitibus
1872 481 2009 512 animae:
2033 481 2106 512 licet
2128 481 2161 511 in
2177 482 2382 521 naturalibus,
2398 492 2479 523 quae
2503 482 2618 523 imper-

1557 525 1676 556 fectum
1708 526 1832 556 bonum
1864 531 2092 566 assequuntur,
2126 534 2183 564 per
2216 535 2319 557 unum
2348 525 2403 558 fiat
2434 533 2618 567 utrumque.

1556 570 1675 600 Anima
1697 569 1784 599 enim
1806 569 1870 600 alio
1894 576 1966 600 actu
1990 575 2075 600 amat
2107 569 2242 606 bonum,
2265 576 2296 600 et
2319 570 2382 602 alio
2406 570 2475 601 odit
2497 570 2619 601 malum

1557 613 1764 644 contrarium:
1789 614 1935 654 quamvis
1951 613 2032 653 ignis
2047 612 2261 643 calefaciendo
2279 613 2410 645 inducat
2428 614 2566 645 calorem
2590 620 2621 645 et

1557 657 1691 697 expellat
1713 657 1811 697 frigus
1835 657 2039 688 contrarium.
2070 657 2164 687 Unde
2186 656 2219 687 in
2242 657 2409 698 proposito
2438 667 2550 688 verum
2574 664 2621 688 est

1557 702 1646 742 quod
1669 711 1706 731 ex
1721 701 1900 732 inordinato
1915 701 2057 742 appetitu
2075 700 2223 741 propriae
2237 701 2438 733 excellentiae
2456 701 2530 732 satis
2545 705 2629 742 pro-'

1556 745 1676 786 pinque
1707 745 1808 776 oritur
1835 745 1958 776 tristitia
1988 745 2027 776 de
2049 745 2151 775 aliena
2174 744 2356 775 excellentia
2385 752 2530 785 respectu
2553 745 2619 776 sui:

1557 799 1624 820 non
1647 795 1755 821 tamen
1771 789 1964 826 sunt.idem,
1988 795 2024 820 ut
2046 795 2132 829 patet
2147 798 2185 819 ex
2208 788 2416 828 separatione.
2439 789 2507 821 Stat
2533 799 2622 820 nam-

1556 843 1620 874 que
1643 834 1732 874 quod
1755 833 1932 864 inordinate
1954 833 2026 874 quis
2050 839 2177 873 appetat
2208 832 2372 873 propriam
2395 833 2620 870 excellentiam.

1557 884 1587 908 et
1611 887 1678 908 non
1700 877 1840 908 invideat
1854 877 1987 908 alienae:
2013 884 2049 908 ut
2072 877 2111 907 de
2131 876 2342 907 daemonibus
2365 882 2462 917 patet,
2477 876 2533 918 qui
2555 876 2622 907 sine

1557 928 1669 952 mutua
1691 921 1732 951 ad
1753 921 1890 952 invicem
1911 921 2029 951 invidia
2053 921 2252 962 appetierunt
2274 919 2451 950 inordinate
2477 920 2622 962 proprias

1557 965 1764 1002 excellentias,
1789 972 1820 996 et
1843 973 1950 996 tamen
1973 965 2071 1006 aliqui
2094 965 2162 995 aliis
2185 964 2502 1005 apprehendebantur
2524 964 2623 995 futuri

1556 1009 1801 1040 excellentiores
1818 1010 1912 1040 Unde
1926 1009 2044 1040 invidia
2058 1009 2153 1040 habet
2167 1019 2226 1049 pro
2243 1008 2365 1040 ratione
2381 1007 2508 1040 formali
2522 1008 2622 1040 excel-

1557 1054 1687 1084 lentiam
1714 1053 1841 1084 alterius
1868 1060 2012 1094 respectu
2037 1053 2102 1090 sui3
2127 1060 2158 1084 et
2180 1063 2246 1083 non
2278 1053 2451 1093 imperatur
2480 1053 2520 1083 ab
2542 1053 2621 1092 ipsa.

1557 1098 1597 1129 Et
1619 1098 1682 1129 hoc
1705 1097 1887 1137 designatur
1903 1107 1977 1128 cum
1992 1097 2105 1128 dicitur
2121 1097 2210 1138 quod
2233 1103 2280 1127 est
2302 1097 2432 1131 tristitia
2455 1096 2495 1128 de
2516 1098 2623 1138 alieno

1556 1142 1637 1172 bono
1661 1146 1696 1172 ut
1718 1142 1941 1171 diminutivum
1959 1141 2116 1181 propriae
2138 1141 2355 1180 excellentiae.

1610 1185 1661 1215 Ad
1684 1184 1836 1215 ultimum
1858 1184 1973 1215 dicitur
1995 1184 2094 1224 quod,
2110 1184 2184 1216 lieet
2198 1184 2299 1224 gloria
2321 1184 2423 1215 inanis
2438 1183 2526 1224 prius
2542 1184 2623 1215 oria-

1557 1235 1617 1264 tur,
1634 1235 1671 1259 ut
1686 1228 1859 1267 Gregorius
1873 1228 1950 1259 dicit
1963 1228 1990 1264 *,
2009 1238 2046 1258 ex
2061 1228 2208 1268 superbia
2225 1238 2323 1269 quam
2341 1228 2469 1265 invidia,
2485 1228 2561 1270 quia
2575 1228 2622 1260 di—

1556 1272 1690 1308 rectius,
1719 1279 1755 1304 ut
1782 1271 1931 1313 proprius
1960 1271 2102 1307 effectus,
2133 1272 2214 1303 sicut
2245 1272 2346 1312 gloria
2375 1273 2415 1302 ab
2443 1273 2624 1305 excellentia

1557 1322 1696 1352 emanat;
1721 1323 1752 1347 et
1775 1323 1811 1347 ut
1833 1316 1868 1347 in
1890 1315 2034 1356 pluribus
2053 1315 2172 1347 invidia
2195 1315 2275 1347 circa
2290 1315 2508 1348 excellentiam
2528 1317 2624 1349 huius

1557 1360 1634 1391 boni
1657 1361 1746 1401 quod
1769 1359 1869 1400 gloria
1892 1366 1939 1390 est
1960 1359 2076 1390 versari
2099 1358 2251 1396 videatur,
2276 1366 2307 1390 et
2330 1369 2368 1392 ex
2391 1359 2534 1400 appetitu
2555 1360 2624 1400 glo—

1558 1404 1621 1435 riae
1644 1404 1793 1444 imperari
1821 1404 1979 1435 videatur:
2009 1403 2128 1434 invidia
2151 1410 2257 1434 tamen
2285 1413 2341 1444 per
2364 1413 2396 1434 se
2421 1403 2502 1434 circa
2528 1405 2625 1436 excel-

1556 1448 1688 1479 lentiam
1712 1448 1848 1479 alienam
1873 1454 2017 1488 respectu
2046 1447 2097 1478 sui
2120 1454 2271 1479 versatur.
2301 1448 2342 1478 Et
2365 1454 2532 1488 propterea
2558 1458 2626 1480 non

1557 1500 1604 1524 est
1627 1493 1768 1523 diversae
1791 1499 1846 1523 aut
1868 1492 2004 1523 incertae
2028 1491 2153 1531 speciei.
2183 1491 2250 1523 Nec
2273 1494 2396 1523 Auctor
2419 1491 2457 1522 de
2480 1491 2543 1523 hoc
2565 1493 2625 1524 du-
2673 1511 2676 1514 ⁴

1557 1537 1677 1573 bitavit',
1695 1537 1785 1568 cuius
1809 1537 1987 1567 doctrinam
2002 1536 2148 1566 diffusam
2164 1536 2260 1567 habes
2275 1535 2309 1566 in
2332 1536 2570 1577 quaestionibus
2585 1537 2626 1568 de

1558 1581 1660 1620 Malo,
1676 1581 1709 1611 in
1731 1580 1917 1622 quaestione
1938 1581 1977 1611 de
1995 1580 2124 1611 Invidia
2138 1580 2173 1611 *z
2199 1581 2264 1617 sed,
2281 1590 2347 1610 non
2371 1580 2622 1618 determinando,

1558 1625 1772 1656 disiunctione
1795 1635 1872 1655 usus
1896 1631 1952 1661 est,
1977 1624 2032 1655 ubi
2055 1625 2094 1655 de
2118 1624 2179 1655 hoc
2202 1634 2268 1655 non
2292 1631 2357 1655 erat
2380 1624 2534 1665 quaestio.

1147 1756 1403 1810 Aercu
1420 1767 1538 1810 Lus
1582 1736 1910 1818 QUARTUS

1106 1860 1262 1892 UTRUM
1287 1861 1450 1891 INVIDIA
1473 1860 1539 1891 SIT
1563 1860 1719 1891 VITIUM
1743 1859 1959 1890 CAPITALE

1224 1939 1266 1964 De
1283 1939 1367 1968 Malo,
1386 1947 1432 1972 qu.
1450 1947 1504 1970 vm,
1524 1944 1572 1965 art.
1594 1946 1623 1970 13
1642 1947 1688 1972 qu.
1705 1947 1729 1969 x,
1749 1943 1799 1965 art.
1820 1937 1844 1963 3.

482 2052 505 2061 Δ,
532 2027 537 2040 =
564 2038 601 2060 μ,
653 2023 676 2047 D
691 2022 865 2053 QUARTUM
879 2022 932 2048 S1c
948 2010 1217 2048 amoenam&
1227 2010 1386 2047 Videtur
1401 2011 1507 2058 quod

570 2061 571 2067 ’
628 2073 634 2095 ῑ·
655 2063 798 2100 invidia
834 2075 912 2100 non
950 2064 994 2100 sit
1024 2063 1160 2100 vitium
1199 2063 1369 2114 capitale.
1408 2064 1508 2100 Vitia

638 2113 759 2153 enim
790 2116 961 2165 capitalia
991 2116 1271 2165 distinguuntur
1306 2124 1437 2153 contra
1463 2117 1508 2154 fi—

656 2169 722 2206 lias
743 2169 961 2218 capitalium
980 2169 1175 2207 vitiorum.
1198 2169 1275 2207 Sed
1294 2169 1438 2207 invidia
1454 2177 1510 2206 est

443 2223 522 2259 filia
550 2221 672 2259 inanis
710 2223 871 2270 gloriae:
910 2221 998 2260 dicit
1032 2222 1134 2259 enim
1162 2222 1440 2271 Philosophus,
1470 2222 1508 2260 in

382 2289 401 2310 3·
445 2277 477 2312 ll
492 2277 600 2312 Rhet.
622 2275 652 2323 ²¹⁶,
670 2276 776 2324 quod
794 2281 983 2312 amatores
1001 2276 1155 2312 honoris
1168 2281 1203 2311 et
1216 2275 1365 2325 gloriae
1383 2276 1508 2325 magis

444 2328 619 2365 invident.
649 2329 752 2376 Ergo
772 2328 916 2365 invidia
935 2340 1013 2365 non
1035 2336 1090 2364 est
1107 2328 1241 2365 vitium
1263 2328 1432 2376 capitale.

499 2393 534 2418 2.
565 2382 806 2428 PRAETEREA,
835 2381 926 2418 vitia
954 2381 1126 2430 capitalia
1143 2381 1322 2418 videntur
1355 2393 1437 2418 esse
1456 2381 1507 2417 le-

444 2434 554 2471 viora
573 2446 689 2483 quam
710 2434 780 2471 alia
800 2446 897 2483 quae
927 2446 972 2471 ex
996 2434 1048 2470 eis
1069 2434 1260 2471 oriuntur:
1291 2434 1379 2471 dicit
1403 2434 1505 2471 enim

246 2502 257 2516 a
291 2495 390 2542 3553st
446 2487 663 2534 Gregorius,
685 2488 808 2524 XXXI
833 2487 977 2524 Moral.
998 2486 1033 2524 *z
1062 2488 1193 2524 Prima
1216 2487 1306 2523 vitia
1335 2487 1508 2535 deceptae

446 2541 561 2587 menti
587 2541 696 2588 quasi
720 2541 789 2576 sub
808 2540 972 2588 quadam
1001 2540 1148 2576 ratione
1164 2551 1202 2575 se
1222 2541 1416 2589 ingerunt:
1443 2541 1509 2577 sed

445 2605 541 2641 quae
568 2599 794 2641 sequuntur,
832 2594 921 2629 dum
950 2598 1110 2629 mentem
1147 2593 1198 2629 ad
1229 2605 1379 2629 omnem
1408 2593 1506 2630 insa—

446 2647 548 2683 niam
574 2647 815 2694 protrahunt,
845 2647 954 2694 quasi
980 2645 1126 2682 bestiali
1152 2646 1319 2682 clamore
1346 2651 1505 2683 mentem

446 2700 689 2747 confundunt.
713 2699 789 2736 Sed
809 2699 951 2736 invidia
965 2698 1117 2736 videtur
1136 2711 1217 2735 esse
1238 2698 1505 2746 gravissimum

446 2760 666 2801 peccatum:
707 2751 795 2788 dicit
833 2751 934 2789 enim
972 2751 1198 2799 Gregorius,
1235 2751 1271 2788 V
1297 2751 1442 2789 Moral.
1465 2751 1504 2788 *ε

450 2806 630 2847 Quamvis
652 2817 724 2853 per
758 2817 869 2841 omne
892 2805 1023 2841 vitium
1052 2805 1154 2852 quod
1172 2810 1415 2852 perpetratur
1440 2805 1507 2841 hu—

447 2870 560 2895 mano
589 2858 696 2894 cordi
721 2858 865 2905 antiqui
895 2858 1007 2894 hostis
1033 2858 1138 2894 virus
1172 2858 1383 2905 infunditur
1401 2863 1438 2904 α,
1468 2858 1505 2894 in

446 2913 518 2947 hac
537 2917 660 2948 tamen
690 2911 853 2958 nequitia
881 2916 956 2947 tota
982 2922 1051 2947 sua
1079 2911 1224 2947 viscera
1251 2922 1403 2959 serpens
1420 2921 1507 2946 con—

447 2964 546 3009 cutit,
567 2969 602 3000 et
619 2964 890 3011 imprimendae
909 2963 1074 3000 malitiae
1086 2969 1228 3011 pestem
1247 2963 1373 3000 vomit.
1404 2963 1505 3011 Ergo

446 3016 590 3054 invidia
618 3028 695 3052 non
724 3025 780 3053 est
807 3016 940 3053 vitium
971 3016 1139 3064 capitale.

503 3070 537 3106 3.
553 3070 785 3115 PRAETEREA,
805 3069 954 3105 videtur
973 3069 1077 3117 quod
1096 3068 1407 3106 inconvenienter
1427 3067 1506 3105 eius

274 3136 287 3160 p
318 3136 372 3153 ω’-
416 3145 420 3150 -
447 3122 546 3159 filiae
589 3122 824 3169 assignentur
861 3133 882 3158 a
911 3122 1113 3169 Gregorio,
1143 3121 1268 3158 XXXI
1301 3121 1444 3158 Moral.
1465 3121 1505 3167 ³¹⁸,

209 3146 347 3182 XV11,1¹ivet.
357 3162 419 3177 XXXI.

447 3174 514 3212 ubi
549 3174 637 3211 dicit
672 3175 777 3223 quod
805 3174 850 3210 de
878 3175 1017 3211 invidia
1050 3175 1172 3211 oritur
1203 3174 1351 3219 odium,
1379 3185 1507 3210 susur-

447 3228 556 3272 ratio,
585 3226 782 3273 detractio,
812 3227 991 3264 exultatio
1021 3227 1057 3264 in
1087 3227 1253 3266 a'dversis
1274 3227 1449 3276 proximi
1474 3232 1510 3263 et

447 3280 601 3329 afflictio
630 3281 666 3316 in
690 3279 894 3329 prosperis.
925 3280 1112 3318 Exultatio
1143 3279 1244 3318 enim
1273 3279 1311 3317 in
1336 3279 1506 3316 adversis

1561 2023 1643 2048 esse
1663 2010 1769 2058 quod
1797 2009 1953 2057 invidia,
1974 2017 2015 2047 ut
2039 2021 2083 2047 ex
2110 2009 2329 2059 praemissis
2349 2010 2370 2031 ‘⁴
2388 2018 2503 2059 patet.
2534 2011 2625 2051 Non

1562 2076 1651 2112 ergo
1681 2064 1750 2100 ista
1779 2063 1920 2100 debent
1947 2062 2040 2112 poni
2068 2070 2109 2099 ut
2135 2063 2235 2100 filiae
2264 2062 2440 2100 invidiae.

1615 2117 1690 2153 San
1711 2127 1858 2153 CONTRA
1877 2127 1942 2152 Es'r
1961 2115 2163 2152 auctoritas
2183 2115 2369 2164 Gregorii,
2389 2117 2516 2153 XXXI
2535 2117 2624 2154 Mo-

1561 2169 1631 2207 ral.
1653 2170 1690 2215 ⁶,
1721 2169 1786 2218 qui
1812 2168 1922 2217 ponit
1949 2168 2134 2206 invidiam
2162 2168 2298 2207 vitium
2328 2168 2499 2219 capitale,
2525 2176 2563 2207 et
2590 2169 2624 2207 ei

1559 2222 1772 2271 praedictas
1800 2221 1897 2258 filias
1925 2223 2101 2269 assignat.

1614 2276 1840 2312 Responnro
1859 2286 2044 2312 melerinum
2072 2274 2178 2323 quod
2202 2274 2296 2311 sicut
2323 2275 2456 2312 acedia
2481 2282 2536 2312 est
2562 2275 2625 2313 tri·

1561 2328 1657 2365 stitia
1678 2328 1726 2365 de
1746 2328 1850 2365 bono
1870 2327 2051 2376 spirituali
2080 2327 2224 2374 divino,
2254 2327 2304 2363 ita
2327 2327 2469 2364 invidia
2487 2334 2546 2364 est
2558 2328 2625 2365 {tri⁶

1560 2381 1658 2418 stitia
1678 2382 1725 2417 de
1745 2381 1850 2417 bono
1869 2380 2043 2430 proximi.
2074 2380 2228 2417 Dictum
2249 2386 2304 2417 est
2323 2387 2452 2417 autem
2472 2380 2624 2431 supra*

1561 2434 1733 2471 acediam
1755 2445 1837 2470 esse
1865 2433 2000 2470 vitium
2030 2433 2201 2482 capitale,
2224 2445 2268 2470 ea
2297 2433 2440 2486 ratione
2469 2433 2558 2482 quia
2578 2445 2624 2471 ex

1560 2486 1692 2523 acedia
1720 2487 1838 2523 homo
1869 2485 2072 2534 impellitur
2090 2485 2139 2523 ad
2158 2486 2284 2535 aliqua
2313 2486 2483 2524 facienda
2501 2486 2563 2533 vel
2583 2494 2625 2525 ut

1560 2539 1677 2587 fugiat
1704 2539 1889 2577 tristitiam
1917 2539 1979 2576 vel
2005 2547 2046 2576 ut
2072 2538 2238 2576 tristitiae
2267 2539 2480 2577 satisfaciat.
2510 2539 2622 2580 Unde

1561 2592 1698 2630 eadem
1727 2592 1872 2629 ratione
1900 2591 2042 2628 invidia
2070 2592 2225 2640 ponitur
2250 2592 2386 2629 vitium
2406 2593 2578 2641 capitale.

1613 2647 1672 2682 An
1700 2657 1838 2682 PR1MUM
1866 2656 1965 2682 ERGO
1992 2657 2178 2682 memnon
2207 2645 2325 2693 quod,
2354 2646 2450 2682 sicut
2478 2646 2622 2694 Grego⁴

1561 2697 1636 2735 rius
1658 2697 1758 2745 dicit,
1779 2698 1817 2735 in
1837 2697 1962 2734 XXXI
1982 2698 2128 2735 Moral.
2148 2698 2184 2745 ⁸¹⁸,
2215 2698 2391 2747 capitalia
2409 2697 2500 2735 vitia
2519 2702 2622 2741 tanta

1558 2751 1631 2788 sibi
1647 2751 1908 2788 coniunctione
1922 2748 1937 2780 β
1951 2751 2235 2800 coniunguntur
2260 2756 2300 2787 ut
2318 2763 2393 2788 non
2412 2750 2487 2789 nisi
2503 2763 2622 2790 unum

1560 2804 1606 2840 de
1637 2803 1755 2840 altero
1786 2805 2021 2852 proferatur.
2058 2804 2189 2843 Prima
2227 2815 2391 2852 namque
2424 2804 2623 2852 superbiae

1559 2856 1705 2893 soboles
1738 2857 1860 2893 inanis
1887 2862 1942 2893 est
1974 2857 2122 2906 gloria,
2161 2867 2259 2904 quae
2285 2857 2375 2893 dum
2403 2863 2621 2905 oppressam

1560 2915 1721 2946 mentem
1749 2909 1961 2958 corruperit
1977 2914 2013 2955 ἵ,
2042 2921 2136 2946 mox
2163 2909 2343 2946 invidiam
2362 2910 2504 2960 gignit:
2532 2907 2621 2958 quia

1561 2963 1650 2999 dum
1668 2962 1761 2999 vani
1778 2961 1939 2999 nominis
1961 2962 2166 3011 potentiam
2190 2962 2338 3012 appetit,
2359 2974 2406 3000 ne
2424 2963 2506 3012 quis
2523 2962 2622 3010 hanc

1560 3015 1656 3052 alius
1673 3015 1832 3064 adipisci
1846 3015 1982 3060 valeat,
2001 3015 2162 3052 tabescit.
2192 3016 2284 3053 Non
2304 3023 2361 3053 est
2381 3028 2470 3065 ergo
2490 3013 2622 3055 contra

1561 3068 1746 3106 rationem
1773 3067 1854 3105 vitii
1883 3067 2049 3117 capitalis
2078 3068 2184 3117 quod
2211 3067 2337 3117 ipsum
2367 3081 2413 3106 ex
2432 3068 2505 3107 alio
2526 3068 2622 3109 oria-.-

1560 3129 1640 3158 tur:
1673 3121 1741 3158 sed
1769 3121 1876 3168 quod
1904 3133 1983 3158 non
2010 3121 2149 3158 habeat
2177 3121 2342 3171 aliquam
2371 3121 2621 3170 principalem

1561 3174 1747 3211 rationem
1776 3173 2014 3222 producendi
2043 3186 2088 3211 ex
2117 3186 2157 3211 se
2186 3175 2306 3211 multa
2330 3185 2469 3223 genera
2488 3182 2622 3224 pecca-

1559 3234 1698 3264 torum.
1718 3246 1743 3255 -
1763 3227 1877 3264 Forte
1906 3234 2034 3264 tamen
2061 3232 2218 3277 propter
2243 3227 2318 3265 hoc
2346 3227 2453 3277 quod
2478 3222 2622 3281 invidia

1561 3280 1760 3317 manifeste
1788 3292 1835 3317 ex
1863 3278 1966 3318 inani
1990 3279 2111 3327 gloria
2139 3279 2325 3327 nascitur,
2361 3292 2442 3319 non
2469 3276 2623 3329 ponim‘r

447 3333 630 3382 proximi,
667 3341 705 3369 et
731 3332 884 3369 afflictio
913 3332 951 3369 in
979 3333 1189 3382 prosperis,
1227 3333 1331 3370 idem
1357 3331 1508 3370 videtur
1531 3330 1695 3383 l‘vitium
1733 3332 1891 3380 capitale
1929 3345 2054 3381 neque
2090 3333 2139 3370 ab
2178 3332 2346 3379 Isidoro,
2383 3333 2422 3371 in
2453 3333 2549 3371 libro
2569 3333 2622 3373 ,de

502 3447 528 3479 α)
549 3446 712 3480 infunditur.
727 3460 746 3466 -
765 3447 924 3480 infundatur
944 3446 976 3476 Ρ;
996 3454 1043 3479 pro
1055 3448 1146 3476 vomit,
1162 3446 1236 3471 novit
1248 3446 1423 3479 ABCEHpr
1442 3438 1466 3471 et
1479 3453 1505 3478 a,

449 3483 531 3507 movit
549 3483 580 3511 D.
599 3482 747 3508 nominavit
764 3482 814 3514 pG,
834 3482 939 3507 noverit
957 3482 974 3506 1.

1614 3446 1639 3478 β)
1658 3446 1850 3471 coniunctione.
1867 3459 1887 3466 -
1904 3445 2072 3471 connexione
2090 3446 2108 3471 1.

1611 3481 1639 3514 γ)
1657 3481 1817 3513 corruperit.
1833 3495 1855 3502 -
1871 3482 2019 3514 corrumpit
2037 3482 2167 3506 PDGKaC
2185 3486 2211 3507 et
2228 3488 2254 3507 a.

2650 1233 2830 1261 ’Cf-art.4,ad
2843 1240 2859 1256 ι.
2888 1227 2892 1257 ’ἶ

2650 1585 2662 1597 ’
2675 1585 2727 1608 Art.
2740 1590 2762 1612 α,
2776 1584 2804 1606 ad
2819 1591 2835 1607 ι.

2652 2025 2663 2036 ·
2677 2024 2702 2046 ln
2717 2024 2760 2046 hae
2773 2029 2861 2053 quaest.

2651 2179 2661 2189 ⁸
2675 2178 2732 2201 Loc.
2745 2185 2811 2206 prox.
2823 2179 2860 2200 cit.

2652 2391 2712 2420 'Qu.
2717 2395 2832 2419 xxxma-t.
2837 2399 2860 2419 4.

2650 2713 2659 2722 “
2673 2712 2730 2734 Loe.
2741 2718 2807 2740 prox.
2820 2712 2859 2734 cit.
