2892 4056
30 835 37 843 Ι
57 807 70 820 ’
81 807 133 829 Ast.
149 806 255 835 praeced.

50 2007 94 2040 Ὶ,υ
103 2017 142 2034 -m
153 2019 198 2046 'tt
208 2015 253 2039 ,αφ

35 2115 38 2119 ’
44 2123 271 2154 ··’Ὧιι.ιικιν,ω.5.

1035 172 1300 219 QUAESTIO
1332 173 1362 217 1,
1391 171 1686 207 ARTICULUS
1718 172 1747 206 ΙΙ

2425 182 2461 204 ll

1054 306 1369 349 ARTICULUS
1398 305 1696 347 SECUNDUS

518 404 673 435 UTRUM
698 403 922 435 οΒιΕοΤυΜ
947 403 1059 434 FIDEI
1083 403 1149 433 SIT
1172 401 1349 439 AtiQuin
1373 400 1643 432 COMPLEXUM
1667 402 1748 432 PER
1767 402 1927 433 MODUM
1948 402 2247 433 ENUNTIABILIS

578 501 586 524 I
607 500 689 529 Sent„
710 501 767 525 dist.
786 507 835 530 xm,
855 499 951 532 Expos.
971 499 1032 530 litt.;
1052 498 1091 527 111,
1111 498 1168 523 dist.
1186 505 1252 527 xxiv,
1272 503 1319 524 art.
1342 505 1363 528 t,
1382 497 1431 530 qu⁸
1453 504 1482 528 ας
1503 497 1544 522 De
1567 497 1656 526 Verit„
1677 505 1722 530 qu.
1740 506 1789 527 xxv,
1810 503 1855 523 art.
1875 498 1900 529 8,
1919 499 1951 523 ad
1973 498 1995 528 5,
2018 506 2061 529 ¹23
2081 504 2127 524 art.
2152 506 2190 524 12.

378 607 391 629 -ι
402 593 403 597 ’
435 618 467 632 0<
482 611 484 614 f
508 599 531 624 ι)
546 599 736 625 SECUNDUM
750 598 804 624 s1c
822 596 1062 623 nocam-run.
1078 584 1237 621 Videtur
1252 584 1357 632 quod

427 621 481 701 Γῐιῇ
509 641 702 677 obiectum
729 639 820 677 fidei
849 650 927 676 non
955 637 1001 674 sit
1028 637 1169 686 aliquid
1190 638 1357 686 comple-

316 683 363 738 ff?
380 709 433 737 *r
446 679 476 734 ’τῖ
507 706 599 730 xum
615 705 685 745 per
699 693 860 730 modum
882 690 1131 727 enuntiabilis.
1153 691 1357 727 Obiectum

387 739 441 786 s'
430 757 449 772 ²
465 739 496 781 K
510 758 611 784 emm
639 746 729 783 fidei
758 752 814 781 est
840 744 979 781 veritas
1007 743 1151 791 prima,
1182 743 1277 780 sicut
1305 743 1358 780 di-

299 805 401 834 ctum
423 806 479 835 est
496 800 527 836 ³¹².
567 798 644 836 Sed
663 798 785 847 prima
802 797 940 835 veritas
970 804 1026 832 est
1053 795 1192 844 aliquid
1214 795 1358 832 incom-

297 851 462 899 plexum.
484 828 586 900 Ergo
606 851 800 888 obiectum
820 849 911 887 fidei
930 861 1008 886 non
1025 856 1080 886 est
1099 849 1239 896 aliquid
1255 861 1359 885 corn-
1385 842 1387 866 ⁵

325 904 464 942 lexum.
508 933 511 936 -

298 916 323 952 p
352 967 387 992 2.
416 957 649 1003 ΡκΑΕτειιΕΑ,
679 955 864 1004 expositio
888 954 979 992 fidei
1006 954 1049 990 in
1063 953 1240 1002 symbolo
1271 965 1359 990 con-

297 1008 446 1046 tinctur.
477 1009 553 1046 Sed
583 1010 621 1046 in
650 1009 828 1058 symbolo
857 1020 935 1045 non
963 1014 1160 1056 ponuntur
1192 1007 1360 1044 enuntia-

298 1219 367 1257 sed
395 1231 467 1257 res.

352 1272 387 1309 3.
414 1274 655 1320 Fumea,
688 1273 778 1311 fidei
807 1272 976 1310 succedit
1003 1271 1118 1309 visio:
1148 1272 1360 1310 seeundum
1388 1285 1389 1292 ¹

297 1319 388 1362 illud
419 1327 432 1362 1
461 1326 513 1363 ad
543 1327 630 1363 Cor.
655 1337 715 1364 xm
737 1328 774 1362 *ε
807 1327 983 1363 Videmus
1019 1337 1120 1362 nunc
1140 1336 1214 1373 per
1234 1337 1362 1373 specu-

299 1431 376 1468 Sed
410 1430 509 1468 visio
546 1432 690 1480 patriae
728 1440 785 1469 est
820 1432 868 1468 de
896 1431 1161 1478 incomplexo:
1192 1443 1279 1467 curn
1318 1431 1363 1468 sit

296 1483 414 1532 ipsius
442 1484 594 1521 divinae
624 1485 821 1521 essentiae.
851 1485 953 1532 Ergo
983 1483 1096 1520 etiam
1116 1483 1213 1520 fides
1231 1484 1329 1520 viae.

305 1548 308 1550 ·
350 1536 429 1573 Sul>
454 1547 621 1582 CONTRA,
655 1537 752 1574 fides
790 1544 846 1573 est
876 1536 1005 1573 media
1043 1535 1138 1572 inter
1166 1536 1360 1573 scientiam

297 1587 336 1625 et
363 1589 596 1638 opinionem.
645 1590 818 1627 Medium
848 1597 977 1627 autem
1013 1596 1049 1625 et
1077 1596 1242 1626 extrema
1275 1597 1363 1626 sunt

298 1639 470 1686 eiusdem
498 1643 659 1690 generis.
698 1643 799 1680 Cum
828 1643 938 1690 igitur
971 1642 1125 1679 scientia
1160 1649 1196 1678 et
1231 1643 1362 1691 opinio

297 1694 378 1732 nint
386 1695 489 1732 eirca
508 1696 765 1742 enuntiabilia,
782 1696 935 1733 videtur
953 1695 1059 1744 quod
1080 1695 1247 1732 similiter
1265 1696 1363 1733 fides

298 1747 345 1786 sit
372 1748 471 1786 circa
490 1749 744 1787 enunnabilia.
775 1749 824 1785 Et
849 1749 899 1785 ita
924 1749 1122 1793 obiectum
1150 1748 1252 1795 fidei,
1274 1761 1361 1786 curn

297 1798 436 1838 fides&
465 1802 512 1838 sit
540 1802 640 1839 circa
678 1801 944 1845 enuntiabilia,

297 1850 467 1904 plexum.

352 1907 580 1944 RESPONDEO
599 1907 804 1945 dicendum
833 1907 936 1956 quod
958 1907 1107 1955 cognita
1136 1914 1223 1944 sunt
1242 1907 1280 1944 in
1301 1920 1363 1944 co-

299 1968 505 2007 gnoscente
539 1961 753 1998 secundum
785 1960 947 1998 modum
981 1960 1256 2008 cognoscentis.
1297 1961 1365 1997 Est

299 2021 427 2050 autem
465 2014 603 2051 modus
640 2013 818 2063 proprius
853 2013 1013 2050 humani
1045 2013 1254 2050 intellectus
1281 2022 1324 2050 ut
1351 2012 1364 2035 Β

299 2067 571 2115 componendo
609 2074 646 2103 et
673 2066 880 2104 dividendo
908 2063 1108 2102 veritatem
1143 2074 1364 2114 cognoscat,

299 2118 395 2156 sicut
413 2119 451 2156 in
472 2119 602 2162 Primo
617 2119 638 2141 ²¹⁸
657 2120 800 2157 dictum
823 2127 889 2156 est.
919 2120 968 2156 Et
987 2118 1074 2156 ideo
1094 2131 1139 2156 ea
1159 2131 1257 2167 quae
1281 2128 1368 2156 sunt

984 1809 1040 1838 est
1076 1801 1219 1849 aliquid
1257 1814 1362 1839 corn-

1413 584 1623 621 secundum
1659 596 1699 620 se
1728 584 1910 632 simplicia
1947 585 2154 622 intellectus
2188 586 2380 623 humanus
2409 598 2471 622 co-

1412 637 1557 686 gnoscit
1576 638 1787 674 secundum
1807 637 1999 686 quandam
2025 638 2348 687 complexionem:
2378 639 2473 676 sicut

1407 703 1434 727 e
1454 701 1641 727 converso
1661 690 1868 726 intellectus
1893 690 2044 727 divinus
2072 691 2312 739 incomplexe
2332 703 2472 740 cogno-

1385 769 1386 780 *
1414 743 1481 780 scit
1509 755 1554 779 ea
1582 754 1681 791 quae
1710 750 1797 779 sunt
1834 743 2045 780 secundum
2084 756 2123 780 se
2161 745 2370 793 complexa.
2411 744 2474 781 Sic

1413 795 1523 843 igitur
1542 795 1736 832 obiectum
1756 795 1847 832 fidei
1871 795 2067 844 dupliciter
2087 797 2316 834 considerari
2335 805 2471 846 potest.

1413 849 1501 886 Uno
1529 848 1666 893 modo,
1701 859 1746 884 ex
1774 855 1880 896 parte
1909 848 2027 896 ipsius
2055 849 2107 885 rei
2137 850 2322 887 creditae:
2358 858 2394 887 et
2421 850 2474 887 sie

1415 901 1606 938 obiectum
1635 900 1725 936 fidei
1755 907 1811 936 est
1839 900 1980 949 aliquid
2007 900 2307 951 incomplexum,
2337 903 2475 939 scilicet

1386 989 1388 995 χ
1414 966 1475 990 res
1502 953 1584 1001 ipsa
1621 952 1669 989 de
1697 965 1774 1001 qua
1801 953 1897 989 fides
1929 954 2099 990 habetur.
2143 955 2228 991 Alio
2256 956 2391 1003 modo,
2431 968 2475 992 ex

1386 1002 1388 1034 ἕ
1414 1013 1520 1056 parte
1551 1005 1753 1042 credentis:
1785 1013 1820 1041 et
1840 1006 2051 1043 secundum
2072 1007 2358 1045 hocobiectum
2385 1008 2476 1046 fidei

297 1060 397 1107 bilia,
427 1062 494 1099 sed
523 1073 604 1098 res:
637 1074 716 1100 non
739 1062 847 1100 'enirn
878 1060 1014 1098 dicitur
1041 1060 1092 1096 ibi
1120 1059 1225 1107 quod
1254 1061 1360 1096 Deus
1387 1087 1389 1107 ;

298 1113 346 1150 sit
372 1114 636 1163 omnipotens,
669 1115 754 1162 sed,
795 1115 917 1152 Credo
945 1114 982 1150 in
1011 1114 1136 1150 Deum
1157 1118 1173 1134 α
1193 1114 1360 1162 omnipo·
1387 1110 1389 1122 ¹

297 1172 443 1204 tentem.
474 1168 575 1216 Ergo
605 1168 798 1205 obiectum
827 1168 918 1205 fidei
946 1179 1025 1203 non
1045 1174 1101 1203 est
1120 1166 1360 1213 enuntiabile,
1387 1185 1389 1195 v

1416 1067 1472 1096 est
1494 1058 1636 1108 aliquid
1666 1058 1910 1107 complexum
1937 1071 2006 1107 per
2034 1060 2196 1097 modum
2226 1061 2474 1098 enuntiabilis.

1415 1113 1465 1149 Et
1492 1113 1580 1150 ideo
1608 1119 1812 1160 utrumque
1841 1123 1930 1148 vere
1959 1112 2156 1160 opinatum
2185 1114 2253 1150 fuit
2281 1114 2383 1162 apud
2411 1126 2476 1151 an-

1415 1165 1560 1215 tiquos,
1594 1173 1630 1201 et
1663 1164 1875 1202 secundum
1909 1165 2051 1212 aliquid
2087 1173 2291 1214 utrumque
2325 1174 2381 1203 est
2411 1179 2477 1204 ve-

1417 1231 1501 1255 rum
1533 1221 1564 1255 *.

1468 1274 1528 1309 An
1557 1282 1694 1308 PRIMUM
1721 1281 1821 1307 ERGO
1849 1282 2032 1308 met-:unum
2061 1271 2165 1319 quod
2195 1271 2288 1308 ratio
2309 1271 2369 1309 illa
2388 1284 2477 1321 pro-

1388 1358 1390 1375 ,
1417 1325 1515 1362 cedit
1543 1325 1590 1361 de
1619 1323 1769 1360 obiecto
1790 1323 1880 1360 fidei
1900 1335 1944 1359 ex
1963 1330 2069 1372 parte
2091 1324 2206 1373 ipsius
2227 1325 2280 1361 rei
2301 1325 2475 1362 creditae.

297 1377 377 1415 lum
403 1379 442 1415 in
461 1380 687 1429 aenigmate,
707 1386 794 1416 tunc
823 1386 947 1416 autem
964 1378 1074 1426 facie
1100 1378 1152 1414 ad
1167 1379 1314 1430 faciem
1333 1377 1359 1414 β.
1388 1378 1389 1383 ’

1468 1379 1528 1414 An
1557 1388 1748 1413 SECUNDUM
1775 1388 1959 1413 DICENDUM
1987 1377 2092 1425 quod
2120 1377 2158 1414 in
2189 1378 2366 1426 symbolo
2398 1385 2478 1415 tan-

1416 1437 1556 1478 guntur
1584 1441 1628 1465 ea
1658 1430 1704 1466 de
1733 1429 1871 1476 quibus
1900 1437 1956 1465 est
1983 1430 2079 1466 fides
2107 1430 2331 1479 inquantum
2359 1431 2408 1467 ad
2433 1443 2478 1468 ea

1416 1482 1638 1520 terminatur
1656 1488 1667 1503 ἔ-
1689 1489 1794 1518 actus
1814 1481 2018 1519 credentis:
2048 1491 2088 1519 ut
2109 1495 2153 1519 ex
2182 1483 2264 1532 ipso
2285 1484 2404 1520 modo
2425 1485 2480 1520 lo-

1415 1535 1559 1584 quendi
1579 1542 1748 1584 apparet.
1768 1536 1886 1571 Actus
1907 1542 2035 1572 autem
2051 1537 2236 1573 credentis
2255 1549 2333 1573 non
2352 1538 2479 1574 termi-

1416 1596 1527 1626 natur
1542 1589 1590 1626 ad
1606 1588 1848 1634 enuntiabile,
1865 1588 1933 1625 sed
1948 1589 1995 1625 ad
2011 1600 2110 1625 rem:
2131 1601 2208 1626 non
2225 1590 2325 1626 enim
2339 1589 2480 1627 forma-

1416 1654 1503 1679 mus
1524 1640 1768 1678 enuntiabilia
1787 1641 1857 1678 nisi
1873 1648 1926 1678 ‘ut
1944 1653 2013 1690 per
2032 1654 2077 1678 ea
2097 1643 2145 1679 de
2165 1644 2278 1679 rebus
2299 1643 2480 1690 cognitio-

1417 1707 1507 1732 nem
1526 1695 1751 1741 habeamus,
1772 1694 1868 1731 sicut
1895 1695 1933 1731 in
1966 1694 2131 1742 scientia,
2154 1695 2204 1732 ita
2232 1695 2244 1720 ζ
2273 1703 2309 1732 et
2332 1696 2369 1732 in
2389 1697 2478 1733 fide.

1470 1749 1529 1784 An
1557 1759 1720 1785 TERTIUM
1747 1759 1930 1785 D1CENDUM
1967 1748 2072 1796 quod
2103 1748 2201 1785 visio
2235 1749 2378 1798 patriae
2415 1750 2482 1786 erit

1417 1801 1584 1838 veritatis
1613 1801 1758 1849 primae
1792 1801 2004 1838 secundum
2037 1803 2141 1850 quod
2179 1802 2217 1838 in
2247 1814 2287 1838 se
2316 1810 2388 1838 est:
2423 1815 2480 1840 se-

1419 1854 1587 1891 cundum
1608 1855 1697 1891 illud
1727 1855 1740 1890 I
1762 1855 1864 1890 Ioan.
1892 1866 1926 1890 111
1946 1855 1980 1890 *z
2021 1855 2115 1890 Cum
2136 1860 2153 1881 η
2183 1856 2411 1903 apparuerit,
2434 1857 2482 1892 si·
2510 1866 2517 1874 ·

1418 1907 1523 1944 miles
1551 1908 1587 1943 ei
1611 1908 1751 1943 erimus
1779 1913 1815 1943 et
1839 1907 2045 1943 videbimus
2087 1919 2172 1943 eum
2199 1909 2309 1944 sicuti
2327 1915 2389 1945 est.
2434 1910 2482 1945 Et

1417 1960 1504 1997 ideo
1523 1960 1621 1997 visio
1651 1960 1712 1996 illa
1732 1960 1800 1996 erit
1828 1972 1906 1996 non
1924 1958 1937 1980 θ
1957 1972 2025 2008 per
2048 1960 2209 1997 modum
2230 1961 2480 2008 enuntiabilis,

1418 2013 1487 2050 sed
1514 2025 1582 2061 per
1603 2013 1765 2050 modum
1794 2012 1974 2061 simplicis
2002 2013 2276 2060 intelligentiae.
2307 2016 2384 2052 Sed
2412 2027 2482 2062 per

1418 2067 1536 2104 fidem
1553 2078 1632 2102 non
1648 2066 1970 2114 apprehendimus
1984 2066 2181 2103 veritatem
2202 2067 2364 2116 primam
2386 2067 2481 2104 sicut

1420 2121 1459 2156 in
1487 2131 1527 2156 se
1558 2127 1624 2156 est.
1655 2119 1765 2156 Unde
1786 2131 1864 2155 non
1883 2127 1940 2155 est
1959 2118 2090 2155 similis
2110 2119 2215 2156 ratio.

306 2250 309 2254 ¹
352 2269 381 2301 a)
401 2269 497 2295 Deum
507 2282 534 2290 ·—
552 2269 662 2295 Patrem
682 2269 783 2294 addunt
799 2269 883 2294 CGsK
903 2273 928 2293 et
946 2276 972 2293 a.

351 2300 379 2336 β)
390 2302 502 2336 faeiem.
520 2317 539 2323 -
553 2311 623 2328 nunc
636 2310 766 2337 cognosco
782 2311 820 2328 ex
833 2307 922 2336 parte,
936 2307 1000 2329 tunc
1013 2307 1102 2328 autem
1121 2311 1278 2337 cognoscam
1297 2303 1366 2329 sicut

300 2338 471 2372 a-eognm
483 2340 543 2364 suin
562 2338 670 2364 aden?

311 2390 313 2393 ι
353 2374 380 2407 γ)
399 2373 553 2410 cunm.
571 2387 589 2392 —
607 2374 670 2399 Om.
692 2374 753 2406 FLp
754 2374 826 2404 BsE;
844 2381 904 2399 cum
919 2374 993 2407 fides
1010 2374 1046 2399 sit
1064 2382 1117 2398 om.
1141 2374 1201 2404 AK;
1219 2375 1292 2407 fides
1310 2382 1364 2400 om.

301 2408 358 2434 1²³ss
377 2409 403 2434 et
420 2406 469 2439 ἰιας
487 2415 565 2434 cum..
568 2408 768 2434 .enuntiabtlia
786 2417 840 2434 om.
859 2408 987 2442 DGHpE;
1006 2417 1054 2442 pro
1073 2413 1119 2439 est,
1140 2413 1179 2434 est
1197 2417 1262 2442 ergo
1281 2409 1312 2434 Ι.

1472 2268 1496 2300 δ)
1517 2272 1554 2293 ut.
1572 2282 1590 2288 -
1609 2269 1635 2293 in
1654 2268 1848 2301 BDleAEKR.
1867 2271 1893 2292 et
1911 2268 1940 2298 F.
1960 2271 1989 2292 ut
2008 2268 2034 2292 in
2055 2268 2196 2298 GHsAEm
2216 2276 2264 2300 pro
2283 2273 2316 2297 et,
2337 2273 2363 2293 et
2381 2269 2407 2293 in
2430 2269 2475 2294 GL

1472 2304 1494 2335 ε)
1514 2303 1685 2328 terminatur.
1702 2316 1720 2322 -
1739 2303 1920 2328 terminantur
1938 2303 2046 2334 AGIxn;
2066 2303 2147 2328 altero
2166 2304 2223 2328 loco
2241 2304 2316 2329 AGR.

1471 2339 1495 2371 ζ)
1517 2340 1563 2365 ita.
1582 2353 1600 2358 —
1619 2339 1679 2364 Om.
1699 2338 1741 2369 DI,
1761 2339 1829 2363 idest
1848 2346 1893 2371 px.

1470 2376 1497 2406 η)
1516 2382 1586 2400 cum.
1603 2388 1622 2393 —-
1641 2374 1745 2399 Scimus
1763 2374 1887 2407 quoniam
1906 2381 1965 2398 cum
1986 2374 2018 2404 1>;
2038 2374 2129 2399 eadem
2148 2381 2194 2406 pro
2213 2378 2247 2403 et,
2265 2375 2400 2406 quoniam.

1471 2407 1495 2442 θ)
1514 2410 1567 2434 erit
1585 2417 1647 2434 non.
1665 2423 1684 2428 —
1702 2416 1754 2434 non
1774 2409 1826 2434 erit
1844 2409 1917 2434 CHx.

978 2495 1308 2528 commentaria
1330 2496 1582 2530 cardinalis
1603 2496 1805 2528 Caietam

324 2593 353 2619 u
375 2582 509 2615 articulo
531 2583 672 2614 secundo
701 2583 826 2613 adverte
853 2583 943 2623 quod
972 2583 1131 2614 distinctio
1155 2582 1235 2613 facta
1258 2583 1291 2613 in
1316 2582 1366 2613 lit-

333 2634 398 2661 tera
425 2628 464 2658 de
487 2627 612 2658 obiecto
639 2626 712 2658 fidei
735 2637 772 2658 ex
795 2633 882 2667 parte
904 2627 948 2657 rei
972 2634 1002 2657 et
1025 2637 1062 2658 ex
1083 2634 1172 2667 parte
1186 2627 1285 2657 nostri
1301 2636 1366 2658 non

303 2671 452 2703 eoinddit
483 2681 557 2702 cum
584 2670 787 2702 distinctione
814 2670 877 2707 illa,
903 2670 943 2701 de
965 2680 1027 2711 quo
1058 2670 1201 2701 creditur
1230 2678 1261 2701 et
1283 2670 1367 2711 quod

302 2707 457 2753 creditur,
473 2725 531 2746 nec
555 2713 834 2755 comprehenditur
857 2715 895 2744 ab
918 2714 980 2750 illa,
998 2721 1034 2745 ut
1052 2714 1105 2744 illa
1129 2714 1227 2744 utitur
1241 2715 1365 2744 Duran-

303 2760 373 2796 ὥς,
390 2758 423 2790 in
445 2769 517 2789 xxrv
531 2759 634 2790 distr*
651 2759 692 2789 111
716 2759 814 2794 Seni„
829 2759 941 2789 volens
957 2759 1045 2799 quod
1062 2758 1222 2789 obiectum
1238 2757 1311 2788 fidei
1328 2758 1366 2788 de

303 2813 372 2845 quo
400 2803 537 2835 creditur
554 2809 614 2834 rest
643 2803 899 2843 incomplexum,
930 2803 1021 2843 quod
1049 2812 1124 2833 vero
1156 2802 1291 2833 creditur
1321 2809 1367 2832 est

304 2847 524 2887 complexum,
555 2847 637 2878 sicut
666 2847 828 2878 obiectum
857 2846 1003 2878 scientiae
1033 2847 1072 2877 de
1102 2856 1168 2888 quo
1198 2846 1294 2878 scitur
1322 2853 1368 2877 est

303 2892 542 2932 incomplexum
555 2914 562 2927 ,
587 2891 704 2922 scilicet
726 2891 903 2921 subiectum
928 2889 1156 2926 conclusionis,
1181 2891 1269 2930 quod
1292 2900 1366 2920 vero

304 2936 401 2967 scitur
423 2943 470 2966 est
493 2935 656 2966 conclusio
679 2935 854 2976 complexa.
877 2935 964 2965 Haec
979 2935 1065 2964 enim
1087 2934 1245 2965 distinctio
1261 2941 1307 2965 est
1329 2935 1367 2964 de

305 2979 435 3015 credito,
459 2979 538 3010 scito
562 2986 592 3010 et
611 2979 743 3019 opinato
767 2986 864 3019 prout
887 2986 934 3010 est
955 2979 988 3009 in
1012 2979 1120 3009 nobis:
1145 2979 1260 3009 scitum
1283 2978 1368 3009 enim

305 3030 341 3054 ut
364 3022 403 3053 de
427 3033 494 3064 quo
517 3022 623 3059 scitur,
646 3022 728 3053 idest
750 3023 928 3053 subiectum
950 3022 1172 3058 conclusionis,
1196 3030 1243 3053 est
1265 3022 1368 3062 prima

306 3066 491 3108 operatione
516 3067 692 3097 intellectus
722 3067 972 3107 apprehensum,
997 3074 1027 3097 et
1051 3066 1095 3096 sic
1124 3073 1171 3097 est
1192 3066 1366 3108 incomple-

306 3120 398 3147 xum;
423 3111 538 3141 scitum
561 3117 668 3141 autem
684 3117 720 3141 ut
742 3111 831 3151 quod
845 3110 950 3147 scitur,
967 3110 1047 3141 idest
1066 3110 1240 3146 conclusio,
1265 3108 1297 3140 in
1321 3120 1367 3140 se-

307 3155 410 3186 cunda
423 3155 600 3194 intellectus
614 3154 864 3194 apprehensione
879 3162 934 3185 est.
951 3153 1118 3185 Distinctio
1134 3163 1208 3184 vero
1220 3155 1368 3185 Auctoris

307 3200 339 3230 in
363 3199 465 3230 littera
489 3198 570 3229 facta
594 3198 836 3238 comprehendit
862 3198 1016 3228 creditum
1039 3198 1216 3230 secu-ndum
1245 3208 1311 3229 esse
1335 3198 1368 3229 in

307 3254 340 3274 re
357 3243 431 3274 etin
444 3242 550 3273 nobis:
571 3242 614 3273 ita
626 3243 715 3283 quod
731 3252 796 3272 non
809 3242 915 3272 solum
932 3242 1093 3272 obiectum
1108 3239 1181 3272 fidei
1196 3248 1231 3272 ut
1247 3242 1285 3272 de
1301 3252 1366 3283 quo

309 3287 453 3323 ereditur,
478 3287 533 3317 sed
556 3286 718 3317 obiectum
740 3285 812 3316 fidei
837 3292 872 3316 ut
895 3286 984 3326 quod
1007 3285 1151 3322 creditur,
1175 3286 1201 3317 si
1225 3293 1369 3317 sumatur

1420 2582 1513 2612 minit
1536 2582 1574 2612 de
1594 2582 1712 2613 credito
1734 2589 1769 2613 ut
1788 2582 1820 2612 id
1835 2582 1874 2612 de
1889 2592 1956 2623 quo
1975 2582 2119 2619 creditur,
2139 2583 2223 2623 quia,
2243 2583 2377 2613 dicendo
2394 2585 2482 2623 quod

1418 2626 1452 2656 id
1467 2626 1556 2667 quod
1579 2626 1715 2656 creditur
1738 2636 1775 2656 ex
1798 2633 1885 2666 parte
1909 2626 1953 2656 rei
1977 2633 2023 2656 est
2045 2626 2294 2666 incomplexum,
2318 2637 2336 2656 a
2359 2627 2481 2658 fortiori

1420 2670 1626 2701 manifestum
1646 2669 1832 2710 relinquitur
1851 2670 1939 2710 quod
1962 2670 1994 2700 id
2014 2670 2052 2700 de
2067 2680 2132 2711 quo
2150 2670 2285 2701 creditur
2301 2677 2348 2701 est
2363 2671 2483 2702 incom-

1420 2714 1563 2754 plexum:
1589 2721 1628 2750 et,
1645 2714 1732 2755 quod
1749 2711 1965 2754 magis'urgen
1983 2714 2057 2754 quia
2073 2715 2216 2754 quaestio
2240 2714 2321 2745 inter
2337 2715 2481 2746 doctores

1421 2758 1460 2788 de
1482 2757 1703 2798 complexione
1727 2758 1840 2788 obiecti
1864 2756 1936 2788 fidei
1951 2764 1997 2788 est
2020 2764 2148 2798 propter
2170 2758 2276 2798 ipsum
2305 2760 2393 2799 quod
2417 2769 2480 2790 cre-

1421 2802 1513 2833 ditur.
1541 2802 1616 2832 Non
1640 2808 1765 2842 oportet
1787 2809 1894 2832 autem
1921 2802 2008 2832 aliter
2031 2802 2151 2832 solvere
2173 2802 2310 2832 rationes
2339 2803 2481 2834 Durandi

1421 2846 1460 2876 ad
1485 2846 1740 2877 concludendum
1763 2846 1852 2886 quod
1875 2846 1907 2876 id
1930 2846 2019 2887 quod
2037 2846 2171 2877 creditur
2194 2853 2241 2876 est
2263 2847 2480 2887 complexum:

1421 2890 1496 2930 quia
1519 2900 1630 2920 verum
1647 2890 1850 2926 concludunt,
1868 2890 2049 2930 accipiendo
2073 2890 2150 2920 illud
2174 2890 2262 2930 quod
2286 2890 2422 2921 creditur
2445 2901 2481 2922 ex

1421 2941 1509 2974 parte
1532 2934 1640 2970 nostri,
1658 2941 1693 2964 ut
1708 2934 1740 2964 in
1754 2934 1856 2964 littera
1876 2934 2002 2969 dicitur;
2027 2934 2142 2964 falsum
2165 2941 2282 2970 autem,
2298 2935 2480 2975 accipiendo

1421 2978 1529 3018 ipsum
1545 2989 1581 3009 ex
1593 2985 1680 3018 parte
1697 2978 1750 3008 rei.
1768 2978 1866 3015 Quod
1880 2985 1986 3009 tamen
2003 2978 2120 3008 falsum
2135 2978 2194 3008 sibi
2209 2978 2375 3018 imponere
2390 2980 2480 3009 nolo:

1422 3022 1498 3062 quia
1515 3022 1693 3053 indistincte
1716 3021 1859 3062 loquitur
1875 3023 1912 3052 de
1929 3032 1968 3052 eo
1984 3022 2072 3063 quod
2096 3022 2240 3053 creditur.
2264 3023 2352 3053 Haec
2375 3030 2481 3054 autem

1422 3066 1504 3096 dicta
1527 3074 1600 3097 sunt
1624 3073 1659 3096 ut
1682 3066 1722 3096 sis
1747 3073 1867 3097 cautus.

1476 3110 1560 3141 Nota
1584 3120 1713 3151 quoque
1744 3110 1832 3150 quod
1851 3110 1883 3140 in
1907 3111 2114 3150 responsione
2138 3111 2177 3140 ad
2201 3110 2378 3141 secundum
2408 3111 2481 3141 dici-

1421 3161 1487 3190 tur,
1512 3155 1601 3195 quod
1632 3154 1718 3184 nulla
1743 3161 1788 3184 est
1811 3153 1983 3185 differentia
2013 3154 2093 3185 inter
2124 3155 2276 3185 creditum
2308 3161 2338 3184 et
2367 3155 2481 3185 scitum

1421 3199 1530 3238 quoad
1560 3208 1626 3229 esse
1657 3198 1861 3238 complexum
1884 3198 1917 3228 in
1948 3198 2039 3229 nobis
2063 3206 2093 3229 et
2115 3198 2353 3238 incomplexum
2382 3198 2415 3228 in
2439 3209 2479 3228 re.

1421 3241 1462 3272 Et
1485 3250 1668 3282 propterea,
1700 3241 1862 3272 scientiam
1893 3242 1930 3272 de
1961 3243 2070 3278 rebus,
2096 3249 2204 3273 nostro
2236 3242 2334 3272 modo
2364 3249 2479 3278 tamen,

1421 3287 1528 3318 haberi
1544 3297 1562 3317 a
1577 3287 1669 3317 nobis
1685 3286 1803 3322 videm,
1818 3293 1996 3326 compatere
2019 3286 2236 3326 ignorantibus
2256 3285 2331 3326 quid
2355 3286 2454 3317 sciant
2465 3286 2481 3305 *

309 3342 346 3365 ex
369 3338 457 3372 purte
487 3331 547 3366 rei,
571 3338 618 3361 est
646 3330 901 3370 incomplexum,
925 3339 963 3360 ex
985 3337 1071 3370 parte
1093 3340 1168 3360 vero
1200 3330 1299 3361 nostri
1322 3337 1368 3361 est
1421 3338 1475 3363 aut
1499 3330 1670 3370 opinentur
1693 3330 1829 3370 ipsimet,
1853 3331 1932 3361 dum
1955 3330 2157 3361 enuntiabilia
2180 3328 2391 3370 magnificant.

310 3376 523 3416 complexum.
548 3375 589 3406 Et
606 3374 668 3405 hoc
684 3374 802 3406 directe
817 3373 951 3405 intendit
967 3373 1078 3406 littera.
1102 3374 1194 3412 Quae
1217 3384 1281 3404 non
1305 3384 1368 3404 me-

2505 1230 2515 1240 ·
2530 1229 2558 1251 D.
2572 1235 2617 1258 341,
2633 1229 2684 1251 602.

2510 3293 2517 3301 ·
2533 3291 2626 3313 discant
2640 3291 2663 3312 Ρ.
