2892 4056
211 1300 302 1321 '¹.Vers
324 1306 350 1323 2,
370 1306 390 1328 3.

211 1326 247 1348 Cf.
255 1332 307 1378 ¹cap.
316 1326 376 1353 111‚v
363 1332 419 1347 vers.

211 1353 261 1378 6;1
300 1359 360 1374 vers.
374 1359 394 1380 5.

210 1406 266 1427 Ps.
276 1412 353 1433 cxvm,
361 1412 420 1427 vers.

212 1439 261 1454 100.

212 1466 219 1472 “
235 1464 336 1514 Vers.o5.

209 1933 217 1942 ·
227 1931 294 1952 Vers.
309 1937 337 1959 ¹3·

464 183 515 207 20

458 255 494 286 et
510 249 611 297 quod
629 248 895 296 inquirentibus
922 259 961 283 se
980 251 1242 283 remunerator
1258 246 1315 283 sit.
1361 248 1403 283 ln
1431 258 1512 284 esse

458 302 558 338 enim
595 302 724 338 divino
763 300 1005 337 includuntur
1032 298 1161 334 omnia
1195 310 1291 346 quae
1325 299 1513 336 credimus

456 355 494 390 in
532 355 615 389 Deo
654 353 889 390 aeternaliter
917 351 1094 396 existere,
1133 350 1171 387 in
1209 351 1346 399 quibus
1385 359 1512 388 nostra

456 406 649 442 beatitudo
678 405 845 441 consistit
863 410 895 440 ⁵:
925 404 962 440 in
991 404 1066 440 fide
1096 410 1221 439 autern
1252 404 1512 452 providentiae

455 458 696 495 includuntur
724 457 853 493 omnia
877 468 973 504 quae
1002 455 1261 503 temporaliter
1289 469 1310 493 a
1329 458 1413 493 Deo
1440 457 1512 493 dis-

454 519 659 569 pensantur
696 510 743 546 ad
771 509 972 545 hominum
1001 508 1180 555 salutem,
1210 520 1310 558 quae
1338 517 1425 546 sunt
1450 508 1512 545 via

453 564 491 599 in
512 563 793 599 beatitudinem.
825 562 873 597 Et
891 573 959 608 per
978 561 1080 597 hunc
1103 561 1217 597 etiam
1241 562 1402 598 modum
1422 561 1512 598 alio—

455 627 538 651 rum
559 614 870 673 subsequentium
893 613 904 638 t
933 613 1176 650 articulorum
1197 614 1382 661 quidam'
1375 626 1413 650 m
1433 613 1512 651 aliis

454 668 710 704 continentur:
741 666 835 702 sicut
862 666 899 702 in
920 666 995 702 fide
1021 666 1291 715 redemptionis
1320 667 1511 703 humanae

453 720 630 767 implicite
652 719 862 755 continetur
882 725 899 745 η
930 726 964 754 et
982 719 1191 755 incarnatio
1218 719 1355 756 Christi
1377 727 1412 756 et
1433 719 1511 755 eius

451 772 577 820 passio
608 779 643 808 et
671 772 800 808 omnia
828 771 1059 808 huiusmodi.

506 825 566 860 Sic
586 825 694 871 igitur
710 824 913 861 dicendum
935 831 989 860 est
1006 824 1123 872 quod,
1145 832 1329 872 quantum
1356 824 1403 861 ad
1424 825 1511 860 sub-

451 877 624 913 stantiam
654 877 896 914 articulorum
922 877 1023 923 fidei,
1046 889 1124 913 non
1141 885 1195 914 est
1215 877 1355 914 facturn
1376 889 1510 913 eorum

452 938 698 976 augmentum
732 942 800 978 per
827 938 1046 978 temporum
1085 930 1386 966 successionem:
1421 929 1511 978 quia

451 994 714 1031 quaecumque
742 982 970 1031 posteriores
1000 982 1239 1020 crediderunt
1268 982 1510 1019 contineban-

450 1042 510 1071 tur
528 1035 567 1072 in
586 1035 661 1072 fide
687 1035 998 1084 praecedentium
1018 1036 1187 1083 Patrum‚
1209 1035 1294 1072 licet
1319 1034 1509 1084 implicite.

451 1088 528 1124 Sed
556 1095 739 1136 quantum
768 1089 818 1125 ad
846 1088 1147 1136 explicationem,
1179 1088 1295 1125 crevit
1329 1100 1510 1125 numerus

451 1140 711 1177 articulorum:
742 1141 831 1189 quia
850 1142 1041 1189 quaedam
1063 1141 1234 1189 explicite
1254 1141 1402 1188 cognita
1425 1149 1511 1177 sunt

450 1206 471 1230 a
499 1193 769 1242 posterioribus
799 1205 896 1242 quae
925 1206 947 1230 a
974 1193 1164 1242 prioribus
1193 1205 1271 1230 non
1307 1205 1510 1240 cognosce-

449 1247 586 1282 bantur
624 1246 805 1295 explicite.
852 1246 963 1283 Unde
1006 1246 1195 1282 Dominus
1240 1245 1366 1293 Moysi
1409 1244 1508 1292 dicit,

411 1299 571 1335 ·Exod.
588 1311 622 1335 Vl
637 1298 674 1335 *ε
702 1299 788 1348 Ego
807 1311 890 1335 sum
909 1299 1014 1335 Deus
1032 1298 1241 1344 Abraham,
1262 1298 1366 1343 Deus
1384 1299 1509 1344 Isaac,

448 1352 552 1388 Deus
570 1353 707 1388 Iacob:
729 1357 764 1387 et
782 1363 917 1388 nomen
937 1363 1063 1387 meum
1082 1351 1235 1388 Adonai
1252 1363 1326 1388 non
1348 1351 1512 1388 indicavi

448 1405 510 1440 eis.
554 1405 603 1440 Et
630 1404 755 1441 David
785 1404 872 1440 dicit
889 1406 923 1439 '’·“t
967 1405 1088 1451 Super
1114 1416 1219 1440 senes
1247 1403 1421 1440 intellexi.
1461 1405 1510 1440 Et

447 1458 654 1505 Apostolus
675 1457 773 1503 dicit,
790 1457 841 1493 ad
857 1458 989 1505 Ephes.
1014 1468 1048 1493 111
1064 1456 1102 1492 ²³⁶:
1119 1457 1213 1493 Aliis
1228 1454 1240 1476 θ
1259 1457 1510 1506 generationi-

447 1511 514 1546 bus
534 1522 607 1546 non
627 1516 681 1546 est
693 1510 865 1559 agnitum
891 1510 1112 1557 mysterium
1137 1510 1274 1546 Christi
1298 1510 1392 1546 sicut
1409 1522 1509 1546 nunc

447 1563 649 1599 revelatum
687 1569 740 1599 est
765 1563 900 1598 sanctis
927 1562 1112 1610 Apostolis
1145 1563 1222 1598 eius
1249 1566 1286 1598 et
1305 1563 1506 1610 prophetis.

500 1618 557 1651 AD
578 1627 714 1652 PRIMUM
738 1627 835 1651 ERGO
855 1627 1040 1651 DICENDUM
1060 1615 1163 1663 quod
1184 1627 1336 1663 semper
1359 1616 1509 1652 fuerunt

447 1668 581 1704 eadem
612 1668 799 1716 speranda
827 1667 930 1716 apud
958 1679 1093 1704 omnes
1117 1673 1136 1703 ².
1168 1667 1268 1714 Quia
1295 1675 1424 1704 tamen
1459 1669 1506 1705 ad

445 1721 539 1757 haec
567 1722 754 1769 speranda
782 1721 958 1756 homines
977 1733 1055 1756 non
1074 1728 1330 1768 pervenerunt
1348 1720 1419 1757 nisi
1438 1733 1507 1769 per

446 1774 654 1820 Christum,
684 1780 825 1822 quanto
860 1785 881 1809 a
911 1773 1061 1809 Christo
1096 1773 1247 1810 fuerunt
1282 1774 1506 1810 remotiores

445 1827 656 1863 secundum
684 1833 848 1874 tempus,
877 1832 982 1862 tanto
1011 1837 1033 1862 a
1055 1826 1323 1863 consecutione
1353 1838 1505 1875 speran-

445 1879 582 1915 dorum
615 1878 899 1926 longinquiores
918 1884 954 1914 *:
976 1878 1080 1915 unde
1109 1880 1317 1927 Apostolus
1337 1879 1436 1927 dicit,
1457 1879 1508 1916 ad

443 1933 543 1969 Heb.
570 1943 605 1967 XI
626 1932 665 1967 ’ἷζε
694 1933 810 1968 quta
826 1931 950 1979 fidem
977 1932 1144 1978 defuncti
1167 1938 1255 1969 sunt
1279 1943 1408 1969 omnes
1436 1933 1504 1978 isti,

445 1996 521 2021 non
554 1986 712 2033 acceptis
740 1984 1108 2033 repromissionibus,
1146 1985 1213 2022 sed
1245 1997 1269 2021 a
1298 1985 1410 2035 longe
1443 1996 1506 2022 eas

443 2038 687 2086 respicientes.
719 2038 873 2084 Quanto
903 2045 1030 2074 autem
1059 2037 1200 2084 aliquid
1228 2049 1249 2074 a
1267 2038 1505 2087 longinquio-

444 2090 546 2127 ribus
574 2091 734 2137 videtur,
764 2098 867 2127 tanto
903 2090 1028 2127 minus
1058 2090 1229 2127 distincte
1257 2091 1419 2129 videtur.
1458 2091 1507 2128 Et

443 2143 530 2180 ideo
559 2144 661 2180 bona
690 2143 876 2192 speranda
905 2143 1113 2181 distinctius
1148 2152 1412 2191 cognoverunt
1440 2143 1506 2193 qui

443 2196 593 2233 fuerunt
621 2196 800 2233 adventui
828 2196 967 2233 Christi
995 2196 1122 2233 vicini.

496 2252 554 2286 AD
570 2261 759 2293 SECUNDUM
779 2260 963 2286 memnon
991 2249 1097 2297 quod
1112 2250 1304 2297 profectus
1324 2250 1505 2297 cognitio-

443 2302 500 2339 nis
530 2302 725 2352 dupliciter
753 2302 941 2353 contingit.
976 2301 1061 2339 Uno
1089 2302 1219 2349 modo,
1249 2315 1293 2339 ex
1312 2310 1419 2352 parte
1440 2303 1505 2340 do-

444 2355 572 2402 centis,
595 2355 657 2404 qui
685 2355 723 2392 in
757 2355 971 2402 cognitione
999 2355 1163 2403 proficit,
1193 2355 1274 2392 sive
1302 2367 1401 2392 unus
1425 2356 1504 2393 sive

443 2409 580 2458 plures,
609 2420 678 2457 per
705 2416 924 2456 temporum
953 2408 1249 2445 successionem.
1284 2409 1333 2445 Et
1361 2409 1429 2446 ista
1452 2417 1507 2446 est

495 2540 516 2571 ε)
536 2539 664 2564 consistit.
683 2553 701 2557 —
719 2538 813 2563 existit
831 2539 877 2564 Pa.

493 2574 518 2607 ζ)
537 2574 757 2606 subsequentium.
775 2587 796 2593 -
813 2573 1010 2599 subsistentium
1030 2573 1285 2606 PABDEFGHLpC,
1303 2581 1359 2607 xpn
1377 2579 1402 2599 et
1419 2581 1446 2599 a.

493 2611 520 2642 η)
539 2610 699 2636 continetur.
717 2623 736 2628 -
753 2609 922 2634 continentur
946 2609 997 2633 PC.
1015 2622 1034 2629 -
1056 2612 1083 2634 et
1105 2609 1190 2641 primo
1214 2610 1272 2635 loco
1295 2618 1349 2635 om.
1372 2610 1470 2636 ABCF.
1486 2624 1506 2629 —

443 2646 493 2670 Pro
512 2646 608 2675 omnia,
628 2645 682 2669 alia
702 2644 733 2669 D.

493 2679 518 2713 θ)
537 2681 613 2705 Aliis.
629 2694 648 2700 -
668 2680 696 2704 In
715 2679 776 2704 aliis
794 2679 910 2704 PHILsC
929 2684 954 2704 et
972 2686 997 2703 a.

1169 167 1435 213 QUAESTIO
1466 170 1495 215 1,
1526 168 1820 205 ARTICULUS
1849 168 1917 204 VII

1570 245 1662 282 ratio
1678 245 1869 293 augmenti
1883 245 1921 281 in
1937 245 2098 282 scientiis
2112 258 2181 294 per
2190 248 2373 284 rationem
2389 249 2599 285 humanam
2610 247 2623 269 λ

1569 298 1742 334 inventis.
1785 298 1870 334 Alio
1899 298 2029 345 modo,
2051 309 2096 334 ex
2118 306 2223 346 parte
2252 300 2496 338 addiscentis:
2530 301 2624 338 sicut

1568 351 1744 410 magister
1772 350 1837 397 qui
1874 350 1980 387 novit
2016 358 2135 387 totam
2173 359 2292 389 artem
2329 364 2408 389 non
2442 353 2567 390 statim
2602 365 2623 390 a

1567 403 1752 452 principio
1781 403 1891 440 tradit
1919 415 2003 439 eam
2034 403 2235 451 discipu10,
2265 405 2354 452 quia
2381 417 2515 464 capere
2544 417 2622 442 non

1566 464 1706 515 posset,
1727 456 1794 492 sed
1821 456 2015 514 paulatim,
2041 455 2349 494 condescendens
2368 463 2385 486 μ
2415 457 2495 494 eius
2514 469 2623 506 capa-

1568 508 1678 545 citati.
1727 509 1775 545 Et
1803 509 1874 545 hac
1912 508 2055 545 ratione
2091 508 2335 556 profecerunt
2370 509 2547 546 homines
2584 510 2622 546 in

1568 561 1781 608 cognitione
1822 561 1912 598 fidei
1954 573 2023 609 per
2064 568 2282 610 temporum
2329 562 2623 599 successionem.

1566 614 1676 651 Unde
1704 615 1923 662 Apostolus,
1958 614 2008 650 ad
2038 613 2121 651 Gal.
2142 625 2177 650 111
2197 613 2228 659 ³¹⁶,
2264 622 2460 662 comparat
2486 622 2623 652 statum

1565 666 1702 703 veteris
1740 667 1974 703 Testamenti
2001 666 2195 714 pueritiae.

1618 721 1676 756 An
1695 730 1854 756 Teanum
1869 731 2052 756 DlCENDUM
2068 719 2172 767 quod
2192 718 2240 755 ad
2259 719 2541 766 generationem
2558 731 2623 756 na-

1565 772 1723 808 turalem
1740 771 1836 808 duae
1862 784 1997 808 causae
2017 772 2319 820 praeexiguntur,
2345 771 2482 808 scilicet
2510 784 2624 819 agens

1567 832 1602 860 et
1646 824 1812 861 materia.
1862 825 2082 861 Secundum
2125 825 2234 872 igitur
2271 823 2446 861 ordinem
2488 835 2622 861 causae

1566 877 1720 924 agentis,
1749 877 1966 914 naturaliter
1984 877 2087 926 prius
2118 885 2172 914 est
2191 877 2295 926 quod
2326 884 2380 913 est
2408 876 2622 924 perfectius,

1566 937 1603 966 et
1631 930 1684 966 sic
1712 937 1846 967 natura
1874 942 1896 966 a
1923 930 2097 979 perfectis
2135 930 2250 966 sumit
2283 929 2499 966 exordium:
2536 929 2625 977 quia

1565 983 1785 1032 imperfecta
1822 995 1899 1019 non
1938 983 2126 1020 ducuntur
2159 983 2207 1019 ad
2243 982 2515 1031 perfectionem
2553 981 2623 1018 nisi

1565 1048 1633 1084 per
1652 1036 1776 1084 aliqua
1796 1034 1960 1084 perfecta
1975 1034 2270 1084 praeexistentia.
2293 1034 2514 1072 Secundum
2529 1047 2623 1072 vero

1536 1083 1538 1093 '
1565 1088 1742 1125 ordinem
1779 1100 1916 1125 causae
1953 1086 2168 1135 materialis,
2197 1087 2301 1136 prius
2338 1096 2393 1124 est
2425 1087 2531 1136 quod
2569 1095 2624 1125 est

1566 1140 1838 1189 imperfectius:
1875 1148 1911 1176 et
1938 1141 2150 1177 secundum
2181 1141 2256 1177 hoc
2284 1148 2417 1177 natura
2453 1140 2625 1189 procedit

1565 1193 1613 1229 ab
1642 1193 1862 1241 imperfecto
1901 1192 1949 1229 ad
1980 1193 2202 1240 perfectum.
2251 1194 2292 1229 In
2321 1193 2622 1230 manifestatione

1565 1252 1691 1281 autem
1711 1244 1802 1281 fidei
1829 1245 1936 1281 Deus
1965 1251 2020 1281 est
2039 1244 2135 1281 sicut
2161 1256 2289 1293 agens,
2318 1246 2383 1294 qui
2402 1245 2517 1282 habet
2539 1257 2623 1295 per-

1564 1297 1702 1335 fectam
1740 1297 1933 1334 scientiam
1963 1297 2011 1334 ab
2041 1304 2217 1334 aeterno:
2260 1297 2379 1335 homo
2408 1306 2536 1335 autem
2569 1305 2623 1337 est

2650 615 2737 637 ’.νεα
2753 621 2782 642 24
2796 621 2847 644 sqq.
2855 622 2861 643 ς

2651 647 2702 669 esp.
2713 648 2745 663 iv.

1564 1350 1659 1387 sicut
1681 1350 1839 1387 materia
1865 1349 2051 1398 recipiens
2079 1349 2265 1388 influxum
2292 1349 2365 1387 Dei
2392 1350 2548 1398 agentis.
2576 1349 2626 1388 Et
2644 1372 2651 1402 χ

1563 1404 1651 1440 ideo
1680 1403 1847 1452 oportuit
1875 1403 1980 1452 quod
2008 1403 2056 1439 ab
2084 1403 2315 1451 imperfectis
2344 1403 2392 1440 ad
2410 1403 2624 1452 perfectum

1561 1456 1787 1505 procederet
1815 1455 1978 1504 cognitio
2007 1455 2098 1492 fidei
2126 1456 2164 1492 in
2191 1455 2424 1493 hominibus.
2463 1457 2512 1493 Et
2539 1455 2625 1492 licet

1563 1509 1601 1546 in
1629 1509 1848 1546 hominibus
1876 1508 2032 1557 quidam
2065 1520 2105 1545 se
2134 1508 2335 1546 habuerint
2365 1521 2435 1557 per
2461 1509 2623 1546 modum

1563 1569 1701 1601 causae
1734 1561 1887 1610 agentis,
1917 1561 2006 1609 quia
2038 1561 2188 1598 fuerunt
2219 1561 2310 1598 fidei
2343 1561 2537 1607 doctores;
2570 1569 2624 1598 ta-

1562 1628 1652 1652 men
1670 1615 1919 1664 manifestatio
1939 1614 2096 1662 Spiritus
2115 1615 2227 1651 datur
2245 1615 2379 1651 talibus
2410 1615 2462 1651 ad
2489 1614 2623 1651 utilita—

1561 1675 1633 1705 tem
1671 1678 1929 1712 communem,
1958 1674 2000 1703 ut
2027 1666 2161 1704 dicitur
2190 1669 2203 1704 Ι
2232 1668 2284 1704 ad
2314 1668 2400 1704 Cor.
2429 1679 2477 1704 xn
2501 1667 2531 1703 ³¹².
2576 1668 2625 1704 Et

1533 1731 1534 1738 ¹
1560 1721 1647 1758 ideo
1667 1728 1812 1757 tantum
1832 1720 1992 1756 dabatur
2011 1720 2183 1756 Patribus
2203 1720 2267 1769 qui
2293 1727 2399 1757 erant
2426 1720 2624 1756 instructo-

1561 1786 1618 1810 res
1637 1780 1650 1794 ν
1669 1773 1758 1810 fidei
1780 1774 1825 1810 de
1846 1773 2061 1820 cognitione
2089 1772 2190 1818 fidei,
2211 1780 2395 1821 quantum
2424 1773 2626 1821 oportebat

1558 1838 1628 1875 pro
1652 1833 1825 1875 tempore
1854 1826 1916 1862 illo
1949 1826 2093 1874 populo
2130 1825 2227 1862 tradi
2253 1826 2315 1861 vel
2352 1826 2454 1863 nude
2485 1826 2548 1863 vel
2584 1825 2624 1862 in

1559 1880 1691 1927 figura.

1612 1933 1670 1969 An
1707 1942 1880 1974 QUARTUM
1917 1941 2103 1968 mensuum
2135 1930 2242 1979 quod
2277 1930 2411 1967 ultima
2445 1926 2623 1969 consum-

1559 1985 1675 2022 matio
1713 1984 1852 2033 gratiae
1886 1984 1984 2020 facta
2021 1991 2078 2020 est
2105 1995 2175 2032 per
2203 1983 2417 2020 Christum:
2455 1983 2559 2020 unde
2587 1991 2625 2020 et

1559 2046 1709 2087 tempus
1725 2038 1803 2074 eius
1818 2036 1954 2074 dicitur
1968 2042 2112 2086 tempus
2120 2036 2373 2085 plenitudinis,
2388 2037 2441 2073 ad
2452 2036 2536 2074 Gal.
2548 2036 2622 2074 Ν*.

1560 2092 1609 2128 Et
1627 2091 1714 2128 ideo
1734 2090 1783 2128 illi
1803 2090 1868 2138 qui
1887 2090 2039 2127 fuerunt
2060 2089 2353 2138 propinquiores
2377 2089 2529 2127 Christo
2561 2090 2624 2126 vel

1560 2152 1658 2190 ante,
1689 2143 1783 2180 sicut
1811 2144 1973 2180 Ioannes
2001 2142 2182 2190 Baptista,
2202 2143 2264 2179 vel
2284 2149 2384 2191 post,
2404 2142 2503 2179 sicut
2518 2144 2623 2191 Apo-'-

1561 2197 1656 2243 stoli,
1686 2196 1834 2245 plenius
1854 2196 2032 2244 mysteria
2051 2195 2142 2232 fidei
2162 2203 2436 2243 cognoverunt.
2466 2195 2568 2242 Quia
2587 2202 2624 2232 et

1560 2250 1658 2287 circa
1677 2257 1817 2286 statum
1835 2248 2002 2285 hominis
2022 2248 2097 2285 hoc
2111 2248 2302 2295 videmus,
2317 2248 2423 2297 quod
2441 2247 2622 2296 perfectio

1561 2311 1616 2340 est
1635 2303 1673 2340 in
1692 2303 1899 2349 iuventute,
1917 2309 1953 2338 et
1971 2308 2075 2338 tanto
2095 2301 2210 2338 habet
2223 2301 2343 2338 homo
2358 2300 2623 2349 perfectiorem

1561 2363 1699 2393 statum
1726 2355 1790 2392 vel
1819 2362 1905 2391 ante
1933 2355 1995 2391 vel
2031 2361 2138 2402 post,
2178 2361 2321 2402 quanto
2352 2361 2407 2390 est
2438 2353 2624 2391 iuventuti

1562 2408 1823 2458 propinquior.

1612 2540 1630 2572 ι)
1651 2546 1775 2564 omnes.-
1789 2545 1879 2563 omnes
1892 2538 2009 2563 homines
2022 2537 2053 2568 G,
2067 2545 2156 2563 omnes
2168 2545 2186 2563 a
2201 2537 2416 2567 Deol,hom1'nes
2428 2544 2446 2562 a
2462 2535 2567 2563 Christo
2575 2537 2622 2564 Pa.

1611 2575 1637 2607 κ)
1656 2574 1901 2607 longinquiores.—
1914 2573 2029 2607 suerunt
2046 2574 2116 2599 addit
2134 2573 2180 2599 sK.

1611 2609 1638 2643 λ)
1658 2611 1812 2636 humanam.
1830 2623 1848 2628 —
1867 2609 2019 2635 humanitus
2039 2609 2086 2635 Pa.

1612 2646 1640 2678 μ)
1659 2644 1878 2670 condescendens.
1895 2658 1914 2663 -
1932 2643 2118 2669 condescendit
2135 2643 2167 2668 D.

1610 2681 1635 2711 ν)
1652 2680 1836 2705 instructores.
1853 2692 1873 2699 -
1891 2679 2056 2704 instinctor-es
2074 2678 2308 2711 PBDEGHILpr
2325 2683 2352 2703 et
2369 2685 2395 2704 a.

1117 2758 1449 2791 commentaria
1469 2758 1722 2791 Cardinalis
1745 2757 1945 2791 Caietam

473 2849 493 2869 n
518 2839 637 2869 articuli
661 2838 785 2878 septimi
821 2837 1027 2878 responsione
1053 2837 1093 2867 ad
1116 2837 1245 2868 tertium
1269 2838 1394 2868 adverte
1417 2838 1506 2878 quod

446 2851 596 2913 IAuctor
615 2883 771 2913 rationem
790 2882 984 2920 doctoratus,
1001 2892 1038 2912 ex
1054 2891 1119 2922 qua
1133 2881 1300 2912 videbatur
1316 2882 1406 2923 quod
1420 2881 1504 2912 fides

444 2937 459 2957 a
486 2925 670 2958 doctoribus
701 2926 894 2957 doctioribus
924 2925 1080 2966 proficisci
1113 2925 1287 2963 debuisset,
1318 2925 1439 2956 reducit
1465 2925 1506 2955 ad

444 2970 599 3001 rationem
621 2970 778 3006 materiae,
803 2980 839 3000 ea
861 2970 982 3000 ratione
1006 2969 1080 3010 quia
1098 2971 1268 3010 unicuique
1283 2970 1382 3000 datur
1403 2969 1505 3000 mani-

435 3014 572 3055 festatio
595 3013 733 3054 Spiritus
757 3014 799 3044 ad
823 3014 1002 3044 utilitatem.
1027 3013 1073 3043 Ex
1097 3013 1159 3044 hoc
1183 3013 1268 3044 enim
1291 3012 1381 3054 quod
1395 3013 1505 3044 docto-

444 3058 530 3088 ribus
553 3064 601 3088 sat
622 3064 668 3088 est
691 3067 783 3088 nosse
807 3064 963 3098 quantum
979 3057 1104 3097 expedit
1118 3056 1308 3088 instruendis
1327 3057 1411 3088 illius
1426 3063 1504 3088 tem-

444 3101 540 3143 poris,
565 3102 652 3132 nulla
667 3102 727 3131 alia
742 3101 821 3131 ratio
839 3101 921 3131 sumi
936 3107 1042 3141 potest
1061 3111 1096 3131 ex
1112 3108 1199 3142 parte
1215 3101 1383 3132 doctorum
1407 3111 1505 3142 quarn

445 3156 481 3177 ex
505 3152 590 3186 parte
613 3146 882 3176 instruendorum.
908 3145 999 3182 Quos
1030 3145 1103 3186 quia
1130 3152 1253 3176 constat
1280 3154 1313 3176 se
1339 3152 1444 3176 tenere
1469 3155 1505 3176 ex

443 3197 530 3230 parte
554 3189 716 3226 materiae,
739 3195 825 3230 patet
847 3189 968 3228 exigere
992 3190 1080 3230 quod
1103 3190 1142 3219 de
1165 3189 1351 3229 imperfecto
1374 3190 1414 3219 ad
1436 3198 1504 3229 per-

444 3234 562 3265 fectum
587 3233 794 3274 perveniatur.
827 3234 867 3263 Et
891 3233 933 3263 sic
957 3243 1021 3263 non
1046 3233 1152 3264 solum
1180 3233 1321 3273 populus
1349 3233 1505 3273 posterior

444 3279 516 3319 plus
540 3277 629 3308 scivit
652 3277 775 3318 populo
799 3277 911 3317 prioris
935 3277 1060 3313 aetatis;
1086 3278 1140 3307 sed
1155 3278 1300 3308 doctores
1316 3277 1505 3317 posteriores

444 3322 600 3353 doctiores
623 3321 752 3352 fuerunt
774 3321 941 3361 prioribus.
974 3321 1014 3352 Et
1038 3321 1098 3351 hoc
1127 3321 1265 3361 intellige
1288 3321 1373 3351 salva
1396 3321 1505 3362 capitis

445 3365 625 3396 excellentia
639 3365 672 3395 in
689 3372 825 3406 utroque
845 3364 942 3405 priori
966 3371 1057 3401 statu,
1074 3364 1190 3396 scilicet
1205 3372 1334 3396 naturae
1358 3371 1389 3396 et
1410 3365 1503 3405 legis:

445 3416 480 3440 ut
492 3412 612 3441 Auctor
626 3409 755 3440 inferius
770 3409 863 3439 docet
885 3409 918 3439 in
931 3418 985 3449 qu.
1000 3419 1118 3445 ccxxxv,
1130 3416 1185 3439 art.
1200 3410 1229 3440 6.
1245 3409 1328 3439 Nam
1343 3409 1503 3439 Abraham

446 3454 557 3484 doctus
570 3464 587 3483 a
599 3454 668 3484 Deo
685 3453 784 3493 magis
801 3452 861 3483 fuit
876 3463 974 3493 quam
986 3452 1173 3492 posteriores
1190 3463 1291 3493 usque
1307 3453 1347 3483 ad
1359 3453 1501 3493 Moysen,

1559 2838 1618 2868 sub
1649 2846 1716 2878 quo
1740 2843 1838 2868 status
1860 2837 1937 2876 legis
1960 2836 2081 2877 coepit3
2114 2843 2144 2867 et
2166 2837 2294 2877 Moyses
2321 2836 2422 2876 magis
2448 2836 2581 2868 edoctus
2603 2847 2621 2867 a

1558 2882 1627 2912 Deo
1651 2880 1712 2912 fuit
1734 2891 1833 2922 quam
1855 2880 1967 2922 reliqui
1990 2889 2092 2921 usque
2115 2881 2154 2911 ad
2178 2887 2305 2921 tempus
2325 2880 2452 2920 gratiae.

1614 2925 1712 2956 11.1n
1735 2925 1878 2956 eiusdem
1901 2924 2024 2956 articuli
2045 2924 2253 2965 responsione
2276 2925 2315 2956 ad
2332 2931 2482 2966 quartum
2495 2925 2621 2956 adverte
2651 2944 2657 2947 α

1558 2969 1647 3010 quod
1671 2979 1707 3000 ex
1712 2969 1790 3001 alia
1813 2969 1934 3000 ratione
1957 2978 2055 3019 quam
2077 2968 2282 3009 praecedente
2305 2971 2426 3001 Auctor
2449 2962 2621 3000 terminum

1558 3013 1649 3053 ponit
1672 3012 1828 3054 profectui
1850 3010 1933 3049 fidei,
1950 3012 2066 3043 scilicet
2082 3022 2118 3043 ex
2134 3011 2411 3043 consummatione
2434 3011 2550 3052 gratiae
2565 3020 2622 3054 per

1558 3056 1722 3088 Christum
1746 3063 1776 3087 et
1798 3056 1950 3097 temporis
1973 3055 2181 3096 plenitudine.
2205 3055 2253 3087 Ex
2276 3066 2342 3097 quo
2364 3055 2463 3086 habes
2485 3065 2620 3097 praepo-

1559 3108 1678 3132 sterum
1701 3101 1847 3131 ordinem
1870 3107 1941 3131 ante
1958 3107 1988 3131 et
2003 3107 2077 3140 post
2099 3099 2279 3131 Christum:
2302 3099 2420 3131 scilicet
2441 3100 2530 3141 quod
2543 3104 2621 3132 ante

1559 3144 1732 3181 Christum,
1757 3151 1877 3186 quanto
1900 3144 2021 3186 priores
2043 3151 2132 3175 tanto
2155 3144 2262 3176 :uinus
2285 3144 2402 3180 edocti:
2426 3149 2500 3184 post
2530 3143 2619 3177 Chri-

1557 3195 1643 3220 stum
1666 3199 1758 3225 vero,
1789 3195 1910 3230 quanto
1932 3189 2053 3230 priores
2080 3195 2168 3219 tanto
2192 3188 2358 3220 doctiores.
2389 3188 2431 3219 Et
2453 3195 2619 3228 propterea

1557 3233 1589 3263 in
1614 3233 1872 3263 determinatione
1896 3232 2121 3273 quaestionum
2145 3231 2217 3262 fidei
2233 3231 2383 3263 standum
2397 3237 2444 3262 est
2458 3229 2618 3262 doctrinae

1558 3277 1764 3318 antiquorum
1778 3277 1956 3307 Doctorum
1967 3277 1985 3296 *
2001 3283 2031 3307 et
2047 3283 2230 3307 sanctorum
2239 3277 2380 3312 Patrum‚
2393 3285 2475 3316 quos
2487 3274 2619 3306 illustra-

1558 3327 1607 3351 tos
1631 3321 1787 3351 credimus
1816 3320 1922 3351 divino
1946 3320 2067 3351 lumine
2088 3327 2118 3352 et
2140 3320 2249 3362 quoad
2268 3319 2442 3351 doctrinam
2462 3325 2492 3350 et
2510 3318 2617 3359 quoad

1557 3364 1668 3401 vitam,
1694 3364 1793 3404 magis
1817 3374 1914 3405 quarn
1937 3364 2162 3404 posteriorum,
2186 3364 2241 3394 ubi
2264 3363 2442 3404 discrepant
2462 3362 2616 3403 posterio-

1558 3418 1604 3439 res
1629 3409 1667 3440 ab
1690 3408 1762 3440 illis.

1612 3453 1658 3482 Ex
1682 3453 1742 3483 hoc
1765 3459 1871 3483 tamen
1895 3462 1960 3482 non
1984 3460 2138 3492 negamus
2161 3451 2239 3492 quin
2254 3450 2349 3482 etiam
2366 3455 2440 3490 post
2453 3449 2615 3481 Christum

2651 1677 2661 1687 '
2676 1676 2744 1699 Vere.
2758 1682 2780 1703 7.

2651 2042 2660 2050 ·
2675 2039 2780 2068 νειμ

2646 3284 2793 3307 ·Doctm-un
2807 3290 2856 3307 om.
