2892 4056
2436 165 2497 191 xm

331 228 558 283 papyracei
603 233 645 268 et
682 229 800 269 mixti
843 242 994 270 omnes
1038 236 1136 270 sunt
1177 236 1379 271 recentes.
1424 230 1609 271 Codices
1643 232 1792 272 Gallos
1826 232 2028 288 (exceptis
2065 234 2281 288 Parisinis)
2320 235 2496 276 citamus

331 301 385 330 ex
409 289 622 345 Catalogo
645 291 832 344 generali
857 292 1241 345 manuscriptorum
1266 291 1617 349 bibliothecarum
1639 293 1903 347 publicarum
1927 294 2100 336 Galliae.
2121 319 2139 325 -
2157 296 2270 336 Dein
2294 310 2495 351 magnam

327 356 494 404 partem
526 351 721 391 locorum
756 353 1007 392 collatorum
1040 352 1250 399 dabimus,
1287 352 1506 406 exscriptis
1533 354 1794 395 variantibus
1829 356 2041 404 omnibus,
2075 357 2155 397 nisi
2188 357 2306 411 quod
2329 358 2494 412 aliquo-

327 411 408 452 ties
440 411 654 463 variantes
688 413 884 454 minimas
918 413 1283 454 commemorandi
1317 413 1460 454 taedio
1494 415 1705 467 parcimus
1740 423 1780 456 et
1813 417 1931 470 quod
1964 418 2266 459 nonnullorum
2299 419 2494 461 codicum

327 485 380 514 ex
414 479 539 514 coetu
561 487 898 527 papyraceorum
925 474 1146 514 variantes
1160 481 1259 528 post
1281 475 1470 528 quinque
1497 476 1565 515 vel
1589 475 1738 517 decern
1763 477 2050 529 Quaestiones
2080 479 2215 520 notari
2245 480 2454 522 desinunt.
2474 506 2492 512 -

325 534 528 589 Denique
551 548 817 588 exponemus
850 535 992 589 aliqua
1015 535 1110 575 loca
1143 549 1229 575 non
1265 541 1350 575 tam
1385 536 1442 576 ob
1477 536 1632 577 librarii
1657 551 1842 579 errorem
1867 540 2019 580 collata
2051 553 2180 594 quam
2215 554 2268 582 eo
2300 543 2491 591 consilio,

325 601 372 636 ut
405 608 535 650 quem
569 596 787 651 dignitatis
821 602 862 637 et
894 595 1053 651 valoris
1087 596 1230 637 locum
1268 597 1362 637 libri
1389 597 1584 638 Vaticani
1619 612 1747 652 supra
1785 601 1978 642 recensiti
2021 608 2252 657 occupent,
2288 591 2491 658 exemplis

325 664 456 711 quam
490 658 680 711 plurimis
713 657 909 698 adductis
940 664 1114 712 pateret,
1151 664 1192 698 et
1225 664 1270 698 ut
1302 658 1507 698 sciremus
1540 661 1764 713 quomodo
1799 667 1938 702 textus
1974 663 2136 704 dudum
2169 665 2282 718 typis
2315 665 2491 706 traditus

316 718 380 758 ‘ad
413 719 659 760 universam
692 732 820 760 manu
854 719 1054 772 scriptam
1089 719 1308 760 materiam
1342 732 1388 760 se
1421 719 1587 761 habeat.

460 838 690 870 ELENCHUS
713 838 913 870 CODlCUM
937 838 1239 870 COLLATORUM
1699 842 1837 871 secunde
1859 843 1967 881 partis
1988 843 2093 884 fratis
2116 845 2218 874 thome
2239 846 2279 875 de
2301 847 2417 886 aquino
2440 856 2490 877 or·

1697 885 1783 915 dinis
1807 885 1959 925 fratrum
1984 887 2236 927 predicatorum.
2270 889 2328 919 deo
2359 892 2491 930 gracias

364 940 387 960 α.
431 929 585 961 Bruxellis
608 929 683 960 bibl.
706 929 822 969 Regiae
847 930 910 960 836
934 941 1044 971 papyr.
1699 936 1815 965 amen;
1847 930 1989 969 sequitur
2016 931 2146 961 inferius
2177 932 2267 971 nigro
2297 940 2488 965 atramento:

363 971 382 1011 β
584 974 670 1014 9640
693 973 821 1004 mixtus,
1626 975 1628 978 ’
1697 978 1727 1002 et
1742 977 1790 1003 est
1801 973 2043 1004 domini-Iacobi
2056 975 2176 1005 deactis
2190 976 2230 1005 de
2245 977 2373 1007 Mutina
2390 980 2490 1017 capel-

359 1027 384 1094 ἔ
475 1028 491 1046 ι
587 1018 670 1047 5552
694 1027 804 1058 papyr.
1697 1017 1765 1046 lani
1787 1017 1908 1047 domini
1923 1027 2009 1057 pape
2031 1024 2062 1048 et
2082 1020 2150 1050 eius
2172 1021 2258 1050 sacri
2270 1022 2393 1060 palacii
2415 1031 2488 1052 cau—

339 1082 343 1088 ·
425 1061 549 1092 Parisiis
571 1061 648 1091 bibl.
671 1060 848 1095 Nationalis
874 1062 959 1102 3094
982 1069 1046 1093 ant.
1695 1069 1806 1090 sarum
1830 1061 1996 1092 auditoris.

359 1119 375 1138 e
474 1117 489 1133 ι
585 1106 667 1145 3095
693 1111 757 1136 ant.
1474 1113 1497 1132 M
1542 1103 1661 1134 Patavii
1684 1103 1759 1133 bibl.
1784 1104 1983 1135 Antonianae
2010 1107 2070 1136 253
2095 1107 2180 1137 med.

357 1151 378 1194 ζ
471 1161 485 1177 2
582 1149 666 1189 3096
690 1157 754 1180 ant.
1172 1167 1173 1170 =
1473 1157 1494 1176 u
1586 1160 1600 1174 »
1693 1147 1768 1178 bibl.
1795 1147 1935 1187 Capituli
1958 1148 2104 1180 Cathedr.
2128 1150 2164 1181 B.
2191 1151 2240 1181 28.
2265 1161 2326 1182 rec.

356 1207 378 1232 η
472 1205 487 1222 »
583 1194 667 1235 3097
692 1201 755 1224 ant.
1474 1201 1496 1220 a
1541 1192 1707 1222 Bononiae
1730 1191 1806 1222 bibl.
1832 1192 2048 1224 Universitatis
2072 1203 2138 1235 474
2161 1194 2234 1224 anni
2264 1196 2354 1234 1464.

358 1237 404 1282 θ’,
473 1238 688 1279 »μανι-5795
715 1237 908 1273 sinceritate,
933 1237 1134 1278 antiquitate,
1160 1238 1373 1276 accuratione,
1470 1244 1492 1264 R
1536 1236 1714 1266 Florentiae
1737 1235 1812 1266 bibl.
1837 1236 1992 1267 centralis
2015 1237 2190 1268 Nationalis
2211 1239 2233 1269 Ι.
2259 1239 2309 1269 111.
2337 1240 2386 1269 30.
2403 1240 2487 1270 med.

305 1280 379 1294 ‘st‘
578 1280 678 1312 nitida
700 1281 796 1311 etiam
819 1281 972 1321 scriptura
994 1282 1136 1322 insignis.
1471 1289 1490 1309 'r
1582 1293 1596 1307 »
1689 1279 1764 1310 bibl.
1789 1280 2016 1311 Laurentianae
2039 1282 2122 1312 Plut.
2139 1292 2209 1312 xxxx
2231 1283 2299 1312 dex.
2315 1293 2346 1312 vr
2369 1290 2431 1314 ant.

357 1337 370 1357 1
467 1337 481 1352 »
581 1326 684 1367 15796
709 1332 774 1356 ant.
1470 1334 1491 1353 11
1537 1323 1754 1363 cantabrigiae
1776 1324 1968 1355 Peterhouse
1990 1335 2021 1355 o.
2032 1335 2063 1366 7.
2077 1327 2106 1356 5.
2130 1332 2193 1356 ant.

355 1381 378 1402 :t
469 1381 484 1398 w
583 1370 687 1410 ¹5797
711 1375 774 1399 ant.
1469 1378 1490 1397 v
1689 1367 1836 1398 Gonville
1859 1369 1922 1398 and
1941 1368 2037 1399 Caius
2061 1368 2205 1412 286(679
2220 1369 2288 1411 red)
2313 1371 2396 1401 med.

324 1423 330 1431 ³
354 1415 376 1445 λ
468 1425 483 1440 2
581 1411 685 1453 15798
710 1419 773 1444 ant.
1469 1421 1500 1442 w
1578 1423 1594 1438 »
1689 1409 1831 1453 305(372
1849 1411 1917 1453 red)
1941 1412 2023 1443 med.

356 1468 380 1501 μ.
467 1468 483 1483 ›
581 1465 686 1497 17477
709 1463 773 1486 ant.
1469 1465 1490 1485 x
1582 1467 1596 1482 ι
1690 1455 1882 1485 Peterhouse
1897 1466 1927 1486 ο.
1940 1466 1971 1496 7.
1987 1457 2015 1486 5.
2031 1462 2094 1486 ant.
2115 1457 2158 1487 Ut
2180 1457 2389 1496 distinguatur
2413 1459 2451 1488 ab
2466 1469 2487 1488 n

309 1512 337 1530 :L
355 1512 374 1534 ν,
464 1512 480 1528 »
573 1499 648 1531 bibl.
671 1500 830 1530 Arsenalis
857 1501 913 1530 331
942 1500 1016 1530 anni
1041 1501 1122 1542 1467
1691 1499 1747 1539 qui
1763 1500 1895 1529 eandem
1910 1499 2104 1538 signaturam
2124 1500 2227 1536 habet,
2247 1501 2392 1532 addimus
2412 1513 2486 1532 eum

354 1544 373 1586 ξ
466 1556 482 1573 2
574 1545 640 1586 467
663 1554 725 1575 rec.
1691 1550 1764 1582 post
1782 1542 1908 1573 finitum
1922 1550 2042 1574 textum
2057 1544 2196 1583 margine
2217 1545 2356 1575 inferiori
2373 1546 2485 1577 habere

349 1600 372 1621 ο
574 1588 649 1619 bibl.
673 1587 851 1618 Mazarinae
876 1587 950 1627 824,
973 1597 1057 1618 anno
1084 1602 1099 1616 ι
1111 1589 1162 1618 M⁰
1183 1588 1257 1620 CC0
1277 1600 1374 1622 nona-
1397 1618 1398 1628 ¹
1689 1587 1770 1617 inter
1785 1587 1864 1617 duas
1879 1596 2018 1618 rasuras:
2041 1591 2102 1618 αῆο
2117 1589 2171 1618 dni
2186 1588 2245 1618 mi⁰
2260 1592 2347 1618 1111“110
2362 1590 2485 1631 xxxmj⁰

575 1632 696 1672 gesimo
722 1632 755 1662 in
779 1638 923 1672 tempore
938 1632 1216 1672 quadragesime».
1396 1657 1398 1672 4
1420 1628 1423 1630 ’
1690 1641 1749 1660 xxv
1777 1631 1828 1661 die
1850 1633 1967 1662 mensis
1990 1633 2132 1662 ianuarii
2154 1638 2184 1662 et
2201 1633 2308 1668 ¹liabet-

355 1688 380 1709 π
574 1676 638 1707 825
663 1676 748 1706 med.
1469 1685 1488 1706 r
1533 1674 1676 1706 Oxoniae
1698 1675 1834 1705 Merton.
1857 1685 1947 1705 Lxxtv
1970 1675 2003 1705 in
2026 1677 2169 1716 catalogo
2193 1675 2296 1712 Coxii‚
2319 1677 2404 1707 med.

354 1733 371 1764 Β
467 1733 483 1749 »
577 1719 641 1751 826
665 1730 726 1750 rec.
1468 1729 1487 1749 z
1577 1731 1594 1747 ι
1685 1719 1764 1749 New
1779 1718 1911 1758 Collega
1933 1729 2002 1749 cxx1
2024 1720 2110 1759 apud
2135 1721 2242 1756 eund„
2255 1729 2314 1750 rec.
2333 1720 2485 1752 Continet

354 1777 374 1798 σ
575 1764 640 1805 827
663 1764 748 1794 med.
1689 1769 1791 1793 totam
1821 1763 1999 1793 Secundam
2022 1764 2163 1800 Partem;
2193 1764 2226 1794 in
2255 1763 2317 1793 fine
2340 1772 2414 1804 post
2436 1766 2482 1795 in-

354 1821 376 1843 ἰ-
469 1821 485 1838 ²
576 1809 652 1839 bibl.
676 1807 896 1839 Universitatis
918 1807 968 1838 Ms
994 1817 1056 1838 212
1081 1815 1144 1838 ant.
1689 1806 1809 1836 dicem:
1825 1807 1966 1847 Explicit
1981 1808 2122 1838 secunda
2132 1817 2215 1847 pars
2231 1817 2354 1839 summe
2360 1809 2484 1849 fratris

353 1866 372 1886 u
418 1852 562 1885 Escorial
583 1853 624 1883 T.
648 1863 669 1883 1.
699 1863 748 1893 17.
773 1858 838 1882 ant.
1689 1851 1793 1881 thome
1815 1851 1855 1881 de
1877 1852 1995 1891 aquino
2018 1852 2143 1882 ordinis
2155 1852 2306 1892 fratrum
2333 1853 2482 1892 predica-

354 1909 375 1942 φ
467 1909 481 1925 »
574 1897 613 1927 R.
638 1906 671 1927 11.
699 1897 727 1926 3.
752 1905 813 1926 rec.
1689 1899 1794 1924 torum
1825 1895 2015 1935 longissima
2039 1896 2262 1935 prolixissima
2292 1901 2323 1926 et
2346 1897 2484 1927 tediosis—

422 1940 541 1973 Matriti
574 1940 649 1971 bibl.
673 1939 850 1971 Nationalis
873 1939 908 1970 B.
929 1939 980 1970 5ο.
1004 1939 1089 1970 med.
1687 1939 1771 1969 sima
1794 1939 1952 1970 scribenti.
1987 1939 2057 1969 Deo
2083 1940 2232 1977 Gracias,
2253 1940 2323 1970 Deo
2348 1940 2483 1971 Grac-ias

352 1954 377 2030 ᾧ
408 1997 413 2001 ·
468 1997 483 2013 ¹»
575 1985 652 2015 bibl.
676 1984 755 2025 priv.
773 1983 867 2023 Regis
892 1993 921 2013 2.
935 1993 963 2013 e.
984 1993 1013 2013 2.
1029 1984 1112 2014 med.
1135 1984 1301 2024 Signatum
1317 1986 1370 2017 illa
1689 1987 1720 2012 el
1742 1983 1858 2012 iterum
1882 1983 1952 2013 Deo
1976 1983 2123 2014 Gracias.
2164 1996 2166 1998 ’

573 2035 711 2070 quatuor
726 2027 892 2058 volumina
909 2027 1060 2058 Summae
1077 2029 1312 2068 complectitur;
1332 2031 1368 2060 li-
1472 2039 1482 2058 1
1568 2038 1583 2054 t
1639 2026 1754 2056 Balliol
1775 2036 1850 2056 nm
1872 2027 1958 2066 apud
1981 2028 2086 2063 eund„
2110 2034 2171 2058 ant·

572 2074 628 2103 ber
651 2079 758 2103 noster
779 2072 813 2102 in
840 2071 935 2102 dorso
961 2071 1139 2102 intitulatur
1166 2081 1295 2113 quartus
1320 2073 1367 2116 (4)
1469 2082 1487 2102 2
1565 2083 1580 2099 w
1637 2070 1772 2100 Lincoln
1796 2069 1832 2100 C.
1858 2071 1926 2101 Lat.
1953 2080 1981 2100 2.
2006 2078 2069 2101 ant.

573 2124 606 2148 et
626 2117 660 2147 in
682 2116 746 2146 fine
769 2116 876 2146 habet:
905 2116 1047 2156 Explicit
1068 2118 1208 2148 secunda
1231 2119 1369 2149 secunde
1470 2118 1485 2147 3
1533 2116 1646 2146 Monte'
1667 2114 1801 2145 Cassino
1829 2115 1889 2155 137
1913 2121 1976 2145 ant.

563 2161 689 2202 fratris
712 2161 815 2190 thome
828 2160 868 2190 de
891 2161 1007 2190 misero
1030 2170 1133 2201 regno
1152 2162 1275 2193 ordinis
1290 2173 1368 2202 pre·
1465 2170 1488 2200 4
1534 2158 1644 2189 Assisii
1666 2158 1742 2188 bibl.
1766 2158 1852 2188 Sacri
1874 2157 2060 2189 Conventus
2089 2159 2147 2188 116
2172 2159 2255 2189 med.

572 2205 763 2236 dicatorum.
1467 2206 1484 2234 5
1531 2203 1605 2234 Clm
1629 2200 1818 2244 (Monachii)
1844 2203 1928 2243 2750
1945 2213 2054 2243 papyr.
2071 2202 2280 2239 Quaestiones
2297 2203 2406 2233 decem
2422 2213 2478 2233 no-

350 2261 377 2282 ω
421 2249 529 2281 Toleti
551 2249 627 2280 bibl.
653 2248 794 2288 Capituli
817 2247 968 2279 Cathedr.
997 2258 1043 2288 19.
1068 2259 1116 2279 11.
1141 2257 1203 2280 ant.
1641 2246 1788 2276 tabimus.

350 2305 371 2326 Α
576 2303 623 2333 19.
641 2302 688 2324 12.
713 2293 797 2323 med.
1466 2293 1485 2322 6
1567 2303 1581 2317 ³·
1644 2300 1728 2331 2779
1752 2300 1862 2330 papyr.
1887 2290 1959 2319 anni
1989 2291 2082 2330 1459.
2106 2290 2234 2320 Decem.

351 2349 370 2369 a
462 2349 476 2364 »
575 2347 622 2377 19.
639 2347 688 2367 1ο.
713 2336 797 2367 med.
1467 2347 1485 2377 7
1568 2347 1582 2362 ³>
1646 2333 1727 2364 3832
1750 2344 1811 2364 rec.

351 2394 369 2413 c
415 2380 585 2412 Cordubae
609 2380 683 2411 bibl.
710 2379 851 2420 Capituli
875 2378 1023 2410 Cathedr.
1047 2381 1111 2419 425
1136 2387 1200 2412 ant.
1468 2380 1486 2410 8
1569 2391 1583 2406 »
1643 2378 1729 2417 4682
1754 2387 1864 2418 papyr.
1889 2377 2017 2417 Viginti.

351 2437 371 2457 ι)
572 2434 638 2464 424
662 2425 745 2454 med.
1468 2435 1486 2464 9
1568 2435 1582 2449 ›
1643 2423 1731 2462 6494
1754 2431 1862 2462 papyr.
1888 2422 2014 2452 Decem.

350 2481 368 2501 a
414 2469 577 2500 Valentiae
600 2468 674 2498 bibl.
700 2466 917 2498 Universitatis
939 2466 1006 2496 sine
1022 2467 1191 2506 signatura,
1215 2476 1278 2499 ant.
1471 2478 1508 2498 10
1568 2479 1582 2493 ι
1642 2466 1728 2507 7408
1753 2475 1862 2506 papyr.

349 2525 367 2545 r
413 2513 587 2544 Barcinone
619 2512 694 2542 bibl.
728 2510 947 2542 Universitatis
980 2511 1030 2540 vel
1063 2511 1246 2542 Provinciae
1284 2512 1366 2543 Cod.
1471 2522 1502 2541 11
1567 2523 1582 2537 w
1643 2509 1729 2549 8890
1752 2519 1862 2550 papyr.
1886 2509 1960 2539 anni
1988 2510 2080 2548 1463.
2096 2509 2239 2549 Triginta
2261 2510 2350 2540 duas.

572 2557 602 2586 8.
616 2566 646 2586 o.
664 2566 700 2585 10
725 2562 787 2585 ant.
1470 2564 1506 2585 12
1567 2566 1582 2581 »
1646 2553 1752 2591 10844
1774 2563 1884 2594 papyr.
1907 2553 1981 2583 anni
2009 2554 2102 2592 1461.
2125 2553 2252 2584 Decem.

350 2613 371 2633 ρ
403 2602 406 2603 ’
463 2614 478 2628 »
571 2599 696 2631 Archiv.
730 2599 879 2629 Coronae
907 2598 1084 2637 Aragoniae
1122 2600 1155 2629 51
1192 2601 1295 2636 med.;
1334 2601 1366 2630 in
1470 2599 1506 2629 13
1566 2610 1582 2626 w
1647 2606 1745 2636 11411
1774 2607 1883 2637 papyr.
1908 2597 2052 2637 Triginta
2074 2597 2162 2628 duas.

571 2643 634 2674 fine
657 2643 713 2674 fol.
732 2644 796 2682 304
817 2651 924 2672 verso:
962 2643 1094 2673 Eccelso
1117 2645 1256 2674 creatori
1278 2645 1367 2675 altis·
1470 2652 1509 2682 14
1567 2654 1581 2669 »
1648 2642 1749 2680 11592
1775 2651 1884 2681 papyr.
1910 2641 2071 2680 Quinque.

570 2689 649 2719 simo
669 2687 782 2718 laudes
800 2692 831 2717 et
843 2687 976 2727 gracias
993 2686 1096 2727 refert
1113 2688 1251 2727 scriptor
1269 2698 1365 2718 manu
1470 2688 1504 2717 15
1567 2698 1580 2712 ›
1646 2686 1748 2724 12309
1772 2695 1881 2725 papyr.
1906 2685 2066 2724 Quinque.

570 2733 661 2763 cuius
678 2731 845 2773 perfectus
868 2736 914 2761 est
937 2731 1017 2760 liber
1035 2732 1125 2761 iste...
1145 2731 1218 2772 Ego
1241 2732 1366 2762 bartho-
1470 2731 1506 2761 16
1567 2742 1581 2756 »
1647 2730 1745 2768 13401
1774 2729 1847 2759 anni
1875 2730 1955 2768 1436
1980 2738 2089 2769 papyr.
2114 2729 2274 2769 Quinque.

571 2776 694 2806 lomeus
722 2775 762 2805 de
790 2776 932 2816 nazariis
959 2774 1000 2804 de
1025 2774 1136 2805 Casali
1165 2777 1367 2807 vercellensis
1470 2786 1506 2816 17
1568 2786 1582 2800 »
1648 2774 1752 2812 14234
1775 2773 1848 2803 anni
1877 2782 1959 2812 1424
1981 2782 2091 2813 papyr.
2116 2773 2245 2804 Decem.

572 2820 651 2851 dioc.
664 2820 734 2850 sine
749 2819 857 2859 aliqua
864 2818 992 2859 fraude
1007 2824 1037 2848 et
1052 2819 1237 2859 decepcione
1253 2822 1367 2851 mentis
1471 2819 1506 2849 18
1567 2830 1581 2845 »
1647 2828 1656 2846 1
1667 2818 1749 2855 5542
1774 2826 1883 2857 papyr.
1909 2816 2037 2856 Viginti.

571 2865 655 2894 hanc
677 2873 834 2894 summam
857 2863 982 2902 scripsi.
1470 2874 1506 2904 19
1529 2861 1754 2900 Norimbergae
1789 2861 1863 2890 bibl.
1888 2860 2029 2891 Civitatis
2053 2860 2144 2891 Cent.
2173 2871 2205 2891 11.
2230 2861 2280 2892 28.
2302 2868 2365 2892 ant.
2389 2861 2478 2891 Exci-

349 2919 371 2939 11
415 2908 497 2940 Vich
512 2908 638 2939 Archiv.
655 2907 795 2948 Capituli
810 2906 959 2938 Cathedr.
981 2916 1083 2938 xxxvn
1104 2907 1203 2943 med.;
1232 2907 1264 2937 in
1281 2908 1366 2948 prin·
1641 2905 1681 2935 sis
1706 2904 1788 2934 foliis
1814 2911 1875 2934 tres
1898 2905 2027 2935 lacunas
2050 2905 2157 2935 habet:
2181 2915 2200 2934 a
2223 2905 2287 2942 Qu.
2309 2915 2360 2935 xiv
2384 2912 2439 2935 art.
2456 2914 2477 2944 4

571 2952 654 2992 cipio
677 2951 826 2987 mutilus,
850 2950 976 2991 incipit:
1007 2950 1105 2991 ficrto
1128 2952 1234 2981 oritur
1255 2957 1287 2982 et
1308 2953 1366 2982 sub
1639 2950 1745 2979 Potest
1759 2954 1864 2979 tamen
1881 2950 2068 2989 contingere
2082 2949 2166 2989 quod
2188 2950 2304 2990 aliquis
2326 2951 2357 2979 in
2368 2950 2477 2990 primo

570 3005 606 3026 eo
627 2996 818 3032 continetur,
840 3005 922 3035 quae
943 3001 1113 3025 occurrunt
1133 2995 1196 3031 Qu.
1221 3005 1252 3025 xx
1271 3002 1328 3027 art.
1351 3007 1361 3026 1
1642 2998 1715 3023 actu
1739 3002 1841 3033 usque
1876 2993 1915 3023 ad
1946 2993 2009 3030 Qu.
2037 3003 2088 3023 xxx
2117 3000 2173 3024 art.
2201 3003 2218 3023 2
2243 2994 2281 3023 ad
2307 3003 2323 3023 2
2355 2993 2477 3033 aliquid

571 3040 611 3070 ad
636 3049 666 3070 2.
1638 3037 1724 3078 quod
1746 3037 1815 3067 Deo
1839 3046 1901 3067 non
1931 3038 2096 3075 conveni&
2117 3037 2232 3068 iterum
2256 3048 2273 3067 a
2297 3038 2359 3075 Qu.
2384 3047 2476 3067 xxxin

348 3095 360 3115 1
413 3083 589 3115 Barcinone
610 3083 737 3113 Archiv.
762 3082 910 3113 Coronae
933 3083 1110 3122 Aragoniae
1137 3084 1178 3122 54
1200 3084 1285 3114 med.
1641 3088 1696 3112 art.
1715 3090 1733 3110 2
1756 3081 1940 3112 discedatur
1957 3082 2174 3121 corrumpitur
2196 3082 2299 3112 virtus
2322 3091 2422 3122 usque
2437 3081 2476 3110 ad

348 3139 369 3158 x
412 3130 575 3168 Augustae
598 3126 815 3158 Taurinorum
838 3126 913 3157 bibl.
933 3126 1050 3166 Regiae
1073 3126 1290 3158 Universitatis
1317 3124 1366 3158 Ms
1642 3125 1705 3162 Qu.
1727 3135 1766 3155 x1.
1786 3132 1841 3156 art.
1866 3135 1883 3155 2
1908 3126 2060 3156 exercitia
2087 3125 2260 3156 secundum
2288 3126 2368 3156 illud
2374 3133 2387 3162 ‚·
2409 3132 2475 3156 tan-

569 3172 608 3202 D.
626 3171 663 3202 ll.
676 3180 707 3210 4,
720 3181 805 3201 anno
826 3171 901 3201 «ΜΟ
922 3169 996 3201 CC⁰
1017 3170 1225 3211 nonagesimo
1240 3171 1273 3201 in
1288 3178 1366 3202 tern-
1640 3170 1714 3199 dem
1742 3179 1760 3199 a
1789 3169 1852 3206 Qu.
1871 3179 1946 3199 nm
1972 3177 2028 3200 art.
2051 3179 2073 3208 4
2094 3170 2280 3210 Respondeo
2309 3169 2475 3200 dicendum

570 3225 648 3256 pore
677 3214 916 3255 quadragesime
937 3226 965 3245 ι.
989 3213 1149 3245 Deficiunt
1177 3215 1251 3245 folia
1281 3216 1365 3246 223-
1640 3213 1724 3254 quod
1745 3214 1828 3244 sicut
1854 3223 1953 3254 supra
1976 3213 2094 3244 dictum
2125 3219 2171 3245 est
2201 3214 2388 3244 scandalum
2417 3213 2474 3242 im-

572 3260 649 3295 235;
673 3258 770 3289 textui
795 3258 910 3289 desunt
932 3267 1014 3299 quae
1037 3266 1213 3299 sequuntur
1236 3266 1310 3299 post
1331 3259 1367 3290 Si
1634 3262 1746 3298 portat
1776 3267 1877 3298 usque
1905 3258 1945 3287 ad
1969 3258 2032 3295 Qu.
2055 3267 2137 3288 van
2160 3264 2216 3288 art.
2240 3257 2258 3287 8
2286 3259 2301 3287 3
2326 3267 2388 3296 arg.
2412 3265 2474 3286 non

571 3304 619 3334 vis
635 3302 802 3343 perfectus
825 3311 893 3333 esse
915 3311 969 3343 qu.
987 3312 1115 3333 chxxvr
1137 3309 1194 3334 art.
1212 3304 1230 3333 6
1248 3313 1310 3342 arg.
1338 3313 1364 3334 1.
1641 3307 1688 3332 est
1710 3303 1742 3331 in
1775 3301 1937 3332 voluntate
1943 3309 1956 3338 ;
1982 3302 2053 3332 loca
2082 3301 2256 3332 deficientia
2282 3301 2314 3331 in
2344 3299 2474 3340 singulis

347 3358 366 3378 r.
410 3347 532 3379 Brixiae
546 3347 671 3378 Archiv.
695 3346 835 3386 Capituli
856 3345 1004 3377 Cathedr.
1023 3346 1090 3376 sine
1113 3346 1281 3386 signatura,
1302 3354 1364 3378 ant.
1641 3345 1764 3375 casibus
1787 3345 1979 3376 notabimus.

569 3391 618 3422 vel
642 3391 725 3421 med.
752 3389 873 3421 Ultimo
903 3389 982 3420 folio
1005 3401 1096 3421 verso
1127 3397 1202 3431 post
1227 3391 1365 3422 indicem
1465 3399 1506 3420 20
1554 3401 1568 3416 ›
1618 3389 1708 3420 Ceut.
1732 3399 1764 3420 11.
1792 3390 1831 3420 3ο
1855 3389 1981 3420 mixtus.
2005 3390 2132 3419 Decem.
2191 3408 2195 3411 -

570 3436 683 3466 rubro:
711 3434 901 3471 Questiones
922 3439 1006 3465 sunt.
1031 3433 1103 3476 189.
1130 3435 1366 3475 disputat-iones
1465 3443 1500 3464 21
1554 3446 1569 3461 »
1618 3433 1709 3464 Cent.
1725 3444 1768 3464 111.
1793 3434 1832 3463 28
1857 3443 1965 3474 papyr.
1990 3433 2199 3470 Quaestiones
2223 3432 2394 3472 nonaginta
2423 3440 2475 3460 sex

568 3484 653 3510 sunt.
669 3477 747 3520 906.
764 3478 900 3509 Deinde:
924 3478 1066 3518 Explicit
1080 3488 1208 3509 summa
1223 3479 1364 3510 secunda
1390 3465 1392 3517 l
1640 3478 1743 3508 habet.
1761 3477 1883 3508 Desunt
1899 3478 1964 3508 duo
1985 3477 2069 3512 folia,
2086 3484 2157 3507 ante
2185 3477 2220 3506 16
2234 3484 2265 3507 et
2280 3486 2330 3506 21.
2345 3476 2472 3506 Decem.
