2892 4056
181 618 190 626 ·
205 616 272 638 Vers.
286 623 311 638 11.

177 879 187 888 ⁸
203 878 268 899 Vers.
283 885 303 907 3.

176 1411 183 1418 ¹
192 1409 265 1456 Epist.
277 1409 345 1435 CXC,
354 1410 382 1430 al.

175 1435 212 1457 CL
237 1436 263 1461 11,
280 1442 329 1463 cap.
346 1442 370 1457 11.

173 1679 182 1687 '¹
197 1679 247 1699 Art.
265 1683 288 1705 5;
309 1684 347 1706 qu.
368 1684 382 1704 ι,

172 1708 214 1725 art.
230 1705 255 1731 6,
270 1705 299 1726 ad
314 1711 329 1726 1.

171 1788 182 1799 ’⁸
198 1788 225 1809 D.
242 1789 296 1810 606.

167 1947 178 1957 '¹
195 1947 260 1968 Vers.
277 1953 306 1969 12.

171 2533 179 2540 ·
196 2531 223 2552 D.
235 2531 272 2559 67,
288 2531 337 2559 605.

171 2740 180 2749 ⁸
196 2739 262 2761 Vers.
277 2745 314 2766 24.

171 2766 193 2777 '⁴
208 2765 277 2788 Vers.
290 2772 324 2794 3²·

426 224 474 268 34

422 307 475 337 est
493 301 558 337 iste
577 302 641 349 qui
658 302 759 338 venit
780 302 825 338 de
842 302 964 338 Edom
977 301 997 337 ἵ)
1024 308 1064 337 ut
1086 301 1291 350 Dionysius
1316 303 1480 351 exponit,

422 366 502 402 cap.
523 366 570 390 vu
596 355 695 391 Cael.
717 355 827 391 Hier.
857 355 958 401 Ergo
988 355 1033 390 ad
1056 354 1288 392 credendum
1310 356 1480 404 explicite

422 407 643 454 mysterium
687 407 956 443 Incarnationis
986 405 999 434 β
1039 407 1217 444 homines
1259 420 1337 444 non
1378 417 1480 445 tene-

421 460 568 495 bantur.

475 524 509 548 2.
540 513 771 557 PRAETEREA,
802 518 947 547 constat
972 512 1125 548 beatum
1152 513 1335 549 Ioannem
1356 514 1481 561 Bapti-

420 617 582 663 Christo,
604 618 650 654 de
685 629 761 664 quo
787 616 977 653 Dominus
998 616 1096 661 dicit,
1119 618 1253 654 Matth.
1273 631 1308 655 XI
1328 618 1359 659 ³²⁶,
1375 619 1481 667 quod

418 671 513 706 inter
528 675 633 706 natos
648 669 848 705 mulierum
869 669 993 705 nullus
1009 671 1132 706 maior
1145 682 1189 706 eo
1204 672 1380 707 surrexit.
1404 672 1480 708 Sed

420 724 579 758 loannes
600 722 767 770 Baptista
787 734 863 758 non
883 722 1034 758 videtur
1055 723 1190 759 Christi
1212 729 1227 751 Υ
1257 724 1479 771 mysterium

418 775 587 823 explicite
609 775 855 821 cognovisse:
878 787 963 811 cum
979 787 1000 811 a
1016 775 1167 812 Christo
1184 776 1403 824 quaesierit:
1423 778 1478 813 Tu
1506 803 1508 812 Α

416 840 453 863 es
481 829 546 875 qui
571 833 749 864 venturus
777 840 826 873 es,
852 840 901 864 an
930 827 1047 864 alium
1067 829 1335 876 expectamus?
1354 837 1394 866 ut
1413 830 1478 866 ha-

415 882 523 917 betur
544 881 724 917 Matth.x1
741 882 772 917 *ζ
795 881 895 928 Ergo
916 893 993 917 non
1013 882 1239 918 tenebantur
1259 883 1372 919 etiam
1399 895 1478 919 ma-

414 934 514 970 iores
543 934 591 970 ad
615 934 836 970 habendum
858 933 1071 982 explicitam
1090 935 1211 975 fidem
1237 935 1284 972 de
1315 935 1477 973 Christo.

468 988 502 1023 3.
536 987 773 1033 PRAETEREA,
803 987 911 1023 multi
939 987 1134 1034 gentilium
1163 989 1323 1025 salutem
1353 989 1478 1037 adepti

414 1047 500 1076 sunt
519 1051 588 1087 per
608 1039 857 1076 ministerium
879 1041 1120 1087 angelorum:
1141 1049 1182 1077 ut
1201 1041 1409 1090 Dionysius
1425 1043 1478 1079 di-

415 1092 473 1138 cit,
499 1104 534 1128 1x
549 1104 630 1140 cap.
653 1093 752 1129 Cael.
768 1093 878 1129 Hier.
902 1093 979 1129 Sed
994 1093 1149 1140 gentiles
1169 1106 1246 1131 non
1263 1095 1478 1132 habuerunt

414 1145 532 1182 fidem
562 1146 608 1182 de
639 1145 787 1182 Christo
817 1158 888 1182 nec
908 1146 1120 1194 explicitam
1151 1159 1221 1184 nec
1245 1147 1475 1196 implicitam,

413 1205 454 1234 ut
473 1198 638 1235 videtur:
666 1198 753 1246 quia
772 1199 874 1235 nulla
895 1198 947 1235 eis
969 1200 1149 1236 revelatio
1169 1201 1266 1237 facta
1286 1208 1352 1237 est.
1374 1201 1476 1248 Ergo

412 1251 562 1288 videtur
578 1252 682 1299 quod
697 1251 852 1288 credere
879 1251 1048 1300 explicite
1070 1252 1206 1289 Christi
1221 1251 1234 1274 δ
1253 1253 1475 1301 mysterium

413 1316 491 1340 non
524 1304 634 1340 fuerit
667 1304 846 1341 omnibus
876 1304 1130 1340 necessarium
1170 1305 1216 1342 ad
1247 1307 1421 1342 salutem.

467 1358 541 1394 SED
570 1369 715 1393 CONTRA
736 1369 801 1394 EST
820 1357 926 1404 quod
946 1357 1178 1404 Augustinus
1199 1357 1298 1405 dicit,
1320 1357 1357 1394 in
1378 1358 1473 1395 libro

412 1411 457 1446 de
490 1411 575 1446 Cor.
606 1416 642 1446 et
672 1410 803 1446 Gratia
823 1409 862 1445 *ς
893 1409 966 1446 ΙΙΙα
983 1410 1084 1457 fides
1111 1414 1206 1447 sana
1225 1417 1279 1447 est
1304 1423 1378 1459 qua
1398 1423 1477 1448 cre-

412 1463 533 1499 dimus
562 1462 705 1499 nullum
734 1463 935 1508 hominem,
963 1465 1041 1499 siue
1059 1464 1215 1500 maioris
1233 1465 1311 1501 sive
1329 1476 1478 1513 parvae

411 1516 557 1560 aetatis,
588 1516 741 1552 liberari
768 1528 791 1552 a
820 1517 996 1565 contagio
1024 1517 1155 1553 mortis
1187 1523 1223 1553 et
1248 1517 1478 1567 obligatione

408 1569 554 1617 peccati
590 1569 661 1605 nisi
682 1580 754 1617 per
783 1580 899 1605 unum
928 1569 1171 1606 mediatorem
1200 1571 1276 1606 Dei
1300 1577 1336 1607 et
1361 1572 1477 1608 homi-

413 1635 503 1659 num
532 1623 657 1658 Iesum
691 1622 890 1658 Christum.

466 1677 690 1712 REsponoEo
715 1686 899 1711 DICENDUM
919 1675 1036 1722 quod,
1054 1675 1148 1711 sicut
1167 1671 1311 1724 sup'ra*
1331 1676 1474 1713 dictum

412 1736 477 1774 est,
507 1729 598 1764 illud
626 1727 778 1776 proprie
808 1735 843 1763 et
870 1739 939 1776 per
958 1740 997 1764 se
1026 1729 1186 1775 pertinet
1213 1729 1261 1765 ad
1282 1730 1474 1766 obiectum

410 1781 499 1818 fidei
527 1793 596 1829 per
614 1781 719 1828 quod
747 1781 864 1817 homo
886 1780 1160 1818 beatitudinem
1182 1782 1427 1830 consequitur
1442 1782 1474 1819 *.

409 1834 480 1871 Via
509 1842 637 1870 autem
667 1834 886 1870 hominibus
915 1833 1094 1870 veniendi
1124 1835 1172 1871 ad
1201 1835 1475 1872 beatitudinem

411 1896 466 1924 est
494 1887 717 1935 mysterium
745 1886 1011 1923 incarnationis
1041 1894 1076 1923 et
1104 1888 1291 1935 passionis
1316 1888 1473 1925 Christi:

411 1940 545 1977 dicitur
575 1940 675 1976 enim
703 1940 785 1977 Act.
808 1952 843 1976 ιν
861 1939 899 1975 *z
930 1940 1020 1976 Non
1041 1946 1096 1976 est
1121 1941 1226 1978 aliud
1235 1953 1378 1978 nomen
1409 1942 1474 1978 da-

411 1999 488 2030 tum
517 1993 727 2029 hominibus
760 1993 796 2029 in
827 2004 899 2041 quo
929 1998 1098 2040 oporteat
1125 2006 1192 2030 nos
1223 1995 1348 2031 salvos
1369 1995 1474 2042 fieri.

410 2047 459 2083 Et
486 2046 572 2083 ideo
602 2046 824 2094 mysterium
851 2046 1116 2082 incarnationis
1138 2047 1276 2084 Christi
1294 2053 1306 2068 ⁵
1335 2047 1475 2096 aliqua-

409 2099 491 2136 liter
521 2098 689 2147 oportuit
718 2099 823 2135 omni
852 2106 1026 2147 tempore
1051 2111 1132 2136 esse
1163 2100 1345 2138 creditum
1373 2102 1475 2149 apud

410 2164 564 2189 omnes:
595 2152 852 2189 diversimode
882 2159 1010 2189 tamen
1039 2153 1251 2190 secundum
1282 2153 1476 2191 diversita—

409 2213 487 2242 tem
516 2212 734 2253 temporum
763 2212 799 2241 et
826 2217 1093 2254 personarum.

463 2259 566 2295 Nam
595 2265 680 2295 ante
710 2265 848 2294 statum
877 2258 1023 2306 peccati
1051 2258 1170 2295 homo
1200 2259 1332 2296 habuit
1361 2260 1474 2308 expli-

410 2313 522 2348 citam
555 2311 673 2348 fidem
714 2311 760 2348 de
795 2311 933 2348 Christi
966 2311 1224 2348 incarnatione
1262 2313 1475 2350 secundum

409 2365 514 2413 quod
548 2364 794 2401 ordinabatur
827 2364 875 2400 ad
905 2364 1279 2402 consummationem
1313 2366 1474 2414 gloriae:

410 2430 487 2454 non
516 2425 644 2454 autem
674 2416 884 2454 secundum
909 2417 1013 2466 quod
1033 2417 1279 2455 ordinabatur
1307 2419 1355 2455 ad
1385 2418 1474 2456 libe-

410 2470 596 2507 rationem
624 2482 646 2506 a
665 2478 821 2518 peccato
850 2482 919 2518 per
938 2470 1158 2518 passionem
1179 2478 1214 2507 et
1234 2473 1476 2509 resurrectio-

408 2536 498 2560 nem
518 2524 548 2569 *,
579 2523 668 2571 quia
695 2523 814 2560 homo
841 2535 918 2560 non
940 2523 1007 2560 fuit
1033 2523 1228 2571 praescius
1255 2524 1400 2573 peccati
1420 2525 1475 2561 fu-

408 2576 490 2613 turi.
511 2576 669 2613 Videtur
688 2583 815 2613 autem
844 2576 1108 2613 incarnationis
1128 2576 1266 2614 Christi
1284 2578 1476 2625 praescius

408 2629 523 2666 fuisse
551 2641 619 2678 per
637 2629 712 2665 hoc
741 2628 846 2678 quod
875 2628 979 2665 dixit:
1008 2630 1167 2678 Propter
1194 2630 1265 2666 hoc
1292 2631 1474 2679 relinquet

408 2684 520 2719 homo
530 2687 679 2730 patrem
695 2687 731 2718 et
743 2687 901 2719 matrem
918 2688 952 2718 et
966 2682 1184 2719 adhaerebit
1197 2684 1312 2719 uxori
1323 2695 1426 2730 suae,
1435 2691 1476 2720 ut

408 2736 570 2772 habetur
583 2735 674 2772 Gen.
689 2747 710 2771 11
727 2734 758 2779 *;
776 2743 812 2772 et
835 2735 909 2771 hoc
932 2736 1150 2784 Apostolus,
1167 2736 1219 2772 ad
1230 2737 1364 2783 Ephes.
1379 2736 1472 2782 v**,

411 2788 498 2825 dicit
515 2794 794 2825 sacramentum
814 2800 999 2837 magnum
1024 2799 1102 2824 esse
1121 2789 1158 2824 in
1184 2789 1330 2825 Christo
1350 2794 1386 2825 et
1402 2789 1474 2825 Ec—

410 2842 544 2885 clesia;
573 2841 677 2890 quod
707 2841 862 2889 quidem
892 2848 1175 2878 sacramentum
1205 2853 1282 2878 non
1313 2849 1368 2878 est
1397 2854 1474 2878 cre-

412 2894 524 2931 dibile
552 2894 716 2942 primum
746 2894 945 2930 hominem
974 2894 1180 2942 ignorasse.

464 2947 555 2982 Post
590 2954 790 2994 peccatum
820 2955 946 2983 autem
985 2947 1051 2983 fuit
1085 2946 1257 2996 explicite
1291 2947 1475 2984 creditum

411 2999 634 3047 mysterium
665 2999 800 3035 Christi
820 2999 832 3023 t
860 3012 938 3036 non
969 3001 1094 3036 solum
1130 3007 1316 3048 quantum
1346 3000 1394 3037 ad
1422 2994 1488 3036 in-'

412 3051 690 3097 carnationem⁷
721 3053 786 3089 sed
817 3052 929 3089 etiam
960 3060 1147 3100 quantum
1177 3053 1226 3090 ad
1254 3052 1474 3102 passionem

464 3142 488 3176 β)
505 3142 710 3168 Incarnationis.
728 3156 746 3161 —
768 3143 867 3168 Christi
892 3144 961 3168 addit
981 3144 1010 3169 Ρ.
1028 3158 1046 3163 -
1066 3146 1116 3169 Pro
1135 3146 1300 3174 tenebantur,
1321 3145 1479 3170 tenebuntur

410 3180 458 3212 pA,
477 3181 601 3203 tenentur
620 3179 668 3202 Lu.

462 3215 489 3246 γ)
511 3213 620 3238 Christi.
636 3227 654 3232 -
674 3213 866 3238 incarnationis
888 3213 986 3239 Christi
1006 3215 1035 3239 P.

462 3249 487 3281 δ)
509 3249 618 3274 Christi.
636 3262 656 3267 -
673 3248 866 3274 incarnationis
888 3249 987 3274 Christi
1006 3250 1033 3274 Ρ.

463 3285 485 3314 ε)
507 3284 616 3309 Christi.
634 3298 653 3303 -
671 3283 734 3308 Om.
752 3284 805 3308 ΑΒ.

462 3319 488 3353 ζ)
511 3319 620 3344 Christi.
637 3333 656 3338 -
674 3318 867 3344 incarnationis
889 3319 988 3344 Christi
1007 3320 1034 3344 Ρ.

462 3355 489 3387 η)
508 3354 639 3380 habebant
664 3353 778 3379 velatam
802 3354 989 3387 cognitionem.
1007 3369 1027 3374 -
1044 3355 1174 3380 habebant
1207 3356 1320 3380 velatam
1347 3355 1474 3384 BEthn.

403 3391 487 3424 fidem
506 3390 636 3415 habebant
655 3390 768 3415 velatam
784 3389 836 3418 (ΖΙ),
849 3390 980 3414 habebant
990 3390 1075 3422 fidem
1091 3392 1203 3416 velatam
1223 3391 1279 3422 GK,
1299 3398 1326 3415 se
1344 3391 1475 3416 habebant

411 3426 524 3451 velatam
545 3426 643 3454 (velata
662 3424 709 3458 sA)
729 3425 760 3453 Α,
779 3424 910 3450 habebant
929 3425 1041 3450 relatum
1062 3426 1094 3455 Η,
1114 3426 1243 3451 habebant
1261 3426 1377 3451 velamen
1398 3426 1428 3451 L.

463 3459 487 3492 θ)
506 3461 666 3486 distinctius.
680 3473 699 3479 ·-
718 3460 852 3493 difficilius
868 3461 1072 3493 ssFHLpAEKx,
1081 3462 1192 3494 facilius
1206 3462 1295 3490 GsAx,
1309 3462 1408 3487 clarius
1422 3462 1474 3495 dif-

403 3496 504 3528 ficilius
523 3496 552 3525 D,
572 3495 694 3529 diffusius
713 3495 730 3524 1,
751 3495 885 3528 difficilius
903 3500 1085 3528 cognoverunt
1104 3501 1203 3528 quanto
1222 3504 1238 3521 a
1261 3496 1366 3522 Christo
1390 3504 1473 3522 remo-

411 3531 491 3556 tiores
503 3532 617 3565 fuerunt
636 3535 661 3556 et
680 3533 755 3556 tanto
768 3530 878 3564 facilius
898 3531 943 3555 Pa.

1128 197 1394 269 QUAESTtO
1427 227 1474 271 11,
1505 226 1800 263 ARTlcULus
1828 227 1896 263 vn

1538 311 1573 340 et
1594 303 1919 350 resurrectionem,
1941 305 2080 352 quibus
2098 307 2311 344 humanum
2332 320 2450 356 genus
2469 321 2492 344 a
2510 320 2598 357 pec-

1538 363 1621 392 cato
1643 364 1678 392 et
1698 364 1820 392 morte
1840 357 2030 394 liberatur.
2055 358 2173 395 Aliter
2194 359 2294 397 enim
2315 373 2392 398 non
2411 361 2599 409 praefigu-

1537 417 1681 445 rassent
1703 409 1840 445 Christi
1859 409 2076 457 passionem
2106 411 2333 459 quibusdam
2353 413 2543 450 sacrificiis
2564 422 2600 450 et

1536 469 1622 497 ante
1637 462 1760 509 legem
1778 469 1814 498 et
1828 463 1898 498 sub
1914 463 2006 510 lege.
2029 463 2206 509 Quorum
2226 465 2379 513 quidem
2397 466 2599 503 sacrificio-

1508 552 1509 564 }
1537 526 1620 550 rum
1641 514 1891 562 significatum
1913 516 2083 564 explicite
2110 516 2274 554 maiores
2299 519 2597 567 cognoscebant:

420 572 515 601 stam
552 565 598 601 de
629 564 836 600 maioribus
871 564 1005 610 fuisse,
1045 572 1080 600 et
1114 565 1479 615 propinquissimum
1508 566 1509 571 ’

1537 567 1704 604 minores
1733 575 1860 604 autem
1890 569 1960 605 sub
1989 569 2179 606 velamine
2217 569 2366 607 illorum
2395 571 2599 608 sacrificio-

1537 632 1634 666 rum,
1651 621 1846 657 credentes
1867 633 1910 661 ea
1927 621 2103 658 divinitus
2124 634 2206 658 esse
2226 622 2406 671 disposita
2421 624 2468 661 de
2489 624 2594 661 Chri-

1536 680 1592 709 sto
1612 681 1787 719 venturo,
1809 674 2100 722 quodammodo
2129 675 2323 712 habebant
2339 677 2505 713 velatam
2535 689 2597 714 co-

1535 725 1742 773 gnitionem
1762 732 1791 762 ⁷¹.
1823 727 1872 762 Et
1891 727 1986 763 sicut
2005 739 2118 776 supra
2138 727 2157 749 '¹‘
2185 727 2327 766 dictum
2349 736 2415 775 est,
2437 741 2481 766 ea
2500 741 2597 778 quae

1536 779 1584 815 ad
1604 778 1784 826 mysteria
1800 779 1937 816 Christi
1956 780 2142 828 pertinent
2161 788 2264 817 tanto
2286 779 2516 818 distinctius⁸
2537 794 2599 819 co-

1535 839 1749 879 gnoverunt
1778 840 1919 880 quanto
1945 833 2094 870 Christo
2123 833 2416 882 propinquiores
2434 834 2595 872 fuerunt.

1587 885 1678 921 Post
1706 892 1857 933 tempus
1886 893 2012 922 autem
2041 886 2181 934 gratiae
2201 887 2390 923 revelatae
2418 894 2496 923 tam
2517 899 2598 924 ma-

1533 938 1632 974 iores
1661 950 1778 985 quam
1808 938 1976 975 minores
2013 946 2187 976 tenentur
2219 940 2362 976 habere
2389 939 2508 976 fidem
2537 951 2597 976 ex-

1532 990 1698 1039 plicitam
1720 990 1766 1027 de
1787 991 1974 1038 mysteriis
1994 991 2149 1038 Christi3
2178 992 2383 1041 praecipue
2411 1000 2596 1041 quantum

1534 1044 1582 1080 ad
1603 1056 1646 1080 ea
1667 1056 1765 1092 quae
1781 1044 2034 1081 communiter
2052 1044 2090 1081 in
2106 1045 2276 1082 Ecclesia
2291 1045 2599 1082 sollemnizantur

1534 1105 1569 1133 et
1596 1096 1746 1144 publice
1774 1105 2051 1145 proponuntur,
2082 1098 2178 1134 sicut
2205 1106 2292 1135 sunt
2311 1098 2454 1135 articuli
2475 1100 2598 1135 Incar-

1533 1150 1706 1195 nationis,
1736 1150 1784 1186 de
1804 1149 1940 1197 quibus
1970 1162 2084 1198 supra
2102 1150 2122 1172 *
2151 1151 2292 1188 dictum
2313 1160 2380 1188 est.
2409 1151 2511 1188 Alias
2529 1164 2596 1188 au-

1531 1210 1608 1238 tem
1648 1202 1801 1238 subtiles
1839 1202 2162 1240 considerationes
2196 1203 2293 1240 circa
2327 1204 2598 1242 Incarnationis

1532 1254 1708 1291 articulos
1736 1262 1913 1290 tenentur
1941 1255 2055 1303 aliqui
2084 1257 2205 1304 magis
2233 1257 2295 1293 vel
2323 1257 2449 1294 minus
2483 1257 2596 1307 expli-

1533 1307 1602 1343 cite
1642 1307 1796 1343 credere
1825 1308 2037 1344 secundum
2067 1309 2173 1356 quod
2203 1309 2382 1346 convenit
2423 1310 2533 1346 statui
2563 1318 2599 1347 et

1532 1359 1660 1396 officio
1690 1359 1997 1408 uniuscuiusque.

1585 1415 1644 1449 Αι)
1673 1425 1810 1450 PRlMUM
1844 1424 1942 1450 ERGO
1971 1425 2156 1451 mCENDUM
2194 1414 2297 1463 quod
2329 1414 2487 1464 angelos
2522 1426 2598 1452 non

1532 1466 1685 1511 omnino
1714 1466 1822 1502 latuit
1847 1469 2068 1514 mysterium
2097 1467 2210 1516 regni
2234 1468 2319 1513 Dei,
2349 1467 2444 1504 sicut
2468 1469 2598 1516 Augu-

1532 1519 1651 1555 stinus
1680 1518 1778 1564 dicit,
1803 1519 1838 1555 V
1855 1531 1969 1567 super
1991 1519 2082 1556 Gen.
2117 1520 2168 1556 ad
2186 1520 2249 1556 litt.
2266 1520 2286 1542 ²¹⁶
2315 1520 2513 1567 Quasdam
2542 1528 2596 1558 ta·
2623 1531 2635 1542 ⁸

1532 1584 1622 1609 men
1650 1571 1814 1608 rationes
1842 1572 1954 1608 huius
1981 1573 2149 1620 mysterii
2177 1573 2378 1622 perfectius
2405 1585 2596 1621 cognove-

1533 1633 1619 1662 runt
1647 1625 1798 1661 Christo
1829 1625 2033 1662 revelante.

1585 1679 1643 1714 An
1672 1689 1861 1715 SECUNDUM
1890 1689 2074 1715 mcENDUM
2102 1679 2209 1726 quod
2237 1679 2400 1715 Ioannes
2428 1678 2598 1727 Baptista

1532 1743 1611 1767 non
1631 1731 1817 1779 quaesivit
1837 1731 1883 1767 de
1904 1731 2071 1768 adventu
2092 1731 2230 1768 Christi
2250 1731 2288 1768 in
2308 1743 2463 1768 carnem
2486 1731 2596 1780 quasi

1531 1784 1606 1820 hoc
1629 1783 1838 1831 ignoraret:
1869 1796 1956 1820 cum
1986 1784 2066 1832 ipse
2094 1785 2169 1821 hoc
2198 1796 2373 1833 expresse
2403 1785 2598 1822 consessus

1531 1836 1654 1883 fuerit,
1684 1836 1833 1873 dicens:
1862 1838 1949 1886 Ego
1969 1837 2056 1882 uidi,
2087 1843 2124 1873 et
2148 1837 2398 1874 testimonium
2423 1838 2600 1888 perhibui

1531 1891 1619 1938 quia
1643 1890 1703 1926 hic
1721 1895 1776 1926 est
1790 1890 1909 1926 Filius
1928 1891 2012 1935 Dei,
2037 1897 2078 1926 ut
2096 1890 2257 1927 habetur
2283 1892 2386 1927 Ioan.
2404 1890 2455 1927 1³².
2486 1891 2596 1929 Unde
2623 1905 2635 1916 ⁶

1531 1955 1610 1979 non
1639 1942 1748 1989 dixit:
1782 1943 1838 1979 Tu
1857 1955 1906 1985 es,
1918 1944 1984 1991 qui
1999 1942 2163 1980 venisti?
2181 1943 2269 1980 sed:
2295 1944 2351 1980 Tu
2371 1955 2409 1980 es
2428 1944 2494 1993 qui
2508 1955 2598 1983 ven-

1531 2001 1636 2032 turus
1655 1995 1724 2032 es?
1743 2008 1928 2044 quaerens
1949 1996 1996 2033 de
2017 1996 2156 2042 futuro,
2177 2009 2256 2033 non
2275 1997 2322 2033 de
2341 1996 2555 2046 praeterito.
2571 2017 2596 2026 -

1533 2048 1711 2085 Similiter
1744 2061 1823 2085 non
1859 2057 1914 2085 est
1951 2049 2183 2086 credendum
2227 2049 2332 2098 quod
2367 2050 2599 2098 ignoraverit

1533 2114 1622 2138 eum
1642 2102 1691 2138 ad
1705 2101 1924 2150 passionem
1944 2109 2165 2139 venturum:
2186 2101 2266 2151 ipse
2289 2102 2389 2140 enim
2409 2103 2595 2140 dixerafl':

1530 2156 1629 2191 Ecce
1655 2155 1792 2204 Agnus
1811 2156 1894 2201 Dei,
1915 2155 1981 2204 qui
1997 2160 2004 2176 ‘
2033 2155 2127 2191 tollit
2141 2161 2299 2203 peccata
2327 2156 2469 2201 mundi,
2489 2168 2597 2206 prae-

1531 2208 1708 2245 nuntians
1746 2207 1824 2244 eius
1862 2207 2166 2245 immolationem
2205 2208 2391 2255 futuram;
2435 2217 2471 2246 et
2507 2220 2595 2248 cum

1530 2262 1606 2298 hoc
1624 2261 1834 2309 prophetae
1854 2261 1914 2298 alii
1937 2268 2023 2298 ante
2043 2260 2296 2309 praedixerint
2309 2267 2347 2308 “,
2376 2261 2472 2299 sicut
2489 2274 2596 2311 prae-

1532 2314 1644 2362 cipue
1663 2321 1766 2362 patet
1790 2314 1828 2350 in
1849 2314 1967 2350 Isaiae
1982 2326 2053 2351 L111.
2074 2334 2098 2342 —
2119 2315 2249 2351 Potest
2266 2314 2376 2362 igitur
2395 2314 2480 2361 dici,
2503 2315 2598 2353 sicut

1533 2366 1738 2414 Gregorius
1767 2366 1856 2403 dicit
1873 2366 1904 2408 *,
1934 2367 2039 2415 quod
2059 2366 2251 2415 inquisivit
2273 2367 2451 2415 ignorans
2478 2380 2528 2405 an
2542 2369 2595 2409 »ad

1529 2419 1720 2456 infernum
1759 2427 1857 2456 esset
1886 2419 1923 2456 in
1955 2420 2111 2469 propria
2138 2431 2303 2469 persona
2333 2420 2595 2465 descensurus,

1531 2473 1685 2509 Sciebat
1712 2479 1839 2509 autem
1869 2473 1974 2520 quod
2003 2472 2122 2510 virtus
2149 2472 2337 2521 passionis
2362 2474 2442 2511 eius
2471 2481 2598 2518 exten-

1531 2525 1656 2562 denda
1685 2533 1763 2562 erat
1801 2537 1922 2573 usque
1955 2526 2003 2562 ad
2038 2538 2104 2563 eos
2141 2525 2208 2574 qui
2234 2526 2272 2563 in
2299 2525 2419 2564 limbo
2454 2525 2596 2565 detine-

1531 2578 1689 2615 bantur:
1727 2578 1939 2615 secundum
1974 2579 2065 2616 illud
2094 2579 2209 2616 Zach.
2235 2591 2270 2616 1x
2288 2579 2326 2616 *:
2361 2581 2417 2617 Tu
2445 2592 2595 2629 quoque
2623 2599 2632 2609 ·

1530 2632 1568 2668 in
1597 2631 1783 2681 sanguine
1810 2632 2020 2668 testamenti
2036 2632 2092 2668 tui
2108 2632 2262 2669 emisisti
2276 2633 2420 2670 vinctos
2446 2633 2493 2670 de
2509 2633 2595 2671 lacu

1530 2685 1568 2720 in
1597 2695 1671 2732 quo
1701 2695 1774 2720 non
1799 2690 1853 2720 est
1869 2695 1981 2732 aqua.
2012 2685 2096 2722 Nec
2115 2685 2190 2721 hoc
2208 2686 2406 2723 tenebatur
2425 2686 2596 2735 explicite

1531 2736 1697 2787 credere,
1727 2744 1932 2785 antequam
1958 2745 2056 2773 esset
2075 2737 2288 2786 impletum,
2317 2739 2423 2786 quod
2450 2751 2520 2788 per
2539 2752 2596 2778 se-

1530 2790 1656 2838 ipsum
1687 2789 1842 2825 deberet
1870 2789 2114 2826 descendere.

1582 2842 1651 2878 Vel
1684 2849 1808 2890 potest
1843 2841 1933 2888 dici,
1963 2842 2058 2878 sicut
2090 2843 2319 2880 Ambrosius
2347 2843 2456 2891 dicit,
2484 2856 2597 2893 super

1529 2896 1622 2931 Luc.
1642 2893 1673 2940 ²¹⁸,
1703 2894 1808 2944 quod
1837 2907 1914 2931 non
1943 2895 2130 2942 quaesivit
2148 2893 2162 2916 λ
2192 2907 2235 2932 ex
2265 2895 2499 2934 dubitatione
2528 2910 2596 2935 seu

1532 2947 1750 2995 ignorantia,
1768 2947 1834 2984 sed
1850 2947 1970 2996 magis
1990 2960 2033 2984 ex
2054 2947 2203 2998 pietate.
2225 2970 2248 2976 -
2268 2949 2338 2986 Vel
2365 2958 2492 2999 potest
2511 2950 2595 2998 dici,

1530 3000 1627 3037 sicut
1664 3000 1964 3048 Chrysostomus
1999 3001 2084 3038 dicit
2105 3001 2136 3047 ²¹²,
2166 3002 2271 3050 quod
2304 3014 2382 3039 non
2411 3003 2598 3052 quaesivit

1531 3053 1639 3101 quasi
1659 3059 1676 3082 μ
1695 3053 1775 3102 ipse
1797 3054 2000 3101 ignoraret:
2031 3054 2099 3091 sed
2117 3061 2159 3091 ut
2181 3067 2250 3103 per
2270 3055 2476 3093 Christum‘
2492 3056 2596 3094 satis-

1585 3148 1603 3177 ι)
1624 3146 1676 3178 qui.
1695 3159 1714 3164 -
1731 3153 1788 3171 ecce
1807 3146 1853 3178 qui
1870 3146 1970 3172 PAGK.

1583 3182 1609 3212 κ)
1627 3188 1715 3206 cum...
1720 3181 1922 3213 praedixerint.
1930 3195 1950 3200 -
1959 3185 2047 3206 tamen
2057 3181 2106 3207 hoc
2114 3181 2263 3213 prophetae
2274 3182 2324 3207 alii
2336 3185 2399 3208 ante
2409 3180 2484 3216 (ante
2494 3190 2551 3209 om.
2558 3183 2594 3217 K)

1525 3216 1728 3248 praedixerunt
1745 3216 1996 3250 ABDEFGHKLpC
2021 3222 2046 3241 et
2065 3224 2096 3246 n,
2115 3220 2203 3242 tamen
2227 3217 2277 3243 hoc
2301 3217 2459 3250 prophetiae
2481 3218 2595 3244 abdixe-

1530 3255 1593 3276 runt
1611 3255 1674 3276 ante
1693 3259 1736 3284 px,
1756 3254 1844 3276 tamen
1864 3251 1947 3284 aliqui
1960 3253 2110 3284 prophetae
2134 3251 2183 3277 hoc
2202 3259 2253 3277 non
2279 3253 2474 3286 ignor-munt
2493 3260 2534 3283 tx,
2552 3256 2594 3279 ta—

1529 3294 1586 3312 men
1606 3287 1676 3313 (cum
1697 3288 1738 3313 ed.
1757 3288 1786 3318 a)
1805 3287 1854 3312 hoc
1868 3288 2016 3319 prophetae
2039 3288 2124 3320 aliqui
2147 3286 2207 3321 (alii
2224 3289 2305 3314 etiam
2325 3287 2356 3322 Ρ)
2382 3295 2434 3313 non
2453 3287 2594 3322 ignorave-

1529 3325 1592 3346 runt
1610 3322 1809 3355 (ignoraverint
1821 3322 1862 3346 ed.
1875 3323 1905 3354 a)
1923 3323 1971 3347 sed
1979 3323 2180 3354 praedixerunt
2191 3326 2254 3349 ante
2266 3324 2341 3355 (ante
2349 3323 2554 3356 praedem-unt
2564 3324 2592 3355 Ρ,

1527 3360 1591 3382 ante
1606 3357 1798 3389 praedixerint
1817 3358 1857 3382 ed.
1876 3359 1905 3389 a)
1923 3358 1991 3382 PIsC
2010 3363 2035 3383 et
2053 3365 2080 3383 a.

1579 3390 1608 3424 λ)
1628 3392 1767 3424 quaesivit.
1783 3406 1802 3411 —
1821 3393 1957 3425 inquisivit
1976 3394 2023 3418 Pa.
2148 3421 2155 3425 ,

1582 3427 1610 3461 μ.)
1630 3427 1760 3459 quaesivit
1778 3427 1863 3459 quasi.
1881 3442 1900 3447 -
1918 3428 2049 3460 quaesivit
2068 3436 2151 3460 quare
2169 3429 2263 3462 AFpE,
2281 3427 2414 3461 quaesivit
2431 3429 2502 3460 quod
2521 3428 2538 3458 1,
2553 3428 2592 3453 in-

1526 3463 1635 3495 quisivit
1654 3463 1715 3494 quia
1735 3463 1782 3487 Pa.
1802 3477 1815 3481 —
1839 3463 1888 3487 Pro
1906 3464 2047 3497 satisfieret
2065 3464 2129 3492 eius,
2149 3464 2315 3497 satisfaceret
2338 3463 2394 3488 eius
2413 3471 2437 3492 a.
2456 3464 2593 3497 satisface-

1527 3501 1568 3522 ret
1587 3498 1640 3522 suis
1661 3498 1688 3522 Ρ.

2624 761 2633 771 “
2651 760 2697 787 Qu.
2714 766 2730 787 1,
2745 765 2787 783 art.
2805 767 2827 788 7.

2624 1162 2633 1173 “
2650 1161 2698 1189 Qu.
2714 1167 2730 1188 1,
2745 1165 2787 1184 art.
2802 1162 2825 1184 8.

2650 1905 2768 1935 ven-34.

2625 2113 2633 2121 ·
2646 2111 2714 2138 naid..
2725 2117 2785 2134 verz.
2799 2117 2835 2140 ²9-

2724 2169 2732 2186 ι

2722 2274 2738 2290 κ

2623 2377 2800 2400 ⁸1iom.xxv1
2811 2377 2836 2400 ιιι
2885 2370 2887 2373 “

2623 2403 2716 2433 Eum.

2647 2598 2715 2620 Ven.
2729 2604 2756 2620 n.

2622 2906 2691 2928 ’Lib-
2698 2906 2727 2933 V,
2734 2907 2757 2928 in
2767 2913 2835 2934 esu,

2623 2938 2683 2955 veru.
2698 2939 2729 2961 19.

2719 2959 2738 2985 λ

2625 2996 2633 3003 ·
2651 2993 2722 3016 Hom.
2738 2994 2836 3017 XXXVI

2623 3020 2790 3069 misem
2811 3021 2836 3043 ⁶·

2721 3083 2741 3109 μ.
