2892 4056
195 2501 203 2509 ²
219 2500 285 2521 Vers.
301 2506 330 2526 ¹7·

200 2846 209 2856 ·
220 2845 253 2867 Ca
272 2860 277 2866 .
288 2850 326 2870 vn,
338 2850 387 2873 n.3.
400 2856 409 2860 -

197 2871 278 2893 S.‘r1.
294 2871 345 2893 lect.
360 2877 392 2892 xi.

199 2899 208 2907 ⁸
219 2898 255 2919 Cs.
267 2898 275 2918 l
293 2897 326 2918 ad
343 2898 409 2924 Tim„

259 2929 409 2981 dalfina:

198 2977 252 2998 VIII
266 2983 289 2997 m
303 2976 326 2997 Ε
341 2977 387 3004 tph.

198 3005 207 3015 ⁸
224 3003 302 3024 Gloss.

199 3030 232 3051 ad
245 3030 309 3050 Rom.
325 3035 351 3050 ca
370 3046 375 3051 .
394 3036 409 3056 1,

199 3055 332 3081 vers.17;111
355 3058 410 3083 ent„

198 3083 251 3104 dist.
266 3084 330 3104 xxu'l.

198 2930 255 2972 2³13.

337 3004 410 3029 emb„

442 145 510 181 172

436 212 484 248 ad
504 213 634 258 finem,
651 224 749 261 quae
765 220 819 249 est
839 225 908 260 per
924 213 1129 258 caritatem,
1144 220 1497 262 quantumcumque

437 265 570 312 aliquis
599 277 638 301 se
668 273 768 301 recte
797 266 895 301 circa
923 265 994 301 alia
1023 265 1172 300 habeat.

435 370 491 405 sui
515 370 656 406 ratione
687 371 892 418 important
921 369 1094 405 ordinem
1125 369 1173 406 ad
1202 370 1357 418 aliquod
1385 371 1498 419 parti-

1086 135 1352 180 QUAESTIO
1381 136 1522 184 XXIII,
1551 136 1845 173 ARTICULUS
1874 137 1960 174 VIII

1524 215 1525 266 l
1553 215 1677 250 culare
1708 214 1875 260 bonum,
1914 226 1992 251 non
2025 223 2152 251 autern
2186 217 2360 253 ultimum
2395 218 2513 254 finem
2543 218 2612 254 hu-

1553 278 1690 302 manae
1718 266 1840 312 vitae‚
1870 266 1966 303 sicut
1991 267 2148 304 virtutes
2180 270 2364 317 morales,
2395 281 2494 317 quae
2524 270 2611 307 sim-

489 320 546 354 An
575 329 734 355 TERTHJM
765 329 947 354 DICENDUM
978 317 1083 365 quod
1113 316 1268 354 scientia
1298 325 1335 354 et
1363 330 1423 354 ars
1453 318 1500 355 de
1525 324 1526 338 ³
1552 318 1697 366 pliciter
1724 318 1867 355 faciunt
1893 320 2093 356 hominem
2122 320 2286 369 bonum,
2315 329 2356 359 ut
2384 334 2500 371 supra
2517 322 2538 344 '¹‘
2557 323 2611 360 di'-
2638 331 2647 341 ·
2668 330 2680 342 ⁸

1525 374 1528 418 j
1554 378 1657 406 ctum
1687 378 1753 407 est.
1783 372 1832 407 Et
1859 371 1946 408 ideo
1975 384 2054 408 non
2084 380 2139 409 est
2167 372 2297 410 similis
2325 374 2432 411 ratio.

1109 464 1441 498 Conmentaria
1463 466 1714 498 Garamans
1735 466 1936 499 Caietam

464 554 483 573 N
500 543 631 572 articulo
652 542 786 581 septimo
808 542 932 571 adverte
953 541 1004 571 hic
1021 541 1150 573 discrete
1167 543 1244 583 quid
1264 544 1296 574 in
1314 554 1356 580 re,
1375 551 1404 574 et
1419 545 1496 585 quid
1522 544 1524 558 '¹

438 556 496 616 Iin
513 586 666 616 sermonis
683 585 804 615 ratione
828 585 1028 615 sentiendum
1050 586 1097 623 sit,
1123 596 1162 616 ne
1178 588 1263 627 apud
1285 588 1497 628 philosophos
1522 605 1524 608 .

434 638 464 660 et
479 630 590 660 mundi
604 630 698 659 huius
715 629 870 669 sapientes
886 629 984 659 risum
1002 630 1124 661 excites.
1146 631 1329 661 Secundum
1345 642 1411 661 rem
1427 632 1496 672 qui-

434 675 506 704 dern
529 675 647 714 absque
663 674 788 704 caritate
811 683 877 703 esse
901 681 1036 713 possunt
1055 675 1087 704 in
1103 674 1233 705 homine
1257 675 1400 706 absolute
1422 686 1496 706 con-

432 718 567 749 siderato
583 727 672 747 verae
696 718 835 753 virtutes,
856 724 886 748 et
905 717 1059 758 perfectae
1083 718 1274 758 perfectione
1291 720 1439 760 requisita
1457 721 1496 750 ad

431 763 579 792 virtutem
603 762 787 792 humanam.
813 761 874 792 Sed
898 762 1052 802 quoniam
1076 763 1208 804 quilibet
1232 763 1339 794 artifex
1359 764 1496 795 iudicare

432 807 523 836 debet
546 806 721 836 secundum
745 806 889 846 proprias
913 807 962 836 sui
978 806 1099 846 generis
1125 817 1243 843 causas,
1267 808 1409 839 medicus
1426 808 1495 849 qui·
1521 803 1523 839 l

431 851 504 880 dem
528 850 703 880 secundum
726 850 887 886 humores,
912 851 1089 891 astrologus
1114 852 1290 882 secundum
1306 859 1398 891 astra,
1423 860 1494 889 etc.;

430 895 503 925 inde
526 894 648 925 diversa
679 901 725 925 est
747 895 826 925 ratio
856 895 1011 925 sermonis
1038 896 1124 935 apud
1155 896 1322 937 theologos
1351 903 1382 928 et
1404 898 1493 928 alios.

430 939 618 979 Theologus
633 939 801 979 siquidem,
819 939 908 970 cuius
932 939 1094 970 obiectum
1110 947 1156 970 est
1170 940 1267 978 Deus,
1285 949 1315 972 et
1329 941 1495 972 hominem
1521 956 1522 959 ¹

430 984 554 1014 bonurn
578 982 741 1014 constituit
764 983 871 1013 solum
893 983 924 1013 in
950 983 1059 1014 ordine
1075 985 1115 1014 ad
1133 983 1229 1015 finem
1253 985 1404 1016 ultimum
1420 986 1494 1016 sirn-

430 1027 561 1067 pliciter,
578 1027 633 1068 qui
657 1034 703 1057 est
719 1027 880 1058 obiectum
895 1027 1037 1064 caritatis,
1067 1028 1289 1069 distinguendo
1316 1030 1390 1060 dicit
1406 1031 1495 1072 quod

430 1071 580 1111 perfectio
603 1071 727 1102 virtutis
759 1079 804 1102 est
829 1072 960 1112 duplex,
985 1071 1017 1101 in
1042 1082 1155 1111 genere
1185 1080 1216 1103 et
1239 1073 1433 1114 simpliciter;
1465 1081 1495 1105 et

430 1115 518 1156 quod
542 1115 609 1145 sine
633 1115 758 1146 caritate
782 1122 812 1145 et
834 1115 896 1146 fide
919 1116 1015 1146 etiam
1037 1123 1112 1146 sunt
1130 1117 1260 1147 virtutes
1283 1118 1438 1156 perfectae
1462 1118 1494 1148 in

429 1170 551 1199 genere,
577 1160 631 1190 sed
654 1170 720 1190 non
743 1160 935 1199 simpliciter.
974 1160 1189 1200 Philosophus
1212 1167 1333 1197 autem,
1358 1161 1414 1202 qui
1437 1159 1494 1192 ho-

429 1204 550 1234 minem
573 1205 697 1235 bonum
721 1204 882 1235 constituit
906 1204 938 1234 in
955 1204 1064 1235 ordine
1088 1205 1128 1234 ad
1149 1204 1300 1235 ultimum
1323 1205 1420 1235 finem
1443 1216 1495 1235 na-

429 1248 574 1285 turalem,
591 1258 649 1279 nec
665 1249 862 1288 superiorem
879 1248 967 1278 novit
983 1247 1090 1284 finem,
1107 1248 1236 1279 virtutes
1253 1249 1409 1279 humanas
1428 1250 1494 1280 sine

428 1291 490 1322 fide
513 1299 543 1323 et
567 1293 691 1323 caritate
711 1303 797 1323 veras
821 1299 852 1322 et
874 1292 1027 1331 perfectas
1050 1292 1179 1322 virtutes
1204 1293 1387 1333 simpliciter
1410 1293 1492 1324 dicit.

428 1337 493 1366 Nec
517 1343 682 1377 propterea
706 1337 940 1367 contradicunt:
971 1337 1024 1367 sed
1048 1336 1231 1377 imperfecta
1255 1337 1366 1368 notitia
1389 1338 1492 1378 philo-

429 1381 560 1420 sophiae
584 1381 622 1411 de
638 1381 776 1411 hominis
801 1381 939 1411 bonitate
963 1381 995 1411 in
1011 1391 1104 1412 causa
1121 1388 1176 1412 est.
1202 1381 1301 1419 Quod
1322 1382 1408 1412 enim
1424 1382 1493 1423 phi-

428 1425 584 1466 losophus
607 1432 700 1455 vocat
730 1425 904 1465 perfectum
935 1425 1134 1466 simpliciter,
1158 1426 1234 1466 quia
1257 1436 1323 1456 non
1352 1434 1398 1457 est
1425 1427 1492 1458 eius

1551 544 1696 574 altiorem
1719 544 1816 575 finem
1839 545 2049 582 considerare,
2074 546 2243 585 theologus
2266 553 2359 577 vocat
2381 547 2556 587 perfectum
2578 547 2610 576 in

1550 598 1662 626 genere
1686 595 1717 619 et
1740 589 1960 629 imperfectum
1984 589 2180 630 simpliciter,
2206 589 2280 630 quia
2303 589 2370 620 eius
2394 598 2440 621 est
2467 591 2611 621 altiorem

1522 667 1523 670 Ἰ
1550 631 1646 662 finem
1671 633 1876 664 considerare.
1915 634 1955 664 Et
1975 634 2003 663 >si
2028 634 2104 664 haec
2128 634 2207 663 bene
2231 634 2403 670 notaveris,
2429 641 2459 665 et
2485 634 2611 665 sciveris

1549 676 1722 716 applicare,
1746 687 1820 708 curn
1843 678 2012 709 reverentia
2038 678 2188 718 suscipies
2212 677 2293 708 dicta
2316 677 2556 718 theologorum,
2581 685 2612 709 et

1549 720 1762 761 philosophos
1785 731 1851 752 non
1875 732 2012 761 spernes.

1605 764 1642 795 11.
1669 765 1703 795 ln
1727 762 1841 796 eodem
1863 766 2006 802 articulo,
2032 773 2096 796 tam
2121 766 2153 795 in
2177 764 2384 806 responsione
2408 765 2449 795 ad
2471 764 2612 805 primum

1550 818 1647 849 quam
1667 809 1700 839 in
1730 810 1936 850 responsione
1951 811 1991 840 ad
2021 811 2207 845 secundum,
2224 819 2298 840 cave
2314 818 2354 839 ne
2384 808 2500 839 fallaris
2519 818 2557 839 ex
2572 818 2611 839 eo

1549 853 1637 893 quod
1654 853 1776 891 dicitur,
1793 854 1923 885 scilicet:
1949 854 2024 885 Sine
2038 855 2173 885 caritate
2184 854 2271 884 deest
2280 853 2383 884 debita
2395 852 2555 883 ordinatio
2569 853 2613 883 ad

1538 897 1643 937 finem
1658 898 1813 929 ultimum.
1831 898 1863 929 Si
1878 908 2017 939 namque
2033 898 2136 929 debita
2147 897 2305 928 ordinatio
2319 896 2432 933 deficit,
2445 903 2534 927 actus
2545 905 2612 926 non

1549 941 1655 972 solum
1680 949 1726 973 est
1748 942 1960 983 imperfectus,
1979 943 2034 973 sed
2056 943 2176 973 malus:
2201 941 2335 982 privatio
2359 940 2517 981 siquidem
2535 940 2612 970 boni

1549 985 1646 1016 debiti
1669 987 1791 1017 malum
1812 987 1985 1018 constituit.
2010 986 2105 1023 Cave,
2127 986 2274 1028 inquam:
2299 985 2454 1026 quoniam
2477 994 2544 1015 non
2567 991 2614 1015 est

1549 1039 1654 1060 sermo
1671 1031 1710 1060 de
1734 1030 1932 1061 ordinatione
1957 1031 2059 1061 debita
2085 1030 2167 1061 actui
2191 1031 2230 1060 ad
2251 1030 2312 1060 hoc
2333 1029 2422 1070 quod
2445 1028 2485 1059 sit
2507 1028 2612 1058 bonus

1548 1074 1718 1110 moraliter,
1732 1075 1787 1104 sed
1803 1076 1842 1104 ad
1858 1075 1919 1105 hoc
1936 1075 2025 1115 quod
2037 1075 2077 1105 sit
2092 1075 2196 1104 bonus
2212 1073 2406 1114 simpliciter,
2419 1073 2500 1103 idest
2513 1072 2553 1102 ad
2568 1071 2613 1102 vi-

1548 1123 1614 1147 tam
1637 1124 1806 1149 aeternam.
1824 1118 1865 1148 Et
1879 1125 2046 1158 propterea
2061 1118 2248 1148 huiusmodi
2263 1117 2397 1158 privatio
2417 1126 2484 1147 non
2500 1116 2614 1147 consti-

1547 1160 1608 1190 tuit
1630 1168 1737 1191 actum
1760 1162 1882 1192 malum
1903 1162 2074 1198 moraliter,
2099 1162 2154 1192 sed
2177 1171 2243 1191 non
2267 1162 2391 1192 bonum
2413 1160 2611 1200 simpliciter.

1548 1204 1589 1234 Et
1611 1214 1670 1244 pro
1694 1212 1838 1245 tempore
1861 1214 1928 1246 quo
1952 1206 2071 1245 obligat
2094 1212 2299 1245 praeceptum
2323 1204 2472 1241 caritatis,
2497 1204 2612 1235 consti-

1547 1248 1607 1278 tuit
1630 1248 1724 1280 etiam
1749 1250 1885 1279 malum:
1910 1249 2044 1290 privatio
2069 1249 2228 1290 siquidem
2250 1248 2327 1279 boni
2349 1248 2446 1278 debiti
2470 1248 2610 1289 quando,

1547 1292 1637 1328 sicut,
1663 1300 1731 1329 etc.‚
1749 1300 1884 1333 oportet,
1905 1293 2068 1324 constituit
2086 1303 2158 1323 vere
2179 1292 2334 1323 rationem
2356 1291 2443 1323 mali.
2468 1291 2535 1322 Sed*
2550 1290 2612 1322 hoc

1547 1342 1592 1367 est
1615 1343 1699 1367 extra
1722 1338 1924 1378 propositum
1944 1337 1998 1368 ubi
2018 1338 2172 1374 absolute,
2189 1343 2220 1367 et
2240 1345 2305 1366 non
2321 1346 2380 1377 pro
2395 1335 2449 1366 tali
2467 1343 2612 1376 ternpore

1547 1389 1690 1421 quaestio
1714 1389 1770 1413 est.

1201 1587 1518 1630 ARTICULUS
1549 1587 1821 1630 OCTAVUS

1076 1672 1232 1702 UTRUM
1256 1671 1440 1702 CARlTAS
1464 1672 1530 1703 SIT
1554 1672 1706 1703 FORMA
1729 1672 1960 1703 leTUTUM

517 1750 537 1775 11
557 1750 639 1778 Sent„
660 1750 718 1774 dist.
737 1757 803 1779 xxvr,
822 1754 869 1774 art.
887 1757 912 1780 4,
932 1750 964 1774 ad
985 1749 1014 1778 ὃς
1034 1749 1073 1779 111,
1095 1750 1154 1774 dist.
1173 1757 1242 1779 xxm,
1261 1757 1307 1782 qu.
1324 1757 1362 1779 111,
1381 1755 1429 1775 art.
1452 1758 1473 1781 1,
1493 1750 1542 1782 qu⁸
1565 1757 1593 1780 ις
1613 1750 1671 1775 dist.
1689 1757 1765 1780 xxvu,
1784 1757 1829 1782 qu.
1847 1757 1874 1781 ιι,
1894 1755 1941 1775 art.
1959 1757 1985 1782 4,
2005 1750 2054 1782 qu·
2075 1749 2103 1780 33
2123 1749 2165 1774 De
2187 1748 2281 1778 Verit„
2301 1756 2346 1781 qu.
2364 1755 2413 1777 xw,
2433 1752 2479 1772 art.
2500 1746 2513 1771 5
2520 1755 2528 1779 3

814 1798 816 1803 κ
1113 1785 1154 1810 De
1172 1785 1256 1814 Malo,
1276 1793 1321 1817 qu.
1339 1792 1393 1816 vui,
1414 1791 1460 1810 art.
1481 1793 1510 1816 2;
1532 1786 1574 1810 De
1596 1785 1703 1815 Virtut..
1723 1793 1768 1818 qu.
1786 1793 1814 1816 11,
1833 1790 1879 1810 art.
1900 1785 1924 1810 3.

457 1885 559 1962 A
581 1896 599 1918 “-

448 1940 531 2038 252:
590 1962 742 1999 enim
782 1962 937 1999 alicuius
976 1962 1029 1999 rei
1056 1963 1119 2000 vel
1149 1970 1206 1999 est
1243 1962 1494 2012 exemplaris,

430 2067 554 2104 forma
601 2069 826 2117 exemplaris
866 2069 1048 2106 virtutum
1086 2069 1271 2106 aliarum:
1317 2069 1406 2118 quia
1443 2069 1496 2105 sic

431 2127 624 2169 oporteret
643 2122 748 2170 quod
769 2122 862 2159 aliae
882 2122 1042 2158 virtutes
1071 2130 1196 2159 essent
1221 2122 1393 2159 eiusdem
1413 2133 1497 2171 spe-

432 2227 596 2264 sentialis
629 2228 788 2264 aliarum
815 2228 1020 2265 virtutum:
1059 2227 1148 2276 quia
1180 2240 1259 2265 non
1294 2227 1497 2276 distingue-

433 2287 534 2316 retur
554 2285 571 2301 α
591 2281 640 2317 ab
669 2281 760 2318 aliis.
791 2282 894 2329 Ergo
923 2281 1027 2318 nullo
1056 2281 1176 2318 modo
1197 2288 1253 2318 est
1281 2281 1404 2318 forma
1422 2281 1498 2318 vir-

433 2340 569 2369 tutum.

489 2397 524 2422 2.
550 2387 783 2433 PRAETEREA,
814 2386 947 2423 caritas
978 2394 1220 2436 comparatur
1246 2387 1294 2424 ad
1314 2386 1405 2424 alias
1423 2386 1498 2423 vir'-

434 2446 531 2475 tutes
559 2446 601 2475 ut
624 2439 729 2476 radix
758 2446 795 2476 et
823 2439 1137 2476 fundamentum:
1166 2439 1379 2476 secundum
1407 2439 1499 2476 illud

433 2492 569 2539 Ephes.
591 2503 626 2528 111
645 2491 682 2528 *ε
702 2493 749 2528 In
769 2493 926 2530 caritate
945 2492 1107 2529 radicati
1124 2497 1161 2528 et
1174 2492 1344 2541 fundati.
1376 2492 1499 2529 Radix

435 2552 563 2581 autem
581 2545 644 2581 vel
664 2545 955 2583 fundamentum
985 2557 1063 2582 non
1085 2545 1200 2582 habet
1219 2545 1405 2583 rationem
1425 2545 1499 2582 for-

435 2610 533 2644 mae,
555 2598 623 2634 sed
642 2598 764 2646 magis
789 2598 974 2636 rationem
1005 2599 1209 2635 materiae:
1239 2599 1326 2648 quia
1351 2606 1408 2634 est
1426 2598 1499 2647 pri-

435 2663 499 2687 ma
527 2663 615 2699 pars
654 2651 692 2687 in
728 2652 984 2698 generatione.
1024 2652 1127 2700 Ergo
1165 2653 1298 2689 caritas
1336 2662 1415 2687 non
1444 2659 1500 2688 est

435 2705 558 2741 forma
585 2703 781 2741 virtutum.

491 2758 524 2794 3.
554 2757 794 2804 PRAETEREA‚
824 2758 949 2795 forma
979 2764 1015 2794 et
1042 2757 1130 2794 finis
1159 2765 1195 2794 et
1224 2757 1393 2795 efficiens
1421 2768 1499 2793 non

436 2810 605 2846 incidunt
624 2808 639 2839 β
658 2810 697 2846 in
716 2810 819 2847 idem
839 2823 1014 2857 numero,
1030 2818 1072 2847 ut
1089 2818 1194 2859 patet
1212 2810 1250 2847 in
1267 2811 1298 2847 II
1322 2809 1500 2859 Hysia*

438 2862 514 2899 Sed
536 2863 670 2899 caritas
690 2863 823 2900 dicitur
842 2864 929 2901 finis
950 2871 986 2900 et
1005 2871 1128 2900 mater
1145 2864 1329 2900 virtutum
1343 2863 1374 2900 *.
1397 2864 1499 2910 Ergo

438 2928 515 2952 non
544 2916 658 2952 debet
686 2916 757 2952 dici
785 2917 909 2953 forma
936 2918 1133 2954 virtutum.

492 2969 566 3005 SED
595 2980 741 3005 com-RA
769 2981 835 3006 EST
853 2971 958 3018 quod
977 2969 1205 3007 Ambrosius
1224 2970 1244 2991 ’¹‘
1263 2969 1351 3014 dicit
1370 2968 1500 3005 carita-

438 3029 515 3058 tem
545 3033 628 3058 esse
656 3022 819 3058 formam
847 3022 1045 3060 virtutum.

491 3075 716 3111 Responnsso
745 3086 930 3113 nicENDUM
959 3076 1064 3124 quod
1083 3076 1121 3113 in
1141 3075 1349 3112 moralibus
1377 3074 1500 3111 forma

438 3135 544 3164 actus
572 3127 775 3164 attenditur
793 3128 1047 3178 principaliter
1066 3141 1111 3165 ex
1130 3136 1236 3177 parte
1255 3127 1363 3165 finis:
1394 3127 1500 3164 cuius

438 3180 532 3217 ratio
562 3187 618 3217 est
646 3180 735 3229 quia
760 3181 995 3231 principium
1027 3182 1229 3230 moralium
1264 3187 1417 3218 actuum
1445 3187 1501 3216 est

437 3234 627 3280 voluntas,
649 3232 756 3270 cuius
776 3233 969 3271 obiectum
994 3242 1030 3271 et
1050 3235 1158 3283 quasi
1182 3235 1306 3272 forma
1325 3240 1382 3271 est
1399 3233 1498 3271 finis.

486 1868 525 1886 x*
545 1869 618 1917 qa«
640 1869 662 1893 D
683 1868 855 1893 OCTAVUM
875 1868 929 1893 sm
948 1867 1189 1893 PROCEDITUR.
1209 1856 1370 1893 Videtur
1389 1857 1494 1906 quod
1520 1857 1521 1862 ’

560 1894 613 1966 ⁶370
642 1909 775 1946 caritas
795 1922 873 1946 non
901 1909 946 1945 sit
973 1910 1099 1946 forma
1125 1909 1321 1947 virtutum.
1352 1910 1495 1947 Forma
1520 1907 1522 1922 ³

1521 1973 1522 1984 ¹
1549 1962 1614 2000 dat
1642 1962 1741 1999 actui
1771 1962 1947 2000 ordinem
1967 1962 2016 1999 ad
2035 1961 2152 1999 finem
2173 1966 2205 2009 Υ,
2236 1961 2299 1998 det
2318 1961 2351 1998 ei
2379 1967 2417 1997 et
2434 1960 2612 1997 formam.

618 2015 704 2051 vel
725 2023 780 2052 est
804 2015 1023 2052 essentialis.
1064 2016 1141 2052 Sed
1171 2016 1304 2053 caritas
1333 2028 1412 2053 non
1441 2023 1497 2052 est
1521 2039 1523 2050 .

1550 1857 1714 1905 Semper
1741 1850 1870 1894 autem
1898 1843 2023 1893 forma
2051 1862 2156 1892 actus
2185 1854 2430 1904 consequitur
2448 1854 2612 1891 formam

1549 1909 1705 1957 agentis.
1735 1909 1848 1947 Unde
1868 1915 2020 1958 oportet
2040 1908 2145 1958 quod
2164 1909 2203 1945 in
2222 1907 2432 1945 moralibus
2451 1906 2491 1944 id
2509 1906 2615 1955 quod

1549 2015 1797 2052 Manifestum
1814 2023 1870 2052 est
1884 2022 2014 2052 autem
2034 2014 2247 2052 secundum
2265 2013 2460 2063 praedicta
2473 2012 2494 2035 ⁴⁸
2507 2012 2615 2061 quod

1548 2080 1617 2118 per
1642 2069 1835 2106 caritatem
1865 2068 2088 2106 ordinantur
2116 2074 2222 2104 actus
2251 2065 2426 2104 omnium
2454 2065 2613 2103 aliarum

1522 2127 1523 2130 ’
1548 2122 1733 2159 virtutum
1763 2121 1811 2159 ad
1839 2121 2017 2158 ultimum
2049 2121 2180 2158 finem.
2220 2121 2269 2157 Et
2297 2118 2510 2157 secundum
2539 2119 2614 2156 hoc

432 2174 500 2210 ciei
520 2186 609 2211 cum
629 2174 722 2223 ipsa.
755 2175 934 2212 Similiter
963 2175 1076 2211 etiam
1104 2187 1183 2212 non
1213 2183 1268 2212 est
1296 2176 1420 2212 forma
1441 2187 1497 2212 es·

1549 2175 1632 2224 ipsa
1655 2175 1719 2212 dat
1747 2174 1911 2211 formam
1940 2174 2086 2211 actibus
2114 2173 2290 2210 omnium
2319 2172 2479 2210 aliarum
2499 2171 2616 2211 virtu-

1549 2235 1645 2265 tum.
1674 2228 1724 2264 Et
1750 2239 1821 2276 pro
1849 2234 1956 2264 tanto
1977 2227 2112 2264 dicitur
2130 2239 2214 2263 esse
2232 2226 2357 2263 forma
2374 2225 2558 2262 virtutum
2577 2224 2613 2261 *ε
2642 2227 2652 2238 ’

1550 2282 1640 2318 riam
1663 2288 1700 2317 et
1718 2280 1824 2329 ipsae
1851 2280 2010 2317 virtutes
2030 2279 2205 2318 dicuntur
2223 2279 2262 2316 in
2281 2278 2414 2317 ordine
2438 2277 2487 2315 ad
2510 2284 2616 2315 actus

1550 2334 1746 2371 formatos.

1603 2388 1662 2423 An
1691 2398 1830 2423 PR1M1JM
1858 2396 1957 2422 eaeo
1977 2396 2162 2422 mcENDuM
2190 2384 2297 2434 quod
2325 2383 2459 2421 caritas
2481 2382 2618 2420 dicitur

1552 2451 1635 2476 esse
1664 2439 1788 2475 forma
1816 2438 1973 2475 aliarum
2002 2437 2184 2475 virtutum
2205 2449 2284 2475 non
2305 2436 2461 2486 quidem
2489 2446 2616 2483 eidem·

1551 2491 1705 2541 plariter
1724 2499 1788 2528 aut
1807 2491 2063 2538 essentialiter,
2093 2491 2162 2528 sed
2189 2490 2309 2539 magis
2337 2488 2532 2527 effectivet
2560 2488 2618 2541 in—

1552 2552 1738 2594 quantum
1772 2544 1913 2581 scilicet
1950 2543 2131 2581 omnibus
2167 2543 2333 2581 formam
2370 2541 2534 2592 imponit
2560 2552 2618 2579 se-

1553 2598 1722 2635 cundum
1751 2598 1913 2634 modum
1942 2597 2179 2646 praedictum
2198 2596 2229 2633 ²¹⁶.
2577 2610 2579 2613 ·

1605 2653 1665 2687 An
1681 2662 1871 2687 SECUNDUM
1891 2661 2076 2687 mcssnnun
2095 2649 2200 2698 quod
2221 2649 2354 2685 caritas
2373 2654 2618 2696 comparatur

1553 2704 1802 2740 fundamento
1832 2710 1869 2740 et
1896 2702 2051 2740 radici*
2070 2702 2296 2751 inquantum
2326 2712 2371 2737 ex
2397 2712 2442 2737 ea
2471 2707 2617 2737 susten-

1552 2763 1679 2793 tantur
1699 2763 1735 2793 et
1754 2756 1970 2792 nutriuntur
1997 2767 2137 2792 omnes·
2161 2754 2256 2791 aliae
2273 2753 2452 2790 virtutes:
2481 2759 2518 2789 et
2537 2764 2616 2790 non

1553 2809 1768 2846 secundum
1797 2808 1985 2845 rationem
2021 2820 2097 2857 qua
2125 2808 2418 2845 fundamentum
2448 2814 2484 2842 et
2511 2805 2617 2843 radix

1552 2863 1695 2899 habent
1723 2861 1910 2899 rationem
1939 2873 2077 2898 causae
2105 2859 2320 2897 materialis.

1605 2917 1664 2952 An
1682 2926 1842 2952 TERTtuM
1861 2925 2046 2952 memnon
2074 2913 2179 2962 quod
2209 2913 2342 2950 caritas
2371 2911 2506 2950 dicitur
2528 2910 2616 2948 finis

1553 2968 1712 3005 aliarum
1738 2968 1922 3005 virtutum
1941 2967 1961 2989 *
1979 2967 2070 3016 quia
2098 2978 2234 3004 omnes
2262 2965 2353 3003 alias
2371 2965 2531 3002 virtutes
2556 2974 2617 3001 οβ’-

1553 3022 1656 3059 dinat
1683 3021 1732 3059 ad
1760 3021 1878 3059 finem
1908 3032 2033 3058 suum.
2064 3020 2114 3057 Et
2141 3019 2231 3068 quia
2250 3016 2264 3041 ⁸
2283 3026 2406 3056 mater
2433 3025 2490 3054 est
2517 3028 2616 3066 quae

1552 3075 1590 3111 in
1610 3086 1650 3111 se
1669 3073 1834 3123 concipit
1862 3085 1908 3110 ex
1936 3073 2023 3120 alio,
2045 3084 2089 3110 ex
2117 3073 2189 3110 hac
2217 3071 2363 3109 ratione
2383 3070 2521 3108 dicitur
2535 3080 2616 3107 rna-

1552 3135 1610 3164 ter
1642 3127 1801 3164 aliarum
1828 3126 2025 3173 virtutum,
2056 3125 2144 3175 quia
2173 3137 2219 3162 ex
2248 3124 2417 3174 appetitu
2443 3123 2533 3161 finis
2559 3123 2616 3159 ul-

1553 3180 1635 3217 timi
1664 3180 1828 3229 concipit
1855 3187 1960 3217 actus
1989 3179 2149 3216 aliarum
2173 3178 2368 3226 virtutum,
2389 3175 2615 3226 imperando

1554 3245 1668 3282 1psos.
1877 3243 1879 3246 ’

491 3363 518 3396 α)
538 3363 757 3396 distingueretur.
777 3377 796 3382 -
818 3364 1050 3398 distInguer-entur
1071 3364 1236 3398 ABDEFlpK
1259 3370 1285 3390 et
1307 3372 1332 3395 a,
1360 3364 1501 3398 distingui·
1526 3391 1528 3404 ι

440 3402 485 3423 tur
497 3399 552 3423 HL.

493 3432 518 3466 β)
539 3434 666 3459 incidunt.
678 3448 697 3453 —
708 3434 862 3460 coincidunt
881 3434 928 3460 Pa.

1607 3364 1633 3396 γ)
1653 3363 1691 3388 ad
1702 3364 1794 3398 finem.
1809 3377 1826 3382 —-
1839 3364 1901 3389 Om.
1921 3363 2184 3388 ABCEFGfflKan.
2653 3378 2657 3382 -

1607 3397 1631 3432 ὃ)
1651 3399 1723 3431 quia.
1736 3411 1755 3418 -
1775 3399 1847 3431 quod
1863 3399 1902 3429 D;
1928 3406 1976 3431 pro
1994 3405 2068 3431 qnae,
2088 3397 2151 3430 qui'a
2175 3395 2396 3426 BCEFHKLm,
2421 3402 2475 3420 om.
2499 3394 2536 3425 ῦς
2556 3398 2617 3427 post

1527 3453 1529 3467 ,
1555 3434 1606 3459 hac
1623 3434 1910 3459 ABCDEFGHKLima
1929 3434 2026 3458 addunt
2044 3436 2144 3458 autem.

2639 2023 2651 2034 ⁹
2665 2023 2716 2044 Art.
2731 2022 2836 2050 praeced.

2642 2602 2812 2631 ‘incurvet-e.

2643 2715 2653 2724 ⁸
2667 2713 2694 2736 D.
2709 2714 2763 2742 3⁰⁶·

2642 2975 2757 3004 ·r›.⁶27.
