2892 4056
414 136 521 160 XXXIV

415 204 639 258 posteriori
665 204 850 244 editione
884 203 1030 243 datum
1058 203 1111 243 sit
1145 202 1346 243 invenire.
1383 203 1524 244 Sensu
1556 216 1661 243 Vero
1695 205 1880 244 auctoris
1914 204 1990 244 rite
2023 211 2236 261 percepto,
2269 219 2378 259 opus
2402 217 2586 260 magnae

417 266 671 306 difficultatis
701 278 787 305 non
811 270 909 312 erat,
935 277 1030 304 cum
1055 264 1139 304 fere
1165 277 1250 304 non
1276 264 1329 303 de
1353 265 1435 305 alio
1459 270 1610 319 agatur
1632 278 1761 317 quam
1786 265 1839 304 de
1862 265 2007 305 litteris
2038 266 2184 306 erratis
2206 267 2275 307 vel
2299 266 2352 307 de
2374 266 2587 320 particulis

415 327 728 366 accidentaliter
746 325 916 366 omissis
933 325 1001 364 vel
1017 325 1238 365 adiunctis.
1265 326 1587 366 Correctionem
1612 332 1802 366 nostram
1819 327 1952 366 lector
1967 339 2136 380 semper
2153 327 2340 368 inveniet
2359 328 2588 368 indicatam

415 388 483 428 vel
518 388 559 431 in
594 387 785 442 margine
819 387 1082 441 paginarum,
1108 386 1176 426 Vel
1211 387 1376 427 uncinis
1410 387 1576 435 additis,
1611 389 1680 427 vel
1715 388 1755 427 in
1781 388 1957 428 elencho
1982 401 2111 441 quem
2143 388 2392 429 subiicirnus
2419 389 2588 429 Varian-

415 449 531 489 tium.
567 449 626 489 Ut
658 449 799 501 aliqua
826 447 1020 500 exempla
1053 447 1290 488 habeantur
1314 454 1548 488 erratorum
1577 449 1775 489 editionis
1804 450 1976 503 primae,
2013 449 2054 489 in
2077 450 2111 489 B
2136 455 2178 489 et
2208 451 2464 491 successivis
2497 449 2588 490 edi-

414 510 603 549 tionibus
638 515 908 555 retentorum,
934 508 1069 549 videri
1093 515 1277 562 possunt
1299 510 1394 550 loca
1416 510 1650 563 sequentia.
1686 510 1767 562 Qu.
1792 512 1821 559 I,
1846 517 1920 551 art.
1946 523 1984 562 4,
2010 524 2124 551 num.
2147 523 2203 558 111,
2235 512 2422 552 secunda
2445 514 2589 552 autem

415 573 631 624 repugnat
643 571 759 623 fidei
778 570 1035 617 testimoniis,
1059 570 1140 610 sed
1155 584 1238 610 non
1258 571 1374 624 fidei
1399 584 1545 611 rerum
1556 587 1570 611 .·
1603 572 1821 612 levissima
1847 572 2080 612 mutatione
2104 585 2181 625 pro
2205 573 2452 613 testimoniis
2485 573 2588 613 sub-

414 633 598 672 stituitur
631 631 750 685 quod
784 637 1009 671 contextus
1043 632 1229 685 requirit,
1264 633 1500 672 testimonii.
1540 633 1622 684 Qu.
1657 634 1747 682 XII,
1782 640 1854 674 art.
1887 647 1919 682 1,
1955 647 2069 674 num.
2092 646 2148 681 111,
2177 633 2250 673 ubi
2285 634 2327 673 A
2359 634 2489 674 habet
2521 647 2587 675 re-

414 693 627 733 trocedere
649 693 702 732 ab
735 693 985 732 huiusmodi
1002 687 1045 733 et
1074 696 1252 734 tonsura
1276 694 1531 741 huiusmodi,
1556 694 1675 734 facile
1703 702 1880 749 apparet
1901 696 2083 750 primum
2106 694 2355 735 huiusmodi
2375 695 2415 735 in
2438 695 2588 736 nabitu

414 754 665 794 mutandum
689 766 795 794 esse.
831 754 930 803 Ubi,
951 768 1020 808 qu.
1044 755 1139 803 XV,
1166 761 1238 796 art.
1267 768 1300 803 Ι,
1325 756 1368 795 A
1390 756 1503 810 legit,
1538 756 1749 796 distinctio
1771 757 2057 797 membrorum
2089 757 2245 797 horum
2276 769 2359 796 non
2389 757 2585 804 consistit,

413 816 555 855 statim
578 815 824 870 intelligitur
844 829 927 856 non
951 829 1026 870 per
1049 828 1235 857 errorem
1260 817 1497 871 irrepsisse:
1532 817 1641 858 sicut
1663 831 1732 871 qu.
1757 819 1957 867 XXXVI,
1982 825 2055 859 art.
2081 831 2114 866 1,
2139 832 2253 858 num.
2274 832 2314 866 V,
2339 818 2412 858 ubi
2437 817 2588 858 eadem

414 877 560 925 habet,
595 878 683 917 nisi
711 878 806 930 quis
838 878 956 918 dicat
985 878 1102 931 quod
1116 878 1298 932 frustra
1330 879 1585 919 Aristoteles
1615 878 1742 927 dixit,
1787 880 1840 920 Si
1868 880 2038 933 aliquid
2065 880 2266 927 alterum,
2308 892 2383 933 per
2423 879 2588 919 facilem

414 939 580 992 lapsum
612 939 654 979 si
682 939 780 979 loco
814 939 855 991 ly
888 942 1143 993 impressum
1179 946 1253 980 est.
1290 940 1454 981 Similia
1476 940 1623 981 videre
1647 947 1712 981 est
1744 955 1814 995 qu,
1843 942 1872 989 I,
1902 948 1976 982 art.
2003 953 2040 995 7,
2075 955 2190 982 num.
2223 954 2275 989 11,.
2298 941 2367 981 lin.
2394 951 2417 993 7
2452 954 2478 980 a
2503 940 2587 988 fin„

413 1013 538 1053 quem
571 1014 648 1054 pro
682 1014 839 1053 quam‚·
873 1014 942 1054 qu,
965 1002 1018 1049 X,
1055 1008 1128 1042 art.
1155 1003 1194 1049 3,
1226 1015 1340 1042 num.
1375 1015 1431 1050 111,
1465 1002 1534 1042 lin.
1558 1003 1629 1042 ult.
1664 1016 1761 1057 pag.
1787 1004 1857 1051 81,
1880 1016 1964 1043 non
1998 1003 2292 1057 apprehensus
2322 1015 2400 1056 pro
2434 1004 2588 1056 appre-

413 1062 593 1110 musas,-
616 1076 685 1116 qu.
706 1063 840 1110 XVII,
866 1069 939 1103 art.
966 1062 1004 1103 5.
1031 1077 1143 1103 num.
1168 1076 1208 1111 X,
1234 1063 1303 1103 lin.
1331 1077 1344 1103 1
1361 1076 1394 1111 1,
1419 1063 1625 1104 delectari
1642 1077 1720 1117 pro
1743 1063 1976 1112 delectare‚·
1998 1078 2068 1118 qu.
2085 1065 2200 1112 XIX,
2225 1070 2298 1105 art.
2325 1076 2389 1112 10,
2414 1077 2528 1104 num.
2547 1075 2587 1112 11,

414 1124 493 1163 col.
521 1136 558 1172 2,
583 1124 652 1164 lin.
677 1137 717 1175 9,
750 1127 954 1164 sumatur
973 1138 1051 1178 pro
1075 1128 1261 1172 amatur,
1299 1131 1374 1164 etc.
1431 1125 1694 1178 Ceteroquin
1727 1126 1822 1165 loca
1843 1126 1923 1166 ista
1946 1139 2033 1165 non
2055 1126 2112 1165 ita
2134 1126 2267 1165 multa
2293 1131 2402 1174 sunt,
2432 1131 2474 1165 et
2493 1138 2588 1166 cor-

414 1185 601 1225 rectione
625 1191 770 1225 nostra
792 1185 992 1234 admissa,
1017 1199 1070 1226 ex
1087 1186 1274 1226 editione
1297 1187 1338 1226 A
1362 1199 1447 1226 una
1469 1199 1566 1226 cum
1589 1187 1963 1227 emendationibus
1982 1187 2181 1226 editionis
2199 1187 2234 1226 B
2251 1186 2428 1227 efficitur
2447 1193 2588 1227 textus

415 1247 578 1302 integer
601 1253 642 1287 et
663 1260 805 1300 purus,
831 1247 903 1300 qui
929 1247 1081 1287 mirum
1105 1247 1146 1286 in
1171 1247 1349 1287 modum
1374 1252 1561 1300 praestat
1583 1247 1639 1287 illi
1663 1247 1736 1301 qui
1758 1260 1836 1300 pro
1859 1253 1977 1288 textu
2001 1248 2194 1288 Caietani
2216 1248 2351 1302 vulgo
2380 1248 2587 1301 recipitur.

413 1308 505 1348 Nec
540 1308 608 1348 illa
641 1309 735 1348 loca
769 1308 1023 1362 corrigenda
1046 1314 1147 1348 sunt
1180 1308 1221 1348 in
1245 1308 1414 1362 quibus,
1449 1308 1546 1348 licet
1578 1308 1739 1362 aliquid
1763 1309 1903 1349 minus
1933 1309 2115 1349 accurati
2139 1308 2259 1362 quod
2281 1309 2336 1349 ad
2359 1309 2590 1349 dictionem

413 1369 561 1409 attinet
582 1369 799 1417 habeatur,
823 1375 966 1410 tamen
990 1370 1042 1410 de
1061 1383 1191 1411 sensu
1214 1363 1398 1410 auctoris
1421 1370 1542 1410 locus
1566 1370 1787 1410 dubitandi
1822 1384 1910 1411 non
1939 1370 2198 1424 relinquitur.
2234 1370 2442 1424 Quisquis
2477 1370 2591 1411 enim

415 1431 606 1471 Caietani
629 1431 850 1472 volumina
872 1432 1068 1480 volverit,
1103 1432 1183 1472 scit
1216 1432 1366 1485 ipsum,
1394 1431 1446 1472 de
1470 1432 1704 1472 maioribus
1726 1432 1966 1481 sollicitum,
2002 1446 2090 1472 non
2125 1432 2411 1485 infrequenter
2443 1432 2497 1472 de
2526 1431 2590 1472 di—

415 1493 555 1533 ctione
589 1493 643 1532 ad
677 1494 880 1534 amussim
917 1499 1064 1534 exacta
1099 1494 1238 1534 minus
1273 1506 1430 1534 curare.
1472 1493 1554 1545 Qu.
1578 1494 1672 1542 XX,
1697 1500 1771 1535 art.
1803 1507 1836 1543 1,
1861 1508 1975 1535 num.
2007 1507 2039 1542 1,
2075 1494 2144 1534 lin.
2169 1495 2221 1534 31
2251 1499 2293 1534 et
2319 1494 2589 1548 antepenult.,

415 1554 506 1595 Sed
523 1555 665 1608 quia...
695 1558 738 1595 et
755 1555 857 1602 ideo,
883 1555 1094 1595 redundat
1115 1559 1180 1602 et,·
1214 1569 1300 1595 non
1334 1562 1477 1595 tamen
1511 1555 1740 1596 dicendum
1763 1555 1882 1609 quod
1915 1570 1941 1596 a
1966 1556 2172 1596 Caietano
2203 1568 2290 1595 non
2318 1567 2467 1596 revera
2487 1555 2591 1595 scri-

415 1622 534 1671 ptum
568 1617 653 1657 suit.
705 1617 823 1657 Idem
857 1617 1128 1657 sentiendum
1164 1616 1215 1656 de
1240 1617 1318 1657 illis
1343 1617 1628 1666 nominativis,
1665 1631 1734 1671 qu.
1758 1617 1916 1665 XXIV,
1945 1624 2019 1658 art.
2046 1628 2084 1670 7,
2119 1630 2233 1657 num.
2265 1629 2330 1665 11,
2363 1631 2462 1672 pag.
2494 1618 2589 1665 186,

414 1678 483 1718 lin.
517 1680 557 1726 3,
585 1681 696 1732 puta
728 1679 834 1718 visio
853 1678 1040 1732 facialis
1072 1682 1115 1719 et
1143 1679 1249 1718 visio
1271 1682 1361 1732 per
1388 1679 1631 1732 speculum:
1669 1685 1711 1719 et
1744 1679 1798 1719 de
1833 1692 1885 1719 eo
1920 1679 2040 1733 quod
2072 1679 2253 1719 habetur
2285 1692 2355 1732 qu.
2390 1678 2589 1727 XXXIV,

415 1746 488 1780 art.
515 1739 553 1787 5,
586 1753 699 1780 num.
730 1754 768 1788 V,
802 1740 871 1780 lin.
899 1753 968 1788 21,
1003 1740 1193 1780 occidens
1224 1753 1411 1793 namque
1442 1741 1656 1781 hominem
1689 1754 1745 1781 ex
1776 1741 1856 1788 ira,
1878 1743 1964 1795 pro
1997 1743 2157 1794 quanto
2189 1740 2233 1780 in
2266 1740 2335 1780 ira
2367 1740 2445 1781 illa
2472 1739 2591 1781 clau-

414 1801 534 1842 ditur
563 1802 674 1841 nolle
694 1802 828 1842 vitam
861 1802 996 1848 illius,
1030 1801 1174 1842 odium
1207 1802 1323 1842 illius
1344 1802 1431 1842 dici
1439 1805 1607 1856 potest,·
1640 1808 1682 1842 et
1709 1815 1781 1856 qu.
1806 1803 1874 1850 LI,
1898 1808 1972 1843 art.
1997 1814 2036 1854 4,
2063 1815 2175 1843 num.
2200 1814 2256 1850 111,
2283 1801 2353 1842 lin.
2385 1814 2435 1842 12
2459 1815 2485 1841 a
2507 1801 2591 1849 fin.,

406 1864 596 1917 privatis
619 1864 819 1917 personis
854 1864 1023 1918 pluries
1056 1863 1212 1904 acci'dit
1249 1865 1293 1903 in
1328 1864 1712 1917 recompensatione
1751 1864 1955 1904 bonorum
1988 1877 2099 1917 quae
2137 1876 2220 1903 non
2251 1865 2439 1916 possunt
2467 1862 2597 1903 aliter

416 1927 684 1979 recuperare,
707 1925 925 1979 facientes
955 1925 1040 1966 sibi
1068 1926 1172 1979 ipsis
1204 1926 1424 1966 iustitiam.
1470 1926 1583 1966 Vide
1624 1926 1770 1973 etiarn,
1807 1939 1903 1966 cum
1938 1931 2151 1973 contextu,
2187 1923 2290 1965 illud
2323 1938 2394 1978 qn.
2429 1925 2591 1972 XXIX,

416 1993 489 2027 art.
531 2000 564 2034 1,
599 2001 696 2042 pag.
723 1989 822 2039 237,
858 1987 926 2027 lin.
963 1999 1002 2038 4,
1043 1987 1245 2027 Consistit
1274 1987 1384 2028 enim
1410 1990 1508 2041 pax
1540 1988 1584 2027 in
1623 1988 1777 2027 unione
1817 1987 2108 2041 appetibilium
2136 1986 2403 2040 possibilium
2428 1985 2592 2040 simpli-

416 2049 528 2096 citer,
555 2062 582 2093 a
605 2062 786 2101 quorum
819 2049 1107 2089 consecutione
1139 2049 1351 2102 appetitus
1373 2049 1519 2102 deficit.
1556 2049 1687 2089 Forte
1720 2049 2078 2103 pronuntiationis
2108 2047 2264 2088 modus
2287 2048 2468 2102 explicat
2490 2047 2593 2088 illud

417 2124 454 2158 a,
479 2111 577 2151 loco
601 2110 666 2157 ab,
692 2117 789 2150 ante
811 2110 1081 2162 Jlieronymo,
1103 2124 1172 2164 qu.
1192 2111 1391 2158 XXXVI,
1418 2117 1492 2151 art.
1519 2123 1558 2158 2,
1592 2125 1705 2151 num.
1729 2123 1785 2158 IX,
1810 2111 1879 2150 lin.
1905 2112 1943 2151 3.

541 2172 685 2212 Editio
721 2173 768 2220 B,
793 2179 959 2226 praeter
992 2172 1170 2212 mendas
1204 2179 1480 2212 conservatas
1518 2185 1571 2212 ex
1605 2172 1792 2212 editione
1825 2173 1878 2220 A,
1914 2172 2110 2226 proprios
2144 2184 2308 2212 errores
2331 2170 2471 2211 habet.
2507 2170 2593 2222 Qui

418 2234 616 2288 quamvis
641 2240 682 2274 et
716 2234 794 2288 ipsi
829 2247 882 2274 ex
903 2234 1011 2274 facili
1045 2234 1275 2274 litterarum
1299 2234 1653 2274 transmutatione
1676 2234 1768 2282 orti,
1799 2234 2052 2276 strictiorem
2084 2239 2226 2274 tamen
2258 2245 2480 2274 censuram
2503 2244 2594 2290 mp-

418 2302 572 2343 rentur,
592 2308 687 2335 cum
711 2302 752 2335 et
768 2296 1063 2349 corruptiones
1087 2301 1199 2335 recte
1223 2296 1304 2335 iam
1329 2295 1523 2349 impressi
1547 2295 1641 2343 sint,
1667 2302 1708 2335 et
1725 2295 2030 2350 negligentiam
2053 2294 2238 2349 prodant
2260 2294 2301 2334 in
2319 2293 2594 2347 assequendo

419 2371 593 2398 sensum
627 2357 824 2397 auctoris.
881 2357 1012 2409 Quod
1046 2370 1151 2397 vero
1186 2357 1369 2397 maxime
1403 2357 1650 2404 dolendum,
1686 2357 1866 2397 mendae
1902 2357 2007 2404 illae,
2037 2357 2106 2396 vel
2139 2356 2283 2410 potius
2317 2355 2594 2408 corruptelae,

419 2433 496 2473 pro
521 2432 678 2474 magna
700 2425 817 2473 parte
842 2425 1126 2459 correctorem
1150 2431 1369 2472 nunquam
1392 2419 1641 2467 habuerunt,
1666 2419 1743 2458 sed
1767 2419 1820 2458 ab
1845 2418 2031 2459 editione
2059 2419 2138 2459 hac
2160 2417 2373 2458 admissae
2399 2417 2468 2456 vel
2492 2429 2595 2457 con-

419 2487 614 2521 servatae
647 2480 702 2520 ad
726 2486 897 2521 nostros
920 2493 1057 2534 usque
1087 2480 1178 2520 dies
1201 2486 1537 2534 permanserunt.
1572 2480 1678 2520 Tale
1696 2480 1842 2520 videre
1865 2480 1962 2520 licet
1983 2493 2053 2533 qu.
2072 2479 2230 2526 XXIV,
2260 2484 2334 2519 art.
2352 2480 2392 2525 6,
2417 2491 2530 2518 num.
2557 2490 2591 2526 1,

420 2542 493 2582 ubi
518 2542 647 2582 editio
672 2543 714 2582 A
737 2542 1044 2596 compendiose
1067 2542 1264 2590 habebat,
1283 2543 1347 2582 Et
1363 2542 1443 2583 hoc
1464 2542 1586 2582 tertio
1608 2541 1731 2582 modo
1752 2542 1908 2582 directe
1929 2542 2184 2594 intelligitur
2202 2541 2246 2580 in
2269 2540 2521 2593 quaestione,
2545 2539 2594 2581 V.

421 2603 642 2656 (Videtur)
666 2604 783 2656 quod
805 2604 967 2644 caritas
999 2604 1184 2656 quolibet
1200 2617 1278 2643 suo
1300 2606 1398 2644 actu
1422 2606 1627 2656 augetur:
1660 2603 1840 2643 litteram
1867 2603 1913 2642 V
1928 2609 2063 2643 mutat
2085 2602 2215 2642 editio
2239 2602 2274 2642 B
2298 2601 2339 2641 in
2373 2614 2596 2642 numerum

421 2666 655 2707 Arabicum
678 2665 718 2713 ,5,
745 2672 786 2706 et
807 2666 850 2706 in
867 2666 1112 2718 quaestione
1133 2666 1282 2718 quinta
1305 2665 1420 2719 legit.
1444 2666 1550 2705 Item
1568 2678 1638 2717 qu.
1656 2665 1785 2711 XLII,
1806 2670 1879 2704 art.
1907 2677 1944 2711 2,
1964 2677 2078 2705 num.
2097 2676 2136 2711 11,
2154 2663 2343 2703 schisma
2366 2664 2430 2714 (se
2450 2665 2596 2703 exten-

421 2728 500 2778 dit)
525 2731 714 2781 respectu
736 2728 955 2768 Ecclesiae
976 2727 1242 2774 universalis,
1262 2740 1373 2779 quae
1401 2726 1543 2766 orbem
1565 2725 1890 2779 comprehendit,
1908 2731 2120 2779 permutat
2141 2725 2284 2765 orbem
2307 2724 2348 2764 in
2371 2724 2540 2771 urbem,·
2557 2729 2599 2764 et

423 2803 492 2843 qu.
527 2790 575 2836 L,
610 2796 684 2829 art.
725 2802 757 2838 1,
793 2788 1020 2843 manifeste
1042 2791 1171 2842 patet
1199 2788 1316 2841 quod
1342 2801 1418 2828 nec
1451 2788 1578 2828 etiam
1619 2787 1851 2828 secundum
1884 2786 2176 2840 generationis
2214 2785 2405 2826 ordinem
2438 2785 2599 2839 regalis

415 2851 688 2905 principatus
720 2851 927 2904 dependet
951 2864 979 2891 a
1003 2850 1220 2904 populari,
1256 2850 1329 2890 ubi
1363 2850 1405 2890 A
1433 2849 1642 2890 mendose
1675 2862 1752 2903 pro
1786 2862 1861 2889 nec
1882 2849 2080 2889 ‘habebat
2113 2848 2193 2895 bec,
2229 2847 2447 2888 substituit
2479 2847 2596 2904 haec,

425 2912 543 2966 quod
573 2914 832 2966 posteriores
867 2913 1078 2952 editiones
1112 2911 1226 2952 haud
1259 2911 1431 2952 feliciori
1465 2924 1667 2951 successu
1701 2911 1742 2950 in
1776 2911 1846 2950 liic
1878 2916 2104 2950 mutarunt.
2139 2909 2238 2950 Alia
2272 2909 2468 2963 exempla
2499 2908 2598 2949 vide

425 2987 498 3027 qu.
521 2974 656 3021 XVII,
681 2980 755 3014 art.
781 2973 819 3021 5,
846 2987 959 3014 num.
990 2987 1046 3021 VI,
1071 2974 1135 3013 lin.
1173 2984 1245 3026 17,
1278 2972 1350 3013 ubi
1382 2972 1623 3013 delectionis
1656 2972 1749 3026 (pro
1772 2971 2074 3024 delectationis)
2100 2971 2140 3011 in
2163 2970 2396 3011 dilectionis
2418 2983 2599 3012 conver-

425 3036 544 3084 titur;
579 3049 648 3088 qu.
674 3036 826 3083 XXIII,
851 3042 923 3075 art.
951 3048 988 3082 2,
1014 3049 1128 3076 num.
1153 3048 1208 3083 111,
1232 3035 1300 3075 lin.
1333 3047 1396 3082 11,
1420 3034 1493 3074 ubi
1512 3037 1644 3088 parte
1667 3033 1893 3082 omittitur;
1928 3047 1997 3087 qu.
2031 3033 2227 3080 XXXIII,
2252 3039 2325 3073 art.
2353 3045 2391 3080 2,
2420 3045 2534 3072 num.
2557 3044 2598 3080 11,

425 3097 495 3137 lin.
519 3098 603 3145 ult.,
629 3097 702 3137 ubi
730 3093 895 3149 obligat
929 3099 1223 3150 (praeceptum
1256 3096 1543 3146 correctionis)
1578 3096 1624 3136 fit
1660 3095 1873 3149 obligant:
1906 3108 1976 3148 qu.
2001 3095 2200 3142 XXXIV,
2236 3101 2310 3134 art.
2344 3093 2383 3142 5,
2420 3106 2534 3134 num.
2557 3104 2598 3141 V,

425 3172 577 3199 versus
611 3158 703 3206 fin.,
738 3159 811 3198 ubi
845 3171 1106 3211 quocumque
1138 3161 1237 3198 actu
1270 3158 1311 3198 in
1345 3157 1731 3210 quomodocumque
1752 3160 1896 3197 actum
1920 3162 2116 3197 mutatur.
2153 3155 2277 3208 Quae
2300 3161 2442 3196 tamen
2465 3160 2600 3195 errata

427 3234 514 3261 non
547 3220 760 3260 infirmant
782 3220 901 3273 quod
935 3233 1063 3274 supra
1085 3220 1244 3260 dictum
1275 3225 1349 3267 est,
1384 3219 1492 3259 hanc
1527 3219 1759 3259 editionem
1794 3231 1995 3273 magnam
2029 3217 2251 3258 utilitatem
2284 3217 2489 3271 praebere
2522 3228 2599 3269 pro

428 3282 727 3322 emendatione
751 3288 903 3322 textus.
927 3282 1063 3321 Immo
1089 3282 1181 3335 ipsa
1204 3281 1297 3321 sola
1321 3293 1373 3321 ex
1391 3280 1650 3321 editionibus
1673 3293 1781 3333 quas
1805 3280 1860 3320 ad
1885 3293 2035 3320 manus
2058 3279 2279 3326 habemus,
2303 3278 2386 3318 hoc
2403 3282 2599 3331 praestat.

429 3343 560 3396 Quod
595 3356 647 3384 ex
682 3357 793 3383 nunc
827 3343 1017 3383 dicendis
1052 3343 1210 3383 clarum
1243 3342 1325 3383 fiet.

551 3406 662 3445 Inter
695 3418 853 3445 annum
895 3403 1020 3455 1534,
1045 3417 1132 3457 quo
1168 3405 1397 3444 Caietanus
1432 3409 1625 3444 mortuus
1659 3409 1734 3451 est,
1759 3408 1800 3443 et
1833 3415 1991 3442 annum
2022 3401 2156 3454 1570,
2190 3413 2278 3455 quo
2306 3399 2436 3440 editio
2470 3399 2603 3440 Piana

429 3467 596 3520 prodiit,
627 3466 945 3507 Commentaria
979 3467 1019 3506 in
1053 3465 1297 3506 Secundam
1330 3465 1556 3506 Secundae
1590 3465 1746 3518 pluries
1780 3464 1987 3518 impressa
2020 3470 2129 3504 sunt.
2165 3463 2361 3514 Quatuor
2393 3460 2603 3501 editiones
