2892 4056
423 172 493 208 126

417 247 489 277 dine
512 247 665 278 obiectiva
694 255 723 279 et
740 248 874 279 formali.
907 249 967 279 Sed
989 250 1026 278 de
1049 249 1240 279 beatitudine
1257 249 1383 279 formali
1399 259 1473 279 con-

1044 173 1309 219 QUAESTIO
1339 174 1464 219 xvn,
1494 173 1790 210 ARTICULUS
1820 175 1881 220 111,
1912 175 1962 210 1v

1499 249 1501 274 ἶ
1526 251 1632 280 Deum
1657 249 1850 279 coniunctio.
1886 250 1927 279 Et
1949 249 2021 279 ideo
2045 249 2258 289 principaliter
2281 258 2326 281 est
2349 260 2452 281 sermo
2477 250 2527 281 hic
2546 251 2584 280 de

417 291 508 331 tingit
535 291 625 332 loqui
656 292 835 332 dupliciter:
860 292 982 332 primo,
1007 293 1183 322 secundum
1206 292 1238 322 id
1267 293 1355 333 quod
1385 292 1419 322 in
1442 302 1474 322 se
1499 283 1502 349 ἱ
1527 293 1718 324 beatitudine
1748 292 1900 323 obiectiva
1924 299 2117 323 connotante
2140 293 2316 325 formalem.
2356 295 2396 325 Et
2419 302 2585 334 propterea

417 335 590 366 formaliter
612 342 673 372 est;
699 337 854 371 secunde,
879 336 1054 366 secundum
1078 337 1167 376 quod
1190 343 1235 366 est
1258 337 1327 367 talis
1351 336 1473 367 obiecti.
1501 361 1502 378 ¹
1526 337 1628 368 littera
1651 344 1681 367 et
1704 337 1831 367 effectus
1855 336 2001 367 meminit
2024 343 2054 367 et
2076 336 2149 367 Dei:
2174 345 2345 378 utrumque
2364 338 2449 368 enim
2473 338 2523 369 hic
2539 339 2585 368 in-

416 379 566 409 Praesens
588 389 692 409 sermo
708 387 754 410 est
768 380 806 409 de
821 379 1012 409 beatitudine
1036 379 1160 410 formali
1185 387 1219 410 ut
1243 388 1289 411 est
1303 380 1373 411 talis
1389 381 1475 411 obie-

1528 381 1668 417 venitur;
1685 391 1760 411 nam
1775 380 1938 412 beatitudo
1953 379 2096 410 formalis
2112 380 2238 412 effectus
2254 389 2300 413 est
2315 382 2447 423 quidam
2463 382 2586 413 divinae

418 423 474 459 cti,
504 423 584 453 idest
608 430 643 453 ut
665 430 712 454 est
735 423 889 453 assecutio
912 423 982 453 Dei.
1020 424 1092 454 Hoc
1120 424 1206 454 enim
1235 431 1282 454 est
1304 425 1475 464 principale
1528 425 1651 455 virtutis
1681 425 1876 464 coniungens
1899 425 1979 454 Deo.
2020 424 2112 455 Unde
2134 434 2199 455 non
2223 426 2418 457 subsumitur
2442 427 2528 457 Deus
2552 433 2588 456 ut

418 467 650 497 consideratum
673 467 706 496 in
723 466 914 497 beatitudine
938 466 1004 502 hic;
1032 474 1062 497 et
1086 467 1129 497 sic
1153 478 1171 498 a
1186 477 1242 508 spe
1264 469 1476 508 principaliter
1530 469 1672 504 effectus,
1699 469 1754 499 sed
1782 476 1817 499 ut
1840 468 2001 498 obiectum
2024 467 2165 498 effectus:
2197 476 2233 500 ut
2256 470 2350 500 etiam
2377 470 2446 510 ipsa
2466 470 2588 500 litterae

180 519 273 566 CoAnixtxi.
283 518 389 566 rsiurribig.

417 510 589 550 attingitur.
618 510 695 549 Spes
719 511 813 546 enim,
839 518 873 540 ut
895 510 976 540 infra
998 511 1014 529 '¹‘
1038 511 1170 551 patebit,
1195 512 1408 552 principaliter
1431 519 1477 544 est
1502 512 1504 551 ξ
1529 514 1623 543 verba
1644 513 1793 543 indicant.
1829 513 1868 543 Et
1891 512 1935 542 sic
1959 512 2068 542 omnia
2091 520 2278 544 consonant.

418 555 456 584 de
479 555 565 590 Deo;
591 561 620 584 et
644 554 681 584 de
705 554 897 584 beatitudine
920 555 1046 585 formali
1070 566 1135 585 non
1160 563 1206 586 est
1229 556 1288 586 nisi
1313 563 1348 587 ut
1371 564 1417 587 est
1437 558 1475 587 ad
1502 558 1504 588 1

1217 683 1534 726 ARTICULUS
1563 683 1791 726 TERTIUS

734 763 889 794 UTRUM
913 765 1084 802 ALiQuls
1107 765 1254 797 Possrr
1278 766 1468 797 SPERARE
1492 767 1652 798 ALTEm
1675 767 2006 798 BEATITUDINEM
2029 766 2269 797 AETERNAM

1301 845 1342 870 De
1365 845 1476 874 Vir-tut„
1496 853 1542 878 qu.
1560 854 1593 877 iv,
1613 851 1660 871 art.
1679 854 1705 877 4.

451 924 505 969 νηὶ
531 933 573 962 a:
594 932 598 942 ‹
625 922 648 947 ι)
676 922 835 947 TERTlUM
859 923 912 949 SIC
931 924 1171 952 PROCEDITUR.
1191 914 1352 952 Videtur
1370 915 1475 964 quod

414 1176 450 1210 in
480 1173 578 1210 diem
612 1175 749 1212 Christi
765 1179 863 1214 Iesu.
894 1179 1079 1219 perfectio
1109 1188 1173 1217 aut
1190 1180 1287 1218 illius
1317 1180 1390 1217 diei
1411 1180 1479 1217 erit

415 1227 608 1264 beatitudo
637 1237 802 1267 aeterna.
832 1231 934 1279 Ergo
956 1233 1089 1281 aliquis
1117 1241 1242 1282 potest
1261 1233 1367 1270 alteri
1395 1245 1478 1282 spe-

414 1292 498 1316 rare
527 1281 798 1320 beatitudinem
828 1292 1033 1322 aeternam.

469 1344 504 1368 2.
534 1335 767 1383 ΡΚΑΕΤΕΒΕΑ,
794 1349 838 1372 ea
867 1349 966 1385 quae
995 1351 1016 1375 a
1044 1340 1129 1375 Deo
1157 1338 1322 1387 petimus
1351 1350 1479 1388 spera-

414 1397 501 1422 mus
530 1387 701 1425 obtinere
729 1390 778 1426 ab
816 1402 874 1426 eo.
906 1391 982 1428 Sed
1011 1404 1033 1428 a
1061 1393 1146 1428 Deo
1174 1392 1340 1441 petimus
1374 1391 1479 1440 quod

415 1438 507 1475 alios
527 1440 576 1476 ad
605 1441 876 1479 beatitudinem
898 1452 1092 1482 aeternam
1117 1445 1316 1495 perducat:
1347 1457 1480 1481 secun-

176 1501 183 1509 ·
200 1500 267 1520 Vers.
284 1498 315 1520 16.

414 1545 562 1583 vemini.
585 1547 687 1595 Ergo
707 1560 913 1597 possumus
933 1550 1013 1587 aliis
1032 1563 1186 1600 sperare
1205 1550 1479 1590 beatitudinem

415 1605 621 1636 aeternam.

416 1703 517 1740 dem.
549 1706 625 1742 Sed
645 1706 779 1754 aliquis
798 1714 923 1755 potest
951 1709 1152 1758 desperare
1174 1710 1221 1747 de
1248 1709 1480 1746 beatitudine

415 1764 566 1794 aeterna
594 1758 766 1796 alicuius:
801 1760 968 1810 alioquin
987 1762 1122 1800 frustra
1148 1763 1288 1800 diceret
1306 1762 1481 1810 Augusti·
1506 1778 1507 1784 ¹

177 1820 184 1828 ·
205 1818 279 1840 serm·
292 1818 388 1872 3202:
415 1822 498 1858 nus,
519 1809 557 1847 in
585 1811 680 1848 libro
700 1813 745 1849 de
771 1815 877 1851 Verb.
899 1816 1012 1851 Dom.
1031 1816 1062 1863 *,
1083 1816 1129 1852 de
1157 1816 1304 1853 nemine
1323 1826 1401 1852 esse
1419 1817 1479 1852 de·
1506 1831 1507 1837 ¹

193 1851 290 1866 erm-a

176 1871 256 1897 LxxL
274 1877 386 1898 cap-¹¹1¹·
413 1864 641 1912 sperandum
670 1865 758 1902 dum
787 1867 886 1904 vivit.
917 1869 1019 1916 Ergo
1049 1869 1162 1906 etiam
1190 1875 1315 1918 potest
1348 1868 1480 1917 aliquis
1507 1860 1508 1882 ³

415 1928 566 1965 sperare
596 1918 699 1955 alteri
727 1919 844 1957 vitam
873 1929 1078 1959 aeternam.

175 2026 184 2036 '
202 2025 257 2053 (ἏΡ-
274 2031 324 2077 ζ’·ῐ·
415 2023 545 2060 chirid.
566 2023 597 2071 ²⁸,
620 2026 724 2073 quod
742 2038 824 2074 spes
852 2040 926 2064 non
957 2033 1010 2064 est
1038 2029 1109 2065 nisi
1135 2040 1263 2065 rerum
1283 2027 1334 2064 ad
1358 2040 1444 2064 eum
1461 2033 1478 2049 ‘²

408 2077 675 2124 pertinentium
704 2080 770 2127 qui
795 2092 927 2117 earum
954 2093 1057 2129 spem
1084 2093 1220 2131 gerere
1247 2081 1476 2129 perhibetur.
1504 2106 1506 2111 ι

469 2130 694 2168 RESPONDEO
715 2144 898 2171 D1CENDUM
927 2135 1032 2183 quod
1061 2147 1147 2184 spes
1166 2141 1292 2183 potest
1312 2147 1394 2171 esse
1414 2133 1477 2171 ali-
1505 2141 1506 2148 ¹

468 2244 494 2275 α)
515 2251 583 2269 eum.
602 2259 621 2264 —
641 2246 725 2271 Deum
752 2247 1032 2281 PABDEFGHIKLpC
1058 2254 1083 2273 et
1108 2257 1178 2278 imas
1201 2257 1248 2282 pro
1273 2256 1366 2274 earum
1390 2256 1479 2280 spem,

414 2284 505 2303 eorum
522 2286 593 2311 spem
607 2281 868 2315 ABDEFGHleCK
879 2289 904 2308 et
917 2291 962 2315 xa,
974 2291 1066 2309 curam
1077 2291 1168 2309 eorum
1183 2285 1230 2316 qui
1242 2291 1313 2316 spem
1328 2284 1425 2309 habent
1435 2285 1481 2310 Pa.

468 2314 493 2346 β)
514 2315 628 2346 quidem.
646 2331 666 2336 —
685 2317 746 2342 Om.
765 2319 811 2343 Pa.
831 2319 944 2344 Eaedem
964 2327 1011 2351 pro
1029 2320 1123 2348 solum,
1142 2320 1233 2345 solius.

467 2351 493 2382 γ)
509 2352 769 2384 praesuppositione.
787 2367 805 2372 -
819 2354 1039 2386 praesumptione
1057 2355 1270 2388 ABDFHIKLpC
1289 2362 1315 2380 et
1333 2363 1396 2380 xna.

574 1006 611 1021 l
625 963 759 1012 aliquis
794 965 914 1013 possit
950 978 1102 1014 sperare
1135 968 1240 1005 alteri
1278 968 1503 1010 hemundi-3

430 1016 479 1065 ’,ᾗ
525 1022 589 1071 „1²⁵-
627 1028 714 1053 nem
744 1026 951 1055 aeternam.
986 1020 1085 1056 Dicit
1118 1021 1218 1058 enim
1256 1023 1474 1071 Apostolus,

470 1084 480 1095 κ
503 1070 557 1095 ''1''
581 1061 782 1118 Philipp.
810 1071 874 1108 1³⁸:
909 1072 1107 1120 Confidens
1131 1076 1202 1111 hoc
1221 1075 1358 1122 ipsum,
1388 1076 1476 1123 quia
1502 1072 1504 1076 ’

414 1124 479 1173 qui
514 1122 633 1169 coepit
660 1123 696 1159 in
729 1125 833 1161 vobis
869 1136 962 1173 opus
998 1127 1137 1164 bonum
1161 1128 1331 1176 perficiet
1362 1139 1477 1176 usque
1503 1136 1504 1139 ’

415 1492 509 1529 dum
537 1492 629 1530 illud
658 1495 731 1532 Iac.
752 1497 816 1532 ult.
837 1496 872 1533 *z
908 1498 1022 1534 Orate
1043 1510 1117 1546 pro
1154 1498 1326 1535 invicem·
1343 1503 1383 1534 ut
1406 1498 1480 1534 sal·
1505 1519 1506 1525 κ

1530 916 1875 965 ωἰυεόυρὶίεἱῑεε.
1904 917 1990 954 Uno
2019 913 2210 965 quidem?
2237 914 2368 961 modo,
2397 914 2591 950 absolute:

1530 978 1566 1006 et
1603 970 1656 1006 sic
1685 977 1739 1006 est
1776 970 1902 1006 solum
1937 969 2029 1006 boni
2061 968 2169 1005 ardui
2201 967 2250 1004 ad
2283 979 2323 1004 se
2359 967 2591 1015 pertinentis.

1530 1022 1614 1059 Alio
1642 1023 1773 1070 modo,
1795 1034 1839 1059 ex
1866 1021 2220 1071 praesuppositione
2237 1026 2251 1048 Υ
2280 1020 2451 1057 alterius:
2481 1027 2517 1056 et
2541 1019 2594 1056 sic

1529 1083 1655 1124 potest
1674 1087 1755 1112 esse
1776 1075 1890 1112 etiam
1911 1088 2044 1112 eorum
2074 1087 2171 1124 quae
2191 1075 2239 1111 ad
2259 1074 2374 1110 aliurn
2393 1073 2592 1122 pertinent.

1530 1129 1592 1165 Ad
1630 1129 1736 1165 cuius
1766 1128 1996 1166 evidentiam
2034 1128 2233 1165 sciendum
2267 1134 2322 1163 est
2349 1126 2454 1176 quod
2487 1138 2595 1163 amor

1532 1189 1569 1217 et
1591 1193 1691 1229 ⁴spes
1724 1180 1762 1217 in
1799 1182 1874 1217 hoc
1911 1181 2088 1218 differunt
2125 1180 2230 1230 quod
2267 1191 2378 1216 amor
2412 1179 2594 1228 importat

1532 1234 1726 1282 quandam
1746 1233 1931 1271 unionem
1950 1234 2110 1270 amantis
2134 1234 2183 1270 ad
2202 1240 2392 1278 amatum3
2420 1243 2508 1281 spes
2527 1244 2594 1270 au-

1531 1294 1610 1323 tem
1630 1286 1810 1334 importat
1829 1286 2021 1335 quendam
2041 1294 2189 1323 motum
2209 1285 2289 1322 sive
2308 1285 2596 1334 protensionem

1504 1377 1506 1389 Ι
1533 1338 1720 1388 appetitus
1740 1338 1778 1376 in
1798 1339 1952 1389 aliquod
1978 1340 2125 1377 bonum
2146 1339 2321 1376 arduum.
2348 1337 2448 1376 Unio
2469 1339 2596 1375 autem

1534 1400 1589 1429 est
1616 1392 1831 1440 aliquorum
1862 1392 2144 1430 distinctorum:
2175 1400 2211 1429 et
2237 1392 2324 1428 ideo
2357 1402 2467 1428 amor
2501 1389 2597 1428 dire-

1534 1453 1590 1482 cte
1618 1453 1742 1494 potest
1769 1445 1954 1495 respicere
1983 1445 2111 1494 alium,
2133 1457 2249 1494 quem
2269 1443 2340 1482 sibi
2365 1443 2499 1492 aliquis
2518 1443 2598 1481 unit

1532 1511 1601 1548 per
1628 1511 1814 1546 amorem,
1834 1499 1982 1536 habens
2011 1511 2098 1536 eum
2128 1499 2224 1536 sicut
2255 1497 2436 1546 seipsum.
2466 1497 2597 1534 Motus

1505 1599 1506 1603 Ἰ
1534 1559 1661 1588 autem
1689 1564 1841 1600 semper
1878 1560 1934 1589 est
1962 1552 2010 1590 ad
2037 1552 2238 1601 proprium
2275 1550 2481 1588 terminum
2509 1562 2598 1599 pro-

1505 1610 1507 1620 *
1533 1604 1791 1653 portionatum
1819 1605 1972 1642 mobili:
2003 1612 2039 1642 et
2057 1605 2144 1642 ideo
2174 1617 2260 1654 spes
2280 1604 2418 1642 directe
2446 1602 2599 1653 respicit

471 1652 505 1687 3.
536 1653 775 1702 PRAETEREA,
803 1666 889 1703 spes
919 1664 955 1693 et
983 1656 1197 1705 desperatio
1227 1664 1312 1694 sunt
1341 1657 1388 1694 de
1417 1669 1481 1693 eo·
1506 1668 1507 1671 ¹

1532 1657 1730 1706 proprium
1752 1658 1911 1706 bonum,
1933 1670 2011 1695 non
2031 1666 2159 1695 autem
2186 1658 2225 1695 id
2244 1655 2257 1679 δ
2286 1656 2393 1706 quod
2413 1656 2462 1694 ad
2481 1657 2596 1695 alium

1532 1710 1704 1759 pertinet.
1736 1711 1812 1748 Sed
1831 1711 2120 1760 praesupposita
2148 1710 2290 1748 unione
2311 1709 2452 1748 amoris
2477 1710 2527 1748 ad
2546 1710 2598 1748 al-

1533 1771 1669 1809 terurn,
1690 1763 1767 1800 iam
1797 1763 1932 1812 aliquis
1959 1771 2086 1813 potest
2109 1764 2321 1801 desiderare
2351 1770 2387 1800 et
2413 1774 2566 1812 sperare
2585 1767 2598 1784 ⁸

1534 1816 1675 1864 aliquid
1694 1815 1799 1852 alteri
1827 1817 1923 1854 sicut
1941 1817 2023 1854 sibi.
2054 1817 2102 1854 Et
2129 1817 2342 1854 secundum
2360 1817 2436 1854 hoc
2463 1815 2598 1866 aliquis

1532 1877 1658 1918 potest
1685 1881 1837 1918 sperare
1866 1870 1969 1907 alteri
1997 1869 2117 1907 vitam
2146 1877 2351 1917 aeternam,
2372 1869 2599 1919 inquantum

470 1970 543 2006 SED
573 1982 718 2008 CONTRA
747 1985 812 2009 EST
841 1976 942 2022 quod
963 1975 1197 2023 Augustinus
1222 1974 1320 2022 diest,
1342 1974 1380 2011 in
1402 1975 1479 2011 En·
1505 1954 1509 1986 {
1535 1929 1590 1959 est
1619 1934 1653 1959 ei
1681 1929 1807 1959 un1tus
1834 1935 1903 1971 per
1939 1935 2125 1960 amorem.
2164 1924 2213 1960 Et
2240 1931 2336 1961 stcut
2370 1931 2425 1960 est
2462 1923 2598 1961 eadem

1532 1974 1652 2012 virtus
1681 1975 1842 2013 caritatis
1862 1988 1937 2025 qua
1966 1976 2048 2025 quis
2068 1975 2185 2024 diligit
2211 1977 2352 2022 Deum,
2374 1975 2542 2025 seipsum
2563 1983 2600 2014 et

1532 2028 1764 2076 proximum,
1793 2028 1843 2066 ita
1872 2029 1987 2067 etiarn
2016 2036 2071 2066 est
2104 2029 2240 2067 eadem
2268 2029 2386 2067 virtus
2415 2029 2495 2078 spei
2523 2040 2599 2078 qua

1534 2081 1617 2130 quis
1645 2089 1771 2130 sperat
1799 2082 1869 2119 sibi
1896 2082 1966 2131 ipsi
1995 2090 2031 2119 et
2058 2081 2129 2119 alii.

1586 2134 1635 2171 Et
1661 2147 1730 2183 per
1757 2135 1832 2172 hoc
1858 2142 1961 2184 patet
1989 2135 2186 2184 responsio
2216 2135 2264 2172 ad
2293 2133 2454 2172 obiecta.

1587 2247 1612 2281 ὃ)
1633 2249 1669 2273 ia.
1688 2263 1706 2267 -
1724 2249 1828 2282 aliquid
1846 2250 1963 2280 BEFHR,
1982 2250 2020 2274 aa
2038 2232 2086 2282 pa,
2106 2257 2159 2274 om.
2179 2248 2262 2282 PpCK
2281 2254 2306 2273 et
2324 2256 2349 2273 a.

1586 2285 1608 2317 ε)
1628 2285 1781 2310 desiderare
1800 2287 1826 2309 et
1843 2291 1961 2317 sperare.
1978 2297 1998 2304 -
2016 2291 2125 2317 sperare
2142 2287 2170 2309 et
2188 2284 2342 2310 desiderare
2366 2283 2414 2308 Pa.
2431 2298 2451 2303 -
2469 2283 2599 2316 aliqum...

1533 2328 1642 2353 sperare
1660 2320 1722 2345 Om.
1741 2320 1810 2345 PLa.

1198 2475 1516 2537 ARTICULUS
1546 2474 1818 2526 QUARTUS

919 2557 1074 2588 UTRUM
1098 2558 1270 2595 ALIQUIS
1294 2558 1441 2590 possrr
1466 2558 1610 2589 ωριτε
1635 2558 1825 2589 SPERARE
1850 2558 1892 2588 IN
1917 2557 2088 2589 HOMINE

1018 2637 1092 2668 Infra,
1111 2645 1156 2670 qu.
1175 2645 1231 2668 xxv,
1255 2643 1301 2663 art.
1325 2646 1347 2668 1,
1365 2638 1396 2663 ad
1418 2637 1432 2662 3
1439 2645 1446 2668 ;
1467 2638 1611 2670 Compend.
1629 2637 1730 2667 Theol„
1751 2642 1819 2670 part.
1834 2637 1863 2669 n,
1883 2645 1938 2670 cap.
1957 2644 2002 2662 vu.

451 2755 454 2758 ι
471 2753 477 2758 .
537 2728 606 2763 wax(
626 2719 648 2744 D
670 2718 842 2750 QUARTUM
861 2719 914 2744 sm
934 2719 1174 2745 PROCEDITUR.
1194 2708 1354 2746 Videtur
1374 2708 1478 2758 quod

450 2751 601 2822 {JAQQJQ
629 2761 762 2808 aliquis
790 2760 908 2809 possit
936 2760 1031 2797 licite
1061 2773 1213 2810 sperare
1242 2761 1279 2798 in
1307 2761 1476 2798 homine.

439 2816 557 2863 ,55⁷4
579 2812 720 2864 (Spei
749 2814 850 2850 enim
880 2814 1071 2850 obiectum
1102 2822 1158 2851 est
1194 2814 1387 2851 beatitudo
1417 2825 1478 2850 ae-

423 2874 426 2878 '
477 2844 525 2895 ᾧ
589 2859 747 2905 terna.
778 2867 855 2904 Sed
888 2867 937 2910 ad
973 2867 1246 2905 beatitudinem
1285 2874 1477 2904 aeternam

420 2922 729 2971 consequendam
751 2921 980 2957 adiuvamur
1006 2920 1223 2969 patrociniis
1243 2928 1478 2957 sanctorum:

421 2977 508 3014 dicit
537 2976 636 3013 enim
666 2974 883 3022 Gregorius,
904 2974 939 3010 in
970 2975 982 3009 I
1012 2974 1113 3011 Dial.
1134 2977 1165 3021 ²¹²,
1194 2973 1299 3023 quod
1323 2973 1480 3021 praede-

418 3030 565 3067 stinatio
586 3029 736 3065 iuvatur
758 3027 932 3075 precibus
959 3033 1187 3064 sanctorum.
1218 3027 1318 3074 Ergo
1348 3026 1479 3075 aliquis

420 3090 544 3132 potest
573 3082 610 3118 in
638 3081 794 3117 homine
823 3092 987 3129 sperare.

475 3147 509 3172 2.
542 3136 773 3180 PRAETEREA,
794 3133 824 3169 si
852 3145 929 3169 non
959 3140 1084 3181 potest
1111 3132 1242 3181 aliquis
1271 3144 1422 3181 sperare
1443 3132 1479 3168 in

421 3188 589 3234 homine,
620 3199 699 3224 non
727 3193 824 3222 esset
852 3186 1105 3234 reputandum
1142 3185 1251 3222 alicui
1279 3185 1316 3222 in
1345 3185 1479 3222 vitium

422 3241 525 3290 quod
546 3241 583 3277 in
603 3253 650 3277 eo
670 3239 803 3288 aliquis
822 3251 973 3287 sperare
995 3251 1073 3276 non
1093 3238 1222 3288 possit.
1244 3238 1321 3275 Sed
1339 3239 1413 3275 hoc
1433 3238 1480 3276 de

421 3293 650 3342 quibusdam
672 3293 710 3329 in
728 3292 862 3328 vitium
883 3291 1031 3328 dicitur:
1062 3299 1104 3328 ut
1121 3299 1224 3340 patet
1243 3293 1376 3328 Ierem.
1394 3303 1428 3328 tx
1442 3291 1479 3328 *t

427 3346 687 3395 Unusquisque
723 3356 747 3382 a
769 3345 949 3394 proximo
985 3357 1053 3381 suo
1081 3357 1120 3381 se
1150 3345 1351 3390 custodiat,
1380 3350 1417 3381 et
1442 3345 1479 3381 in

423 3400 527 3436 omni
532 3401 663 3448 fratre
689 3409 757 3435 suo
785 3409 859 3434 non
879 3398 1014 3434 habeat
1029 3398 1228 3444 fiduciam.
1259 3398 1360 3445 Ergo
1385 3397 1480 3434 licite

422 3460 546 3501 potest
574 3451 706 3500 aliquis
734 3462 885 3500 sperare
914 3450 951 3486 in
980 3450 1147 3487 homine.

439 2721 460 2736 ρ

180 2990 191 3000 “
206 2989 262 3016 cap.
277 2993 326 3010 vui.

185 3304 192 3311 ·
209 3301 274 3323 Ven.
289 3307 313 3327 4.

1587 2709 1620 2744 3.
1650 2709 1892 2754 PRAETEREA,
1926 2707 2055 2756 petitio
2095 2714 2149 2744 est
2181 2706 2461 2756 interpretativa
2494 2707 2596 2757 spei,

1532 2760 1627 2797 sicut
1647 2760 1788 2798 dictum
1809 2767 1864 2796 est
1881 2759 1913 2796 ³⁸.
1944 2759 2020 2797 Sed
2047 2759 2143 2796 licite
2173 2767 2298 2808 potest
2315 2760 2435 2797 homo
2456 2760 2598 2809 aliquid
2626 2779 2634 2787 ·

1531 2821 1660 2863 petere
1677 2814 1724 2850 ab
1739 2813 1908 2850 homine.
1930 2813 2031 2860 Ergo
2047 2811 2142 2849 licite
2157 2820 2283 2862 potest
2297 2824 2450 2862 sperare
2466 2813 2514 2851 de
2535 2826 2595 2853 eo.

1589 2867 1662 2903 SED
1683 2877 1828 2903 CONTRA
1846 2877 1912 2902 EST
1931 2867 2036 2914 quod
2056 2865 2190 2903 dicitur
2210 2867 2343 2903 Ierem.
2363 2866 2488 2904 xvt1*:
2507 2867 2596 2904 Μα-
2627 2885 2634 2893 -

1533 2919 1685 2956 [edictus
1711 2920 1823 2956 homo
1852 2919 1917 2967 qui
1942 2916 2096 2966 confidit
2121 2919 2158 2956 in
2186 2921 2348 2957 homine.

1589 2973 1813 3009 Resposneo
1849 2983 2033 3010 DICENDUM
2062 2972 2166 3021 quod
2195 2985 2300 3022 speS,
2332 2972 2428 3009 sicut
2455 2972 2596 3010 dictum

1536 3034 1590 3062 est
1607 3025 1638 3071 ²¹⁸,
1660 3025 1737 3062 duo
1760 3025 1928 3074 respicit:
1960 3025 2099 3062 scilicet
2126 3026 2272 3063 bonum
2294 3025 2398 3075 quod
2427 3025 2596 3063 obtinere

1534 3078 1712 3124 intendit;
1738 3086 1773 3115 et
1797 3078 1976 3116 auxilium
1995 3090 2064 3127 per
2091 3079 2196 3127 quod
2224 3078 2313 3116 illud
2334 3079 2479 3116 bonum
2501 3078 2596 3116 obti-

1535 3139 1655 3169 netur.
1686 3132 1836 3168 Bonum
1867 3139 1992 3168 autem
2022 3132 2127 3180 quod
2157 3131 2239 3180 quis
2268 3139 2392 3180 sperat
2425 3131 2596 3169 obtinen-

1537 3186 1628 3222 dum
1653 3185 1767 3221 habet
1786 3184 1973 3221 rationem
1999 3196 2135 3222 causae
2160 3184 2305 3230 finalis;
2330 3184 2511 3221 auxilium
2531 3197 2596 3221 au-

1535 3246 1612 3274 tem
1642 3249 1710 3286 per
1737 3238 1841 3287 quod
1870 3237 1953 3286 quis
1983 3245 2107 3288 sperat
2134 3237 2223 3275 illud
2250 3238 2396 3275 bonum
2425 3237 2594 3284 obtinere

1535 3291 1650 3327 habet
1677 3290 1863 3328 rationem
1892 3302 2027 3328 causae
2057 3290 2264 3328 efficientis.
2295 3291 2338 3328 In
2364 3302 2501 3338 genere
2529 3301 2595 3327 au-

1535 3351 1613 3380 tem
1642 3343 1835 3391 utriusque
1865 3356 2001 3380 causae
2030 3343 2218 3380 invenitur
2240 3343 2446 3392 principale
2475 3350 2512 3379 et
2538 3355 2595 3379 se-

1537 3396 1772 3433 cundarium.
1802 3396 2021 3446 Principalis
2060 3396 2161 3433 enirn
2199 3396 2286 3433 finis
2314 3403 2369 3433 est
2399 3395 2485 3432 finis
2512 3395 2594 3432 ulti-

1536 3461 1642 3495 mus;
1673 3449 1917 3487 secundarius
1955 3457 2081 3486 autem
2119 3448 2205 3486 finis
2233 3456 2289 3486 est
2317 3449 2460 3485 bonum
2490 3447 2594 3497 quod
