2892 4056
430 221 506 266 408

432 451 593 472 ARTICULUS
607 451 616 470 1

608 529 628 548 11

608 607 640 626 111

609 725 638 743 tv

512 807 526 822 x>
607 803 626 822 V

607 920 637 939 VI

608 999 648 1018 vn

607 1116 659 1136 vm

431 1399 591 1422 ARTICULUS
605 1399 614 1418 1

512 1443 526 1458 >>
607 1438 627 1457 Π

513 1521 527 1536 »
608 1516 639 1536 m

607 1596 637 1615 tv

431 1920 592 1943 ARTICULUS
606 1910 626 1938 1‘

512 2199 526 2214 1ο
607 2186 626 2212 V

607 2233 636 2252 VI

609 2312 649 2332 vn

513 2395 527 2410 »
608 2384 659 2410 vm

515 2474 529 2489 ³>
611 2469 640 2489 IX

608 2548 627 2568 X

512 2631 526 2646 7>
607 2627 638 2646 11

607 2666 648 2686 XII

432 2972 592 2993 ARTICULUS
611 2972 622 2991 1

513 3015 527 3030 2
608 3011 630 3030 11

513 3093 527 3108 »
608 3089 639 3108 111

609 3129 638 3148 lv

433 3388 593 3409 ART1CULUS
608 3389 617 3408 1

608 3467 630 3486 11

766 296 955 330 QUAESTIO
982 295 1139 322 OCTAVA

752 364 801 392 De
829 362 918 391 dono
945 362 1148 391 intellectus,

675 442 776 469 Utrum
804 441 961 468 intellectus
989 439 1023 467 sit
1049 440 1159 466 donum
1182 438 1303 475 Spiritus

707 479 802 508 Sancti
819 498 1302 507 .................
1327 486 1400 516 pag.

678 520 779 547 Utrum
801 519 910 546 donum
931 518 1087 545 intellectus
1107 517 1199 554 possit
1219 516 1303 544 simul

707 567 767 588 esse
793 567 858 586 cum
883 557 939 585 fide
961 577 1301 585 ............

679 598 781 625 Utrum
811 596 968 624 intellectus
990 595 1039 632 qui
1066 602 1108 623 est
1129 595 1239 623 donum
1267 595 1303 623 sit

706 636 894 672 speculativus
918 642 1044 670 tantum,
1073 644 1109 662 an
1131 635 1217 663 etiam
1238 644 1302 671 pra-

707 675 794 703 cticus
817 695 1301 702 .................

678 716 780 743 Utrum
795 715 905 742 donum
920 714 1078 742 intellectus
1093 714 1159 741 insit
1170 713 1304 741 omnibus

705 753 876 782 habentibus
896 753 1017 790 gratiam
1026 773 1301 781 ..........

676 794 778 821 Utrum
807 794 917 820 donum
952 793 1110 820 intellectus
1144 791 1304 820 inveniatur

707 832 793 860 etiam
827 832 857 859 in
888 841 948 860 non
979 832 1148 860 habentibus
1183 831 1303 868 gratiam

705 878 818 908 gratum
838 871 986 899 facientem
998 891 1303 899 ...........

676 912 778 939 Utrum
800 911 910 939 donum
936 911 1095 938 intellectus
1116 910 1305 947 distinguatur

707 951 743 978 ab
768 949 830 978 aliis
855 949 940 978 donis
962 970 1302 978 ............

677 991 780 1018 Utrum
816 990 895 1017 dono
934 989 1093 1017 intellectus
1133 989 1306 1025 respondeat

706 1035 784 1057 sexta
797 1028 954 1063 beatitudo,
970 1029 1087 1057 scilicet:
1102 1029 1186 1057 Beati
1197 1028 1303 1056 mundo

706 1069 802 1102 corde,
824 1068 957 1105 quoniam
979 1068 1034 1106 ipsi
1047 1069 1144 1096 Deum
1159 1068 1302 1096 videbunt.

677 1109 780 1136 Utrum
807 1107 837 1135 in
863 1107 1000 1136 fructibus
1031 1107 1102 1136 fides
1133 1107 1305 1143 respondeat

706 1148 785 1175 dono
807 1147 965 1175 intellectus
967 1168 1213 1175 .........
1228 1167 1242 1184 ‚·
1266 1167 1272 1173 .
1296 1167 1302 1173 .

796 1233 987 1268 QUAESTIO
1009 1233 1116 1261 NONA

764 1307 813 1336 De
846 1305 936 1335 dono
970 1306 1143 1335 scientiae.

674 1389 776 1416 Utrum
798 1386 915 1415 scientia
935 1386 971 1414 sit
992 1387 1102 1414 donum
1118 1408 1302 1414 .......

677 1429 779 1456 Utrum
807 1426 940 1454 scientiae
962 1426 1072 1454 donum
1100 1425 1136 1454 sit
1161 1426 1235 1454 circa
1259 1434 1304 1454 res

706 1466 816 1495 divinas
846 1486 1302 1494 ................

678 1508 781 1535 Utrum
815 1505 948 1534 scientiae
975 1505 1087 1533 donum
1121 1504 1157 1532 sit
1188 1504 1304 1533 scientia

727 1552 831 1574 raetica
843 1565 1303 1573 ................

676 1556 779 1614 Πὲυπι
794 1585 873 1612 dono
888 1583 1022 1612 scientiae
1035 1584 1208 1619 respondeat
1221 1583 1304 1611 tertia

706 1624 862 1658 beatitudo,
884 1623 1003 1651 scilicet:
1029 1623 1114 1651 Beati
1127 1623 1175 1660 qui
1196 1623 1304 1661 lugent,

707 1663 839 1701 quoniam
868 1663 923 1700 ipsi
950 1662 1174 1690 consolabuntur
1176 1683 1302 1690 .....

778 1748 969 1783 QUAESTIO
991 1748 1136 1775 DECIMA

694 1822 745 1852 De
764 1820 961 1851 infidelitate
981 1821 1016 1849 in
1037 1821 1216 1850 communi.

680 1909 782 1936 Utrum
804 1905 954 1934 infidelitas
979 1904 1015 1933 sit
1034 1911 1184 1941 peccatum
1207 1926 1213 1932 .
1237 1926 1243 1932 .
1267 1926 1273 1932 .
1297 1926 1303 1932 .

678 1949 780 1976 Utrum
802 1944 953 1973 infidelitas
974 1944 1009 1972 sit
1025 1944 1055 1971 in
1069 1943 1214 1972 intellectu
1235 1944 1307 1972 sicut

709 1986 738 2014 in
759 1984 910 2013 subiecto.
934 2005 941 2012 .
964 2006 971 2012 .
995 2006 1001 2012 .
1024 2005 1032 2011 .
1054 1997 1061 2011 ¹.
1084 2004 1302 2012 ........

679 2027 782 2055 Utrum
803 2023 954 2052 infidelitas
975 2023 1010 2051 sit
1027 2023 1185 2051 maximum
1206 2031 1306 2060 pecca-

705 2072 803 2093 torum
819 2083 1304 2091 .................

686 2105 790 2133 Utrum
818 2103 913 2131 omnis
934 2102 1014 2139 actio⁴
1036 2101 1158 2129 infidelis
1184 2101 1219 2129 sit
1239 2110 1306 2137 pec-

707 2150 803 2172 catum
817 2162 1304 2171 .................

686 2184 789 2212 Utru‘m
811 2182 867 2210 sint
884 2182 979 2219 plures
999 2179 1173 2211 infidelitatis
1187 2179 1304 2217 species.

682 2224 785 2252 Utrum
806 2221 958 2250 infidelitas
979 2220 1127 2258 gentilium
1148 2225 1199 2248 seu
1219 2229 1305 2256 paga—

702 2266 814 2290 'nor'um
834 2261 870 2294 sit
883 2260 990 2289 'ceteris
1010 2259 1124 2297 gravior
1144 2280 1304 2287 ......

688 2304 791 2331 Utrum
811 2298 851 2328 sit'
861 2309 927 2328 cum
941 2299 1102 2328 infidelibus
1122 2298 1235 2335 publice
1250 2298 1307 2326 dis-

707 2339 869 2378 putandum
897 2359 1304 2369 ..............

689 2382 792 2409 Utrum
819 2378 950 2407 infideles
975 2377 1167 2414 compellendi
1193 2377 1250 2405 sint
1270 2377 1307 2405 ad

685 2420 794 2488 Uias-iiiut?
818 2440 883 2486 cuni
914 2457 1074 2485 infidelibus
1105 2455 1196 2493 possit
1226 2465 1305 2484 com-

710 2497 850 2527 municasl
872 2516 1304 2525 ..............

687 2539 791 2566 Utrum
812 2536 941 2565 infideles
962 2535 1073 2573 possint
1097 2518 1212 2563 habere·
1222 2542 1305 2571 prae-

706 2577 845 2605 lationem
859 2585 910 2604 seu
924 2574 1084 2604 dominium
1094 2583 1186 2621 ‘supra
1196 2574 1303 2602 fideles.

684 2618 787 2645 Utrum
808 2615 966 2644 infidelium
988 2615 1057 2643 ritus
1079 2615 1135 2644 sint
1153 2613 1303 2643 tolerandi.

688 2658 790 2685 Utrum
818 2655 900 2692 pueri
927 2655 1099 2683 Iudaeorum
1127 2660 1154 2682 et
1181 2653 1304 2682 aliorum

707 2695 863 2724 infidelium
886 2695 941 2722 sint
961 2694 1055 2722 invitis
1075 2693 1241 2730 parentibus
1255 2693 1305 2720 ba-

707 2734 832 2772 ptizandi
849 2753 1303 2762 ................

747 2820 938 2856 QUAESTIO
967 2819 1166 2847 UNDECIMA

845 2886 894 2915 De
913 2873 1062 2915 haeresi.

686 2963 789 2991 Utrum
804 2961 927 2989 haeresis
947 2961 982 2988 sit
995 2959 1169 2988 infidelitatis
1187 2958 1303 2995 species.

684 3003 786 3030 Utrum
814 3000 938 3029 haeresis
966 3000 1002 3028 sit
1028 2999 1143 3036 proprie
1167 2998 1242 3027 circa
1271 3006 1304 3026 ea

708 3050 781 3077 quae
802 3047 868 3068 sunt
888 3039 954 3068 fidei
967 3058 1302 3068 ............

685 3082 787 3108 Utrum
808 3079 941 3108 haeretici
966 3079 1022 3107 sint
1042 3078 1183 3107 tolerandi
1206 3099 1212 3105 .
1236 3098 1242 3104 .
1266 3098 1272 3104 .
1296 3098 1302 3104 .

688 3121 790 3147 Utrum
812 3125 982 3147 revertentes
1002 3118 1039 3146 ab
1060 3117 1169 3146 haeresi
1191 3117 1247 3145 sint
1267 3117 1303 3144 ab

708 3158 833 3186 Ecclesia
852 3157 1007 3194 recipiendi
1029 3177 1303 3185 ..........

740 3235 929 3270 QUAESTIO
951 3234 1178 3262 DUODECIMA

824 3302 873 3331 De
893 3302 1085 3338 apostasia.
1167 3280 1170 3282 -

688 3380 797 3407 Utrum'
812 3378 956 3415 apostasia
982 3378 1120 3414 pertineat
1147 3379 1183 3406 ad
1204 3378 1304 3407 infide-

708 3419 814 3447 litatem
818 3438 1304 3446 .................

688 3459 790 3491 Utrum
811 3457 943 3494 princeps
964 3463 1080 3493 propter
1095 3457 1268 3493 apostasiam
1289 3465 1306 3485 a

681 3503 683 3505 '
707 3497 764 3525 fide
790 3496 900 3524 amittat
920 3496 1081 3524 dominium
1109 3496 1138 3523 in
1166 3496 1304 3531 subditos,

709 3537 747 3564 ita
768 3537 847 3572 quod
872 3535 897 3564 ei
919 3535 1036 3563 obedire
1062 3544 1123 3563 non
1144 3541 1302 3563 teneantur.

1365 567 1379 582 »

1367 3047 1381 3062 >>

1424 218 1587 254 INDEX

1445 2966 1480 2993 97

1444 3035 1481 3071 98

1367 3087 1381 3100 >>
1429 3084 1481 3102 100

1367 3165 1381 3179 1)
1429 3162 1476 3180 101

1368 3429 1382 3443 »
1429 3418 1480 3445 103

1367 3546 1380 3560 »
1428 3536 1478 3563 105

1823 296 2013 330 QUAESTIO
2035 297 2322 327 DECIMATERTIA

1787 353 1838 383 De
1866 355 2080 390 blasphemia
2109 356 2144 384 in
2174 357 2334 391 generali.

1534 430 1697 452 ARthuws
1709 432 1720 451 1
1790 424 1891 451 Utrum
1913 424 2091 460 blasphemia
2116 432 2281 462 opponatur
2299 426 2411 455 confes-

1810 462 1885 490 sioni
1906 463 1973 491 fidei
1979 484 2406 494 ...............
2424 474 2497 505 pag.
2535 476 2588 504 107

1712 509 1734 529 11
1793 502 1895 529 Utrum
1906 502 2084 538 blasphemia
2094 512 2207 540 semper
2217 503 2253 531 sit
2263 511 2412 541 peccatum

1728 580 1730 582 Ι
1813 542 1933 569 mortale
1952 563 2411 572 ................
2475 555 2489 570 »
2536 553 2589 581 ¹09

1712 587 1744 607 m
1793 580 1895 624 Utrum
1915 587 2066 618 peccatum
2087 582 2281 619 blasphemiae
2301 582 2337 611 sit
2350 592 2411 612 ma-

1811 628 1921 647 ximum
1942 626 2090 656 peccatum
2098 642 2409 650 ...........
2550 622 2589 650 ib.

1713 666 1743 686 1v
1793 659 1895 687 Utrum
1917 659 2044 688 damnati
2065 660 2266 696 blasphement
2284 682 2411 690 .....
2475 673 2489 687 »
2536 671 2585 690 111

1804 730 1995 764 QUAESTIO
2017 731 2323 766 DECIMAQUARTA

1701 788 1751 818 De
1770 782 1985 825 blasphemia
2004 782 2223 827 iffispiritum
2244 790 2421 821 Sanctum.

1535 862 1698 888 Annoums
1711 868 1723 888 1
1792 861 1895 888 Utrum
1915 867 2064 897 peecatum
2078 861 2109 890 in
2123 862 2260 898 Spiritum
2275 863 2413 891 Sanctum

1813 899 1849 927 sit
1879 900 1956 928 idem
1983 902 2063 937 quod
2089 908 2238 938 peccatum
2270 911 2304 930 ex
2334 909 2412 931 certa

1813 939 1922 968 malitia
1948 961 2411 970 ................
2476 954 2490 968 »
2537 950 2590 971 112

1713 986 1735 1006 11
1794 978 1897 1007 Utrum
1928 979 2131 1008 convenienter
2155 980 2335 1017 assignentur
2365 990 2414 1009 sex

1813 1018 1921 1054 species
1942 1019 2051 1055 peccati
2070 1019 2100 1047 in
2114 1019 2250 1056 Spiritum
2266 1021 2412 1048 Sanctum.
2475 1031 2490 1046 a»
2537 1029 2592 1056 114

1618 1067 1632 1082 »
1714 1063 1747 1085 m
1791 1058 1894 1086 Utrum
1912 1065 2062 1094 peccatum
2076 1059 2109 1091 ,in
2123 1059 2262 1095 Spiritum
2275 1061 2413 1088 Sanctum

1813 1097 1849 1124 sit
1872 1097 2064 1126 irremissibile
2068 1119 2412 1128 ............
2475 1110 2489 1125 w
2537 1109 2546 1127 1
2557 1100 2588 1127 15

1714 1143 1745 1162 rv
1786 1136 1895 1169 ,Utrum
1926 1137 2016 1164 horno
2047 1137 2138 1173 possit
2168 1137 2262 1173 primo
2294 1147 2412 1175 peccare

1814 1175 1843 1202 in
1864 1175 2002 1211 Spiritum
2023 1176 2174 1211 Sanctum,
2196 1186 2256 1205 non
2277 1187 2414 1214 praesup-

1812 1214 1912 1250 positis
1933 1215 1995 1243 aliis
2020 1216 2144 1251 peccatis
2165 1237 2412 1246 .........
2475 1228 2490 1242 2·
2536 1218 2590 1245 116

1808 1281 1998 1315 QUAESTIO
2025 1282 2290 1317 DECIMAQUINT
2290 1284 2316 1311 A

1652 1337 1702 1366 De
1722 1338 1890 1367 caecitate
1910 1339 2035 1368 mentis
2057 1340 2093 1368 et
2111 1338 2316 1369 hebetudine
2337 1346 2474 1370 sensus.

1536 1409 1698 1430 Aancuws
1711 1411 1723 1430 1
1793 1404 1895 1431 Utrum
1921 1403 2040 1432 caecitas
2068 1404 2171 1432 mentis
2197 1404 2233 1432 sit
2253 1411 2411 1441 peccatum.
2475 1417 2490 1431 ιο
2538 1406 2590 1434 118

1617 1452 1632 1467 »
1713 1450 1735 1470 11
1793 1443 1895 1487 Utrum
1926 1443 2070 1488 hebetudo
2103 1453 2204 1472 sensus
2231 1443 2267 1471 sit
2293 1444 2371 1472 aliud
2397 1453 2414 1472 a

1813 1488 1947 1510 caecitate
1969 1488 2072 1511 mentis
2075 1500 2412 1512 ............
2475 1495 2491 1511 υ
2512 1488 2547 1512 .'1
2557 1489 2601 1521 ιφ.

1618 1531 1632 1546 x·
1714 1529 1745 1548 111
1795 1521 1898 1549 Utrum
1929 1522 2049 1550 caecitas
2080 1522 2184 1550 mentis
2215 1529 2244 1550 et
2269 1523 2413 1551 hebetudo

1814 1569 1914 1589 sensus
1925 1561 2054 1589 oriantur
2064 1571 2098 1590 ex
2108 1562 2231 1598 peccatis
2243 1562 2417 1591 carnalibus.'
2477 1573 2492 1590 ι
2537 1567 2601 1593 ησέ

1819 1633 2010 1667 QUAESTlo
2037 1634 2309 1663 DECIMASEXTA

1645 1692 1694 1721 De
1713 1693 1909 1729 praeceptis
1928 1692 2016 1738 fidei,
2037 1693 2202 1723 scientiae
2222 1696 2258 1723 et
2277 1695 2480 1724 intellectus.

1536 1771 1698 1791 ARthULus
1711 1772 1722 1792 1
1792 1765 1895 1792 Utrum
1922 1757 1952 1792 in
1973 1762 2061 1792 veteri
2087 1765 2148 1801 lege
2177 1764 2327 1793 debuerint
2353 1765 2414 1794 dari

1813 1810 1965 1840 praecepta
1985 1804 2120 1832 credendi
2136 1825 2413 1834 ..........
2477 1817 2490 1832 »
2538 1813 2586 1834 121

1714 1845 1736 1871 11
1791 1843 1893 1871 Utrum
1913 1843 1943 1871 in
1957 1842 2044 1872 veteri
2057 1842 2119 1880 lege
2133 1843 2337 1872 convenienter
2357 1851 2414 1872 tra·
2484 1845 2486 1848 ’
2550 1847 2599 1866 ’Ἃ

1814 1882 1918 1913 dantur
1928 1888 2079 1919 praecepta
2089 1882 2262 1921 pertinentia
2274 1883 2312 1912 ad
2322 1883 2414 1911 scien*

1813 1921 1882 1951 tiam
1904 1926 1932 1950 et
1952 1922 2139 1950 intellectum.
2162 1943 2170 1950 .
2188 1954 2190 1958 μ
2195 1943 2413 1951 ........
2476 1934 2491 1949 a
2538 1930 2592 1951 122

1802 1994 1994 2029 QUAESTIO
2015 1990 2327 2024 DECIMASEPTIMA

1988 2053 2038 2084 De
2063 2061 2137 2090 spe.

1536 2132 1724 2153 AR‘rtcumst
1792 2125 1895 2154 Utrum
1915 2134 1980 2162 spes
2001 2124 2037 2154 sit
2057 2125 2145 2154 virtus
2166 2145 2174 2154 .
2197 2146 2203 2154 .
2226 2147 2233 2154 .
2256 2147 2263 2154 .
2284 2106 2299 2153 2²
2317 2146 2324 2156 ‚
2345 2147 2352 2154 .
2376 2146 2383 2154 .
2406 2147 2413 2153 .
2477 2136 2491 2151 ω
2538 2133 2593 2161 ¹24

1619 2175 1634 2190 »
1715 2173 1736 2192 11
1792 2165 1895 2192 Utrum
1915 2157 2062 2192 beatitudi)
2083 2170 2199 2201 aeterna
2212 2164 2248 2199 sit
2267 2158 2414 2206 obiectum

1766 2228 1768 2230 ,
1813 2203 1964 2240 proprium
1984 2204 2044 2240 spei
2047 2225 2413 2233 .............
2477 2215 2491 2230 n
2538 2204 2590 2232 125

1619 2253 1632 2268 »
1714 2251 1746 2271 111
1795 2243 1900 2271 Utrum
1929 2242 2031 2281 aliquis
2064 2242 2156 2280 possit
2187 2252 2302 2280 sperare
2335 2236 2415 2272 alteri

1813 2282 2020 2311 beatitudinem
2041 2289 2232 2312 aeternam..
2255 2304 2262 2311 .
2477 2294 2492 2309 »
2538 2283 2592 2311 126

1714 2329 1744 2349 tv
1794 2322 1897 2350 Utrum
1918 2318 2020 2358 aliquis
2043 2322 2134 2358 possit
2154 2321 2229 2352 licite
2233 2304 2364 2369 sperare
2374 2303 2415 2350 iti

1815 2361 1934 2389 homine
1954 2382 2413 2392 ................
2477 2372 2491 2387 11
2554 2361 2594 2390 ib.

1713 2408 1733 2427 v
1792 2396 1896 2428 Utrum
1917 2409 1981 2439 spes
2003 2399 2039 2428 sit
2058 2400 2147 2429 virtus
2167 2390 2492 2446 theologica.»
2538 2407 2592 2438 127

1714 2448 1745 2467 Ἦ
1795 2439 1898 2468 Utrum
1919 2449 1983 2478 spes
1998 2439 2034 2468 sit
2047 2439 2135 2469 virtus
2155 2439 2289 2469 distincta
2302 2441 2338 2474 ab
2353 2422 2415 2469 aliis

1812 2478 1964 2508 virtutibus
1984 2478 2154 2516 theologicis
2166 2500 2412 2508 .........
2477 2490 2492 2506 ι»
2538 2479 2588 2507 131

1618 2529 1632 2543 »
1713 2516 1755 2546 vu
1794 2519 1897 2547 Utrum
1918 2528 1983 2563 spes
2003 2489 2156 2555 praecedat
2177 2516 2280 2548 fidem*
2287 2541 2412 2548 .....
2477 2530 2491 2545 »
2538 2519 2592 2547 132

1618 2568 1632 2583 »
1713 2566 1764 2586 vm
1794 2559 1896 2586 Utrum
1917 2558 2018 2587 caritas
2039 2558 2075 2586 sit
2095 2558 2174 2596 prior
2194 2568 2245 2596 spe
2256 2581 2413 2587 ......
2477 2570 2492 2584 ιι
2538 2558 2591 2586 133

1802 2631 1995 2672 QUAEVSTIO
2013 2631 2323 2674 *DECIMAOCTAVA

1898 2684 1946 2720 De
1968 2690 2124 2721 subiecto
2140 2682 2230 2728 spei.

1535 2762 1698 2782 Anrtcums
1712 2762 1723 2781 1
1792 2754 1895 2782 Uu-um
1920 2761 1985 2790 apes
2006 2754 2042 2782 sit
2066 2752 2097 2781 in
2117 2753 2266 2782 voluntate
2290 2753 2364 2782 sicut
2383 2753 2414 2782 in

1813 2793 1942 2821 subiecto
1951 2813 2411 2821 ................
2475 2804 2490 2819 x»
2537 2794 2592 2829 134

1617 2844 1631 2859 »
1713 2839 1735 2860 n
1794 2833 1897 2860 Utrum
1918 2841 1983 2868 spes
2003 2832 2039 2860 sit
2063 2832 2093 2859 in
2114 2831 2205 2860 beatis
2227 2853 2412 2860 .......
2476 2843 2491 2859 1
2537 2833 2589 2862 135

1714 2879 1747 2900 m
1792 2872 1894 2900 Utrum
1916 2880 1981 2909 spes
2001 2872 2038 2900 sit
2057 2871 2087 2899 in
2108 2871 2251 2900 damnatis
2253 2892 2410 2899 ......
2475 2883 2489 2898 »
2537 2873 2590 2901 136

1618 2923 1632 2938 »
1713 2917 1744 2940 tv
1791 2911 1894 2940 Utrum
1924 2919 1989 2948 spes
2019 2910 2162 2939 viatorum
2194 2911 2297 2939 habeat
2330 2911 2412 2939 certi-

1813 2951 1941 2979 tudinem
1955 2968 2411 2979 ................
2476 2962 2490 2977 »
2537 2951 2591 2988 137

1826 3018 2019 3053 QUAESTIO
2045 3017 2300 3047 DECIMANONA

1899 3076 1949 3122 De
1970 3075 2061 3106 douo
2080 3076 2226 3106 umoris.

1534 3150 1697 3171 Anncums
1711 3150 1722 3170 1
1745 3165 1748 3167 1
1791 3142 1895 3169 Utrum
1915 3142 1993 3168 Deus
2014 3140 2106 3177 possit
2122 3140 2220 3170 'timeri
2221 3161 2410 3168 .......
2475 3152 2489 3166 a»
2537 3141 2590 3169 138

1713 3189 1734 3209 11
1791 3181 1895 3209 Utrum
1925 3179 2012 3208 timor
2041 3180 2245 3209 convenienter
2271 3180 2414 3208 dividatur

1815 3220 1844 3248 in
1874 3219 2006 3255 filialem,
2038 3219 2192 3255 initialem,
2222 3219 2363 3249 sewilem
2385 3225 2413 3247 et

1813 3260 1993 3287 mundanum
2016 3276 2412 3288 ..............
2475 3269 2489 3284 ι
2536 3258 2590 3295 139

1713 3306 1746 3328 m
1792 3299 1895 3327 Utrum
1925 3298 2012 3327 timor
2039 3299 2203 3327 mundanus
2233 3298 2270 3327 sit
2299 3306 2413 3335 semper

1813 3338 1905 3366 malus
1920 3357 2409 3366 .................
2473 3347 2488 3362 »
2535 3345 2590 3372 14⁰

1618 3389 1631 3404 »
1712 3386 1744 3406 tv
1792 3378 1896 3406 Utrum
1916 3377 2005 3405 timor
2023 3376 2131 3405 servilis
2152 3377 2189 3406 sit
2209 3378 2318 3406 bonus.
2342 3398 2349 3404 .
2372 3395 2380 3405 .
2402 3394 2410 3405 1
2474 3387 2489 3402 »
2536 3385 2584 3411 141

1617 3428 1631 3443 »
1711 3425 1733 3444 v
1792 3418 1895 3445 Utrum
1916 3416 2003 3445 timor
2023 3416 2131 3445 servilis
2151 3416 2188 3444 sit
2203 3416 2281 3445 idern
2301 3416 2331 3445 in
2345 3417 2411 3444 sub-

1812 3455 1916 3484 stantia
1936 3464 2003 3484 mm
2023 3455 2128 3484 timore
2154 3455 2233 3485 filiali
2254 3473 2411 3484 ......
2474 3465 2488 3480 ν
2536 3459 2604 3488 ¹42.

1713 3504 1744 3524 vx
1794 3496 1896 3523 Utrum
1923 3495 2012 3523 timor
2037 3495 2145 3523 servilis
2171 3501 2319 3525 remaneat
2345 3503 2411 3523 cum
2535 3531 2587 3566 143

1813 3534 1930 3563 caritate
1952 3554 2409 3564 ................
2473 3542 2488 3557 »
