<?xml version="1.0" encoding="UTF-8"?>
<!DOCTYPE html PUBLIC "-//W3C//DTD XHTML 1.0 Transitional//EN"
    "http://www.w3.org/TR/xhtml1/DTD/xhtml1-transitional.dtd">
<html xmlns="http://www.w3.org/1999/xhtml" xml:lang="en" lang="en">
 <head>
  <title>
</title>
<meta http-equiv="Content-Type" content="text/html;charset=utf-8" />
  <meta name='ocr-system' content='tesseract 3.04.00' />
  <meta name='ocr-capabilities' content='ocr_page ocr_carea ocr_par ocr_line ocrx_word'/>
</head>
<body>
  <div class='ocr_page' id='page_1' title='image "./operaomniaiussui08thom_0442.png"; bbox 0 0 2892 4056; ppageno 0'>
   <div class='ocr_carea' id='block_1_1' title="bbox 442 233 1920 286">
    <p class='ocr_par' dir='ltr' id='par_1_1' title="bbox 442 233 1920 286">
     <span class='ocr_line' id='line_1_1' title="bbox 442 233 1920 286; baseline -0.004 -11"><span class='ocrx_word' id='word_1_1' title='bbox 442 239 517 286; x_wconf 84' lang='lat'>394</span> <span class='ocrx_word' id='word_1_2' title='bbox 1122 234 1386 281; x_wconf 90' lang='lat' dir='ltr'>QUAESTIO</span> <span class='ocrx_word' id='word_1_3' title='bbox 1418 234 1518 281; x_wconf 83' lang='lat' dir='ltr'>LIII,</span> <span class='ocrx_word' id='word_1_4' title='bbox 1548 233 1842 271; x_wconf 92' lang='lat' dir='ltr'>ARTICULUS</span> <span class='ocrx_word' id='word_1_5' title='bbox 1870 233 1920 269; x_wconf 92' lang='lat' dir='ltr'>VI</span> 
     </span>
    </p>
   </div>
   <div class='ocr_carea' id='block_1_2' title="bbox 441 310 2843 623">
    <p class='ocr_par' dir='ltr' id='par_1_2' title="bbox 441 310 2843 623">
     <span class='ocr_line' id='line_1_2' title="bbox 441 310 2619 364; baseline -0.002 -11"><span class='ocrx_word' id='word_1_6' title='bbox 441 316 545 352; x_wconf 85' lang='lat' dir='ltr'>audit</span> <span class='ocrx_word' id='word_1_7' title='bbox 571 316 718 364; x_wconf 84' lang='lat' dir='ltr'>quidem</span> <span class='ocrx_word' id='word_1_8' title='bbox 747 316 941 359; x_wconf 75' lang='lat' dir='ltr'>rationem,</span> <span class='ocrx_word' id='word_1_9' title='bbox 969 314 1035 350; x_wconf 83' lang='lat' dir='ltr'>sed</span> <span class='ocrx_word' id='word_1_10' title='bbox 1061 324 1135 349; x_wconf 89' lang='lat' dir='ltr'>non</span> <span class='ocrx_word' id='word_1_11' title='bbox 1154 314 1341 361; x_wconf 69' lang='lat' dir='ltr'>perfecte:</span> <span class='ocrx_word' id='word_1_12' title='bbox 1370 312 1497 349; x_wconf 88' lang='lat' dir='ltr'>incon·</span> <span class='ocrx_word' id='word_1_13' title='bbox 1550 311 1827 348; x_wconf 87' lang='lat' dir='ltr'>vertibilitatem</span> <span class='ocrx_word' id='word_1_14' title='bbox 1856 310 1973 347; x_wconf 88' lang='lat' dir='ltr'>animi</span> <span class='ocrx_word' id='word_1_15' title='bbox 2001 310 2051 347; x_wconf 87' lang='lat' dir='ltr'>ad</span> <span class='ocrx_word' id='word_1_16' title='bbox 2077 310 2237 348; x_wconf 85' lang='lat' dir='ltr'>diversa.</span> <span class='ocrx_word' id='word_1_17' title='bbox 2266 312 2377 348; x_wconf 88' lang='lat' dir='ltr'>Unde</span> <span class='ocrx_word' id='word_1_18' title='bbox 2406 319 2442 348; x_wconf 91' lang='lat' dir='ltr'>et</span> <span class='ocrx_word' id='word_1_19' title='bbox 2460 313 2619 354; x_wconf 12' lang='lat' dir='ltr'>Teren-r</span> 
     </span>
     <span class='ocr_line' id='line_1_3' title="bbox 441 362 2843 415; baseline -0.002 -10"><span class='ocrx_word' id='word_1_20' title='bbox 441 368 559 405; x_wconf 78' lang='lat' dir='ltr'>linens</span> <span class='ocrx_word' id='word_1_21' title='bbox 594 373 717 404; x_wconf 87' lang='lat' dir='ltr'>autem</span> <span class='ocrx_word' id='word_1_22' title='bbox 761 365 1076 415; x_wconf 83' lang='lat' dir='ltr'><em>concupiscentiae</em></span> <span class='ocrx_word' id='word_1_23' title='bbox 1111 365 1270 401; x_wconf 88' lang='lat' dir='ltr'>totaliter</span> <span class='ocrx_word' id='word_1_24' title='bbox 1301 376 1384 401; x_wconf 89' lang='lat' dir='ltr'>eam</span> <span class='ocrx_word' id='word_1_25' title='bbox 1421 377 1494 401; x_wconf 87' lang='lat' dir='ltr'>non</span> <span class='ocrx_word' id='word_1_26' title='bbox 1550 364 1622 400; x_wconf 93' lang='lat' dir='ltr'>tius</span> <span class='ocrx_word' id='word_1_27' title='bbox 1651 363 1749 410; x_wconf 78' lang='lat' dir='ltr'>dicit,</span> <span class='ocrx_word' id='word_1_28' title='bbox 1770 363 1808 399; x_wconf 90' lang='lat' dir='ltr'>in</span> <span class='ocrx_word' id='word_1_29' title='bbox 1834 363 2019 399; x_wconf 84' lang='lat' dir='ltr'><em>Eunucho</em></span> <span class='ocrx_word' id='word_1_30' title='bbox 2038 362 2074 409; x_wconf 65' lang='lat'>²¹²,</span> <span class='ocrx_word' id='word_1_31' title='bbox 2105 363 2210 411; x_wconf 89' lang='lat' dir='ltr'>quod</span> <span class='ocrx_word' id='word_1_32' title='bbox 2239 363 2276 400; x_wconf 86' lang='lat' dir='ltr'>in</span> <span class='ocrx_word' id='word_1_33' title='bbox 2302 375 2436 401; x_wconf 89' lang='lat' dir='ltr'>amore</span> <span class='ocrx_word' id='word_1_34' title='bbox 2461 370 2516 401; x_wconf 80' lang='lat' dir='ltr'>est</span> <span class='ocrx_word' id='word_1_35' title='bbox 2531 364 2606 401; x_wconf 80' lang='lat' dir='ltr'><em>bel·</em></span> <span class='ocrx_word' id='word_1_36' title='bbox 2634 367 2734 394; x_wconf 56' lang='lat' dir='ltr'>&#39;Am-¹¹</span> <span class='ocrx_word' id='word_1_37' title='bbox 2754 374 2843 390; x_wconf 52' lang='grc' dir='ltr'>ΜΝ·</span> 
     </span>
     <span class='ocr_line' id='line_1_4' title="bbox 441 415 2235 464; baseline -0.002 -7"><span class='ocrx_word' id='word_1_38' title='bbox 441 421 554 458; x_wconf 86' lang='lat' dir='ltr'>audit.</span> <span class='ocrx_word' id='word_1_39' title='bbox 1522 431 1524 451; x_wconf 64' lang='lat' dir='ltr'><strong><em>z</em></strong></span> <span class='ocrx_word' id='word_1_40' title='bbox 1550 416 1644 462; x_wconf 84' lang='lat' dir='ltr'>lum,</span> <span class='ocrx_word' id='word_1_41' title='bbox 1674 421 1710 452; x_wconf 87' lang='lat' dir='ltr'>et</span> <span class='ocrx_word' id='word_1_42' title='bbox 1735 427 1866 452; x_wconf 83' lang='lat' dir='ltr'>rursus</span> <span class='ocrx_word' id='word_1_43' title='bbox 1886 427 1972 464; x_wconf 87' lang='lat' dir='ltr'>pax</span> <span class='ocrx_word' id='word_1_44' title='bbox 1997 421 2034 452; x_wconf 88' lang='lat' dir='ltr'>et</span> <span class='ocrx_word' id='word_1_45' title='bbox 2059 415 2235 454; x_wconf 84' lang='lat' dir='ltr'>indutiae.</span> 
     </span>
     <span class='ocr_line' id='line_1_5' title="bbox 492 467 2605 521; baseline -0.002 -11"><span class='ocrx_word' id='word_1_46' title='bbox 492 475 550 510; x_wconf 84' lang='lat' dir='ltr'>AD</span> <span class='ocrx_word' id='word_1_47' title='bbox 579 483 766 509; x_wconf 75' lang='lat' dir='ltr'>SECUNDUM</span> <span class='ocrx_word' id='word_1_48' title='bbox 793 482 976 508; x_wconf 75' lang='lat' dir='ltr'>DiCENnuM</span> <span class='ocrx_word' id='word_1_49' title='bbox 1014 470 1117 518; x_wconf 91' lang='lat' dir='ltr'>quod</span> <span class='ocrx_word' id='word_1_50' title='bbox 1147 469 1259 506; x_wconf 84' lang='lat' dir='ltr'>etiarn</span> <span class='ocrx_word' id='word_1_51' title='bbox 1298 469 1494 518; x_wconf 87' lang='lat' dir='ltr'>duplicitas</span> <span class='ocrx_word' id='word_1_52' title='bbox 1522 474 1524 521; x_wconf 45' lang='lat' dir='ltr'><em>J</em></span> <span class='ocrx_word' id='word_1_53' title='bbox 1602 470 1661 505; x_wconf 84' lang='lat' dir='ltr'>An</span> <span class='ocrx_word' id='word_1_54' title='bbox 1689 479 1848 505; x_wconf 65' lang='lat' dir='ltr'>‘ram-mm</span> <span class='ocrx_word' id='word_1_55' title='bbox 1881 479 2065 505; x_wconf 83' lang='lat' dir='ltr'>DlCENDUM</span> <span class='ocrx_word' id='word_1_56' title='bbox 2098 468 2202 515; x_wconf 91' lang='lat' dir='ltr'>quod</span> <span class='ocrx_word' id='word_1_57' title='bbox 2235 467 2326 504; x_wconf 84' lang='lat' dir='ltr'>vitia</span> <span class='ocrx_word' id='word_1_58' title='bbox 2362 468 2524 504; x_wconf 85' lang='lat' dir='ltr'>carnalia</span> <span class='ocrx_word' id='word_1_59' title='bbox 2550 469 2605 505; x_wconf 90' lang='lat' dir='ltr'>in-</span> 
     </span>
     <span class='ocr_line' id='line_1_6' title="bbox 441 519 2605 572; baseline -0.003 -10"><span class='ocrx_word' id='word_1_60' title='bbox 441 525 556 562; x_wconf 83' lang='lat' dir='ltr'>animi</span> <span class='ocrx_word' id='word_1_61' title='bbox 572 533 627 561; x_wconf 90' lang='lat' dir='ltr'>est</span> <span class='ocrx_word' id='word_1_62' title='bbox 641 524 834 572; x_wconf 89' lang='lat' dir='ltr'>quoddam</span> <span class='ocrx_word' id='word_1_63' title='bbox 854 534 1092 569; x_wconf 88' lang='lat' dir='ltr'>consequens</span> <span class='ocrx_word' id='word_1_64' title='bbox 1113 522 1160 559; x_wconf 89' lang='lat' dir='ltr'>ad</span> <span class='ocrx_word' id='word_1_65' title='bbox 1180 521 1381 568; x_wconf 78' lang='lat' dir='ltr'>luxuriam,</span> <span class='ocrx_word' id='word_1_66' title='bbox 1402 522 1497 558; x_wconf 88' lang='lat' dir='ltr'>sicut</span> <span class='ocrx_word' id='word_1_67' title='bbox 1522 522 1524 560; x_wconf 75' lang='grc' dir='ltr'>ὲ</span> <span class='ocrx_word' id='word_1_68' title='bbox 1549 528 1695 557; x_wconf 87' lang='lat' dir='ltr'>tantum</span> <span class='ocrx_word' id='word_1_69' title='bbox 1733 520 1851 568; x_wconf 87' lang='lat' dir='ltr'>magis</span> <span class='ocrx_word' id='word_1_70' title='bbox 1888 521 2109 568; x_wconf 85' lang='lat' dir='ltr'>extinguunt</span> <span class='ocrx_word' id='word_1_71' title='bbox 2145 519 2326 557; x_wconf 84' lang='lat' dir='ltr'>iudicium</span> <span class='ocrx_word' id='word_1_72' title='bbox 2364 520 2518 557; x_wconf 86' lang='lat' dir='ltr'>rationis</span> <span class='ocrx_word' id='word_1_73' title='bbox 2549 520 2605 557; x_wconf 90' lang='lat' dir='ltr'>in-</span> 
     </span>
     <span class='ocr_line' id='line_1_7' title="bbox 442 565 2368 623; baseline -0.003 -9"><span class='ocrx_word' id='word_1_74' title='bbox 442 586 477 614; x_wconf 91' lang='lat' dir='ltr'>et</span> <span class='ocrx_word' id='word_1_75' title='bbox 504 576 771 622; x_wconf 75' lang='lat' dir='ltr'>inconstantia,</span> <span class='ocrx_word' id='word_1_76' title='bbox 807 583 919 623; x_wconf 92' lang='lat' dir='ltr'>prout</span> <span class='ocrx_word' id='word_1_77' title='bbox 947 575 1145 623; x_wconf 88' lang='lat' dir='ltr'>duplicitas</span> <span class='ocrx_word' id='word_1_78' title='bbox 1173 574 1289 611; x_wconf 90' lang='lat' dir='ltr'>animi</span> <span class='ocrx_word' id='word_1_79' title='bbox 1318 574 1498 623; x_wconf 75' lang='lat' dir='ltr'>imponat</span> <span class='ocrx_word' id='word_1_80' title='bbox 1522 565 1524 623; x_wconf 59' lang='lat' dir='ltr'><strong>f</strong></span> <span class='ocrx_word' id='word_1_81' title='bbox 1550 581 1733 622; x_wconf 88' lang='lat' dir='ltr'>quantum</span> <span class='ocrx_word' id='word_1_82' title='bbox 1762 573 1910 621; x_wconf 87' lang='lat' dir='ltr'>longius</span> <span class='ocrx_word' id='word_1_83' title='bbox 1939 574 2134 611; x_wconf 85' lang='lat' dir='ltr'>abducunt</span> <span class='ocrx_word' id='word_1_84' title='bbox 2161 585 2183 612; x_wconf 89' lang='lat' dir='ltr'>a</span> <span class='ocrx_word' id='word_1_85' title='bbox 2212 572 2368 610; x_wconf 87' lang='lat' dir='ltr'>ratione.</span> 
     </span>
    </p>
   </div>
   <div class='ocr_carea' id='block_1_3' title="bbox 1108 686 1933 720">
    <p class='ocr_par' dir='ltr' id='par_1_3' title="bbox 1108 686 1933 720">
     <span class='ocr_line' id='line_1_8' title="bbox 1108 686 1933 720; baseline 0 -1"><span class='ocrx_word' id='word_1_86' title='bbox 1108 688 1444 720; x_wconf 52' lang='lat' dir='ltr'>Commentariis</span> <span class='ocrx_word' id='word_1_87' title='bbox 1465 686 1714 719; x_wconf 73' lang='lat' dir='ltr'>Cat-dinalis</span> <span class='ocrx_word' id='word_1_88' title='bbox 1735 686 1933 720; x_wconf 64' lang='lat' dir='ltr'>Caietam‘</span> 
     </span>
    </p>
   </div>
   <div class='ocr_carea' id='block_1_4' title="bbox 437 781 2605 913">
    <p class='ocr_par' dir='ltr' id='par_1_4' title="bbox 437 781 2605 913">
     <span class='ocr_line' id='line_1_9' title="bbox 468 781 2605 824; baseline -0.001 -9"><span class='ocrx_word' id='word_1_89' title='bbox 468 797 487 816; x_wconf 72' lang='lat' dir='ltr'>n</span> <span class='ocrx_word' id='word_1_90' title='bbox 512 785 642 815; x_wconf 85' lang='lat' dir='ltr'>articulo</span> <span class='ocrx_word' id='word_1_91' title='bbox 666 791 752 815; x_wconf 83' lang='lat' dir='ltr'>sexto</span> <span class='ocrx_word' id='word_1_92' title='bbox 776 785 915 820; x_wconf 87' lang='lat' dir='ltr'>adverte,</span> <span class='ocrx_word' id='word_1_93' title='bbox 939 784 973 814; x_wconf 91' lang='lat' dir='ltr'>in</span> <span class='ocrx_word' id='word_1_94' title='bbox 997 784 1079 814; x_wconf 88' lang='lat' dir='ltr'>calce</span> <span class='ocrx_word' id='word_1_95' title='bbox 1104 784 1262 824; x_wconf 83' lang='lat' dir='ltr'>corporis,</span> <span class='ocrx_word' id='word_1_96' title='bbox 1286 783 1318 824; x_wconf 86' lang='lat' dir='ltr'>ly</span> <span class='ocrx_word' id='word_1_97' title='bbox 1342 784 1490 814; x_wconf 88' lang='lat' dir='ltr'>maxime.</span> <span class='ocrx_word' id='word_1_98' title='bbox 1545 783 1587 814; x_wconf 76' lang='lat' dir='ltr'>tia</span> <span class='ocrx_word' id='word_1_99' title='bbox 1609 783 1659 813; x_wconf 89' lang='lat' dir='ltr'>vel</span> <span class='ocrx_word' id='word_1_100' title='bbox 1682 782 1853 813; x_wconf 84' lang='lat' dir='ltr'>ambitione</span> <span class='ocrx_word' id='word_1_101' title='bbox 1876 782 2070 823; x_wconf 79' lang='lat' dir='ltr'>praecipites,</span> <span class='ocrx_word' id='word_1_102' title='bbox 2088 781 2310 815; x_wconf 85' lang='lat' dir='ltr'>inconsiderati</span> <span class='ocrx_word' id='word_1_103' title='bbox 2328 781 2605 822; x_wconf 80' lang='lat' dir='ltr'>inconstantesque</span> 
     </span>
     <span class='ocr_line' id='line_1_10' title="bbox 442 798 2605 867; baseline -0.001 -9"><span class='ocrx_word' id='word_1_104' title='bbox 442 798 630 867; x_wconf 85' lang='lat' dir='ltr'>IQuoniam</span> <span class='ocrx_word' id='word_1_105' title='bbox 653 828 838 859; x_wconf 87' lang='lat' dir='ltr'>huiusmodi</span> <span class='ocrx_word' id='word_1_106' title='bbox 861 827 990 858; x_wconf 85' lang='lat' dir='ltr'>rationis</span> <span class='ocrx_word' id='word_1_107' title='bbox 1015 827 1156 858; x_wconf 88' lang='lat' dir='ltr'>defectus</span> <span class='ocrx_word' id='word_1_108' title='bbox 1180 838 1218 858; x_wconf 81' lang='lat' dir='ltr'>ex</span> <span class='ocrx_word' id='word_1_109' title='bbox 1241 827 1308 858; x_wconf 85' lang='lat' dir='ltr'>aliis</span> <span class='ocrx_word' id='word_1_110' title='bbox 1332 827 1426 858; x_wconf 88' lang='lat' dir='ltr'>etiam</span> <span class='ocrx_word' id='word_1_111' title='bbox 1449 827 1493 857; x_wconf 91' lang='lat' dir='ltr'>vi·</span> <span class='ocrx_word' id='word_1_112' title='bbox 1548 833 1631 858; x_wconf 82' lang='lat' dir='ltr'>sunt.</span> <span class='ocrx_word' id='word_1_113' title='bbox 1655 826 1717 858; x_wconf 90' lang='lat' dir='ltr'>Sed</span> <span class='ocrx_word' id='word_1_114' title='bbox 1738 826 1870 864; x_wconf 84' lang='lat' dir='ltr'>luxuria,</span> <span class='ocrx_word' id='word_1_115' title='bbox 1895 826 1970 867; x_wconf 72' lang='lat' dir='ltr'>quia</span> <span class='ocrx_word' id='word_1_116' title='bbox 1993 833 2118 857; x_wconf 79' lang='lat' dir='ltr'>enervat</span> <span class='ocrx_word' id='word_1_117' title='bbox 2139 825 2306 862; x_wconf 80' lang='lat' dir='ltr'>rationem,</span> <span class='ocrx_word' id='word_1_118' title='bbox 2330 832 2366 856; x_wconf 92' lang='lat' dir='ltr'>ut</span> <span class='ocrx_word' id='word_1_119' title='bbox 2388 825 2421 855; x_wconf 91' lang='lat' dir='ltr'>in</span> <span class='ocrx_word' id='word_1_120' title='bbox 2442 825 2544 856; x_wconf 79' lang='lat' dir='ltr'>littera</span> <span class='ocrx_word' id='word_1_121' title='bbox 2557 824 2605 855; x_wconf 83' lang='lat' dir='ltr'>di-</span> 
     </span>
     <span class='ocr_line' id='line_1_11' title="bbox 437 870 2184 913; baseline -0.002 -10"><span class='ocrx_word' id='word_1_122' title='bbox 437 873 486 903; x_wconf 90' lang='lat' dir='ltr'>tiis</span> <span class='ocrx_word' id='word_1_123' title='bbox 510 873 668 903; x_wconf 86' lang='lat' dir='ltr'>oriuntur:</span> <span class='ocrx_word' id='word_1_124' title='bbox 693 879 729 903; x_wconf 91' lang='lat' dir='ltr'>ut</span> <span class='ocrx_word' id='word_1_125' title='bbox 751 871 939 913; x_wconf 84' lang='lat' dir='ltr'>experientia</span> <span class='ocrx_word' id='word_1_126' title='bbox 969 878 1100 903; x_wconf 84' lang='lat' dir='ltr'>testatur</span> <span class='ocrx_word' id='word_1_127' title='bbox 1123 872 1155 902; x_wconf 92' lang='lat' dir='ltr'>in</span> <span class='ocrx_word' id='word_1_128' title='bbox 1179 871 1227 902; x_wconf 89' lang='lat' dir='ltr'>his</span> <span class='ocrx_word' id='word_1_129' title='bbox 1250 871 1306 912; x_wconf 91' lang='lat' dir='ltr'>qui</span> <span class='ocrx_word' id='word_1_130' title='bbox 1336 881 1372 902; x_wconf 84' lang='lat' dir='ltr'>ex</span> <span class='ocrx_word' id='word_1_131' title='bbox 1395 871 1494 901; x_wconf 83' lang='lat' dir='ltr'>avari—</span> <span class='ocrx_word' id='word_1_132' title='bbox 1550 870 1639 907; x_wconf 89' lang='lat' dir='ltr'>citur,</span> <span class='ocrx_word' id='word_1_133' title='bbox 1662 870 1734 901; x_wconf 89' lang='lat' dir='ltr'>ideo</span> <span class='ocrx_word' id='word_1_134' title='bbox 1757 870 1893 901; x_wconf 85' lang='lat' dir='ltr'>maxime</span> <span class='ocrx_word' id='word_1_135' title='bbox 1917 877 2023 901; x_wconf 77' lang='lat' dir='ltr'>causat</span> <span class='ocrx_word' id='word_1_136' title='bbox 2045 870 2184 901; x_wconf 89' lang='lat' dir='ltr'>eosdem.</span> 
     </span>
    </p>
   </div>
   <div class='ocr_carea' id='block_1_5' title="bbox 1277 1765 1766 2375">
    <p class='ocr_par' dir='ltr' id='par_1_5' title="bbox 1277 1765 1766 2375">
     <span class='ocr_line' id='line_1_12' title="bbox 1277 1765 1766 2375; baseline 0 1681"><span class='ocrx_word' id='word_1_137' title='bbox 1277 1765 1766 2375; x_wconf 95' lang='lat' dir='ltr'> </span> 
     </span>
    </p>
   </div>
   <div class='ocr_carea' id='block_1_6' title="bbox 2566 2667 2598 2776">
    <p class='ocr_par' dir='ltr' id='par_1_6' title="bbox 2566 2667 2598 2776">
     <span class='ocr_line' id='line_1_13' title="bbox 2566 2667 2598 2776; textangle 90"><span class='ocrx_word' id='word_1_138' title='bbox 2578 2758 2598 2776; x_wconf 39' lang='grc' dir='ltr'><strong>ἶ</strong></span> <span class='ocrx_word' id='word_1_139' title='bbox 2579 2745 2581 2749; x_wconf 81' lang='grc'><strong>“</strong></span> <span class='ocrx_word' id='word_1_140' title='bbox 2566 2667 2594 2740; x_wconf 43' lang='grc' dir='ltr'>ιιι.)</span> 
     </span>
    </p>
   </div>
  </div>
 </body>
</html>
