2892 4056
219 1426 228 1434 ⁸
240 1425 290 1446 Art.
305 1430 324 1445 ².

216 2832 427 2860 'Cont.Epist.Ma-

215 2859 286 2886 nich„
301 2865 353 2887 cap.
368 2866 390 2881 ν.

461 164 482 198 8
1201 160 1466 206 QUAEsrio
1497 162 1527 206 1,
1557 160 1852 196 ARTmULUs
1883 161 1894 195 1

512 243 570 277 AD
599 253 735 277 pannum
765 251 861 276 ERGO
890 251 1072 275 morannum
1102 239 1206 286 quod
1231 250 1275 274 ea
1304 250 1401 286 quae
1434 250 1516 287 per·
1543 241 1545 277 Ξ

1625 239 1673 274 Et
1706 238 1874 274 similiter
1912 238 2115 275 dicendum
2153 246 2206 275 est
2241 240 2289 276 ad
2323 240 2552 286 secundum,
2584 239 2630 276 de

459 295 576 330 tinent
605 295 652 330 ad
681 292 954 329 humanitatem
977 291 1113 327 Christi
1143 299 1178 327 et
1203 291 1251 327 acl
1280 299 1516 328 sacramenta
1543 282 1545 331 Ι
1572 290 1749 327 omnibus
1778 290 1846 326 illis
1875 302 1973 338 quae
2001 290 2039 326 in
2069 303 2174 327 sacra
2203 292 2394 340 Scriptura
2422 293 2629 329 traduntur.

459 346 649 383 Ecclesiae
664 346 726 382 vel
742 345 788 381 ad
805 356 1067 393 quascumque
1084 351 1273 380 creaturas
1289 345 1426 380 cadunt
1446 345 1515 380 sub
1543 336 1545 353 ³

458 399 535 435 fide
550 399 773 446 inquantum
797 410 865 445 per
880 398 973 433 haec
1003 396 1224 433 ordinamur
1245 398 1292 435 ad
1308 397 1447 434 Deum.
1469 398 1517 433 Et
1543 389 1545 415 '

459 451 511 487 eis
542 451 652 487 etiam
684 451 909 487 assentimus
927 457 1082 497 propter
1111 449 1277 486 divinam
1304 450 1514 486 veritatem.
1543 468 1545 489 l

1624 345 1682 379 AD
1711 354 1869 380 TERTIUM
1897 355 2081 380 DICENDUM
2110 344 2215 392 quod
2244 345 2357 381 etiam
2377 350 2395 372 η
2416 345 2548 382 caritas
2577 345 2632 382 di-

1570 395 1647 443 ligit
1673 395 1893 444 proximum
1927 403 2083 444 propter
2110 397 2257 442 Deum;
2292 405 2328 434 et
2355 397 2408 434 sic
2437 398 2631 434 obiectum

1572 449 1650 485 eius
1678 448 1832 497 proprie
1862 457 1916 485 est
1944 449 2024 497 ipse
2053 450 2172 495 Deus,
2202 457 2242 486 ut
2269 449 2364 487 infra
2382 450 2401 472 ’¹‘
2422 450 2576 487 dicetur.

513 591 537 621 η)
558 591 646 615 etiam.
666 604 683 608 -
703 590 763 614 Om.
784 590 803 614 C
810 597 816 620 ;
836 597 883 621 pro
897 592 1019 621 propter,
1038 589 1118 614 etiam
1135 593 1249 621 propter
1268 590 1417 620 ABCEle,
1437 593 1463 615 et
1478 593 1591 622 propter
1610 591 1664 614 FH.

1132 668 1463 701 Commentaria
1487 667 1735 701 Cardinalis
1757 668 1956 702 Caietam

486 772 505 792 N
530 771 662 802 corpore
686 761 779 802 primi
811 762 933 792 articuli
963 762 1158 802 quaestionis
1188 761 1308 801 primae
1337 761 1438 791 multa
1462 771 1514 791 oc-

460 773 616 836 Icurrunt
630 805 736 837 dubia.
761 805 879 842 Primo,
896 806 974 846 quid
988 805 1130 836 intendat
1146 807 1268 836 Auctor
1282 815 1338 846 per
1353 805 1517 836 veritatem

455 850 600 890 primam.
636 850 677 881 Et
700 857 746 880 est
780 850 859 881 ratio
890 850 978 880 dubii
1006 850 1082 890 quia
1109 857 1163 880 aut
1191 849 1325 880 intendit
1354 849 1516 880 veritatem

455 894 591 933 primam
614 901 650 925 ut
672 894 732 924 sic:
758 901 829 929 aut,
853 904 920 924 non
944 893 1096 925 sollicitus
1120 894 1158 924 de
1181 893 1359 930 vocabulis,
1384 894 1517 924 intendit

454 938 569 969 Deum.
594 938 627 969 Si
651 938 755 978 primo
774 938 884 974 modo,
903 945 1011 969 contra
1029 938 1170 978 seipsum
1189 945 1221 969 et
1234 938 1397 969 veritatem
1413 938 1515 969 sentit.

455 981 575 1012 Contra
598 982 739 1022 seipsum
763 983 903 1023 quidem,
929 992 1003 1012 nam
1022 982 1054 1012 in
1070 982 1175 1013 Prima
1191 983 1291 1020 Parte,
1307 993 1361 1023 qu.
1378 993 1398 1020 1,
1416 990 1471 1014 art.
1485 994 1515 1024 7,

454 1025 546 1066 ponit
568 1026 674 1057 Deum
697 1028 756 1058 sub
779 1027 900 1057 ratione
924 1026 1045 1057 deitatis
1064 1037 1130 1057 esse
1154 1027 1315 1058 obiectum
1339 1027 1517 1067 theologiae

454 1077 583 1110 propter
606 1070 667 1101 hoc
691 1071 766 1112 quia
790 1078 835 1101 est
858 1071 1020 1101 obiectum
1043 1070 1126 1107 fidei,
1151 1080 1232 1111 quae
1256 1079 1302 1103 est
1325 1071 1516 1112 principium

453 1114 641 1154 theologiae.
662 1133 683 1137 -
704 1114 823 1146 Contra
846 1115 1008 1146 veritatem
1032 1125 1106 1145 vero
1132 1115 1221 1156 quia,
1247 1125 1320 1146 cum
1344 1125 1455 1146 verum
1479 1115 1518 1146 sit

453 1158 540 1188 velut
562 1159 667 1199 passio
692 1159 781 1195 entis,
806 1169 872 1189 esse
896 1159 1059 1189 veritatem
1083 1165 1129 1189 est
1143 1159 1241 1189 veluti
1265 1169 1462 1199 consequens
1478 1160 1518 1189 ad

454 1202 615 1239 deitatem;
639 1213 676 1233 ac
694 1213 751 1243 per
767 1203 828 1234 hoc
844 1203 956 1234 ultima
983 1203 1134 1233 resolutio
1151 1202 1223 1233 fidei
1240 1212 1307 1233 non
1320 1203 1400 1233 sistit
1414 1204 1517 1233 donec

453 1246 614 1286 perveniat
636 1248 676 1277 ad
699 1247 857 1278 deitatem.
888 1247 920 1278 Si
944 1247 1030 1277 enim
1053 1247 1215 1287 quaeritur
1240 1256 1336 1287 quare
1359 1247 1430 1276 Deo
1455 1256 1517 1276 cre-

454 1290 569 1328 dimus,
586 1292 836 1331 respondebitur,
853 1291 928 1331 quia
944 1298 990 1321 est
1009 1291 1077 1330 ipsa
1090 1290 1221 1326 veritas;
1246 1297 1277 1320 et
1300 1290 1325 1320 si
1349 1297 1518 1340 quaeratur

454 1344 551 1375 quare
576 1341 621 1365 est
644 1335 715 1372 hoc,
740 1335 958 1376 respondetur,
982 1334 1056 1375 quia
1081 1341 1126 1365 est
1149 1334 1249 1370 Deus;
1274 1341 1305 1364 et
1328 1334 1379 1364 hic
1395 1341 1442 1365 est
1457 1341 1516 1365 ter-

453 1377 559 1410 minus
583 1378 791 1419 quaestionis,
816 1379 920 1419 inquit
942 1378 1117 1417 Aureolus,
1141 1379 1227 1419 apud
1251 1376 1462 1418 Capreolum,
1483 1379 1515 1422 in

452 1432 523 1453 xxiv
541 1421 631 1453 dist!
648 1422 688 1453 111
706 1423 816 1453 Sent.—
832 1421 874 1453 Et
890 1421 1104 1458 confirmatur,
1121 1422 1239 1463 inquit:
1257 1423 1331 1463 quia
1347 1422 1435 1453 aliter
1449 1433 1515 1453 non

453 1475 534 1498 esset
556 1468 641 1497 idem
660 1466 731 1497 finis
755 1474 785 1498 et
808 1467 970 1497 obiectum
990 1466 1074 1497 fidei.
1098 1467 1181 1497 Nam
1198 1466 1296 1497 deitas
1312 1473 1359 1497 est
1373 1466 1460 1498 finis:
1486 1474 1516 1498 et

432 1511 575 1548 ‚veritas‚
600 1521 681 1552 quae
705 1511 796 1552 quasi
821 1511 927 1551 passio
952 1517 998 1541 est
1022 1511 1099 1547 eius,
1117 1518 1198 1541 esset
1214 1511 1383 1542 obiectum.
1408 1511 1516 1542 Deitas

452 1555 557 1595 igitur,
583 1562 613 1586 et
636 1565 701 1585 non
724 1555 837 1586 veritas
861 1555 973 1595 prima,
998 1562 1044 1585 est
1068 1554 1201 1585 formale
1225 1555 1385 1586 obiectum
1410 1555 1492 1587 fidei.

509 1600 539 1630 Si
564 1609 639 1630 vero
662 1599 797 1630 intendit
820 1599 960 1630 secundo
977 1599 1087 1635 modo,
1105 1606 1180 1629 tunc
1195 1600 1338 1630 doctrina
1354 1610 1419 1630 non
1437 1607 1517 1632 esset

452 1643 605 1674 formalis.
630 1644 727 1681 Quod
751 1650 797 1674 est
819 1654 973 1683 magnum
995 1643 1232 1674 inconveniens.

510 1688 546 1718 ΙΙ.
571 1687 719 1718 Secundo
750 1688 886 1718 dubium
920 1687 1069 1723 occurrit,
1095 1697 1134 1717 an
1158 1687 1270 1718 veritas
1298 1688 1399 1728 prima
1423 1689 1515 1719 abso-

452 1732 534 1768 lute,
559 1738 613 1762 aut
643 1732 819 1762 secundum
848 1731 987 1771 aliquam
1011 1730 1278 1771 specificationem
1309 1733 1349 1762 sit
1383 1731 1515 1763 formale

453 1776 614 1806 obiectum
638 1775 721 1806 fidei.
753 1775 784 1806 Si
808 1776 963 1812 absolute,
987 1782 1171 1816 sequeretur
1194 1776 1283 1816 quod
1309 1775 1386 1806 fides
1410 1787 1442 1807 se
1466 1787 1516 1807 ex-

452 1821 593 1850 tenderet
615 1821 655 1850 ad
679 1819 788 1850 omnia
810 1829 892 1860 quae
916 1826 990 1850 sunt
1013 1830 1068 1860 per
1087 1819 1223 1860 primam
1238 1820 1402 1852 veritatem
1419 1821 1517 1852 credi-

453 1864 538 1895 bilia.
570 1864 667 1901 Quod
692 1870 814 1894 constat
837 1873 904 1894 esse
928 1864 1062 1894 falsum:
1087 1864 1178 1904 plura
1201 1875 1340 1905 namque
1364 1872 1438 1896 sunt
1461 1876 1516 1906 per

453 1908 593 1939 divinam
616 1907 780 1939 veritatem
804 1908 961 1938 credibilia
984 1917 1083 1949 quam
1107 1909 1220 1939 cadant
1241 1909 1301 1939 sub
1321 1908 1382 1940 fide
1398 1910 1437 1940 de
1453 1920 1516 1951 qua

452 1953 633 1994 loquimur,
657 1962 738 1993 quae
767 1959 814 1983 est
835 1952 934 1983 virtus
955 1952 1154 1992 theologica;
1179 1960 1215 1983 ut
1238 1961 1323 1993 patet
1345 1954 1384 1984 de
1407 1955 1516 1986 multis

452 1997 696 2028 revelationibus
723 1996 997 2037 impertinentibus
1021 1997 1059 2027 ad
1083 1996 1179 2027 fidem
1203 1997 1426 2029 Christianam.

506 2041 539 2072 Si
561 2041 702 2078 limitate,
727 2040 839 2071 erravit
862 2043 984 2071 Auctor
1007 2051 1072 2071 non
1097 2041 1279 2081 specificans
1303 2042 1458 2073 rationem
1479 2043 1515 2074 il-

451 2085 526 2122 lam,
551 2086 606 2116 sed
630 2095 752 2125 ponens
777 2085 936 2116 obiectum
962 2085 1094 2115 formale
1116 2085 1253 2126 primam
1269 2087 1429 2118 veritatem
1448 2088 1515 2118 abs-

452 2139 515 2170 que
538 2128 699 2160 additione
723 2129 837 2170 aliqua.
862 2129 903 2159 Et
919 2129 1105 2169 assignanda
1121 2129 1329 2162 nihilominus
1353 2138 1434 2162 esset
1448 2132 1517 2162 talis

454 2173 656 2214 specificatio.
681 2173 713 2204 Si
737 2173 858 2204 dicatur
881 2174 970 2214 quod
994 2173 1192 2214 specificatur
1206 2185 1262 2215 per
1281 2175 1515 2213 revelationem,

452 2219 495 2249 ita
510 2218 598 2259 quod
625 2218 737 2248 veritas
754 2217 854 2258 prima
871 2225 907 2248 ut
923 2218 1056 2249 revelata
1072 2228 1090 2248 a
1105 2228 1138 2248 se
1153 2225 1200 2249 est
1215 2219 1376 2250 obiectum
1392 2220 1478 2251 fidei:
1494 2237 1515 2244 ·-

453 2262 583 2298 Contra,
607 2262 712 2303 inquit
735 2262 858 2298 Scotus‚
882 2262 914 2292 in
938 2272 1011 2292 xxm
1028 2262 1099 2294 dist.
1116 2262 1157 2292 111
1172 2263 1271 2301 Seni„
1297 2264 1372 2304 quia
1395 2275 1450 2295 ens
1469 2275 1516 2295 ra-

452 2307 547 2338 tionis
571 2316 637 2336 non
662 2313 708 2337 est
738 2307 816 2337 ratio
847 2306 988 2337 formalis
1015 2306 1130 2338 obiecti
1154 2307 1279 2339 habitus
1303 2308 1411 2345 realis,
1437 2309 1517 2340 sicut

454 2361 510 2382 nec
533 2351 709 2391 potentiae;
735 2357 858 2381 constat
888 2357 994 2381 autem
1025 2352 1113 2392 quod
1141 2361 1208 2382 esse
1238 2353 1411 2383 revelatum
1437 2353 1516 2384 nihil

453 2396 534 2426 reale
558 2395 651 2435 ponit
666 2395 697 2424 in
717 2394 787 2425 Deo
804 2394 970 2431 revelante,
989 2395 1069 2426 sicut
1085 2405 1142 2425 nec
1159 2405 1226 2426 esse
1243 2396 1406 2437 cognitum
1425 2397 1517 2438 ponit

453 2439 572 2480 aliquid
596 2440 684 2470 in're
708 2439 843 2479 cognita.
868 2439 953 2479 Ergo
973 2438 1050 2470 fides
1074 2448 1139 2470 non
1158 2440 1302 2472 innititur
1317 2441 1438 2473 veritati
1454 2442 1515 2482 pri-

453 2494 523 2515 mae
547 2491 583 2514 ut
603 2484 757 2514 revelatae
772 2493 790 2513 a
806 2493 838 2514 se
860 2490 1014 2524 tanquam
1037 2483 1161 2514 obiecto
1178 2495 1232 2515 seu
1249 2485 1363 2516 rationi
1379 2486 1515 2517 formali.

509 2528 560 2559 111.
578 2528 688 2558 Tertio
705 2527 840 2559 occurrit
854 2527 999 2564 dubium,
1015 2529 1183 2568 quomodo
1205 2530 1273 2560 sola
1287 2530 1399 2560 veritas
1414 2530 1516 2570 prima

453 2572 584 2613 ponitur
616 2572 778 2603 obiectum
809 2571 942 2602 formale
970 2571 1059 2609 fidei,
1082 2572 1162 2603 dum
1190 2573 1302 2604 dicitur
1325 2574 1414 2615 quod
1437 2575 1517 2605 nihil

453 2616 544 2647 aliud
566 2621 613 2647 est
635 2626 730 2656 quam
755 2617 873 2647 veritas
889 2617 1010 2657 prima.
1035 2616 1076 2647 Et
1099 2617 1260 2648 dubitatur
1286 2618 1470 2658 simpliciter
1485 2625 1516 2649 et

453 2660 493 2690 ad
515 2660 691 2690 hominem.
716 2660 905 2700 Simpliciter
929 2660 1068 2701 quidem,
1085 2661 1161 2701 quia
1176 2660 1254 2692 fides
1277 2662 1430 2698 innititur,
1446 2670 1515 2693 tan-

453 2714 551 2745 quam
564 2704 721 2735 infallibili
737 2704 873 2744 regulae,
890 2705 1047 2735 Ecclesiae
1063 2705 1169 2735 sensui
1185 2713 1216 2736 et
1231 2706 1401 2737 doctrinae.
1426 2706 1516 2737 Alio-

453 2749 531 2790 quin
554 2748 710 2785 haerefici,
735 2749 790 2790 qui
813 2749 873 2779 soli
897 2749 1017 2789 primae
1040 2749 1160 2780 veritati
1183 2749 1371 2786 innituntur,
1389 2760 1455 2781 non
1469 2760 1515 2780 re-

454 2792 602 2833 cipientes
625 2793 783 2824 Ecclesiae
809 2803 953 2829 sensum,
978 2801 1081 2825 essent
1103 2793 1221 2824 fideles.
1251 2794 1292 2824 Et
1317 2795 1516 2834 Augustinus

454 2837 529 2867 dicit
543 2836 573 2866 *t
599 2837 778 2878 Evangelio
807 2847 870 2868 non
902 2837 1064 2868 crederem
1094 2839 1157 2869 nisi
1183 2848 1234 2869 me
1255 2840 1432 2870 auctoritas
1453 2839 1515 2870 Ec-

454 2882 569 2911 clesiae
599 2881 792 2912 admoneret.
830 2881 963 2913 Constat
996 2889 1103 2913 autem
1134 2881 1292 2913 Ecclesiae
1325 2893 1454 2914 sensum
1485 2889 1516 2914 et

455 2925 673 2955 auctoritatem
703 2935 770 2956 esse
803 2925 888 2956 aliud
912 2937 929 2956 a
953 2926 1054 2966 prima
1085 2926 1231 2957 veritate:
1263 2937 1338 2958 cum
1368 2927 1408 2958 sit
1437 2927 1515 2967 quid

455 2975 604 3000 creatum.
629 2969 714 3008 Ergo
737 2979 803 2999 non
827 2970 894 3000 sola
916 2970 1029 3001 veritas
1052 2970 1155 3010 prima
1178 2978 1224 3001 est
1246 2970 1407 3002 obiectum
1430 2970 1513 3002 fidei.

508 3013 558 3043 Ad
582 3012 747 3043 hominem
770 3023 855 3049 vero,
876 3014 951 3053 quia
967 3017 1089 3045 Auctor
1111 3014 1144 3045 in
1160 3014 1171 3044 1
1188 3015 1281 3051 Part„
1298 3025 1353 3056 qu.
1366 3026 1387 3052 1,
1409 3022 1466 3046 art.
1486 3017 1513 3052 3,

455 3063 485 3087 et
507 3057 558 3087 hic
581 3056 613 3086 in
637 3057 824 3096 probatione
840 3057 936 3088 huius
952 3058 1176 3095 conclusionis,
1193 3059 1285 3099 ponit
1300 3060 1389 3100 quod
1402 3059 1514 3091 omnia

455 3107 690 3140 cognoscuntur
713 3111 731 3131 a
753 3100 898 3132 fidelibus
922 3101 1112 3142 inquantum
1143 3109 1218 3134 sunt
1254 3103 1404 3135 divinitus
1428 3114 1513 3134 reve-

454 3145 526 3175 lata.
551 3144 684 3175 Constat
707 3152 814 3175 autem
837 3145 926 3186 quod
942 3152 1007 3176 tam
1023 3157 1088 3177 esse
1104 3147 1276 3178 revelatum
1292 3158 1387 3188 quarn
1404 3148 1513 3179 lumen

455 3189 577 3219 divinae
600 3188 799 3219 revelationis
822 3196 868 3220 est
890 3189 975 3220 aliud
1000 3200 1018 3220 a
1040 3190 1142 3231 prima
1164 3191 1303 3223 veritate.

509 3233 562 3263 IV.
588 3232 731 3263 Dubium
755 3240 867 3274 quarto
896 3240 942 3264 est
965 3234 1044 3265 circa
1073 3235 1294 3274 probationem
1318 3243 1515 3276 assumptam

454 3277 485 3307 in
510 3277 620 3313 littera,
645 3277 780 3308 scilicet:
805 3277 899 3308 Fides
923 3288 985 3308 non
1009 3281 1141 3310 assentit
1163 3280 1263 3310 alicui
1286 3281 1348 3310 nisi
1370 3280 1454 3320 quod
1469 3285 1515 3311 est

454 3331 474 3351 a
497 3321 567 3351 Deo
590 3321 774 3352 revelatum.
800 3321 884 3358 Quia
907 3329 961 3352 aut
984 3322 1016 3352 in
1041 3323 1283 3354 revelationibus
1303 3323 1419 3364 quibus
1433 3324 1513 3354 inni-

454 3364 528 3395 titur
550 3364 628 3395 fides
657 3365 838 3405 proceditur
867 3365 900 3395 in
928 3365 1101 3396 infinitum:
1127 3375 1181 3398 aut
1209 3367 1301 3398 alicui
1325 3368 1514 3399 assentimus

454 3409 572 3449 absque
602 3409 792 3440 revelatione
824 3409 918 3440 iuius.
952 3410 1114 3447 Quoniam
1146 3421 1220 3442 cum
1248 3412 1416 3443 assentiam
1440 3412 1515 3443 huic

455 3452 549 3489 dicto,
573 3453 663 3484 Deus
686 3459 732 3485 est
754 3454 869 3491 trinus,
895 3454 969 3494 quia
992 3454 1078 3485 Deus
1102 3456 1262 3492 revelavit;
1288 3463 1342 3487 aut
1360 3456 1410 3487 isti
1427 3456 1513 3487 alteri

1572 761 1673 797 dicto,
1697 761 1788 792 Deus
1817 762 1970 793 revelavit
1999 761 2104 792 Deum
2135 770 2203 792 esse
2229 761 2368 798 trinum,
2393 761 2530 792 assentio
2558 761 2633 802 quia

1571 806 1658 836 Deus
1685 805 1848 842 revelavit,
1874 813 1903 837 et
1927 805 1970 836 sic
1997 805 2179 845 proceditur
2207 805 2240 835 in
2270 803 2431 836 infinitum
2453 805 2487 836 in
2510 805 2632 842 mediis,

1571 850 1660 891 quod
1684 857 1730 880 est
1752 849 1963 891 impossibile;
1987 857 2042 881 aut
2065 849 2202 880 assentio
2226 849 2300 890 quia
2322 848 2463 880 Ecclesia
2485 848 2564 880 mihi
2586 855 2633 880 te-

1571 901 1680 926 statur.
1704 894 1745 925 Et
1766 894 1810 925 sic
1834 901 2010 935 sequuntur
2032 893 2098 925 duo
2121 893 2385 925 inconvenientia.
2410 893 2451 924 Et
2473 892 2562 934 quod
2585 894 2634 924 ui-

1571 939 1648 970 tima
1670 939 1822 969 resolutio
1846 938 1918 969 fidei
1942 945 1988 970 est
2011 948 2077 969 non
2098 938 2131 968 in
2156 938 2292 979 primam
2316 937 2497 975 veritatem,
2521 938 2578 968 sed
2600 938 2633 968 in

1570 983 1734 1014 veritatem
1750 990 1895 1014 creatam.
1919 983 1960 1014 Et
1973 984 2063 1024 quod
2081 993 2148 1013 non
2160 982 2178 1002 *
2191 983 2225 1014 in
2249 982 2483 1019 revelationem,
2507 982 2563 1013 sed
2585 989 2632 1013 te-

1571 1027 1790 1058 stificationem
1803 1027 1969 1063 Ecclesiae,
1987 1036 2042 1058 seu
2054 1027 2288 1068 Apostolorum
2303 1033 2334 1058 et
2347 1027 2587 1067 prophetarum,
2597 1025 2635 1058 fit

1571 1071 1735 1102 resolutio,
1759 1071 1800 1102 Et
1819 1071 1898 1102 redit
1921 1071 2108 1112 ambiguitas
2124 1071 2220 1108 Scoti,
2237 1071 2271 1102 in
2286 1071 2327 1101 111
2342 1071 2442 1109 Sent„
2460 1071 2530 1102 dist.
2543 1081 2632 1107 xxm,

1572 1116 1610 1147 de
1633 1115 1826 1146 resolutione
1849 1113 1922 1146 fidei
1945 1114 2067 1146 infusae
2090 1115 2122 1146 in
2146 1113 2243 1146 fidem
2267 1115 2462 1156 acquisitam.

1626 1160 1664 1190 V.
1689 1159 1739 1189 Ad
1762 1159 1952 1190 evidentiam
1974 1160 2093 1190 horum
2115 1159 2280 1190 sciendum
2303 1166 2349 1190 est
2367 1159 2456 1200 quod
2472 1159 2634 1190 obiectum

1571 1202 1644 1233 fidei
1667 1213 1734 1233 esse
1756 1203 1863 1233 Deum
1893 1213 1958 1233 non
1981 1203 2153 1234 dubitatur.
2185 1203 2227 1234 Et
2249 1203 2392 1234 similiter
2413 1213 2480 1234 non
2500 1203 2634 1234 vertitur

1570 1246 1603 1276 in
1627 1246 1762 1276 dubium
1785 1256 1824 1276 an
1848 1246 2009 1277 obiectum
2031 1245 2104 1277 fidei
2128 1254 2296 1288 utramque
2318 1247 2431 1278 habeat
2446 1247 2634 1278 relationem

1571 1290 1611 1320 ad
1633 1289 1740 1326 fidem,
1765 1290 1882 1321 scilicet
1903 1291 1990 1322 velut
2012 1290 2110 1321 medii
2132 1297 2163 1321 et
2178 1291 2403 1328 conclusionis,
2416 1300 2475 1322 seu
2491 1290 2634 1322 formalis

1571 1341 1602 1365 et
1624 1334 1803 1371 materialis,
1828 1344 1883 1365 seu
1907 1334 1958 1365 cui
1982 1335 2118 1366 creditur
2140 1342 2171 1366 et
2194 1335 2283 1376 quod
2304 1335 2454 1366 creditur:
2479 1334 2634 1375 quoniam

1571 1388 1743 1409 commune
1767 1385 1813 1409 est
1835 1378 2022 1419 theologicis
2036 1378 2204 1410 virtutibus
2220 1378 2327 1410 Deum
2341 1379 2456 1410 habere
2471 1388 2530 1419 pro
2546 1378 2634 1409 obie-

1571 1429 1622 1453 cto
1639 1429 1670 1453 et
1685 1422 1802 1461 regula.
1827 1422 1889 1453 Sed
1907 1423 2051 1463 quaestio
2073 1430 2119 1454 est
2135 1423 2173 1453 de
2190 1422 2315 1453 formali
2331 1423 2453 1454 ratione
2469 1431 2532 1463 qua
2545 1422 2634 1453 Deus

1571 1466 1643 1514 fidej
1667 1467 1828 1498 obiectum
1852 1474 1914 1498 est:
1938 1476 1978 1497 an
2002 1467 2119 1498 scilicet
2142 1468 2200 1498 sub
2224 1467 2345 1498 ratione
2369 1467 2501 1503 deitatis,
2526 1476 2566 1497 an
2581 1476 2633 1497 ve-

1571 1511 1677 1548 ritatis.
1702 1511 1742 1542 Et
1758 1511 1830 1542 licet
1849 1511 2014 1542 videantur
2030 1512 2150 1542 diversa
2164 1512 2197 1542 in
2213 1522 2245 1542 re
2263 1511 2322 1542 hac
2337 1511 2407 1547 dici,
2425 1511 2451 1542 si
2468 1511 2634 1551 diligenter

1571 1555 1765 1586 considerata
1788 1555 1915 1593 fuerint,
1939 1556 2027 1586 nulla
2050 1562 2096 1586 est
2110 1555 2237 1587 -falsitas
2256 1563 2311 1586 aut
2326 1555 2529 1586 dissonantia.
2554 1554 2633 1592 Qui-

1568 1609 1709 1640 cumque
1733 1599 1818 1633 enim
1841 1600 2031 1640 perspexerit
2047 1600 2214 1641 quomodo
2231 1610 2264 1630 se
2280 1600 2375 1630 habet
2389 1609 2502 1630 verum
2518 1599 2558 1629 ad
2578 1609 2633 1629 ens

1571 1651 1601 1674 et
1623 1644 1828 1679 intellectum,
1851 1643 2024 1674 intuebitur
2047 1644 2136 1684 quod
2159 1644 2304 1675 dicimus.
2389 1673 2393 1677 ,

1629 1687 1763 1719 Constat
1786 1687 1819 1718 in
1842 1688 1952 1728 primis
1972 1688 2061 1728 quod
2083 1698 2195 1719 verum
2218 1688 2297 1719 nihil
2319 1687 2406 1718 addit
2433 1687 2515 1718 reale
2538 1696 2634 1727 supra

1570 1741 1652 1762 rem:
1670 1731 1749 1762 nihil
1763 1732 1848 1762 enim
1865 1732 1936 1772 plus
1953 1731 2145 1771 significatur
2161 1741 2216 1773 per
2232 1731 2398 1763 hominem
2407 1741 2520 1762 verum
2535 1740 2634 1772 quam

1570 1786 1626 1816 per
1649 1776 1824 1812 hominem,
1849 1786 1905 1816 per
1927 1776 2106 1807 albedinem
2127 1786 2234 1807 veram
2258 1786 2355 1817 quam
2371 1785 2428 1816 per
2442 1775 2632 1811 albedinem,

1571 1829 1600 1851 et
1625 1820 1669 1851 sic
1692 1820 1730 1850 de
1753 1819 1830 1850 aliis.
1862 1819 1996 1851 Constat
2024 1820 2136 1851 deinde
2158 1830 2270 1851 verum
2293 1830 2360 1850 non
2388 1819 2448 1850 dici
2472 1818 2634 1850 obiectum

1570 1865 1745 1895 intellectus
1764 1863 1854 1904 quasi
1869 1864 1982 1895 veritas
1998 1865 2037 1895 sit
2053 1865 2131 1895 ratio
2153 1864 2294 1895 formalis
2310 1863 2424 1895 obiecti
2440 1863 2632 1894 intellectus:

1570 1909 1624 1939 sed
1648 1908 1723 1950 quia
1740 1908 1855 1939 veritas
1878 1915 1924 1939 est
1948 1908 2088 1940 conditio
2113 1908 2180 1939 eius
2203 1915 2240 1940 ut
2262 1914 2309 1939 est
2329 1907 2494 1938 obiectum
2511 1906 2634 1939 intelle-

1571 1961 1648 1984 ctus.
1673 1954 1720 1984 Ex
1743 1953 1791 1983 his
1815 1953 1899 1983 enim
1922 1959 2008 1993 patet
2031 1963 2097 1984 non
2120 1953 2165 1984 sic
2188 1962 2221 1983 se
2243 1952 2358 1983 habere
2380 1951 2487 1983 Deum
2510 1951 2551 1982 ad
2565 1960 2632 1983 esse

1570 1997 1745 2038 sapientem
1775 1997 1855 2028 sicut
1883 1997 1922 2027 ad
1950 2007 2016 2028 esse
2039 2006 2164 2028 verum:
2190 1997 2345 2038 quoniam
2367 2006 2434 2027 esse
2452 1994 2633 2036 >sapientem

1570 2042 1657 2072 addit
1680 2048 1824 2072 naturam
1848 2041 2017 2081 sapientiae
2041 2051 2136 2082 supra
2159 2048 2304 2072 naturam
2328 2039 2461 2076 deitatis,
2483 2038 2557 2071 licet
2569 2038 2634 2071 sint

1569 2086 1654 2116 idem
1677 2086 1818 2122 realiter;
1843 2085 1897 2116 sed
1925 2095 1992 2116 esse
2014 2096 2126 2117 verum
2156 2095 2222 2116 non
2250 2083 2337 2115 addit
2365 2084 2460 2115 aliam
2485 2091 2632 2115 naturam

1570 2140 1664 2171 supra
1688 2130 1849 2166 deitatem,
1875 2129 1929 2160 sed
1952 2129 2121 2170 ipsammet
2150 2129 2298 2160 deitatem
2323 2127 2386 2159 alio
2409 2127 2509 2158 modo
2533 2127 2631 2168 signi-

1569 2174 1649 2205 ficat.
1674 2175 1716 2204 Et
1738 2183 1812 2205 cum
1835 2173 2001 2214 dupliciter
2022 2174 2135 2205 veritas
2158 2173 2337 2205 inveniatur
2351 2172 2385 2203 in
2402 2172 2483 2208 Deo,
2502 2171 2586 2203 sicut
2600 2177 2632 2203 et

1569 2219 1602 2249 in
1625 2219 1765 2259 qualibet
1792 2218 1995 2249 intellectuali
2021 2226 2148 2255 natura,
2179 2218 2296 2249 scilicet
2326 2217 2360 2247 in
2388 2216 2522 2247 essendo
2545 2223 2576 2247 et
2597 2216 2632 2247 in

1569 2263 1721 2300 dicendo;
1745 2262 1950 2293 manifestum
1974 2269 2020 2293 est
2042 2263 2132 2304 quod
2155 2263 2213 2294 sub
2237 2262 2347 2293 eadem
2366 2261 2488 2292 ratione
2504 2259 2633 2292 formali

1569 2307 1715 2338 terminat
1737 2307 1824 2338 Deus
1847 2306 1944 2337 fidem
1967 2306 2159 2348 inquantum
2174 2307 2271 2342 Deus,
2288 2313 2318 2337 et
2331 2305 2524 2346 inquantum
2538 2314 2631 2336 verus

1569 2353 1600 2382 in
1625 2351 1775 2382 essendo:
1801 2351 1956 2382 credendo
1986 2351 2071 2382 enim
2099 2351 2205 2382 Deum
2229 2360 2296 2381 esse
2319 2349 2439 2380 trinum
2474 2355 2505 2379 et
2527 2358 2632 2380 unum

1569 2396 1724 2427 credimus
1748 2396 1854 2426 Deum
1877 2405 1943 2426 esse
1968 2395 2058 2426 sicuti
2083 2402 2138 2431 est,
2163 2395 2252 2436 quod
2268 2400 2314 2424 est
2329 2393 2452 2424 credere
2475 2402 2587 2424 verum
2602 2398 2634 2424 et

1569 2441 1692 2472 credere
1722 2440 1827 2471 Deum
1854 2440 1913 2470 sub
1942 2440 2063 2470 ratione
2092 2438 2227 2475 deitatis;
2252 2438 2332 2468 sicut
2356 2437 2438 2468 scire
2464 2437 2631 2468 hominem

1547 2481 1549 2483 ’
1569 2495 1636 2515 esse
1659 2485 1776 2515 animal
1798 2483 1966 2524 politicum
1996 2490 2043 2515 est
2069 2483 2146 2514 scire
2168 2492 2280 2514 verum
2307 2488 2339 2512 et
2366 2482 2443 2512 scia-e
2465 2481 2631 2512 hominem

1567 2530 1759 2570 inquantum
1782 2535 1828 2559 est
1850 2528 1961 2558 homo.
1985 2527 2087 2564 Unde,
2104 2537 2178 2558 cum
2201 2526 2279 2557 fides
2293 2535 2360 2557 non
2379 2526 2484 2557 credat
2498 2526 2568 2557 Deo
2583 2525 2631 2556 in-

1568 2583 1635 2604 esse
1658 2573 1718 2604 nisi
1741 2582 1823 2614 quae
1845 2572 1964 2608 insunt,
1989 2579 2019 2603 et
2033 2572 2137 2603 credat
2153 2572 2182 2603 ei
2196 2569 2415 2602 convenientia
2430 2569 2551 2600 ratione
2567 2569 2631 2600 dei-

1569 2617 1653 2654 tatis,
1678 2625 1708 2648 et
1731 2617 1828 2648 deitas
1852 2616 1892 2647 sit
1913 2626 2063 2656 suprema
2086 2616 2164 2646 ratio
2188 2614 2330 2646 formalis
2353 2614 2385 2644 in
2408 2614 2495 2651 De0;
2520 2623 2631 2645 conse-

1568 2671 1669 2702 quens
1692 2668 1739 2691 est
1762 2660 1851 2701 quod
1873 2660 1960 2690 Deus
1983 2667 2020 2690 ut
2040 2659 2128 2690 Deus
2151 2659 2191 2690 sit
2213 2658 2374 2689 obiectum
2397 2658 2529 2689 formale
2545 2657 2628 2695 fidei,

1569 2712 1599 2736 et
1621 2705 1710 2745 quod
1733 2705 1795 2735 hoc
1817 2704 1902 2734 idem
1919 2703 1958 2734 sit
1975 2704 2065 2744 quod
2080 2703 2192 2740 dicere,
2208 2703 2296 2733 Deus
2314 2709 2351 2733 ut
2364 2711 2457 2733 verus
2471 2709 2503 2733 et
2517 2701 2630 2733 veritas

1567 2749 1600 2779 in
1622 2748 1768 2779 essendo.
1792 2748 1833 2778 Et
1854 2755 2020 2788 propterea
2044 2747 2155 2784 littera,
2172 2747 2307 2788 loquens
2330 2747 2369 2776 de
2388 2746 2514 2777 obiecto
2528 2753 2628 2777 mate-

1569 2792 1634 2823 riali
1657 2792 1739 2829 fidei,
1764 2802 1941 2833 synonyme
1961 2792 2060 2823 utitur
2072 2791 2210 2823 veritatis
2226 2791 2345 2832 primae
2363 2798 2395 2822 et
2410 2790 2469 2821 Dei
2486 2790 2628 2827 nomine,

1569 2837 1646 2867 dum
1670 2837 1758 2868 dicit:
1783 2836 1826 2867 Et
1848 2837 1918 2868 ideo
1941 2838 2036 2868 etiam
2061 2846 2103 2867 ex
2124 2837 2185 2868 hac
2201 2841 2299 2877 parte
2314 2835 2468 2866 obiectum
2479 2835 2567 2876 fidei
2581 2839 2629 2866 est

1569 2882 1687 2912 veritas
1704 2882 1826 2922 prima,
1851 2882 2038 2922 inquantum
2063 2881 2142 2911 nihil
2161 2880 2246 2912 cadit
2268 2880 2326 2911 sub
2337 2879 2412 2921 fide
2435 2879 2496 2910 nisi
2520 2880 2552 2910 in
2576 2888 2629 2910 or-

1567 2926 1641 2956 dine
1664 2925 1707 2956 ad
1728 2925 1845 2956 Deum.

1624 2969 1678 3000 VI.
1704 2969 1738 2999 In
1761 2969 1846 2999 idem
1870 2978 2000 3010 quoque
2019 2969 2190 3000 resolvitur
2212 2968 2303 2999 inniti
2319 2967 2389 2999 Deo
2409 2973 2445 2998 ut
2458 2966 2580 2998 veritati
2595 2966 2629 2998 in

1567 3014 1711 3050 dicendo,
1729 3020 1759 3044 et
1781 3013 1871 3044 inniti
1887 3014 2044 3045 credendo
2058 3014 2128 3044 Deo
2144 3013 2336 3054 inquantum
2353 3019 2399 3043 est
2414 3012 2513 3043 Deus.
2536 3011 2627 3049 Quo-

1568 3058 1653 3088 niam
1675 3058 1787 3089 veritas
1810 3058 1842 3088 in
1862 3058 1996 3089 dicendo
2016 3057 2158 3089 consistit
2174 3057 2206 3088 in
2222 3056 2452 3098 adaequatione
2467 3055 2567 3096 ipsius
2582 3054 2628 3087 di-

1568 3112 1635 3133 cere
1659 3103 1698 3132 ad
1721 3112 1788 3132 rem
1811 3102 1926 3133 dictam
1951 3102 2126 3133 secundum
2147 3112 2180 3132 se
2201 3108 2231 3133 et
2246 3101 2278 3132 in
2300 3107 2406 3132 mente
2430 3100 2578 3131 dicentis:
2601 3099 2628 3130 si

1567 3147 1651 3177 enim
1668 3147 1789 3178 deesset
1804 3146 2008 3178 conformitas
2024 3147 2063 3177 ad
2080 3156 2157 3183 rem,
2174 3153 2255 3177 esset
2270 3145 2404 3182 falsitas;
2421 3151 2451 3175 et
2466 3144 2492 3175 si
2508 3144 2628 3175 deesset

1567 3190 1772 3222 conformitas
1795 3191 1835 3221 ad
1857 3201 1924 3222 rem
1947 3191 1980 3222 in
2003 3198 2123 3227 mente,
2148 3198 2227 3222 esset
2250 3188 2462 3220 mendacium.
2493 3186 2628 3220 Constat

1567 3241 1673 3265 autem
1694 3235 1784 3276 quod
1812 3235 2016 3267 conformitas
2044 3235 2085 3266 ad
2112 3245 2180 3266 rem
2213 3234 2306 3275 exigit
2329 3232 2543 3274 cognitionem
2572 3229 2626 3262 rei.

1567 3281 1613 3309 Ac
1636 3289 1691 3318 per
1714 3279 1784 3315 hoc,
1802 3280 1929 3310 credens
1951 3281 2021 3311 Deo
2037 3279 2151 3310 dicenti
2167 3286 2215 3310 tot
2230 3278 2399 3319 singularia
2418 3283 2498 3318 quot
2513 3276 2546 3306 in
2565 3274 2626 3305 fide

1566 3323 1776 3359 continentur,
1801 3331 1926 3363 oportet
1949 3325 2037 3365 quod
2062 3324 2166 3355 credat
2189 3323 2266 3354 nihil
2285 3331 2378 3363 posse
2392 3321 2486 3351 latere
2502 3320 2625 3350 Deum:

1567 3367 1591 3397 si
1616 3366 1700 3397 enim
1723 3367 1842 3408 aliquid
1865 3367 1932 3398 eius
1956 3368 2169 3408 cognitionem
2199 3365 2436 3405 subterfugeret,
2459 3364 2537 3395 illud
2561 3373 2627 3394 non

1569 3418 1673 3452 posset
1696 3421 1767 3441 vere
1791 3411 1902 3449 dicere,
1926 3413 1972 3443 sic
1994 3418 2049 3443 est.
2076 3411 2226 3453 cognitio
2249 3417 2357 3442 autem
2380 3408 2528 3439 omnium
2551 3417 2625 3438 con-

1571 3455 1651 3485 venit
1675 3455 1744 3485 Deo
1768 3456 1887 3486 ratione
1912 3456 2042 3493 deitatis,
2060 3463 2096 3487 ut
2109 3462 2205 3497 patet.
2229 3455 2264 3486 In
2278 3454 2383 3485 Deum
2400 3462 2474 3492 ergo
2491 3452 2625 3493 inquan-

2747 359 2762 382 η

2660 455 2667 461 “
2679 454 2727 481 Qu.
2738 459 2790 479 xxv,
2801 456 2842 474 art.
2854 459 2869 475 1.

2659 986 2870 1014 ⁸nonom.P;etpro

2661 1012 2704 1034 ned
2716 1013 2785 1035 habet
2798 1018 2848 1035 neu.
