<?xml version="1.0" encoding="UTF-8"?>
<!DOCTYPE html PUBLIC "-//W3C//DTD XHTML 1.0 Transitional//EN"
    "http://www.w3.org/TR/xhtml1/DTD/xhtml1-transitional.dtd">
<html xmlns="http://www.w3.org/1999/xhtml" xml:lang="en" lang="en">
 <head>
  <title>
</title>
<meta http-equiv="Content-Type" content="text/html;charset=utf-8" />
  <meta name='ocr-system' content='tesseract 3.04.00' />
  <meta name='ocr-capabilities' content='ocr_page ocr_carea ocr_par ocr_line ocrx_word'/>
</head>
<body>
  <div class='ocr_page' id='page_1' title='image "./operaomniaiussui08thom/operaomniaiussui08thom_0441.png"; bbox 0 0 2892 4056; ppageno 0'>
   <div class='ocr_carea' id='block_1_1' title="bbox 80 1965 290 2043">
    <p class='ocr_par' dir='ltr' id='par_1_1' title="bbox 80 1965 290 2043">
     <span class='ocr_line' id='line_1_1' title="bbox 80 1965 290 2014; baseline -0.019 0"><span class='ocrx_word' id='word_1_1' title='bbox 80 1965 162 2014; x_wconf 57' lang='lat' dir='ltr'>Lete:</span> <span class='ocrx_word' id='word_1_2' title='bbox 179 1970 290 2014; x_wconf 55' lang='lat' dir='ltr'>»tce-..⁴5</span> 
     </span>
     <span class='ocr_line' id='line_1_2' title="bbox 80 2017 288 2043; baseline 0.005 -4"><span class='ocrx_word' id='word_1_3' title='bbox 80 2017 118 2040; x_wconf 79' lang='lat' dir='ltr'>et.</span> <span class='ocrx_word' id='word_1_4' title='bbox 127 2018 168 2040; x_wconf 80' lang='lat' dir='ltr'>lib.</span> <span class='ocrx_word' id='word_1_5' title='bbox 181 2017 223 2043; x_wconf 77' lang='lat' dir='ltr'>lv.</span> <span class='ocrx_word' id='word_1_6' title='bbox 237 2024 264 2040; x_wconf 76' lang='lat' dir='ltr'>ea</span> <span class='ocrx_word' id='word_1_7' title='bbox 281 2033 288 2040; x_wconf 86' lang='lat'><strong><em>.</em></strong></span> 
     </span>
    </p>
   </div>
   <div class='ocr_carea' id='block_1_2' title="bbox 0 2026 290 2141">
    <p class='ocr_par' dir='ltr' id='par_1_2' title="bbox 0 2026 290 2141">
     <span class='ocr_line' id='line_1_3' title="bbox 0 2026 290 2070; baseline -0.003 -3"><span class='ocrx_word' id='word_1_8' title='bbox 0 2026 4 2049; x_wconf 47' lang='grc' dir='ltr'>ί</span> <span class='ocrx_word' id='word_1_9' title='bbox 81 2050 112 2067; x_wconf 80' lang='lat' dir='ltr'>ix.</span> <span class='ocrx_word' id='word_1_10' title='bbox 131 2050 154 2067; x_wconf 80' lang='lat' dir='ltr'>n.</span> <span class='ocrx_word' id='word_1_11' title='bbox 169 2044 196 2070; x_wconf 68' lang='grc' dir='ltr'>ες</span> <span class='ocrx_word' id='word_1_12' title='bbox 214 2051 234 2067; x_wconf 82' lang='grc' dir='ltr'>ι.</span> <span class='ocrx_word' id='word_1_13' title='bbox 282 2059 290 2066; x_wconf 88' lang='grc'><strong>.</strong></span> 
     </span>
     <span class='ocr_line' id='line_1_4' title="bbox 0 2063 204 2115; baseline 0.005 -23"><span class='ocrx_word' id='word_1_14' title='bbox 0 2063 7 2115; x_wconf 55' lang='grc' dir='ltr'>ξ</span> <span class='ocrx_word' id='word_1_15' title='bbox 79 2070 132 2093; x_wconf 72' lang='lat' dir='ltr'>lect.</span> <span class='ocrx_word' id='word_1_16' title='bbox 147 2076 204 2093; x_wconf 74' lang='lat' dir='ltr'>mi.</span> 
     </span>
     <span class='ocr_line' id='line_1_5' title="bbox 0 2120 5 2141; baseline 0 0"><span class='ocrx_word' id='word_1_17' title='bbox 0 2120 5 2141; x_wconf 65' lang='grc' dir='ltr'><strong><em>Ρ</em></strong></span> 
     </span>
    </p>
   </div>
   <div class='ocr_carea' id='block_1_3' title="bbox 0 2215 425 3187">
    <p class='ocr_par' dir='ltr' id='par_1_3' title="bbox 0 2215 5 2239">
     <span class='ocr_line' id='line_1_6' title="bbox 0 2215 5 2239; baseline 0 0"><span class='ocrx_word' id='word_1_18' title='bbox 0 2215 5 2239; x_wconf 76' lang='lat' dir='ltr'>l</span> 
     </span>
    </p>

    <p class='ocr_par' dir='ltr' id='par_1_4' title="bbox 0 2241 5 2309">
     <span class='ocr_line' id='line_1_7' title="bbox 0 2241 5 2309; baseline 0 -43"><span class='ocrx_word' id='word_1_19' title='bbox 0 2241 5 2309; x_wconf 56' lang='grc' dir='ltr'><strong>ἱ</strong></span> 
     </span>
    </p>

    <p class='ocr_par' dir='ltr' id='par_1_5' title="bbox 0 2345 425 3187">
     <span class='ocr_line' id='line_1_8' title="bbox 0 2345 8 2403; baseline 0 0"><span class='ocrx_word' id='word_1_20' title='bbox 0 2345 8 2403; x_wconf 70' lang='lat' dir='ltr'>l</span> 
     </span>
     <span class='ocr_line' id='line_1_9' title="bbox 83 2740 425 2805; baseline -0.009 -24"><span class='ocrx_word' id='word_1_21' title='bbox 83 2758 112 2805; x_wconf 54' lang='lat' dir='ltr'>:d</span> <span class='ocrx_word' id='word_1_22' title='bbox 127 2789 139 2805; x_wconf 65' lang='lat'><em>²</em></span> <span class='ocrx_word' id='word_1_23' title='bbox 177 2757 293 2785; x_wconf 66' lang='lat' dir='ltr'>praeced„</span> <span class='ocrx_word' id='word_1_24' title='bbox 338 2740 359 2763; x_wconf 52' lang='lat'>4¹³</span> <span class='ocrx_word' id='word_1_25' title='bbox 420 2765 425 2773; x_wconf 85' lang='lat'>·</span> 
     </span>
     <span class='ocr_line' id='line_1_10' title="bbox 87 2924 215 2946; baseline 0 0"><span class='ocrx_word' id='word_1_26' title='bbox 87 2926 96 2935; x_wconf 78' lang='lat'>⁵</span> <span class='ocrx_word' id='word_1_27' title='bbox 110 2924 177 2946; x_wconf 77' lang='lat' dir='ltr'>Vei-s.</span> <span class='ocrx_word' id='word_1_28' title='bbox 192 2924 215 2946; x_wconf 88' lang='grc'>8.</span> 
     </span>
     <span class='ocr_line' id='line_1_11' title="bbox 85 3134 296 3187; baseline 0.005 -5"><span class='ocrx_word' id='word_1_29' title='bbox 85 3134 171 3187; x_wconf 54' lang='lat' dir='ltr'>{vitta</span> <span class='ocrx_word' id='word_1_30' title='bbox 180 3135 296 3184; x_wconf 51' lang='grc' dir='ltr'>ν’ἓῖἶέκὲῐῑ</span> 
     </span>
    </p>
   </div>
   <div class='ocr_carea' id='block_1_4' title="bbox 992 190 2476 237">
    <p class='ocr_par' dir='ltr' id='par_1_6' title="bbox 992 190 2476 237">
     <span class='ocr_line' id='line_1_12' title="bbox 992 190 2476 237; baseline 0.001 -11"><span class='ocrx_word' id='word_1_31' title='bbox 992 190 1257 236; x_wconf 74' lang='lat' dir='ltr'>QUAEsrlo</span> <span class='ocrx_word' id='word_1_32' title='bbox 1285 190 1388 236; x_wconf 81' lang='lat' dir='ltr'>Lm,</span> <span class='ocrx_word' id='word_1_33' title='bbox 1416 190 1710 227; x_wconf 78' lang='lat' dir='ltr'>ARTICULUS</span> <span class='ocrx_word' id='word_1_34' title='bbox 1739 190 1789 226; x_wconf 80' lang='lat' dir='ltr'>vl</span> <span class='ocrx_word' id='word_1_35' title='bbox 2404 191 2476 237; x_wconf 80' lang='lat'>393</span> 
     </span>
    </p>
   </div>
   <div class='ocr_carea' id='block_1_5' title="bbox 313 267 2483 1154">
    <p class='ocr_par' dir='ltr' id='par_1_7' title="bbox 313 267 2483 1154">
     <span class='ocr_line' id='line_1_13' title="bbox 313 267 2479 318; baseline -0.001 -12"><span class='ocrx_word' id='word_1_36' title='bbox 313 268 443 318; x_wconf 87' lang='lat' dir='ltr'>ipsius,</span> <span class='ocrx_word' id='word_1_37' title='bbox 464 280 561 317; x_wconf 89' lang='lat' dir='ltr'>quae</span> <span class='ocrx_word' id='word_1_38' title='bbox 582 273 599 289; x_wconf 83' lang='lat'>‘²</span> <span class='ocrx_word' id='word_1_39' title='bbox 618 280 696 305; x_wconf 90' lang='lat' dir='ltr'>non</span> <span class='ocrx_word' id='word_1_40' title='bbox 715 276 816 306; x_wconf 93' lang='lat' dir='ltr'>tenet</span> <span class='ocrx_word' id='word_1_41' title='bbox 839 281 879 305; x_wconf 89' lang='lat' dir='ltr'>se</span> <span class='ocrx_word' id='word_1_42' title='bbox 907 268 1064 306; x_wconf 87' lang='lat' dir='ltr'>firmiter</span> <span class='ocrx_word' id='word_1_43' title='bbox 1083 268 1120 305; x_wconf 88' lang='lat' dir='ltr'>in</span> <span class='ocrx_word' id='word_1_44' title='bbox 1148 269 1251 305; x_wconf 91' lang='lat' dir='ltr'>bono</span> <span class='ocrx_word' id='word_1_45' title='bbox 1281 280 1370 304; x_wconf 91' lang='lat' dir='ltr'>con·</span> <span class='ocrx_word' id='word_1_46' title='bbox 1395 269 1397 297; x_wconf 73' lang='lat'><strong>¹</strong></span> <span class='ocrx_word' id='word_1_47' title='bbox 1424 268 1472 304; x_wconf 92' lang='lat' dir='ltr'>ad</span> <span class='ocrx_word' id='word_1_48' title='bbox 1491 268 1760 315; x_wconf 86' lang='lat' dir='ltr'>fortitudinem,</span> <span class='ocrx_word' id='word_1_49' title='bbox 1781 279 1879 317; x_wconf 91' lang='lat' dir='ltr'>quae</span> <span class='ocrx_word' id='word_1_50' title='bbox 1902 268 2041 316; x_wconf 89' lang='lat' dir='ltr'>patitur</span> <span class='ocrx_word' id='word_1_51' title='bbox 2065 267 2250 304; x_wconf 89' lang='lat' dir='ltr'>maiorem</span> <span class='ocrx_word' id='word_1_52' title='bbox 2275 268 2479 316; x_wconf 88' lang='lat' dir='ltr'>impulsum</span> 
     </span>
     <span class='ocr_line' id='line_1_14' title="bbox 316 319 1744 374; baseline -0.001 -17"><span class='ocrx_word' id='word_1_53' title='bbox 316 329 425 370; x_wconf 82' lang='lat' dir='ltr'>cepto</span> <span class='ocrx_word' id='word_1_54' title='bbox 444 319 470 357; x_wconf 68' lang='grc' dir='ltr'>β.</span> <span class='ocrx_word' id='word_1_55' title='bbox 509 321 558 357; x_wconf 91' lang='lat' dir='ltr'>Et</span> <span class='ocrx_word' id='word_1_56' title='bbox 594 321 680 358; x_wconf 88' lang='lat' dir='ltr'>ideo</span> <span class='ocrx_word' id='word_1_57' title='bbox 718 321 986 368; x_wconf 82' lang='lat' dir='ltr'><strong>inconstantia,</strong></span> <span class='ocrx_word' id='word_1_58' title='bbox 1015 328 1200 370; x_wconf 86' lang='lat' dir='ltr'>quantum</span> <span class='ocrx_word' id='word_1_59' title='bbox 1236 321 1285 357; x_wconf 91' lang='lat' dir='ltr'>ad</span> <span class='ocrx_word' id='word_1_60' title='bbox 1313 320 1370 357; x_wconf 88' lang='lat' dir='ltr'>sui</span> <span class='ocrx_word' id='word_1_61' title='bbox 1395 342 1398 374; x_wconf 37' lang='grc' dir='ltr'>ὲ</span> <span class='ocrx_word' id='word_1_62' title='bbox 1424 320 1473 357; x_wconf 91' lang='lat' dir='ltr'>ad</span> <span class='ocrx_word' id='word_1_63' title='bbox 1503 321 1744 357; x_wconf 91' lang='lat' dir='ltr'>contrarium.</span> 
     </span>
     <span class='ocr_line' id='line_1_15' title="bbox 315 372 2479 422; baseline -0 -13"><span class='ocrx_word' id='word_1_64' title='bbox 315 373 699 420; x_wconf 86' lang='lat' dir='ltr'>consummationem,</span> <span class='ocrx_word' id='word_1_65' title='bbox 720 374 880 422; x_wconf 84' lang='lat' dir='ltr'>pertinet</span> <span class='ocrx_word' id='word_1_66' title='bbox 907 374 957 411; x_wconf 88' lang='lat' dir='ltr'>ad</span> <span class='ocrx_word' id='word_1_67' title='bbox 985 373 1174 410; x_wconf 87' lang='lat' dir='ltr'>defectum</span> <span class='ocrx_word' id='word_1_68' title='bbox 1203 373 1368 410; x_wconf 84' lang='lat' dir='ltr'>rationis.</span> <span class='ocrx_word' id='word_1_69' title='bbox 1396 378 1397 385; x_wconf 64' lang='lat'>¹</span> <span class='ocrx_word' id='word_1_70' title='bbox 1477 375 1535 409; x_wconf 86' lang='lat' dir='ltr'>An</span> <span class='ocrx_word' id='word_1_71' title='bbox 1551 384 1741 410; x_wconf 76' lang='lat' dir='ltr'>SECUNDUM</span> <span class='ocrx_word' id='word_1_72' title='bbox 1755 384 1940 410; x_wconf 65' lang='lat' dir='ltr'>memnon</span> <span class='ocrx_word' id='word_1_73' title='bbox 1960 373 2062 421; x_wconf 92' lang='lat' dir='ltr'>quod</span> <span class='ocrx_word' id='word_1_74' title='bbox 2083 372 2224 410; x_wconf 87' lang='lat' dir='ltr'>invidia</span> <span class='ocrx_word' id='word_1_75' title='bbox 2245 380 2280 409; x_wconf 92' lang='lat' dir='ltr'>et</span> <span class='ocrx_word' id='word_1_76' title='bbox 2299 372 2364 418; x_wconf 90' lang='lat' dir='ltr'>ira,</span> <span class='ocrx_word' id='word_1_77' title='bbox 2382 385 2479 421; x_wconf 91' lang='lat' dir='ltr'>quae</span> 
     </span>
     <span class='ocr_line' id='line_1_16' title="bbox 316 425 2479 474; baseline -0 -12"><span class='ocrx_word' id='word_1_78' title='bbox 316 426 421 463; x_wconf 83' lang='lat' dir='ltr'>Sicut</span> <span class='ocrx_word' id='word_1_79' title='bbox 452 433 579 462; x_wconf 89' lang='lat' dir='ltr'>autem</span> <span class='ocrx_word' id='word_1_80' title='bbox 612 426 737 463; x_wconf 88' lang='lat' dir='ltr'>omnis</span> <span class='ocrx_word' id='word_1_81' title='bbox 774 427 958 463; x_wconf 86' lang='lat' dir='ltr'>rectitudo</span> <span class='ocrx_word' id='word_1_82' title='bbox 995 426 1149 462; x_wconf 88' lang='lat' dir='ltr'>rationis</span> <span class='ocrx_word' id='word_1_83' title='bbox 1182 425 1370 474; x_wconf 85' lang='lat' dir='ltr'>practicae</span> <span class='ocrx_word' id='word_1_84' title='bbox 1396 442 1397 467; x_wconf 73' lang='lat'>3</span> <span class='ocrx_word' id='word_1_85' title='bbox 1425 433 1480 462; x_wconf 92' lang='lat' dir='ltr'>est</span> <span class='ocrx_word' id='word_1_86' title='bbox 1518 425 1768 462; x_wconf 90' lang='lat' dir='ltr'>contentionis</span> <span class='ocrx_word' id='word_1_87' title='bbox 1804 425 2055 473; x_wconf 90' lang='lat' dir='ltr'>principium,</span> <span class='ocrx_word' id='word_1_88' title='bbox 2091 425 2232 462; x_wconf 86' lang='lat' dir='ltr'>faciunt</span> <span class='ocrx_word' id='word_1_89' title='bbox 2265 425 2479 462; x_wconf 88' lang='lat' dir='ltr'>inconstan-</span> 
     </span>
     <span class='ocr_line' id='line_1_17' title="bbox 315 474 2482 527; baseline -0 -12"><span class='ocrx_word' id='word_1_90' title='bbox 315 478 476 526; x_wconf 86' lang='lat' dir='ltr'>pertinet</span> <span class='ocrx_word' id='word_1_91' title='bbox 503 478 710 526; x_wconf 82' lang='lat' dir='ltr'>aliqualiter</span> <span class='ocrx_word' id='word_1_92' title='bbox 737 479 786 516; x_wconf 92' lang='lat' dir='ltr'>ad</span> <span class='ocrx_word' id='word_1_93' title='bbox 813 478 1065 527; x_wconf 86' lang='lat' dir='ltr'>prudentiam,</span> <span class='ocrx_word' id='word_1_94' title='bbox 1086 478 1136 515; x_wconf 85' lang='lat' dir='ltr'>ita</span> <span class='ocrx_word' id='word_1_95' title='bbox 1164 478 1288 515; x_wconf 89' lang='lat' dir='ltr'>omnis</span> <span class='ocrx_word' id='word_1_96' title='bbox 1307 478 1371 515; x_wconf 90' lang='lat' dir='ltr'>de·</span> <span class='ocrx_word' id='word_1_97' title='bbox 1396 474 1397 490; x_wconf 63' lang='lat'>¹</span> <span class='ocrx_word' id='word_1_98' title='bbox 1423 477 1515 514; x_wconf 90' lang='lat' dir='ltr'>tiam</span> <span class='ocrx_word' id='word_1_99' title='bbox 1544 490 1590 514; x_wconf 86' lang='lat' dir='ltr'>ex</span> <span class='ocrx_word' id='word_1_100' title='bbox 1618 486 1724 526; x_wconf 91' lang='lat' dir='ltr'>parte</span> <span class='ocrx_word' id='word_1_101' title='bbox 1760 478 1989 526; x_wconf 87' lang='lat' dir='ltr'>appetitivae</span> <span class='ocrx_word' id='word_1_102' title='bbox 2025 478 2192 525; x_wconf 88' lang='lat' dir='ltr'>virtutis,</span> <span class='ocrx_word' id='word_1_103' title='bbox 2232 489 2277 514; x_wconf 89' lang='lat' dir='ltr'>ex</span> <span class='ocrx_word' id='word_1_104' title='bbox 2314 490 2389 526; x_wconf 91' lang='lat' dir='ltr'>qua</span> <span class='ocrx_word' id='word_1_105' title='bbox 2427 485 2482 514; x_wconf 90' lang='lat' dir='ltr'>est</span> 
     </span>
     <span class='ocr_line' id='line_1_18' title="bbox 315 530 2346 579; baseline -0 -12"><span class='ocrx_word' id='word_1_106' title='bbox 315 531 432 567; x_wconf 90' lang='lat' dir='ltr'>fectus</span> <span class='ocrx_word' id='word_1_107' title='bbox 452 530 623 568; x_wconf 89' lang='lat' dir='ltr'>eiusdem</span> <span class='ocrx_word' id='word_1_108' title='bbox 643 531 802 579; x_wconf 84' lang='lat' dir='ltr'>pertinet</span> <span class='ocrx_word' id='word_1_109' title='bbox 822 531 871 568; x_wconf 93' lang='lat' dir='ltr'>ad</span> <span class='ocrx_word' id='word_1_110' title='bbox 889 530 1196 579; x_wconf 86' lang='lat' dir='ltr'>imprudentiam:</span> <span class='ocrx_word' id='word_1_111' title='bbox 1218 531 1267 567; x_wconf 89' lang='lat' dir='ltr'>Et</span> <span class='ocrx_word' id='word_1_112' title='bbox 1282 530 1369 567; x_wconf 90' lang='lat' dir='ltr'>ideo</span> <span class='ocrx_word' id='word_1_113' title='bbox 1395 531 1397 570; x_wconf 70' lang='lat' dir='ltr'>j</span> <span class='ocrx_word' id='word_1_114' title='bbox 1423 530 1651 579; x_wconf 90' lang='lat' dir='ltr'>principium</span> <span class='ocrx_word' id='word_1_115' title='bbox 1681 530 1970 577; x_wconf 87' lang='lat' dir='ltr'>inconstantiae,</span> <span class='ocrx_word' id='word_1_116' title='bbox 1999 538 2041 566; x_wconf 91' lang='lat' dir='ltr'>ut</span> <span class='ocrx_word' id='word_1_117' title='bbox 2069 530 2211 567; x_wconf 89' lang='lat' dir='ltr'>dictum</span> <span class='ocrx_word' id='word_1_118' title='bbox 2241 538 2296 567; x_wconf 91' lang='lat' dir='ltr'>est</span> <span class='ocrx_word' id='word_1_119' title='bbox 2315 531 2346 566; x_wconf 60' lang='lat'>³².</span> 
     </span>
     <span class='ocr_line' id='line_1_19' title="bbox 315 582 2480 631; baseline -0 -12"><span class='ocrx_word' id='word_1_120' title='bbox 315 583 575 629; x_wconf 90' lang='lat' dir='ltr'>inconstantia,</span> <span class='ocrx_word' id='word_1_121' title='bbox 596 583 807 620; x_wconf 91' lang='lat' dir='ltr'>secundum</span> <span class='ocrx_word' id='word_1_122' title='bbox 837 583 894 620; x_wconf 89' lang='lat' dir='ltr'>sui</span> <span class='ocrx_word' id='word_1_123' title='bbox 919 583 1301 629; x_wconf 86' lang='lat' dir='ltr'>consummationem,</span> <span class='ocrx_word' id='word_1_124' title='bbox 1322 583 1370 619; x_wconf 90' lang='lat' dir='ltr'>ad</span> <span class='ocrx_word' id='word_1_125' title='bbox 1396 586 1397 594; x_wconf 64' lang='lat'>¹</span> <span class='ocrx_word' id='word_1_126' title='bbox 1477 585 1535 619; x_wconf 80' lang='lat' dir='ltr'>An</span> <span class='ocrx_word' id='word_1_127' title='bbox 1555 594 1713 620; x_wconf 79' lang='lat' dir='ltr'>TER‘rmM</span> <span class='ocrx_word' id='word_1_128' title='bbox 1733 594 1915 619; x_wconf 83' lang='lat' dir='ltr'><strong>DICENDUM</strong></span> <span class='ocrx_word' id='word_1_129' title='bbox 1944 583 2048 631; x_wconf 92' lang='lat' dir='ltr'>quod</span> <span class='ocrx_word' id='word_1_130' title='bbox 2077 582 2305 620; x_wconf 88' lang='lat' dir='ltr'>continentia</span> <span class='ocrx_word' id='word_1_131' title='bbox 2334 590 2370 619; x_wconf 90' lang='lat' dir='ltr'>et</span> <span class='ocrx_word' id='word_1_132' title='bbox 2397 595 2480 631; x_wconf 90' lang='lat' dir='ltr'>per-</span> 
     </span>
     <span class='ocr_line' id='line_1_20' title="bbox 315 635 2481 685; baseline -0 -13"><span class='ocrx_word' id='word_1_133' title='bbox 315 636 606 684; x_wconf 85' lang='lat' dir='ltr'>imprudentiam</span> <span class='ocrx_word' id='word_1_134' title='bbox 636 636 808 684; x_wconf 90' lang='lat' dir='ltr'>pertinet.</span> <span class='ocrx_word' id='word_1_135' title='bbox 838 637 886 672; x_wconf 91' lang='lat' dir='ltr'>Et</span> <span class='ocrx_word' id='word_1_136' title='bbox 909 635 1003 673; x_wconf 85' lang='lat' dir='ltr'>sicut</span> <span class='ocrx_word' id='word_1_137' title='bbox 1029 635 1286 683; x_wconf 73' lang='lat' dir='ltr'>praecipitatio</span> <span class='ocrx_word' id='word_1_138' title='bbox 1315 643 1372 674; x_wconf 85' lang='lat' dir='ltr'>est</span> <span class='ocrx_word' id='word_1_139' title='bbox 1395 653 1398 685; x_wconf 56' lang='grc' dir='ltr'>ς</span> <span class='ocrx_word' id='word_1_140' title='bbox 1425 635 1637 673; x_wconf 81' lang='lat' dir='ltr'>severantia</span> <span class='ocrx_word' id='word_1_141' title='bbox 1665 647 1742 673; x_wconf 78' lang='lat' dir='ltr'>non</span> <span class='ocrx_word' id='word_1_142' title='bbox 1766 635 1942 673; x_wconf 89' lang='lat' dir='ltr'>videntur</span> <span class='ocrx_word' id='word_1_143' title='bbox 1962 647 2043 671; x_wconf 88' lang='lat' dir='ltr'>esse</span> <span class='ocrx_word' id='word_1_144' title='bbox 2063 635 2101 671; x_wconf 93' lang='lat' dir='ltr'>in</span> <span class='ocrx_word' id='word_1_145' title='bbox 2120 636 2158 671; x_wconf 89' lang='lat' dir='ltr'>vi</span> <span class='ocrx_word' id='word_1_146' title='bbox 2177 635 2392 683; x_wconf 85' lang='lat' dir='ltr'>appetitiva,</span> <span class='ocrx_word' id='word_1_147' title='bbox 2414 635 2481 671; x_wconf 92' lang='lat' dir='ltr'>sed</span> 
     </span>
     <span class='ocr_line' id='line_1_21' title="bbox 317 687 2481 736; baseline 0 -12"><span class='ocrx_word' id='word_1_148' title='bbox 317 700 361 724; x_wconf 86' lang='lat' dir='ltr'>ex</span> <span class='ocrx_word' id='word_1_149' title='bbox 390 688 538 725; x_wconf 88' lang='lat' dir='ltr'>defectu</span> <span class='ocrx_word' id='word_1_150' title='bbox 568 688 664 724; x_wconf 91' lang='lat' dir='ltr'>circa</span> <span class='ocrx_word' id='word_1_151' title='bbox 692 695 818 724; x_wconf 90' lang='lat' dir='ltr'>actum</span> <span class='ocrx_word' id='word_1_152' title='bbox 848 687 1003 734; x_wconf 91' lang='lat' dir='ltr'>consilii,</span> <span class='ocrx_word' id='word_1_153' title='bbox 1025 695 1061 723; x_wconf 92' lang='lat' dir='ltr'>et</span> <span class='ocrx_word' id='word_1_154' title='bbox 1079 687 1370 724; x_wconf 86' lang='lat' dir='ltr'>inconsideratio</span> <span class='ocrx_word' id='word_1_155' title='bbox 1425 688 1550 724; x_wconf 89' lang='lat' dir='ltr'>solum</span> <span class='ocrx_word' id='word_1_156' title='bbox 1578 687 1617 724; x_wconf 90' lang='lat' dir='ltr'>in</span> <span class='ocrx_word' id='word_1_157' title='bbox 1645 687 1787 724; x_wconf 90' lang='lat' dir='ltr'>ratione</span> <span class='ocrx_word' id='word_1_158' title='bbox 1809 689 1840 724; x_wconf 70' lang='lat'>²¹³.</span> <span class='ocrx_word' id='word_1_159' title='bbox 1871 687 2080 724; x_wconf 90' lang='lat' dir='ltr'>Continens</span> <span class='ocrx_word' id='word_1_160' title='bbox 2109 688 2210 724; x_wconf 89' lang='lat' dir='ltr'>enim</span> <span class='ocrx_word' id='word_1_161' title='bbox 2237 687 2377 736; x_wconf 90' lang='lat' dir='ltr'>patitur</span> <span class='ocrx_word' id='word_1_162' title='bbox 2400 687 2481 735; x_wconf 91' lang='lat' dir='ltr'>qui-</span> 
     </span>
     <span class='ocr_line' id='line_1_22' title="bbox 316 740 2481 789; baseline -0 -12"><span class='ocrx_word' id='word_1_163' title='bbox 316 740 414 777; x_wconf 83' lang='lat' dir='ltr'>eirea</span> <span class='ocrx_word' id='word_1_164' title='bbox 441 748 569 777; x_wconf 81' lang='lat' dir='ltr'>actum</span> <span class='ocrx_word' id='word_1_165' title='bbox 597 740 736 788; x_wconf 80' lang='lat' dir='ltr'>iudicii,</span> <span class='ocrx_word' id='word_1_166' title='bbox 765 740 816 777; x_wconf 87' lang='lat' dir='ltr'>ita</span> <span class='ocrx_word' id='word_1_167' title='bbox 843 740 1089 777; x_wconf 74' lang='lat' dir='ltr'>inconstantia</span> <span class='ocrx_word' id='word_1_168' title='bbox 1118 740 1215 776; x_wconf 91' lang='lat' dir='ltr'>circa</span> <span class='ocrx_word' id='word_1_169' title='bbox 1243 748 1370 776; x_wconf 89' lang='lat' dir='ltr'>actum</span> <span class='ocrx_word' id='word_1_170' title='bbox 1396 746 1398 751; x_wconf 84' lang='grc'><strong>“</strong></span> <span class='ocrx_word' id='word_1_171' title='bbox 1426 741 1514 776; x_wconf 90' lang='lat' dir='ltr'>dem</span> <span class='ocrx_word' id='word_1_172' title='bbox 1541 752 1742 788; x_wconf 87' lang='lat' dir='ltr'>perversas</span> <span class='ocrx_word' id='word_1_173' title='bbox 1776 740 2122 789; x_wconf 85' lang='lat' dir='ltr'>concupiscentias,</span> <span class='ocrx_word' id='word_1_174' title='bbox 2161 747 2196 776; x_wconf 91' lang='lat' dir='ltr'>et</span> <span class='ocrx_word' id='word_1_175' title='bbox 2231 747 2481 788; x_wconf 87' lang='lat' dir='ltr'>perseverans</span> 
     </span>
     <span class='ocr_line' id='line_1_23' title="bbox 314 791 2482 842; baseline 0 -13"><span class='ocrx_word' id='word_1_176' title='bbox 314 793 526 842; x_wconf 88' lang='lat' dir='ltr'>praecepti:</span> <span class='ocrx_word' id='word_1_177' title='bbox 563 803 608 829; x_wconf 88' lang='lat' dir='ltr'>ex</span> <span class='ocrx_word' id='word_1_178' title='bbox 634 793 710 829; x_wconf 89' lang='lat' dir='ltr'>hoc</span> <span class='ocrx_word' id='word_1_179' title='bbox 743 792 845 829; x_wconf 87' lang='lat' dir='ltr'>enim</span> <span class='ocrx_word' id='word_1_180' title='bbox 881 791 1015 828; x_wconf 90' lang='lat' dir='ltr'>dicitur</span> <span class='ocrx_word' id='word_1_181' title='bbox 1042 792 1172 842; x_wconf 90' lang='lat' dir='ltr'>aliquis</span> <span class='ocrx_word' id='word_1_182' title='bbox 1207 804 1288 829; x_wconf 90' lang='lat' dir='ltr'>esse</span> <span class='ocrx_word' id='word_1_183' title='bbox 1317 793 1372 829; x_wconf 91' lang='lat' dir='ltr'>in-</span> <span class='ocrx_word' id='word_1_184' title='bbox 1396 792 1398 828; x_wconf 51' lang='grc' dir='ltr'>ἶ</span> <span class='ocrx_word' id='word_1_185' title='bbox 1424 804 1559 839; x_wconf 90' lang='lat' dir='ltr'>graves</span> <span class='ocrx_word' id='word_1_186' title='bbox 1588 792 1770 839; x_wconf 89' lang='lat' dir='ltr'>tristitias,</span> <span class='ocrx_word' id='word_1_187' title='bbox 1809 793 1915 841; x_wconf 92' lang='lat' dir='ltr'>quod</span> <span class='ocrx_word' id='word_1_188' title='bbox 1948 792 2117 840; x_wconf 86' lang='lat' dir='ltr'>designat</span> <span class='ocrx_word' id='word_1_189' title='bbox 2149 793 2336 829; x_wconf 89' lang='lat' dir='ltr'>defectum</span> <span class='ocrx_word' id='word_1_190' title='bbox 2367 805 2482 841; x_wconf 91' lang='lat' dir='ltr'>appe—</span> 
     </span>
     <span class='ocr_line' id='line_1_24' title="bbox 317 843 2482 893; baseline -0 -11"><span class='ocrx_word' id='word_1_191' title='bbox 317 853 493 882; x_wconf 91' lang='lat' dir='ltr'>constans</span> <span class='ocrx_word' id='word_1_192' title='bbox 535 845 640 893; x_wconf 90' lang='lat' dir='ltr'>quod</span> <span class='ocrx_word' id='word_1_193' title='bbox 677 844 769 881; x_wconf 91' lang='lat' dir='ltr'>ratio</span> <span class='ocrx_word' id='word_1_194' title='bbox 802 843 928 881; x_wconf 84' lang='lat' dir='ltr'>deficit</span> <span class='ocrx_word' id='word_1_195' title='bbox 961 843 999 880; x_wconf 89' lang='lat' dir='ltr'>in</span> <span class='ocrx_word' id='word_1_196' title='bbox 1028 844 1296 892; x_wconf 89' lang='lat' dir='ltr'>praecipiendo</span> <span class='ocrx_word' id='word_1_197' title='bbox 1326 856 1371 881; x_wconf 90' lang='lat' dir='ltr'>ea</span> <span class='ocrx_word' id='word_1_198' title='bbox 1397 886 1398 893; x_wconf 11' lang='grc' dir='ltr'>ἵ</span> <span class='ocrx_word' id='word_1_199' title='bbox 1424 844 1550 881; x_wconf 91' lang='lat' dir='ltr'>titivae</span> <span class='ocrx_word' id='word_1_200' title='bbox 1570 845 1737 881; x_wconf 90' lang='lat' dir='ltr'>virtutis:</span> <span class='ocrx_word' id='word_1_201' title='bbox 1768 845 1835 882; x_wconf 92' lang='lat' dir='ltr'>sed</span> <span class='ocrx_word' id='word_1_202' title='bbox 1857 845 1949 882; x_wconf 89' lang='lat' dir='ltr'>ratio</span> <span class='ocrx_word' id='word_1_203' title='bbox 1978 845 2137 881; x_wconf 91' lang='lat' dir='ltr'>firmiter</span> <span class='ocrx_word' id='word_1_204' title='bbox 2164 845 2326 893; x_wconf 85' lang='lat' dir='ltr'>persistit</span> <span class='ocrx_word' id='word_1_205' title='bbox 2343 850 2370 891; x_wconf 67' lang='grc' dir='ltr'>ἵ,</span> <span class='ocrx_word' id='word_1_206' title='bbox 2393 857 2482 881; x_wconf 93' lang='lat' dir='ltr'>con-</span> 
     </span>
     <span class='ocr_line' id='line_1_25' title="bbox 317 896 2480 946; baseline 0 -12"><span class='ocrx_word' id='word_1_207' title='bbox 317 910 414 946; x_wconf 90' lang='lat' dir='ltr'>quae</span> <span class='ocrx_word' id='word_1_208' title='bbox 442 905 529 934; x_wconf 89' lang='lat' dir='ltr'>sunt</span> <span class='ocrx_word' id='word_1_209' title='bbox 558 897 752 933; x_wconf 90' lang='lat' dir='ltr'>consiliata</span> <span class='ocrx_word' id='word_1_210' title='bbox 780 904 816 933; x_wconf 92' lang='lat' dir='ltr'>et</span> <span class='ocrx_word' id='word_1_211' title='bbox 843 896 1016 933; x_wconf 91' lang='lat' dir='ltr'>iudicata.</span> <span class='ocrx_word' id='word_1_212' title='bbox 1397 898 1399 944; x_wconf 65' lang='grc' dir='ltr'>ᾖ</span> <span class='ocrx_word' id='word_1_213' title='bbox 1425 897 1574 932; x_wconf 91' lang='lat' dir='ltr'>tinentis</span> <span class='ocrx_word' id='word_1_214' title='bbox 1602 897 1758 944; x_wconf 89' lang='lat' dir='ltr'>quidem</span> <span class='ocrx_word' id='word_1_215' title='bbox 1788 905 1918 934; x_wconf 91' lang='lat' dir='ltr'>contra</span> <span class='ocrx_word' id='word_1_216' title='bbox 1947 897 2282 945; x_wconf 86' lang='lat' dir='ltr'>concupiscentias,</span> <span class='ocrx_word' id='word_1_217' title='bbox 2304 909 2480 946; x_wconf 90' lang='lat' dir='ltr'>perseve-</span> 
     </span>
     <span class='ocr_line' id='line_1_26' title="bbox 368 948 2482 996; baseline 0 -10"><span class='ocrx_word' id='word_1_218' title='bbox 368 951 427 986; x_wconf 86' lang='lat' dir='ltr'>An</span> <span class='ocrx_word' id='word_1_219' title='bbox 451 961 588 986; x_wconf 79' lang='lat' dir='ltr'>PRthJM</span> <span class='ocrx_word' id='word_1_220' title='bbox 613 960 711 985; x_wconf 82' lang='lat' dir='ltr'>ERGO</span> <span class='ocrx_word' id='word_1_221' title='bbox 740 960 923 985; x_wconf 55' lang='lat' dir='ltr'>montinum</span> <span class='ocrx_word' id='word_1_222' title='bbox 961 948 1066 996; x_wconf 92' lang='lat' dir='ltr'>quod</span> <span class='ocrx_word' id='word_1_223' title='bbox 1102 949 1249 984; x_wconf 92' lang='lat' dir='ltr'>bonum</span> <span class='ocrx_word' id='word_1_224' title='bbox 1284 960 1372 996; x_wconf 87' lang='lat' dir='ltr'>pru-</span> <span class='ocrx_word' id='word_1_225' title='bbox 1398 952 1400 984; x_wconf 58' lang='lat' dir='ltr'>L</span> <span class='ocrx_word' id='word_1_226' title='bbox 1426 949 1539 984; x_wconf 91' lang='lat' dir='ltr'>rantis</span> <span class='ocrx_word' id='word_1_227' title='bbox 1571 956 1699 985; x_wconf 91' lang='lat' dir='ltr'>autern</span> <span class='ocrx_word' id='word_1_228' title='bbox 1734 957 1864 986; x_wconf 91' lang='lat' dir='ltr'>contra</span> <span class='ocrx_word' id='word_1_229' title='bbox 1895 949 2070 986; x_wconf 84' lang='lat' dir='ltr'>tristitias.</span> <span class='ocrx_word' id='word_1_230' title='bbox 2109 950 2219 987; x_wconf 92' lang='lat' dir='ltr'>Unde</span> <span class='ocrx_word' id='word_1_231' title='bbox 2253 950 2482 986; x_wconf 89' lang='lat' dir='ltr'>continentia</span> 
     </span>
     <span class='ocr_line' id='line_1_27' title="bbox 317 1000 2481 1050; baseline -0 -11"><span class='ocrx_word' id='word_1_232' title='bbox 317 1001 465 1039; x_wconf 89' lang='lat' dir='ltr'>dentiae</span> <span class='ocrx_word' id='word_1_233' title='bbox 492 1001 736 1049; x_wconf 88' lang='lat' dir='ltr'>participatur</span> <span class='ocrx_word' id='word_1_234' title='bbox 758 1001 795 1037; x_wconf 89' lang='lat' dir='ltr'>in</span> <span class='ocrx_word' id='word_1_235' title='bbox 815 1000 993 1037; x_wconf 91' lang='lat' dir='ltr'>omnibus</span> <span class='ocrx_word' id='word_1_236' title='bbox 1020 1000 1218 1037; x_wconf 90' lang='lat' dir='ltr'>virtutibus</span> <span class='ocrx_word' id='word_1_237' title='bbox 1247 1012 1372 1036; x_wconf 89' lang='lat' dir='ltr'>mora·</span> <span class='ocrx_word' id='word_1_238' title='bbox 1398 1022 1399 1025; x_wconf 64' lang='lat'><em>=</em></span> <span class='ocrx_word' id='word_1_239' title='bbox 1425 1008 1461 1036; x_wconf 91' lang='lat' dir='ltr'>et</span> <span class='ocrx_word' id='word_1_240' title='bbox 1479 1001 1762 1049; x_wconf 89' lang='lat' dir='ltr'>perseverantia</span> <span class='ocrx_word' id='word_1_241' title='bbox 1781 1001 1957 1038; x_wconf 90' lang='lat' dir='ltr'>videntur</span> <span class='ocrx_word' id='word_1_242' title='bbox 1977 1014 2058 1038; x_wconf 90' lang='lat' dir='ltr'>esse</span> <span class='ocrx_word' id='word_1_243' title='bbox 2084 1002 2228 1050; x_wconf 90' lang='lat' dir='ltr'>species</span> <span class='ocrx_word' id='word_1_244' title='bbox 2249 1003 2481 1039; x_wconf 88' lang='lat' dir='ltr'>constantiae</span> 
     </span>
     <span class='ocr_line' id='line_1_28' title="bbox 315 1053 2483 1103; baseline 0 -12"><span class='ocrx_word' id='word_1_245' title='bbox 315 1054 432 1091; x_wconf 90' lang='lat' dir='ltr'>libus:</span> <span class='ocrx_word' id='word_1_246' title='bbox 462 1061 499 1091; x_wconf 90' lang='lat' dir='ltr'>et</span> <span class='ocrx_word' id='word_1_247' title='bbox 525 1053 738 1090; x_wconf 90' lang='lat' dir='ltr'>secundum</span> <span class='ocrx_word' id='word_1_248' title='bbox 766 1054 841 1090; x_wconf 91' lang='lat' dir='ltr'>hoc</span> <span class='ocrx_word' id='word_1_249' title='bbox 868 1053 1066 1102; x_wconf 87' lang='lat' dir='ltr'>persistere</span> <span class='ocrx_word' id='word_1_250' title='bbox 1094 1053 1133 1089; x_wconf 91' lang='lat' dir='ltr'>in</span> <span class='ocrx_word' id='word_1_251' title='bbox 1161 1053 1264 1090; x_wconf 93' lang='lat' dir='ltr'>bono</span> <span class='ocrx_word' id='word_1_252' title='bbox 1289 1064 1372 1101; x_wconf 89' lang='lat' dir='ltr'>per·</span> <span class='ocrx_word' id='word_1_253' title='bbox 1426 1053 1474 1090; x_wconf 92' lang='lat' dir='ltr'>ad</span> <span class='ocrx_word' id='word_1_254' title='bbox 1494 1053 1679 1090; x_wconf 89' lang='lat' dir='ltr'>rationem</span> <span class='ocrx_word' id='word_1_255' title='bbox 1709 1054 1938 1101; x_wconf 91' lang='lat' dir='ltr'>pertinentis,</span> <span class='ocrx_word' id='word_1_256' title='bbox 1969 1054 2017 1090; x_wconf 93' lang='lat' dir='ltr'>acl</span> <span class='ocrx_word' id='word_1_257' title='bbox 2046 1066 2161 1102; x_wconf 92' lang='lat' dir='ltr'>quam</span> <span class='ocrx_word' id='word_1_258' title='bbox 2192 1054 2303 1091; x_wconf 90' lang='lat' dir='ltr'>etiam</span> <span class='ocrx_word' id='word_1_259' title='bbox 2322 1055 2483 1103; x_wconf 90' lang='lat' dir='ltr'>pertinet</span> 
     </span>
     <span class='ocr_line' id='line_1_29' title="bbox 314 1105 1689 1154; baseline 0 -12"><span class='ocrx_word' id='word_1_260' title='bbox 314 1107 408 1143; x_wconf 87' lang='lat' dir='ltr'>tinet</span> <span class='ocrx_word' id='word_1_261' title='bbox 420 1106 469 1144; x_wconf 92' lang='lat' dir='ltr'>ad</span> <span class='ocrx_word' id='word_1_262' title='bbox 489 1118 624 1143; x_wconf 89' lang='lat' dir='ltr'>omnes</span> <span class='ocrx_word' id='word_1_263' title='bbox 641 1106 800 1143; x_wconf 90' lang='lat' dir='ltr'>virtutes</span> <span class='ocrx_word' id='word_1_264' title='bbox 819 1107 994 1143; x_wconf 89' lang='lat' dir='ltr'>morales.</span> <span class='ocrx_word' id='word_1_265' title='bbox 1016 1106 1224 1154; x_wconf 89' lang='lat' dir='ltr'>Praecipue</span> <span class='ocrx_word' id='word_1_266' title='bbox 1243 1113 1374 1142; x_wconf 91' lang='lat' dir='ltr'>tamen</span> <span class='ocrx_word' id='word_1_267' title='bbox 1398 1135 1400 1142; x_wconf 88' lang='grc'><em>,</em></span> <span class='ocrx_word' id='word_1_268' title='bbox 1424 1105 1689 1142; x_wconf 89' lang='lat' dir='ltr'>inconstantia.</span> 
     </span>
    </p>
   </div>
   <div class='ocr_carea' id='block_1_6' title="bbox 368 1237 2070 1309">
    <p class='ocr_par' dir='ltr' id='par_1_8' title="bbox 368 1237 2070 1309">
     <span class='ocr_line' id='line_1_30' title="bbox 368 1237 2070 1301; baseline -0.001 -39"><span class='ocrx_word' id='word_1_269' title='bbox 368 1237 396 1269; x_wconf 77' lang='lat' dir='ltr'>a)</span> <span class='ocrx_word' id='word_1_270' title='bbox 413 1242 492 1270; x_wconf 72' lang='lat' dir='ltr'>quae.</span> <span class='ocrx_word' id='word_1_271' title='bbox 508 1251 527 1255; x_wconf 98' lang='lat'><em>-</em></span> <span class='ocrx_word' id='word_1_272' title='bbox 545 1237 591 1270; x_wconf 81' lang='lat' dir='ltr'>qui</span> <span class='ocrx_word' id='word_1_273' title='bbox 609 1237 740 1262; x_wconf 76' lang='lat' dir='ltr'>CEGHsK</span> <span class='ocrx_word' id='word_1_274' title='bbox 759 1242 785 1262; x_wconf 89' lang='lat' dir='ltr'>et</span> <span class='ocrx_word' id='word_1_275' title='bbox 801 1244 827 1262; x_wconf 89' lang='lat' dir='ltr'>a.</span> <span class='ocrx_word' id='word_1_276' title='bbox 1396 1238 1400 1301; x_wconf 54' lang='grc' dir='ltr'>ἱ</span> <span class='ocrx_word' id='word_1_277' title='bbox 1479 1237 1505 1270; x_wconf 88' lang='grc' dir='ltr'>γ)</span> <span class='ocrx_word' id='word_1_278' title='bbox 1520 1237 1651 1269; x_wconf 81' lang='lat' dir='ltr'>persistit.</span> <span class='ocrx_word' id='word_1_279' title='bbox 1669 1250 1688 1256; x_wconf 89' lang='lat'><em>-</em></span> <span class='ocrx_word' id='word_1_280' title='bbox 1701 1237 1807 1270; x_wconf 71' lang='lat' dir='ltr'>perficit</span> <span class='ocrx_word' id='word_1_281' title='bbox 1825 1237 2070 1269; x_wconf 75' lang='lat' dir='ltr'>ABCEFILpKRsn.</span> 
     </span>
     <span class='ocr_line' id='line_1_31' title="bbox 369 1271 1341 1309; baseline -0.002 -11"><span class='ocrx_word' id='word_1_282' title='bbox 369 1271 394 1305; x_wconf 89' lang='grc' dir='ltr'>β)</span> <span class='ocrx_word' id='word_1_283' title='bbox 413 1276 548 1309; x_wconf 78' lang='lat' dir='ltr'>concepto.</span> <span class='ocrx_word' id='word_1_284' title='bbox 563 1286 583 1291; x_wconf 96' lang='lat'>-</span> <span class='ocrx_word' id='word_1_285' title='bbox 596 1272 738 1305; x_wconf 74' lang='lat' dir='ltr'>pmposito</span> <span class='ocrx_word' id='word_1_286' title='bbox 755 1273 788 1304; x_wconf 81' lang='lat' dir='ltr'>A,</span> <span class='ocrx_word' id='word_1_287' title='bbox 805 1275 927 1297; x_wconf 84' lang='lat' dir='ltr'>contento</span> <span class='ocrx_word' id='word_1_288' title='bbox 945 1272 977 1304; x_wconf 88' lang='lat' dir='ltr'>D,</span> <span class='ocrx_word' id='word_1_289' title='bbox 991 1272 1131 1304; x_wconf 76' lang='lat' dir='ltr'>proposito</span> <span class='ocrx_word' id='word_1_290' title='bbox 1148 1275 1274 1303; x_wconf 80' lang='lat' dir='ltr'>concepto</span> <span class='ocrx_word' id='word_1_291' title='bbox 1293 1272 1341 1296; x_wconf 87' lang='lat' dir='ltr'>Pa.</span> 
     </span>
    </p>
   </div>
   <div class='ocr_carea' id='block_1_7' title="bbox 981 1358 1806 1392">
    <p class='ocr_par' dir='ltr' id='par_1_9' title="bbox 981 1358 1806 1392">
     <span class='ocr_line' id='line_1_32' title="bbox 981 1358 1806 1392; baseline 0 -1"><span class='ocrx_word' id='word_1_292' title='bbox 981 1359 1312 1392; x_wconf 76' lang='lat' dir='ltr'>Commentaria</span> <span class='ocrx_word' id='word_1_293' title='bbox 1333 1358 1584 1392; x_wconf 76' lang='lat' dir='ltr'>Cardinalis</span> <span class='ocrx_word' id='word_1_294' title='bbox 1605 1359 1806 1392; x_wconf 74' lang='lat' dir='ltr'>Caietam·</span> 
     </span>
    </p>
   </div>
   <div class='ocr_carea' id='block_1_8' title="bbox 317 1437 2488 1874">
    <p class='ocr_par' dir='ltr' id='par_1_10' title="bbox 317 1437 2488 1829">
     <span class='ocr_line' id='line_1_33' title="bbox 346 1437 2487 1479; baseline -0.001 -10"><span class='ocrx_word' id='word_1_295' title='bbox 346 1449 367 1469; x_wconf 72' lang='grc' dir='ltr'>Ν</span> <span class='ocrx_word' id='word_1_296' title='bbox 389 1438 522 1469; x_wconf 75' lang='lat' dir='ltr'>arficulo</span> <span class='ocrx_word' id='word_1_297' title='bbox 544 1438 668 1479; x_wconf 91' lang='lat' dir='ltr'>quinto,</span> <span class='ocrx_word' id='word_1_298' title='bbox 692 1437 725 1468; x_wconf 91' lang='lat' dir='ltr'>in</span> <span class='ocrx_word' id='word_1_299' title='bbox 748 1438 954 1477; x_wconf 86' lang='lat' dir='ltr'>responsione</span> <span class='ocrx_word' id='word_1_300' title='bbox 977 1438 1016 1467; x_wconf 92' lang='lat' dir='ltr'>ad</span> <span class='ocrx_word' id='word_1_301' title='bbox 1039 1437 1182 1473; x_wconf 87' lang='lat' dir='ltr'>tertium,</span> <span class='ocrx_word' id='word_1_302' title='bbox 1207 1437 1273 1468; x_wconf 93' lang='lat' dir='ltr'>duo</span> <span class='ocrx_word' id='word_1_303' title='bbox 1297 1444 1372 1468; x_wconf 89' lang='lat' dir='ltr'>sunt</span> <span class='ocrx_word' id='word_1_304' title='bbox 1398 1450 1401 1464; x_wconf 80' lang='grc' dir='ltr'>ι</span> <span class='ocrx_word' id='word_1_305' title='bbox 1427 1438 1459 1467; x_wconf 88' lang='lat' dir='ltr'>in</span> <span class='ocrx_word' id='word_1_306' title='bbox 1476 1439 1507 1468; x_wconf 74' lang='lat' dir='ltr'>vi</span> <span class='ocrx_word' id='word_1_307' title='bbox 1526 1439 1708 1478; x_wconf 79' lang='lat' dir='ltr'>appetitiva,</span> <span class='ocrx_word' id='word_1_308' title='bbox 1726 1444 1756 1468; x_wconf 93' lang='lat' dir='ltr'>et</span> <span class='ocrx_word' id='word_1_309' title='bbox 1779 1438 1868 1478; x_wconf 92' lang='lat' dir='ltr'>quod</span> <span class='ocrx_word' id='word_1_310' title='bbox 1895 1438 2042 1468; x_wconf 79' lang='lat' dir='ltr'>videntur</span> <span class='ocrx_word' id='word_1_311' title='bbox 2057 1447 2124 1468; x_wconf 87' lang='lat' dir='ltr'>esse</span> <span class='ocrx_word' id='word_1_312' title='bbox 2138 1439 2256 1477; x_wconf 83' lang='lat' dir='ltr'>species</span> <span class='ocrx_word' id='word_1_313' title='bbox 2272 1438 2487 1468; x_wconf 81' lang='lat' dir='ltr'>constantiae:</span> 
     </span>
     <span class='ocr_line' id='line_1_34' title="bbox 319 1451 2485 1521; baseline -0 -9"><span class='ocrx_word' id='word_1_314' title='bbox 319 1451 444 1514; x_wconf 81' lang='lat' dir='ltr'>Idubia</span> <span class='ocrx_word' id='word_1_315' title='bbox 468 1482 509 1512; x_wconf 93' lang='lat' dir='ltr'>ad</span> <span class='ocrx_word' id='word_1_316' title='bbox 531 1481 715 1518; x_wconf 85' lang='lat' dir='ltr'>hominem,</span> <span class='ocrx_word' id='word_1_317' title='bbox 742 1483 917 1512; x_wconf 85' lang='lat' dir='ltr'>Auctorem</span> <span class='ocrx_word' id='word_1_318' title='bbox 939 1481 1064 1511; x_wconf 89' lang='lat' dir='ltr'>scilicet.</span> <span class='ocrx_word' id='word_1_319' title='bbox 1092 1481 1236 1511; x_wconf 83' lang='lat' dir='ltr'>Primum</span> <span class='ocrx_word' id='word_1_320' title='bbox 1266 1487 1312 1511; x_wconf 87' lang='lat' dir='ltr'>est</span> <span class='ocrx_word' id='word_1_321' title='bbox 1335 1482 1374 1511; x_wconf 95' lang='lat' dir='ltr'>de</span> <span class='ocrx_word' id='word_1_322' title='bbox 1398 1465 1401 1514; x_wconf 68' lang='lat' dir='ltr'>i</span> <span class='ocrx_word' id='word_1_323' title='bbox 1427 1488 1458 1511; x_wconf 92' lang='lat' dir='ltr'>et</span> <span class='ocrx_word' id='word_1_324' title='bbox 1480 1490 1587 1511; x_wconf 88' lang='lat' dir='ltr'>rursus</span> <span class='ocrx_word' id='word_1_325' title='bbox 1611 1482 1699 1521; x_wconf 92' lang='lat' dir='ltr'>quod</span> <span class='ocrx_word' id='word_1_326' title='bbox 1722 1481 1801 1511; x_wconf 88' lang='lat' dir='ltr'>ratio</span> <span class='ocrx_word' id='word_1_327' title='bbox 1825 1481 1972 1511; x_wconf 89' lang='lat' dir='ltr'>Auctoris</span> <span class='ocrx_word' id='word_1_328' title='bbox 1988 1481 2037 1511; x_wconf 91' lang='lat' dir='ltr'>hic</span> <span class='ocrx_word' id='word_1_329' title='bbox 2056 1491 2121 1511; x_wconf 91' lang='lat' dir='ltr'>non</span> <span class='ocrx_word' id='word_1_330' title='bbox 2137 1482 2230 1511; x_wconf 89' lang='lat' dir='ltr'>habet</span> <span class='ocrx_word' id='word_1_331' title='bbox 2244 1482 2352 1511; x_wconf 90' lang='lat' dir='ltr'>locum</span> <span class='ocrx_word' id='word_1_332' title='bbox 2371 1481 2430 1511; x_wconf 89' lang='lat' dir='ltr'>nisi</span> <span class='ocrx_word' id='word_1_333' title='bbox 2453 1481 2485 1510; x_wconf 91' lang='lat' dir='ltr'>in</span> 
     </span>
     <span class='ocr_line' id='line_1_35' title="bbox 317 1523 2484 1565; baseline -0.002 -8"><span class='ocrx_word' id='word_1_334' title='bbox 317 1526 458 1558; x_wconf 89' lang='lat' dir='ltr'>subiecto</span> <span class='ocrx_word' id='word_1_335' title='bbox 474 1525 695 1557; x_wconf 82' lang='lat' dir='ltr'>continentiae.</span> <span class='ocrx_word' id='word_1_336' title='bbox 712 1523 796 1555; x_wconf 89' lang='lat' dir='ltr'>Nam</span> <span class='ocrx_word' id='word_1_337' title='bbox 809 1524 860 1555; x_wconf 86' lang='lat' dir='ltr'>hic</span> <span class='ocrx_word' id='word_1_338' title='bbox 875 1527 997 1556; x_wconf 89' lang='lat' dir='ltr'>Auctor</span> <span class='ocrx_word' id='word_1_339' title='bbox 1008 1524 1172 1555; x_wconf 88' lang='lat' dir='ltr'>confirmat</span> <span class='ocrx_word' id='word_1_340' title='bbox 1183 1525 1272 1565; x_wconf 93' lang='lat' dir='ltr'>quod</span> <span class='ocrx_word' id='word_1_341' title='bbox 1288 1534 1375 1564; x_wconf 90' lang='lat' dir='ltr'>prae·</span> <span class='ocrx_word' id='word_1_342' title='bbox 1428 1525 1569 1564; x_wconf 87' lang='lat' dir='ltr'>appetitu</span> <span class='ocrx_word' id='word_1_343' title='bbox 1593 1525 1752 1560; x_wconf 74' lang='lat' dir='ltr'>sensifivo,</span> <span class='ocrx_word' id='word_1_344' title='bbox 1770 1524 1860 1555; x_wconf 87' lang='lat' dir='ltr'>cuius</span> <span class='ocrx_word' id='word_1_345' title='bbox 1875 1532 1962 1556; x_wconf 89' lang='lat' dir='ltr'>actus</span> <span class='ocrx_word' id='word_1_346' title='bbox 1986 1531 2059 1555; x_wconf 88' lang='lat' dir='ltr'>sunt</span> <span class='ocrx_word' id='word_1_347' title='bbox 2083 1525 2244 1564; x_wconf 84' lang='lat' dir='ltr'>passiones</span> <span class='ocrx_word' id='word_1_348' title='bbox 2260 1525 2484 1564; x_wconf 87' lang='lat' dir='ltr'>concupiscen-</span> 
     </span>
     <span class='ocr_line' id='line_1_36' title="bbox 317 1568 2484 1609; baseline -0.002 -8"><span class='ocrx_word' id='word_1_349' title='bbox 317 1569 438 1602; x_wconf 83' lang='lat' dir='ltr'>cedenti</span> <span class='ocrx_word' id='word_1_350' title='bbox 466 1569 579 1605; x_wconf 86' lang='lat' dir='ltr'>Libro,</span> <span class='ocrx_word' id='word_1_351' title='bbox 603 1579 658 1609; x_wconf 91' lang='lat' dir='ltr'>qu.</span> <span class='ocrx_word' id='word_1_352' title='bbox 680 1579 764 1604; x_wconf 81' lang='lat' dir='ltr'>Lvnr,</span> <span class='ocrx_word' id='word_1_353' title='bbox 788 1575 844 1599; x_wconf 88' lang='lat' dir='ltr'>art.</span> <span class='ocrx_word' id='word_1_354' title='bbox 871 1569 904 1604; x_wconf 86' lang='lat'>3,</span> <span class='ocrx_word' id='word_1_355' title='bbox 929 1569 968 1598; x_wconf 90' lang='lat' dir='ltr'>ad</span> <span class='ocrx_word' id='word_1_356' title='bbox 993 1578 1026 1605; x_wconf 86' lang='lat'>2,</span> <span class='ocrx_word' id='word_1_357' title='bbox 1051 1568 1213 1599; x_wconf 84' lang='lat' dir='ltr'>inchoasse</span> <span class='ocrx_word' id='word_1_358' title='bbox 1235 1568 1375 1604; x_wconf 90' lang='lat' dir='ltr'>videtur,</span> <span class='ocrx_word' id='word_1_359' title='bbox 1428 1568 1488 1598; x_wconf 88' lang='lat' dir='ltr'>tiae</span> <span class='ocrx_word' id='word_1_360' title='bbox 1512 1575 1542 1599; x_wconf 90' lang='lat' dir='ltr'>et</span> <span class='ocrx_word' id='word_1_361' title='bbox 1556 1568 1706 1599; x_wconf 84' lang='lat' dir='ltr'>tristitiae.</span> <span class='ocrx_word' id='word_1_362' title='bbox 1731 1568 1798 1598; x_wconf 92' lang='lat' dir='ltr'>Erit</span> <span class='ocrx_word' id='word_1_363' title='bbox 1814 1575 1920 1598; x_wconf 89' lang='lat' dir='ltr'>autem</span> <span class='ocrx_word' id='word_1_364' title='bbox 1945 1575 2019 1598; x_wconf 91' lang='lat' dir='ltr'>tunc</span> <span class='ocrx_word' id='word_1_365' title='bbox 2035 1575 2066 1599; x_wconf 89' lang='lat' dir='ltr'>et</span> <span class='ocrx_word' id='word_1_366' title='bbox 2082 1569 2302 1599; x_wconf 87' lang='lat' dir='ltr'>sustinendum</span> <span class='ocrx_word' id='word_1_367' title='bbox 2318 1568 2484 1608; x_wconf 90' lang='lat' dir='ltr'>quomodo</span> 
     </span>
     <span class='ocr_line' id='line_1_37' title="bbox 317 1611 2487 1654; baseline -0.001 -9"><span class='ocrx_word' id='word_1_368' title='bbox 317 1613 434 1645; x_wconf 88' lang='lat' dir='ltr'>scilicet</span> <span class='ocrx_word' id='word_1_369' title='bbox 457 1613 545 1654; x_wconf 88' lang='lat' dir='ltr'>quod</span> <span class='ocrx_word' id='word_1_370' title='bbox 575 1612 768 1643; x_wconf 86' lang='lat' dir='ltr'>continentia</span> <span class='ocrx_word' id='word_1_371' title='bbox 789 1611 828 1642; x_wconf 89' lang='lat' dir='ltr'>sit</span> <span class='ocrx_word' id='word_1_372' title='bbox 850 1612 1020 1643; x_wconf 88' lang='lat' dir='ltr'>subiective</span> <span class='ocrx_word' id='word_1_373' title='bbox 1046 1612 1079 1642; x_wconf 91' lang='lat' dir='ltr'>in</span> <span class='ocrx_word' id='word_1_374' title='bbox 1102 1612 1232 1648; x_wconf 86' lang='lat' dir='ltr'>ratione,</span> <span class='ocrx_word' id='word_1_375' title='bbox 1256 1612 1289 1642; x_wconf 89' lang='lat' dir='ltr'>in</span> <span class='ocrx_word' id='word_1_376' title='bbox 1313 1622 1376 1652; x_wconf 87' lang='lat' dir='ltr'>qua</span> <span class='ocrx_word' id='word_1_377' title='bbox 1400 1629 1402 1644; x_wconf 54' lang='lat'>4</span> <span class='ocrx_word' id='word_1_378' title='bbox 1429 1612 1604 1643; x_wconf 89' lang='lat' dir='ltr'>constantia</span> <span class='ocrx_word' id='word_1_379' title='bbox 1626 1619 1673 1642; x_wconf 88' lang='lat' dir='ltr'>est</span> <span class='ocrx_word' id='word_1_380' title='bbox 1695 1622 1767 1654; x_wconf 90' lang='lat' dir='ltr'>pars</span> <span class='ocrx_word' id='word_1_381' title='bbox 1790 1612 1984 1652; x_wconf 86' lang='lat' dir='ltr'>prudentiae,</span> <span class='ocrx_word' id='word_1_382' title='bbox 2002 1612 2027 1642; x_wconf 90' lang='lat' dir='ltr'>si</span> <span class='ocrx_word' id='word_1_383' title='bbox 2052 1612 2244 1643; x_wconf 90' lang='lat' dir='ltr'>continentia</span> <span class='ocrx_word' id='word_1_384' title='bbox 2267 1619 2312 1643; x_wconf 91' lang='lat' dir='ltr'>est</span> <span class='ocrx_word' id='word_1_385' title='bbox 2327 1612 2360 1642; x_wconf 91' lang='lat' dir='ltr'>in</span> <span class='ocrx_word' id='word_1_386' title='bbox 2374 1612 2487 1642; x_wconf 91' lang='lat' dir='ltr'>volun-</span> 
     </span>
     <span class='ocr_line' id='line_1_38' title="bbox 318 1649 2488 1700; baseline -0.001 -11"><span class='ocrx_word' id='word_1_387' title='bbox 318 1665 364 1690; x_wconf 88' lang='lat' dir='ltr'>est</span> <span class='ocrx_word' id='word_1_388' title='bbox 393 1657 567 1698; x_wconf 85' lang='lat' dir='ltr'>prudentia.</span> <span class='ocrx_word' id='word_1_389' title='bbox 592 1656 725 1687; x_wconf 84' lang='lat' dir='ltr'>Inferius</span> <span class='ocrx_word' id='word_1_390' title='bbox 754 1665 844 1692; x_wconf 89' lang='lat' dir='ltr'>vero,</span> <span class='ocrx_word' id='word_1_391' title='bbox 869 1665 923 1697; x_wconf 92' lang='lat' dir='ltr'>qu.</span> <span class='ocrx_word' id='word_1_392' title='bbox 954 1666 1027 1692; x_wconf 68' lang='grc' dir='ltr'>σιν,</span> <span class='ocrx_word' id='word_1_393' title='bbox 1052 1662 1108 1687; x_wconf 85' lang='lat' dir='ltr'>art.</span> <span class='ocrx_word' id='word_1_394' title='bbox 1129 1657 1165 1692; x_wconf 85' lang='lat'>3,</span> <span class='ocrx_word' id='word_1_395' title='bbox 1191 1656 1377 1686; x_wconf 86' lang='lat' dir='ltr'>determinat</span> <span class='ocrx_word' id='word_1_396' title='bbox 1400 1649 1403 1700; x_wconf 50' lang='grc' dir='ltr'><em>ζ</em></span> <span class='ocrx_word' id='word_1_397' title='bbox 1428 1662 1500 1692; x_wconf 87' lang='lat' dir='ltr'>tate,</span> <span class='ocrx_word' id='word_1_398' title='bbox 1525 1666 1591 1697; x_wconf 93' lang='lat' dir='ltr'>quo</span> <span class='ocrx_word' id='word_1_399' title='bbox 1615 1662 1838 1696; x_wconf 83' lang='lat' dir='ltr'>argumentum</span> <span class='ocrx_word' id='word_1_400' title='bbox 1862 1656 1912 1686; x_wconf 89' lang='lat' dir='ltr'>cui</span> <span class='ocrx_word' id='word_1_401' title='bbox 1935 1656 1986 1686; x_wconf 93' lang='lat' dir='ltr'>hic</span> <span class='ocrx_word' id='word_1_402' title='bbox 2009 1657 2217 1697; x_wconf 88' lang='lat' dir='ltr'>respondetur</span> <span class='ocrx_word' id='word_1_403' title='bbox 2239 1657 2395 1687; x_wconf 87' lang='lat' dir='ltr'>tendebat.</span> <span class='ocrx_word' id='word_1_404' title='bbox 2420 1655 2488 1686; x_wconf 83' lang='lat' dir='ltr'>Erit</span> 
     </span>
     <span class='ocr_line' id='line_1_39' title="bbox 317 1700 1379 1743; baseline -0.002 -11"><span class='ocrx_word' id='word_1_405' title='bbox 317 1702 408 1743; x_wconf 90' lang='lat' dir='ltr'>quod</span> <span class='ocrx_word' id='word_1_406' title='bbox 430 1700 622 1732; x_wconf 78' lang='lat' dir='ltr'>continentia</span> <span class='ocrx_word' id='word_1_407' title='bbox 644 1707 691 1731; x_wconf 89' lang='lat' dir='ltr'>est</span> <span class='ocrx_word' id='word_1_408' title='bbox 722 1700 891 1731; x_wconf 88' lang='lat' dir='ltr'>subiective</span> <span class='ocrx_word' id='word_1_409' title='bbox 914 1700 947 1730; x_wconf 88' lang='lat' dir='ltr'>in</span> <span class='ocrx_word' id='word_1_410' title='bbox 969 1701 1147 1731; x_wconf 86' lang='lat' dir='ltr'>voluntate:</span> <span class='ocrx_word' id='word_1_411' title='bbox 1179 1700 1254 1740; x_wconf 91' lang='lat' dir='ltr'>quia</span> <span class='ocrx_word' id='word_1_412' title='bbox 1277 1700 1379 1740; x_wconf 88' lang='lat' dir='ltr'>prima</span> 
     </span>
     <span class='ocr_line' id='line_1_40' title="bbox 318 1744 2487 1784; baseline -0.001 -9"><span class='ocrx_word' id='word_1_413' title='bbox 318 1745 491 1776; x_wconf 81' lang='lat' dir='ltr'>differentia</span> <span class='ocrx_word' id='word_1_414' title='bbox 511 1745 593 1776; x_wconf 86' lang='lat' dir='ltr'>inter</span> <span class='ocrx_word' id='word_1_415' title='bbox 612 1744 828 1775; x_wconf 84' lang='lat' dir='ltr'>continentem</span> <span class='ocrx_word' id='word_1_416' title='bbox 851 1751 881 1775; x_wconf 92' lang='lat' dir='ltr'>et</span> <span class='ocrx_word' id='word_1_417' title='bbox 896 1744 1146 1775; x_wconf 88' lang='lat' dir='ltr'>incontinentem</span> <span class='ocrx_word' id='word_1_418' title='bbox 1161 1744 1318 1775; x_wconf 89' lang='lat' dir='ltr'>invenitur</span> <span class='ocrx_word' id='word_1_419' title='bbox 1332 1753 1378 1775; x_wconf 79' lang='lat' dir='ltr'>se·</span> <span class='ocrx_word' id='word_1_420' title='bbox 1429 1744 1500 1780; x_wconf 87' lang='lat' dir='ltr'>tiae,</span> <span class='ocrx_word' id='word_1_421' title='bbox 1516 1744 1725 1775; x_wconf 87' lang='lat' dir='ltr'>examinando</span> <span class='ocrx_word' id='word_1_422' title='bbox 1740 1744 1895 1774; x_wconf 88' lang='lat' dir='ltr'>rationem</span> <span class='ocrx_word' id='word_1_423' title='bbox 1909 1744 2056 1774; x_wconf 88' lang='lat' dir='ltr'>Auctoris</span> <span class='ocrx_word' id='word_1_424' title='bbox 2072 1744 2124 1780; x_wconf 90' lang='lat' dir='ltr'>ibi,</span> <span class='ocrx_word' id='word_1_425' title='bbox 2138 1751 2266 1784; x_wconf 90' lang='lat' dir='ltr'>propter</span> <span class='ocrx_word' id='word_1_426' title='bbox 2283 1750 2487 1784; x_wconf 87' lang='lat' dir='ltr'>praeceptum</span> 
     </span>
     <span class='ocr_line' id='line_1_41' title="bbox 319 1787 2488 1829; baseline -0.001 -9"><span class='ocrx_word' id='word_1_427' title='bbox 319 1790 461 1821; x_wconf 87' lang='lat' dir='ltr'>cundum</span> <span class='ocrx_word' id='word_1_428' title='bbox 484 1789 680 1824; x_wconf 88' lang='lat' dir='ltr'>electionem,</span> <span class='ocrx_word' id='word_1_429' title='bbox 704 1798 786 1829; x_wconf 89' lang='lat' dir='ltr'>quae</span> <span class='ocrx_word' id='word_1_430' title='bbox 809 1795 855 1819; x_wconf 88' lang='lat' dir='ltr'>est</span> <span class='ocrx_word' id='word_1_431' title='bbox 876 1795 964 1819; x_wconf 88' lang='lat' dir='ltr'>actus</span> <span class='ocrx_word' id='word_1_432' title='bbox 985 1788 1167 1819; x_wconf 81' lang='lat' dir='ltr'>voluntatis.</span> <span class='ocrx_word' id='word_1_433' title='bbox 1429 1788 1632 1828; x_wconf 87' lang='lat' dir='ltr'>praeveniens</span> <span class='ocrx_word' id='word_1_434' title='bbox 1666 1788 1869 1823; x_wconf 89' lang='lat' dir='ltr'>electionem,</span> <span class='ocrx_word' id='word_1_435' title='bbox 1900 1787 1933 1818; x_wconf 94' lang='lat' dir='ltr'>in</span> <span class='ocrx_word' id='word_1_436' title='bbox 1966 1788 2056 1818; x_wconf 86' lang='lat' dir='ltr'>cuius</span> <span class='ocrx_word' id='word_1_437' title='bbox 2079 1788 2273 1827; x_wconf 84' lang='lat' dir='ltr'>persistentia</span> <span class='ocrx_word' id='word_1_438' title='bbox 2304 1787 2488 1828; x_wconf 86' lang='lat' dir='ltr'>praedistin-</span> 
     </span>
    </p>

    <p class='ocr_par' dir='ltr' id='par_1_11' title="bbox 373 1831 2487 1874">
     <span class='ocr_line' id='line_1_42' title="bbox 373 1831 2487 1874; baseline -0.001 -11"><span class='ocrx_word' id='word_1_439' title='bbox 373 1832 556 1864; x_wconf 83' lang='lat' dir='ltr'>Secundum</span> <span class='ocrx_word' id='word_1_440' title='bbox 586 1839 694 1863; x_wconf 87' lang='lat' dir='ltr'>autem</span> <span class='ocrx_word' id='word_1_441' title='bbox 723 1832 859 1862; x_wconf 90' lang='lat' dir='ltr'>dubium</span> <span class='ocrx_word' id='word_1_442' title='bbox 882 1839 944 1869; x_wconf 91' lang='lat' dir='ltr'>est,</span> <span class='ocrx_word' id='word_1_443' title='bbox 973 1843 1039 1874; x_wconf 94' lang='lat' dir='ltr'>quo</span> <span class='ocrx_word' id='word_1_444' title='bbox 1063 1838 1155 1873; x_wconf 85' lang='lat' dir='ltr'>pacto</span> <span class='ocrx_word' id='word_1_445' title='bbox 1183 1831 1392 1864; x_wconf 61' lang='lat' dir='ltr'>continentia</span> <span class='ocrx_word' id='word_1_446' title='bbox 1429 1832 1537 1872; x_wconf 79' lang='lat' dir='ltr'>guitur</span> <span class='ocrx_word' id='word_1_447' title='bbox 1551 1832 1715 1863; x_wconf 91' lang='lat' dir='ltr'>continens</span> <span class='ocrx_word' id='word_1_448' title='bbox 1739 1833 1777 1862; x_wconf 91' lang='lat' dir='ltr'>ab</span> <span class='ocrx_word' id='word_1_449' title='bbox 1793 1831 2010 1863; x_wconf 89' lang='lat' dir='ltr'>incontinenti.</span> <span class='ocrx_word' id='word_1_450' title='bbox 2034 1832 2095 1862; x_wconf 90' lang='lat' dir='ltr'>Sed</span> <span class='ocrx_word' id='word_1_451' title='bbox 2118 1832 2284 1872; x_wconf 89' lang='lat' dir='ltr'>supposito</span> <span class='ocrx_word' id='word_1_452' title='bbox 2300 1832 2389 1872; x_wconf 89' lang='lat' dir='ltr'>quod</span> <span class='ocrx_word' id='word_1_453' title='bbox 2412 1840 2487 1861; x_wconf 91' lang='lat' dir='ltr'>con-</span> 
     </span>
    </p>
   </div>
   <div class='ocr_carea' id='block_1_9' title="bbox 1399 1516 1402 1626">
    <p class='ocr_par' dir='ltr' id='par_1_12' title="bbox 1399 1516 1402 1626">
     <span class='ocr_line' id='line_1_43' title="bbox 1399 1516 1402 1626; baseline 0 2430"><span class='ocrx_word' id='word_1_454' title='bbox 1399 1516 1402 1626; x_wconf 95' lang='lat' dir='ltr'> </span> 
     </span>
    </p>
   </div>
   <div class='ocr_carea' id='block_1_10' title="bbox 1430 1699 2486 1740">
    <p class='ocr_par' dir='ltr' id='par_1_13' title="bbox 1430 1699 2486 1740">
     <span class='ocr_line' id='line_1_44' title="bbox 1430 1699 2486 1740; baseline -0.002 -10"><span class='ocrx_word' id='word_1_455' title='bbox 1430 1699 1524 1730; x_wconf 85' lang='lat' dir='ltr'>etiarn</span> <span class='ocrx_word' id='word_1_456' title='bbox 1548 1707 1578 1731; x_wconf 91' lang='lat' dir='ltr'>et</span> <span class='ocrx_word' id='word_1_457' title='bbox 1601 1700 1782 1740; x_wconf 90' lang='lat' dir='ltr'>simpliciter</span> <span class='ocrx_word' id='word_1_458' title='bbox 1801 1700 2075 1730; x_wconf 88' lang='lat' dir='ltr'>determinandum</span> <span class='ocrx_word' id='word_1_459' title='bbox 2100 1700 2138 1730; x_wconf 92' lang='lat' dir='ltr'>de</span> <span class='ocrx_word' id='word_1_460' title='bbox 2161 1700 2301 1731; x_wconf 91' lang='lat' dir='ltr'>subiecto</span> <span class='ocrx_word' id='word_1_461' title='bbox 2326 1699 2486 1730; x_wconf 90' lang='lat' dir='ltr'>continen-</span> 
     </span>
    </p>
   </div>
   <div class='ocr_carea' id='block_1_11' title="bbox 1401 1701 1405 1839">
    <p class='ocr_par' dir='ltr' id='par_1_14' title="bbox 1401 1701 1405 1839">
     <span class='ocr_line' id='line_1_45' title="bbox 1401 1701 1405 1839; baseline 0 2217"><span class='ocrx_word' id='word_1_462' title='bbox 1401 1701 1405 1839; x_wconf 95' lang='lat' dir='ltr'> </span> 
     </span>
    </p>
   </div>
   <div class='ocr_carea' id='block_1_12' title="bbox 317 1875 2489 2225">
    <p class='ocr_par' dir='ltr' id='par_1_15' title="bbox 318 1875 2489 2050">
     <span class='ocr_line' id='line_1_46' title="bbox 319 1875 2486 1918; baseline -0.001 -10"><span class='ocrx_word' id='word_1_463' title='bbox 319 1883 366 1908; x_wconf 87' lang='lat' dir='ltr'>est</span> <span class='ocrx_word' id='word_1_464' title='bbox 386 1886 458 1918; x_wconf 85' lang='lat' dir='ltr'>pars</span> <span class='ocrx_word' id='word_1_465' title='bbox 481 1877 690 1912; x_wconf 88' lang='lat' dir='ltr'>constantiae,</span> <span class='ocrx_word' id='word_1_466' title='bbox 715 1885 796 1917; x_wconf 89' lang='lat' dir='ltr'>quae</span> <span class='ocrx_word' id='word_1_467' title='bbox 819 1883 866 1907; x_wconf 90' lang='lat' dir='ltr'>est</span> <span class='ocrx_word' id='word_1_468' title='bbox 888 1887 960 1917; x_wconf 89' lang='lat' dir='ltr'>pars</span> <span class='ocrx_word' id='word_1_469' title='bbox 992 1876 1196 1917; x_wconf 89' lang='lat' dir='ltr'>prudentiae,</span> <span class='ocrx_word' id='word_1_470' title='bbox 1227 1886 1310 1917; x_wconf 90' lang='lat' dir='ltr'>quae</span> <span class='ocrx_word' id='word_1_471' title='bbox 1331 1881 1380 1908; x_wconf 87' lang='lat' dir='ltr'>est</span> <span class='ocrx_word' id='word_1_472' title='bbox 1429 1876 1560 1907; x_wconf 85' lang='lat' dir='ltr'>tinentia</span> <span class='ocrx_word' id='word_1_473' title='bbox 1583 1876 1622 1907; x_wconf 91' lang='lat' dir='ltr'>sit</span> <span class='ocrx_word' id='word_1_474' title='bbox 1643 1876 1676 1906; x_wconf 92' lang='lat' dir='ltr'>in</span> <span class='ocrx_word' id='word_1_475' title='bbox 1699 1877 1871 1912; x_wconf 88' lang='lat' dir='ltr'>voluntate,</span> <span class='ocrx_word' id='word_1_476' title='bbox 1896 1875 1985 1906; x_wconf 89' lang='lat' dir='ltr'>facile</span> <span class='ocrx_word' id='word_1_477' title='bbox 2008 1876 2178 1906; x_wconf 91' lang='lat' dir='ltr'>sustinetur</span> <span class='ocrx_word' id='word_1_478' title='bbox 2201 1875 2375 1906; x_wconf 87' lang='lat' dir='ltr'>constantia</span> <span class='ocrx_word' id='word_1_479' title='bbox 2391 1875 2424 1905; x_wconf 88' lang='lat' dir='ltr'>in</span> <span class='ocrx_word' id='word_1_480' title='bbox 2440 1885 2486 1904; x_wconf 88' lang='lat' dir='ltr'>ra-</span> 
     </span>
     <span class='ocr_line' id='line_1_47' title="bbox 318 1919 2487 1961; baseline -0.001 -10"><span class='ocrx_word' id='word_1_481' title='bbox 318 1930 389 1951; x_wconf 86' lang='lat' dir='ltr'>vere</span> <span class='ocrx_word' id='word_1_482' title='bbox 413 1928 444 1952; x_wconf 89' lang='lat' dir='ltr'>et</span> <span class='ocrx_word' id='word_1_483' title='bbox 466 1920 592 1961; x_wconf 88' lang='lat' dir='ltr'>proprie</span> <span class='ocrx_word' id='word_1_484' title='bbox 615 1920 727 1951; x_wconf 85' lang='lat' dir='ltr'>virtus:</span> <span class='ocrx_word' id='word_1_485' title='bbox 753 1926 784 1950; x_wconf 93' lang='lat' dir='ltr'>et</span> <span class='ocrx_word' id='word_1_486' title='bbox 798 1926 904 1951; x_wconf 91' lang='lat' dir='ltr'>tamen</span> <span class='ocrx_word' id='word_1_487' title='bbox 926 1920 1065 1957; x_wconf 85' lang='lat' dir='ltr'>inferius,</span> <span class='ocrx_word' id='word_1_488' title='bbox 1085 1920 1270 1961; x_wconf 88' lang='lat' dir='ltr'>quaestione</span> <span class='ocrx_word' id='word_1_489' title='bbox 1288 1929 1378 1961; x_wconf 83' lang='lat' dir='ltr'>prae-</span> <span class='ocrx_word' id='word_1_490' title='bbox 1429 1919 1528 1956; x_wconf 77' lang='lat' dir='ltr'>done,</span> <span class='ocrx_word' id='word_1_491' title='bbox 1544 1920 1678 1951; x_wconf 89' lang='lat' dir='ltr'>dicendo</span> <span class='ocrx_word' id='word_1_492' title='bbox 1700 1921 1791 1961; x_wconf 88' lang='lat' dir='ltr'>quod</span> <span class='ocrx_word' id='word_1_493' title='bbox 1814 1919 2040 1950; x_wconf 86' lang='lat' dir='ltr'>incontinentia</span> <span class='ocrx_word' id='word_1_494' title='bbox 2059 1926 2089 1950; x_wconf 88' lang='lat' dir='ltr'>et</span> <span class='ocrx_word' id='word_1_495' title='bbox 2113 1919 2261 1950; x_wconf 89' lang='lat' dir='ltr'>mollities</span> <span class='ocrx_word' id='word_1_496' title='bbox 2281 1929 2317 1949; x_wconf 84' lang='lat' dir='ltr'>ex</span> <span class='ocrx_word' id='word_1_497' title='bbox 2332 1926 2418 1959; x_wconf 89' lang='lat' dir='ltr'>parte</span> <span class='ocrx_word' id='word_1_498' title='bbox 2434 1929 2487 1958; x_wconf 85' lang='lat' dir='ltr'>ap-</span> 
     </span>
     <span class='ocr_line' id='line_1_48' title="bbox 318 1962 2488 2005; baseline -0.001 -10"><span class='ocrx_word' id='word_1_499' title='bbox 318 1965 410 2001; x_wconf 87' lang='lat' dir='ltr'>dicta,</span> <span class='ocrx_word' id='word_1_500' title='bbox 426 1971 482 1995; x_wconf 84' lang='lat' dir='ltr'>art.</span> <span class='ocrx_word' id='word_1_501' title='bbox 508 1976 533 2000; x_wconf 92' lang='lat'>1,</span> <span class='ocrx_word' id='word_1_502' title='bbox 558 1964 742 2000; x_wconf 82' lang='lat' dir='ltr'>decernitur,</span> <span class='ocrx_word' id='word_1_503' title='bbox 759 1974 833 1995; x_wconf 88' lang='lat' dir='ltr'>cum</span> <span class='ocrx_word' id='word_1_504' title='bbox 856 1965 1032 2001; x_wconf 87' lang='lat' dir='ltr'>Aristotele,</span> <span class='ocrx_word' id='word_1_505' title='bbox 1046 1965 1104 1995; x_wconf 88' lang='lat' dir='ltr'>VII</span> <span class='ocrx_word' id='word_1_506' title='bbox 1119 1964 1223 1995; x_wconf 82' lang='lat' dir='ltr'>Ethic.</span> <span class='ocrx_word' id='word_1_507' title='bbox 1238 1964 1266 2002; x_wconf 87' lang='lat'>*,</span> <span class='ocrx_word' id='word_1_508' title='bbox 1290 1963 1379 2005; x_wconf 89' lang='lat' dir='ltr'>quod</span> <span class='ocrx_word' id='word_1_509' title='bbox 1429 1963 1548 2004; x_wconf 83' lang='lat' dir='ltr'>petitus</span> <span class='ocrx_word' id='word_1_510' title='bbox 1577 1971 1706 1996; x_wconf 83' lang='lat' dir='ltr'>causant</span> <span class='ocrx_word' id='word_1_511' title='bbox 1734 1964 1993 1994; x_wconf 86' lang='lat' dir='ltr'>inconstantiam:</span> <span class='ocrx_word' id='word_1_512' title='bbox 2019 1971 2050 1994; x_wconf 89' lang='lat' dir='ltr'>et</span> <span class='ocrx_word' id='word_1_513' title='bbox 2072 1963 2214 1994; x_wconf 88' lang='lat' dir='ltr'>similiter</span> <span class='ocrx_word' id='word_1_514' title='bbox 2242 1962 2434 1993; x_wconf 88' lang='lat' dir='ltr'>continentia</span> <span class='ocrx_word' id='word_1_515' title='bbox 2457 1968 2488 1992; x_wconf 88' lang='lat' dir='ltr'>et</span> 
     </span>
     <span class='ocr_line' id='line_1_49' title="bbox 318 2007 2489 2050; baseline -0.002 -10"><span class='ocrx_word' id='word_1_516' title='bbox 318 2008 511 2040; x_wconf 85' lang='lat' dir='ltr'>continentia</span> <span class='ocrx_word' id='word_1_517' title='bbox 533 2018 600 2039; x_wconf 92' lang='lat' dir='ltr'>non</span> <span class='ocrx_word' id='word_1_518' title='bbox 623 2015 670 2038; x_wconf 90' lang='lat' dir='ltr'>est</span> <span class='ocrx_word' id='word_1_519' title='bbox 691 2007 798 2039; x_wconf 86' lang='lat' dir='ltr'>virtus.</span> <span class='ocrx_word' id='word_1_520' title='bbox 1430 2008 1657 2050; x_wconf 71' lang='lat' dir='ltr'>perseverantia</span> <span class='ocrx_word' id='word_1_521' title='bbox 1679 2018 1716 2039; x_wconf 83' lang='lat' dir='ltr'>ex</span> <span class='ocrx_word' id='word_1_522' title='bbox 1731 2014 1817 2048; x_wconf 88' lang='lat' dir='ltr'>parte</span> <span class='ocrx_word' id='word_1_523' title='bbox 1832 2008 1989 2048; x_wconf 89' lang='lat' dir='ltr'>appetitus</span> <span class='ocrx_word' id='word_1_524' title='bbox 2013 2014 2142 2038; x_wconf 87' lang='lat' dir='ltr'>causant</span> <span class='ocrx_word' id='word_1_525' title='bbox 2157 2008 2373 2038; x_wconf 89' lang='lat' dir='ltr'>constantiam.</span> <span class='ocrx_word' id='word_1_526' title='bbox 2401 2007 2489 2036; x_wconf 90' lang='lat' dir='ltr'>Patet</span> 
     </span>
    </p>

    <p class='ocr_par' dir='ltr' id='par_1_16' title="bbox 317 2049 2488 2225">
     <span class='ocr_line' id='line_1_50' title="bbox 373 2049 2488 2093; baseline -0.001 -11"><span class='ocrx_word' id='word_1_527' title='bbox 373 2052 411 2083; x_wconf 87' lang='lat'>11.</span> <span class='ocrx_word' id='word_1_528' title='bbox 434 2052 486 2083; x_wconf 84' lang='lat' dir='ltr'>Ad</span> <span class='ocrx_word' id='word_1_529' title='bbox 507 2052 585 2083; x_wconf 89' lang='lat' dir='ltr'>haec</span> <span class='ocrx_word' id='word_1_530' title='bbox 607 2052 703 2082; x_wconf 89' lang='lat' dir='ltr'>dubia</span> <span class='ocrx_word' id='word_1_531' title='bbox 726 2051 967 2092; x_wconf 88' lang='lat' dir='ltr'>respondebitur</span> <span class='ocrx_word' id='word_1_532' title='bbox 983 2052 1114 2083; x_wconf 86' lang='lat' dir='ltr'>inferius</span> <span class='ocrx_word' id='word_1_533' title='bbox 1136 2052 1170 2082; x_wconf 89' lang='lat' dir='ltr'>in</span> <span class='ocrx_word' id='word_1_534' title='bbox 1192 2052 1266 2082; x_wconf 91' lang='lat' dir='ltr'>loco</span> <span class='ocrx_word' id='word_1_535' title='bbox 1280 2049 1376 2089; x_wconf 87' lang='lat' dir='ltr'>dicto,</span> <span class='ocrx_word' id='word_1_536' title='bbox 1431 2052 1517 2083; x_wconf 89' lang='lat' dir='ltr'>enim</span> <span class='ocrx_word' id='word_1_537' title='bbox 1546 2052 1580 2083; x_wconf 89' lang='lat' dir='ltr'>in</span> <span class='ocrx_word' id='word_1_538' title='bbox 1601 2052 1703 2083; x_wconf 87' lang='lat' dir='ltr'>littera</span> <span class='ocrx_word' id='word_1_539' title='bbox 1735 2053 1822 2093; x_wconf 91' lang='lat' dir='ltr'>quod</span> <span class='ocrx_word' id='word_1_540' title='bbox 1853 2059 1918 2083; x_wconf 89' lang='lat' dir='ltr'>tam</span> <span class='ocrx_word' id='word_1_541' title='bbox 1949 2052 2124 2082; x_wconf 87' lang='lat' dir='ltr'>constantia</span> <span class='ocrx_word' id='word_1_542' title='bbox 2153 2061 2251 2092; x_wconf 90' lang='lat' dir='ltr'>quam</span> <span class='ocrx_word' id='word_1_543' title='bbox 2280 2050 2488 2081; x_wconf 88' lang='lat' dir='ltr'>inconstantia</span> 
     </span>
     <span class='ocr_line' id='line_1_51' title="bbox 318 2095 1379 2136; baseline 0.001 -10"><span class='ocrx_word' id='word_1_544' title='bbox 318 2096 373 2127; x_wconf 90' lang='lat' dir='ltr'>ubi</span> <span class='ocrx_word' id='word_1_545' title='bbox 396 2105 431 2127; x_wconf 87' lang='lat' dir='ltr'>ex</span> <span class='ocrx_word' id='word_1_546' title='bbox 455 2095 621 2136; x_wconf 89' lang='lat' dir='ltr'>proposito</span> <span class='ocrx_word' id='word_1_547' title='bbox 645 2096 775 2126; x_wconf 83' lang='lat' dir='ltr'>materia</span> <span class='ocrx_word' id='word_1_548' title='bbox 790 2102 923 2136; x_wconf 88' lang='lat' dir='ltr'>utraque</span> <span class='ocrx_word' id='word_1_549' title='bbox 946 2103 1103 2127; x_wconf 86' lang='lat' dir='ltr'>tractatur.</span> <span class='ocrx_word' id='word_1_550' title='bbox 1126 2096 1188 2127; x_wconf 92' lang='lat' dir='ltr'>Hic</span> <span class='ocrx_word' id='word_1_551' title='bbox 1207 2102 1313 2127; x_wconf 86' lang='lat' dir='ltr'>autem</span> <span class='ocrx_word' id='word_1_552' title='bbox 1329 2102 1379 2128; x_wconf 88' lang='lat' dir='ltr'>sat</span> 
     </span>
     <span class='ocr_line' id='line_1_52' title="bbox 318 2139 1376 2181; baseline 0.001 -11"><span class='ocrx_word' id='word_1_553' title='bbox 318 2141 358 2171; x_wconf 88' lang='lat' dir='ltr'>sit</span> <span class='ocrx_word' id='word_1_554' title='bbox 379 2149 473 2171; x_wconf 83' lang='lat' dir='ltr'>nosse</span> <span class='ocrx_word' id='word_1_555' title='bbox 496 2139 647 2176; x_wconf 83' lang='lat' dir='ltr'>dubitare,</span> <span class='ocrx_word' id='word_1_556' title='bbox 664 2146 695 2170; x_wconf 87' lang='lat' dir='ltr'>et</span> <span class='ocrx_word' id='word_1_557' title='bbox 718 2140 875 2170; x_wconf 86' lang='lat' dir='ltr'>advertere</span> <span class='ocrx_word' id='word_1_558' title='bbox 898 2141 987 2181; x_wconf 91' lang='lat' dir='ltr'>quod</span> <span class='ocrx_word' id='word_1_559' title='bbox 1010 2143 1130 2171; x_wconf 90' lang='lat' dir='ltr'>Auctor</span> <span class='ocrx_word' id='word_1_560' title='bbox 1145 2140 1244 2171; x_wconf 88' lang='lat' dir='ltr'>utitur</span> <span class='ocrx_word' id='word_1_561' title='bbox 1265 2139 1376 2171; x_wconf 90' lang='lat' dir='ltr'>hocin</span> 
     </span>
     <span class='ocr_line' id='line_1_53' title="bbox 317 2183 1376 2225; baseline 0.001 -11"><span class='ocrx_word' id='word_1_562' title='bbox 317 2185 390 2215; x_wconf 93' lang='lat' dir='ltr'>loco</span> <span class='ocrx_word' id='word_1_563' title='bbox 413 2183 516 2214; x_wconf 89' lang='lat' dir='ltr'>verbis</span> <span class='ocrx_word' id='word_1_564' title='bbox 538 2183 716 2224; x_wconf 83' lang='lat' dir='ltr'>opinativis.</span> <span class='ocrx_word' id='word_1_565' title='bbox 741 2184 819 2214; x_wconf 90' lang='lat' dir='ltr'>dum</span> <span class='ocrx_word' id='word_1_566' title='bbox 841 2184 916 2215; x_wconf 89' lang='lat' dir='ltr'>dicit</span> <span class='ocrx_word' id='word_1_567' title='bbox 938 2185 1026 2225; x_wconf 92' lang='lat' dir='ltr'>quod</span> <span class='ocrx_word' id='word_1_568' title='bbox 1051 2194 1113 2215; x_wconf 89' lang='lat' dir='ltr'>non</span> <span class='ocrx_word' id='word_1_569' title='bbox 1137 2184 1286 2215; x_wconf 81' lang='lat' dir='ltr'>videntur</span> <span class='ocrx_word' id='word_1_570' title='bbox 1307 2193 1376 2215; x_wconf 85' lang='lat' dir='ltr'>esse</span> 
     </span>
    </p>
   </div>
   <div class='ocr_carea' id='block_1_13' title="bbox 1428 2093 2488 2225">
    <p class='ocr_par' dir='ltr' id='par_1_17' title="bbox 1428 2093 2488 2225">
     <span class='ocr_line' id='line_1_54' title="bbox 1428 2093 2487 2136; baseline -0.004 -9"><span class='ocrx_word' id='word_1_571' title='bbox 1428 2093 1676 2127; x_wconf 77' lang='lat' dir='ltr'>inchoative&#39;est</span> <span class='ocrx_word' id='word_1_572' title='bbox 1699 2107 1736 2127; x_wconf 85' lang='lat' dir='ltr'>ex</span> <span class='ocrx_word' id='word_1_573' title='bbox 1758 2096 1909 2136; x_wconf 89' lang='lat' dir='ltr'>appetitu,</span> <span class='ocrx_word' id='word_1_574' title='bbox 1934 2102 2153 2126; x_wconf 88' lang='lat' dir='ltr'>consummate</span> <span class='ocrx_word' id='word_1_575' title='bbox 2180 2102 2287 2125; x_wconf 90' lang='lat' dir='ltr'>autem</span> <span class='ocrx_word' id='word_1_576' title='bbox 2309 2102 2356 2125; x_wconf 90' lang='lat' dir='ltr'>est</span> <span class='ocrx_word' id='word_1_577' title='bbox 2378 2104 2414 2124; x_wconf 89' lang='lat' dir='ltr'>ex</span> <span class='ocrx_word' id='word_1_578' title='bbox 2442 2103 2487 2123; x_wconf 89' lang='lat' dir='ltr'>ra-</span> 
     </span>
     <span class='ocr_line' id='line_1_55' title="bbox 1428 2139 2488 2172; baseline -0.004 -1"><span class='ocrx_word' id='word_1_579' title='bbox 1428 2140 1525 2172; x_wconf 87' lang='lat' dir='ltr'>tione.</span> <span class='ocrx_word' id='word_1_580' title='bbox 1557 2140 1650 2171; x_wconf 89' lang='lat' dir='ltr'>Unde</span> <span class='ocrx_word' id='word_1_581' title='bbox 1673 2141 1711 2171; x_wconf 92' lang='lat' dir='ltr'>de</span> <span class='ocrx_word' id='word_1_582' title='bbox 1736 2141 1876 2171; x_wconf 91' lang='lat' dir='ltr'>subiecto</span> <span class='ocrx_word' id='word_1_583' title='bbox 1903 2140 2127 2170; x_wconf 89' lang='lat' dir='ltr'>tantummodo</span> <span class='ocrx_word' id='word_1_584' title='bbox 2158 2139 2367 2169; x_wconf 85' lang='lat' dir='ltr'>continentiae</span> <span class='ocrx_word' id='word_1_585' title='bbox 2395 2143 2488 2168; x_wconf 85' lang='lat' dir='ltr'>restat</span> 
     </span>
     <span class='ocr_line' id='line_1_56' title="bbox 1428 2184 1584 2225; baseline 0 -10"><span class='ocrx_word' id='word_1_586' title='bbox 1428 2184 1584 2225; x_wconf 84' lang='lat' dir='ltr'>quaestio.</span> 
     </span>
    </p>
   </div>
   <div class='ocr_carea' id='block_1_14' title="bbox 1399 2083 1406 2215">
    <p class='ocr_par' dir='ltr' id='par_1_18' title="bbox 1399 2083 1406 2215">
     <span class='ocr_line' id='line_1_57' title="bbox 1399 2083 1406 2215; baseline 0 1841"><span class='ocrx_word' id='word_1_587' title='bbox 1399 2083 1406 2215; x_wconf 95' lang='lat' dir='ltr'> </span> 
     </span>
    </p>
   </div>
   <div class='ocr_carea' id='block_1_15' title="bbox 850 2327 1960 2468">
    <p class='ocr_par' dir='ltr' id='par_1_19' title="bbox 850 2327 1960 2468">
     <span class='ocr_line' id='line_1_58' title="bbox 1095 2327 1718 2378; baseline 0 0"><span class='ocrx_word' id='word_1_588' title='bbox 1095 2327 1447 2378; x_wconf 89' lang='lat' dir='ltr'>ARTICULUS</span> <span class='ocrx_word' id='word_1_589' title='bbox 1486 2337 1718 2378; x_wconf 86' lang='lat' dir='ltr'>SEXTUS</span> 
     </span>
     <span class='ocr_line' id='line_1_59' title="bbox 850 2436 1960 2468; baseline 0.001 -2"><span class='ocrx_word' id='word_1_590' title='bbox 850 2436 1006 2466; x_wconf 87' lang='lat' dir='ltr'>UTRUM</span> <span class='ocrx_word' id='word_1_591' title='bbox 1028 2436 1275 2467; x_wconf 83' lang='lat' dir='ltr'>PRAEDICTA</span> <span class='ocrx_word' id='word_1_592' title='bbox 1298 2437 1416 2467; x_wconf 78' lang='lat' dir='ltr'>VITIA</span> <span class='ocrx_word' id='word_1_593' title='bbox 1440 2436 1666 2467; x_wconf 80' lang='lat' dir='ltr'>ORIANTUR</span> <span class='ocrx_word' id='word_1_594' title='bbox 1689 2437 1746 2467; x_wconf 85' lang='lat' dir='ltr'>Ex</span> <span class='ocrx_word' id='word_1_595' title='bbox 1770 2437 1960 2468; x_wconf 76' lang='lat' dir='ltr'>LuxumA</span> 
     </span>
    </p>
   </div>
   <div class='ocr_carea' id='block_1_16' title="bbox 1036 2523 1771 2555">
    <p class='ocr_par' dir='ltr' id='par_1_20' title="bbox 1036 2523 1771 2555">
     <span class='ocr_line' id='line_1_60' title="bbox 1036 2523 1771 2555; baseline 0 -8"><span class='ocrx_word' id='word_1_596' title='bbox 1036 2523 1110 2554; x_wconf 83' lang='lat' dir='ltr'>Infra,</span> <span class='ocrx_word' id='word_1_597' title='bbox 1129 2531 1173 2555; x_wconf 85' lang='lat' dir='ltr'>qu.</span> <span class='ocrx_word' id='word_1_598' title='bbox 1192 2530 1262 2554; x_wconf 79' lang='lat' dir='ltr'>cun,</span> <span class='ocrx_word' id='word_1_599' title='bbox 1281 2528 1327 2548; x_wconf 72' lang='lat' dir='ltr'>art.</span> <span class='ocrx_word' id='word_1_600' title='bbox 1349 2523 1362 2548; x_wconf 90' lang='lat'><strong>5</strong></span> <span class='ocrx_word' id='word_1_601' title='bbox 1369 2530 1377 2554; x_wconf 85' lang='lat'>;</span> <span class='ocrx_word' id='word_1_602' title='bbox 1397 2523 1438 2548; x_wconf 84' lang='lat' dir='ltr'>De</span> <span class='ocrx_word' id='word_1_603' title='bbox 1455 2523 1539 2552; x_wconf 86' lang='lat' dir='ltr'>Malo,</span> <span class='ocrx_word' id='word_1_604' title='bbox 1558 2531 1602 2555; x_wconf 88' lang='lat' dir='ltr'>qu.</span> <span class='ocrx_word' id='word_1_605' title='bbox 1621 2531 1661 2552; x_wconf 76' lang='lat' dir='ltr'>xv.</span> <span class='ocrx_word' id='word_1_606' title='bbox 1681 2528 1727 2548; x_wconf 86' lang='lat' dir='ltr'>art.</span> <span class='ocrx_word' id='word_1_607' title='bbox 1745 2531 1771 2554; x_wconf 83' lang='lat'>4.</span> 
     </span>
    </p>
   </div>
   <div class='ocr_carea' id='block_1_17' title="bbox 330 2631 488 2804">
    <p class='ocr_par' dir='ltr' id='par_1_21' title="bbox 330 2631 488 2804">
     <span class='ocr_line' id='line_1_61' title="bbox 330 2631 488 2804; baseline 0 -76"><span class='ocrx_word' id='word_1_608' title='bbox 330 2631 488 2804; x_wconf 95' lang='lat' dir='ltr'>   </span> 
     </span>
    </p>
   </div>
   <div class='ocr_carea' id='block_1_18' title="bbox 438 2603 2485 2704">
    <p class='ocr_par' dir='ltr' id='par_1_22' title="bbox 438 2603 2485 2704">
     <span class='ocr_line' id='line_1_62' title="bbox 438 2603 2485 2663; baseline 0.001 -24"><span class='ocrx_word' id='word_1_609' title='bbox 438 2626 504 2663; x_wconf 51' lang='lat' dir='ltr'>ss«</span> <span class='ocrx_word' id='word_1_610' title='bbox 531 2615 554 2639; x_wconf 90' lang='lat' dir='ltr'>D</span> <span class='ocrx_word' id='word_1_611' title='bbox 581 2614 722 2640; x_wconf 74' lang='lat' dir='ltr'>snxrum</span> <span class='ocrx_word' id='word_1_612' title='bbox 747 2614 800 2639; x_wconf 85' lang='lat' dir='ltr'>stc</span> <span class='ocrx_word' id='word_1_613' title='bbox 828 2614 1066 2640; x_wconf 80' lang='lat' dir='ltr'>PROCEDlTUR.</span> <span class='ocrx_word' id='word_1_614' title='bbox 1095 2603 1253 2639; x_wconf 89' lang='lat' dir='ltr'>Videtur</span> <span class='ocrx_word' id='word_1_615' title='bbox 1272 2603 1376 2651; x_wconf 93' lang='lat' dir='ltr'>quod</span> <span class='ocrx_word' id='word_1_616' title='bbox 1401 2624 1404 2660; x_wconf 64' lang='lat'>3</span> <span class='ocrx_word' id='word_1_617' title='bbox 1485 2603 1558 2640; x_wconf 72' lang='lat' dir='ltr'>SED</span> <span class='ocrx_word' id='word_1_618' title='bbox 1574 2614 1719 2640; x_wconf 77' lang='lat' dir='ltr'>CONTRA</span> <span class='ocrx_word' id='word_1_619' title='bbox 1734 2615 1799 2640; x_wconf 80' lang='lat' dir='ltr'>EST</span> <span class='ocrx_word' id='word_1_620' title='bbox 1814 2604 1919 2651; x_wconf 88' lang='lat' dir='ltr'>quod</span> <span class='ocrx_word' id='word_1_621' title='bbox 1934 2604 2151 2651; x_wconf 86' lang='lat' dir='ltr'>Gregorius,</span> <span class='ocrx_word' id='word_1_622' title='bbox 2163 2605 2287 2641; x_wconf 93' lang='lat' dir='ltr'>XXXI</span> <span class='ocrx_word' id='word_1_623' title='bbox 2299 2606 2443 2642; x_wconf 88' lang='lat' dir='ltr'>Moral.</span> <span class='ocrx_word' id='word_1_624' title='bbox 2455 2605 2485 2651; x_wconf 68' lang='lat'>²⁸,</span> 
     </span>
     <span class='ocr_line' id='line_1_63' title="bbox 460 2655 2204 2704; baseline 0.001 -13"><span class='ocrx_word' id='word_1_625' title='bbox 460 2655 499 2697; x_wconf 68' lang='grc' dir='ltr'>,ὴ</span> <span class='ocrx_word' id='word_1_626' title='bbox 531 2655 723 2704; x_wconf 90' lang='lat' dir='ltr'>praedicta</span> <span class='ocrx_word' id='word_1_627' title='bbox 741 2655 832 2692; x_wconf 89' lang='lat' dir='ltr'>vitia</span> <span class='ocrx_word' id='word_1_628' title='bbox 861 2667 938 2691; x_wconf 92' lang='lat' dir='ltr'>non</span> <span class='ocrx_word' id='word_1_629' title='bbox 967 2655 1135 2692; x_wconf 86' lang='lat' dir='ltr'>oriantur</span> <span class='ocrx_word' id='word_1_630' title='bbox 1156 2668 1201 2692; x_wconf 87' lang='lat' dir='ltr'>ex</span> <span class='ocrx_word' id='word_1_631' title='bbox 1221 2656 1375 2692; x_wconf 86' lang='lat' dir='ltr'>luxuria.</span> <span class='ocrx_word' id='word_1_632' title='bbox 1402 2661 1403 2674; x_wconf 63' lang='lat'>*</span> <span class='ocrx_word' id='word_1_633' title='bbox 1430 2655 1538 2704; x_wconf 92' lang='lat' dir='ltr'>ponit</span> <span class='ocrx_word' id='word_1_634' title='bbox 1556 2656 1749 2704; x_wconf 91' lang='lat' dir='ltr'>praedicta</span> <span class='ocrx_word' id='word_1_635' title='bbox 1767 2656 1856 2692; x_wconf 90' lang='lat' dir='ltr'>vitia</span> <span class='ocrx_word' id='word_1_636' title='bbox 1877 2669 1920 2692; x_wconf 84' lang='lat' dir='ltr'>ex</span> <span class='ocrx_word' id='word_1_637' title='bbox 1940 2657 2085 2693; x_wconf 85' lang='lat' dir='ltr'>luxuria</span> <span class='ocrx_word' id='word_1_638' title='bbox 2105 2657 2204 2694; x_wconf 91' lang='lat' dir='ltr'>oriri.</span> 
     </span>
    </p>
   </div>
   <div class='ocr_carea' id='block_1_19' title="bbox 468 2693 2486 2758">
    <p class='ocr_par' dir='ltr' id='par_1_23' title="bbox 468 2693 2486 2758">
     <span class='ocr_line' id='line_1_64' title="bbox 468 2693 2486 2758; baseline 0.001 -14"><span class='ocrx_word' id='word_1_639' title='bbox 468 2693 787 2748; x_wconf 62' lang='lat' dir='ltr'>&#39;flnconstantia</span> <span class='ocrx_word' id='word_1_640' title='bbox 815 2708 917 2745; x_wconf 89' lang='lat' dir='ltr'>enim</span> <span class='ocrx_word' id='word_1_641' title='bbox 946 2707 1064 2744; x_wconf 86' lang='lat' dir='ltr'>oritur</span> <span class='ocrx_word' id='word_1_642' title='bbox 1091 2720 1136 2744; x_wconf 89' lang='lat' dir='ltr'>ex</span> <span class='ocrx_word' id='word_1_643' title='bbox 1164 2708 1316 2755; x_wconf 89' lang='lat' dir='ltr'>invidia,</span> <span class='ocrx_word' id='word_1_644' title='bbox 1337 2716 1378 2745; x_wconf 93' lang='lat' dir='ltr'>ut</span> <span class='ocrx_word' id='word_1_645' title='bbox 1485 2709 1709 2745; x_wconf 68' lang='lat' dir='ltr'>Rsssponneo</span> <span class='ocrx_word' id='word_1_646' title='bbox 1737 2720 1921 2746; x_wconf 69' lang='lat' dir='ltr'>monimum</span> <span class='ocrx_word' id='word_1_647' title='bbox 1950 2709 2075 2757; x_wconf 89' lang='lat' dir='ltr'>quod,</span> <span class='ocrx_word' id='word_1_648' title='bbox 2109 2710 2204 2746; x_wconf 92' lang='lat' dir='ltr'>sicut</span> <span class='ocrx_word' id='word_1_649' title='bbox 2232 2710 2486 2758; x_wconf 89' lang='lat' dir='ltr'>Philosophus</span> 
     </span>
    </p>
   </div>
   <div class='ocr_carea' id='block_1_20' title="bbox 321 2813 1404 2862">
    <p class='ocr_par' dir='ltr' id='par_1_24' title="bbox 321 2813 1404 2862">
     <span class='ocr_line' id='line_1_65' title="bbox 321 2813 1404 2862; baseline 0.001 -12"><span class='ocrx_word' id='word_1_650' title='bbox 321 2813 538 2851; x_wconf 91' lang='lat' dir='ltr'>distinctum</span> <span class='ocrx_word' id='word_1_651' title='bbox 573 2826 594 2850; x_wconf 92' lang='lat' dir='ltr'>a</span> <span class='ocrx_word' id='word_1_652' title='bbox 622 2814 776 2850; x_wconf 88' lang='lat' dir='ltr'>luxuria.</span> <span class='ocrx_word' id='word_1_653' title='bbox 817 2814 917 2862; x_wconf 86' lang='lat' dir='ltr'>Ergo</span> <span class='ocrx_word' id='word_1_654' title='bbox 951 2813 1142 2862; x_wconf 88' lang='lat' dir='ltr'>praedicta</span> <span class='ocrx_word' id='word_1_655' title='bbox 1175 2813 1267 2850; x_wconf 90' lang='lat' dir='ltr'>vitia</span> <span class='ocrx_word' id='word_1_656' title='bbox 1300 2826 1404 2851; x_wconf 53' lang='lat' dir='ltr'>non«</span> 
     </span>
    </p>
   </div>
   <div class='ocr_carea' id='block_1_21' title="bbox 1403 2814 2486 2875">
    <p class='ocr_par' dir='ltr' id='par_1_25' title="bbox 1403 2814 2486 2875">
     <span class='ocr_line' id='line_1_66' title="bbox 1403 2814 2486 2875; baseline 0.003 -26"><span class='ocrx_word' id='word_1_657' title='bbox 1403 2859 1405 2875; x_wconf 27' lang='lat' dir='ltr'><em>s</em></span> <span class='ocrx_word' id='word_1_658' title='bbox 1431 2814 1741 2850; x_wconf 85' lang='lat' dir='ltr'>existimationem</span> <span class='ocrx_word' id='word_1_659' title='bbox 1754 2815 1993 2861; x_wconf 82' lang='lat' dir='ltr'>prudentiae:</span> <span class='ocrx_word' id='word_1_660' title='bbox 2016 2823 2050 2851; x_wconf 93' lang='lat' dir='ltr'>et</span> <span class='ocrx_word' id='word_1_661' title='bbox 2065 2815 2269 2863; x_wconf 87' lang='lat' dir='ltr'>praecipue</span> <span class='ocrx_word' id='word_1_662' title='bbox 2289 2815 2486 2852; x_wconf 90' lang='lat' dir='ltr'>delectatio</span> 
     </span>
    </p>
   </div>
   <div class='ocr_carea' id='block_1_22' title="bbox 322 2866 2489 3494">
    <p class='ocr_par' dir='ltr' id='par_1_26' title="bbox 322 2866 2487 3230">
     <span class='ocr_line' id='line_1_67' title="bbox 322 2866 2487 2915; baseline 0.001 -13"><span class='ocrx_word' id='word_1_663' title='bbox 322 2866 495 2903; x_wconf 88' lang='lat' dir='ltr'>oriuntur</span> <span class='ocrx_word' id='word_1_664' title='bbox 522 2878 567 2903; x_wconf 89' lang='lat' dir='ltr'>ex</span> <span class='ocrx_word' id='word_1_665' title='bbox 594 2866 750 2903; x_wconf 85' lang='lat' dir='ltr'>luxuria.</span> <span class='ocrx_word' id='word_1_666' title='bbox 1431 2879 1531 2914; x_wconf 91' lang='lat' dir='ltr'>quae</span> <span class='ocrx_word' id='word_1_667' title='bbox 1552 2866 1663 2902; x_wconf 92' lang='lat' dir='ltr'>estin</span> <span class='ocrx_word' id='word_1_668' title='bbox 1686 2866 1871 2914; x_wconf 90' lang='lat' dir='ltr'>venereis,</span> <span class='ocrx_word' id='word_1_669' title='bbox 1893 2879 1990 2915; x_wconf 90' lang='lat' dir='ltr'>quae</span> <span class='ocrx_word' id='word_1_670' title='bbox 2014 2875 2132 2903; x_wconf 89' lang='lat' dir='ltr'>totam</span> <span class='ocrx_word' id='word_1_671' title='bbox 2162 2867 2328 2904; x_wconf 89' lang='lat' dir='ltr'>animam</span> <span class='ocrx_word' id='word_1_672' title='bbox 2358 2869 2487 2905; x_wconf 90' lang='lat' dir='ltr'>absor-</span> 
     </span>
     <span class='ocr_line' id='line_1_68' title="bbox 378 2918 2487 2969; baseline 0.001 -14"><span class='ocrx_word' id='word_1_673' title='bbox 378 2930 411 2956; x_wconf 89' lang='lat'>2.</span> <span class='ocrx_word' id='word_1_674' title='bbox 442 2919 683 2964; x_wconf 77' lang='lat' dir='ltr'>PRAETEREA,</span> <span class='ocrx_word' id='word_1_675' title='bbox 714 2921 786 2955; x_wconf 92' lang='lat' dir='ltr'>Iac.</span> <span class='ocrx_word' id='word_1_676' title='bbox 808 2930 818 2954; x_wconf 92' lang='lat'><em>1</em></span> <span class='ocrx_word' id='word_1_677' title='bbox 836 2918 856 2940; x_wconf 74' lang='lat'>&#39;¹‘</span> <span class='ocrx_word' id='word_1_678' title='bbox 876 2918 1024 2955; x_wconf 86' lang='lat' dir='ltr'>dicitur:</span> <span class='ocrx_word' id='word_1_679' title='bbox 1051 2919 1116 2955; x_wconf 87' lang='lat' dir='ltr'>Vir</span> <span class='ocrx_word' id='word_1_680' title='bbox 1143 2919 1282 2966; x_wconf 84' lang='lat' dir='ltr'>duplex</span> <span class='ocrx_word' id='word_1_681' title='bbox 1298 2919 1378 2955; x_wconf 88' lang='lat' dir='ltr'>ani·</span> <span class='ocrx_word' id='word_1_682' title='bbox 1432 2920 1495 2956; x_wconf 91' lang='lat' dir='ltr'>bet</span> <span class='ocrx_word' id='word_1_683' title='bbox 1509 2919 1529 2940; x_wconf 75' lang='lat'>&#39;¹‘</span> <span class='ocrx_word' id='word_1_684' title='bbox 1549 2926 1584 2955; x_wconf 91' lang='lat' dir='ltr'>et</span> <span class='ocrx_word' id='word_1_685' title='bbox 1604 2919 1713 2955; x_wconf 90' lang='lat' dir='ltr'>trahit</span> <span class='ocrx_word' id='word_1_686' title='bbox 1732 2920 1779 2956; x_wconf 93' lang='lat' dir='ltr'>ad</span> <span class='ocrx_word' id='word_1_687' title='bbox 1799 2919 2014 2956; x_wconf 91' lang='lat' dir='ltr'>sensibilem</span> <span class='ocrx_word' id='word_1_688' title='bbox 2036 2920 2341 2966; x_wconf 82' lang='lat' dir='ltr'>delectationem3</span> <span class='ocrx_word' id='word_1_689' title='bbox 2368 2922 2487 2969; x_wconf 85' lang='lat' dir='ltr'>perfe-</span> 
     </span>
     <span class='ocr_line' id='line_1_69' title="bbox 322 2971 2487 3019; baseline 0.001 -12"><span class='ocrx_word' id='word_1_690' title='bbox 322 2983 384 3008; x_wconf 93' lang='lat' dir='ltr'>mo</span> <span class='ocrx_word' id='word_1_691' title='bbox 414 2971 626 3008; x_wconf 84' lang='lat' dir='ltr'>inconstans</span> <span class='ocrx_word' id='word_1_692' title='bbox 653 2977 707 3007; x_wconf 89' lang='lat' dir='ltr'>est</span> <span class='ocrx_word' id='word_1_693' title='bbox 733 2972 770 3007; x_wconf 88' lang='lat' dir='ltr'>in</span> <span class='ocrx_word' id='word_1_694' title='bbox 799 2972 970 3007; x_wconf 85' lang='lat' dir='ltr'>omnihus</span> <span class='ocrx_word' id='word_1_695' title='bbox 997 2971 1066 3007; x_wconf 86' lang='lat' dir='ltr'>viis</span> <span class='ocrx_word' id='word_1_696' title='bbox 1086 2971 1172 3007; x_wconf 86' lang='lat' dir='ltr'>suis.</span> <span class='ocrx_word' id='word_1_697' title='bbox 1204 2971 1280 3008; x_wconf 91' lang='lat' dir='ltr'>Sed</span> <span class='ocrx_word' id='word_1_698' title='bbox 1310 2971 1378 3008; x_wconf 91' lang='lat' dir='ltr'>du-</span> <span class='ocrx_word' id='word_1_699' title='bbox 1433 2971 1505 3008; x_wconf 90' lang='lat' dir='ltr'>ctio</span> <span class='ocrx_word' id='word_1_700' title='bbox 1531 2979 1658 3008; x_wconf 87' lang='lat' dir='ltr'>autem</span> <span class='ocrx_word' id='word_1_701' title='bbox 1682 2972 1918 3019; x_wconf 75' lang='lat' dir='ltr'>prudentiae,</span> <span class='ocrx_word' id='word_1_702' title='bbox 1949 2980 1985 3008; x_wconf 94' lang='lat' dir='ltr'>et</span> <span class='ocrx_word' id='word_1_703' title='bbox 2008 2973 2203 3009; x_wconf 89' lang='lat' dir='ltr'>cuiuslibet</span> <span class='ocrx_word' id='word_1_704' title='bbox 2231 2973 2487 3010; x_wconf 83' lang='lat' dir='ltr'>intellectualis</span> 
     </span>
     <span class='ocr_line' id='line_1_70' title="bbox 322 3023 2484 3072; baseline 0.001 -12"><span class='ocrx_word' id='word_1_705' title='bbox 322 3024 467 3072; x_wconf 87' lang='lat' dir='ltr'>plicitas</span> <span class='ocrx_word' id='word_1_706' title='bbox 496 3036 574 3061; x_wconf 92' lang='lat' dir='ltr'>non</span> <span class='ocrx_word' id='word_1_707' title='bbox 601 3023 753 3060; x_wconf 90' lang='lat' dir='ltr'>videtur</span> <span class='ocrx_word' id='word_1_708' title='bbox 780 3023 828 3060; x_wconf 91' lang='lat' dir='ltr'>ad</span> <span class='ocrx_word' id='word_1_709' title='bbox 856 3023 1042 3060; x_wconf 86' lang='lat' dir='ltr'>luxuriam</span> <span class='ocrx_word' id='word_1_710' title='bbox 1071 3024 1276 3072; x_wconf 89' lang='lat' dir='ltr'>pertinere,</span> <span class='ocrx_word' id='word_1_711' title='bbox 1311 3025 1379 3061; x_wconf 93' lang='lat' dir='ltr'>sed</span> <span class='ocrx_word' id='word_1_712' title='bbox 1431 3024 1589 3070; x_wconf 89' lang='lat' dir='ltr'>virtutis,</span> <span class='ocrx_word' id='word_1_713' title='bbox 1629 3024 1795 3061; x_wconf 90' lang='lat' dir='ltr'>consistit</span> <span class='ocrx_word' id='word_1_714' title='bbox 1829 3025 1866 3060; x_wconf 91' lang='lat' dir='ltr'>in</span> <span class='ocrx_word' id='word_1_715' title='bbox 1895 3025 2144 3062; x_wconf 90' lang='lat' dir='ltr'>abstractione</span> <span class='ocrx_word' id='word_1_716' title='bbox 2182 3039 2203 3062; x_wconf 93' lang='lat' dir='ltr'>a</span> <span class='ocrx_word' id='word_1_717' title='bbox 2237 3026 2484 3062; x_wconf 90' lang='lat' dir='ltr'>sensibilibus.</span> 
     </span>
     <span class='ocr_line' id='line_1_71' title="bbox 324 3076 2487 3126; baseline 0.001 -14"><span class='ocrx_word' id='word_1_718' title='bbox 324 3076 444 3124; x_wconf 87' lang='lat' dir='ltr'>magis</span> <span class='ocrx_word' id='word_1_719' title='bbox 472 3077 520 3113; x_wconf 92' lang='lat' dir='ltr'>ad</span> <span class='ocrx_word' id='word_1_720' title='bbox 550 3076 808 3121; x_wconf 89' lang='lat' dir='ltr'>dolositatem,</span> <span class='ocrx_word' id='word_1_721' title='bbox 847 3088 946 3123; x_wconf 92' lang='lat' dir='ltr'>quae</span> <span class='ocrx_word' id='word_1_722' title='bbox 979 3083 1034 3112; x_wconf 92' lang='lat' dir='ltr'>est</span> <span class='ocrx_word' id='word_1_723' title='bbox 1069 3076 1145 3112; x_wconf 89' lang='lat' dir='ltr'>filia</span> <span class='ocrx_word' id='word_1_724' title='bbox 1178 3076 1377 3123; x_wconf 90' lang='lat' dir='ltr'>avaritiae,</span> <span class='ocrx_word' id='word_1_725' title='bbox 1432 3077 1544 3114; x_wconf 93' lang='lat' dir='ltr'>Unde</span> <span class='ocrx_word' id='word_1_726' title='bbox 1573 3089 1660 3112; x_wconf 91' lang='lat' dir='ltr'>cum</span> <span class='ocrx_word' id='word_1_727' title='bbox 1680 3077 1871 3125; x_wconf 91' lang='lat' dir='ltr'>praedicta</span> <span class='ocrx_word' id='word_1_728' title='bbox 1889 3078 1981 3114; x_wconf 89' lang='lat' dir='ltr'>vitia</span> <span class='ocrx_word' id='word_1_729' title='bbox 2000 3078 2210 3126; x_wconf 92' lang='lat' dir='ltr'>pertineant</span> <span class='ocrx_word' id='word_1_730' title='bbox 2233 3079 2280 3115; x_wconf 90' lang='lat' dir='ltr'>ad</span> <span class='ocrx_word' id='word_1_731' title='bbox 2301 3079 2487 3115; x_wconf 87' lang='lat' dir='ltr'>defectum</span> 
     </span>
     <span class='ocr_line' id='line_1_72' title="bbox 324 3128 2486 3178; baseline 0.001 -13"><span class='ocrx_word' id='word_1_732' title='bbox 324 3129 535 3166; x_wconf 90' lang='lat' dir='ltr'>secundum</span> <span class='ocrx_word' id='word_1_733' title='bbox 552 3129 790 3176; x_wconf 88' lang='lat' dir='ltr'>Gregorium,</span> <span class='ocrx_word' id='word_1_734' title='bbox 807 3129 932 3164; x_wconf 90' lang='lat' dir='ltr'>XXXI</span> <span class='ocrx_word' id='word_1_735' title='bbox 948 3129 1092 3164; x_wconf 77' lang='lat' dir='ltr'>Mor-al.</span> <span class='ocrx_word' id='word_1_736' title='bbox 1111 3128 1131 3150; x_wconf 85' lang='grc'>*</span> <span class='ocrx_word' id='word_1_737' title='bbox 1150 3129 1251 3176; x_wconf 88' lang='lat' dir='ltr'>Ergo</span> <span class='ocrx_word' id='word_1_738' title='bbox 1271 3141 1379 3178; x_wconf 64' lang='lat' dir='ltr'>prae,-</span> <span class='ocrx_word' id='word_1_739' title='bbox 1431 3129 1652 3178; x_wconf 87' lang='lat' dir='ltr'>prudentiae</span> <span class='ocrx_word' id='word_1_740' title='bbox 1670 3137 1705 3165; x_wconf 88' lang='lat' dir='ltr'>et</span> <span class='ocrx_word' id='word_1_741' title='bbox 1720 3129 1872 3166; x_wconf 88' lang='lat' dir='ltr'>rationis</span> <span class='ocrx_word' id='word_1_742' title='bbox 1886 3131 2084 3178; x_wconf 90' lang='lat' dir='ltr'>practicae,</span> <span class='ocrx_word' id='word_1_743' title='bbox 2097 3131 2192 3167; x_wconf 89' lang='lat' dir='ltr'>sicut</span> <span class='ocrx_word' id='word_1_744' title='bbox 2206 3132 2375 3167; x_wconf 90' lang='lat' dir='ltr'>habiturn</span> <span class='ocrx_word' id='word_1_745' title='bbox 2392 3139 2447 3168; x_wconf 92' lang='lat' dir='ltr'>est</span> <span class='ocrx_word' id='word_1_746' title='bbox 2455 3131 2486 3178; x_wconf 85' lang='lat'>*,</span> 
     </span>
     <span class='ocr_line' id='line_1_73' title="bbox 325 3180 2346 3230; baseline 0 -11"><span class='ocrx_word' id='word_1_747' title='bbox 325 3182 423 3219; x_wconf 90' lang='lat' dir='ltr'>dicta</span> <span class='ocrx_word' id='word_1_748' title='bbox 450 3181 539 3218; x_wconf 91' lang='lat' dir='ltr'>vitia</span> <span class='ocrx_word' id='word_1_749' title='bbox 567 3194 645 3218; x_wconf 93' lang='lat' dir='ltr'>non</span> <span class='ocrx_word' id='word_1_750' title='bbox 674 3181 846 3218; x_wconf 89' lang='lat' dir='ltr'>oriuntur</span> <span class='ocrx_word' id='word_1_751' title='bbox 874 3193 918 3217; x_wconf 89' lang='lat' dir='ltr'>ex</span> <span class='ocrx_word' id='word_1_752' title='bbox 947 3180 1102 3217; x_wconf 86' lang='lat' dir='ltr'>luxuria.</span> <span class='ocrx_word' id='word_1_753' title='bbox 1432 3182 1601 3230; x_wconf 90' lang='lat' dir='ltr'>sequitur</span> <span class='ocrx_word' id='word_1_754' title='bbox 1628 3183 1732 3229; x_wconf 89' lang='lat' dir='ltr'>quod</span> <span class='ocrx_word' id='word_1_755' title='bbox 1753 3194 1798 3218; x_wconf 86' lang='lat' dir='ltr'>ex</span> <span class='ocrx_word' id='word_1_756' title='bbox 1817 3182 1962 3219; x_wconf 87' lang='lat' dir='ltr'>luxuria</span> <span class='ocrx_word' id='word_1_757' title='bbox 1982 3183 2146 3220; x_wconf 85' lang='lat' dir='ltr'>maxime</span> <span class='ocrx_word' id='word_1_758' title='bbox 2167 3183 2346 3220; x_wconf 90' lang='lat' dir='ltr'>oriantur.</span> 
     </span>
    </p>

    <p class='ocr_par' dir='ltr' id='par_1_27' title="bbox 323 3233 2489 3494">
     <span class='ocr_line' id='line_1_74' title="bbox 380 3233 2487 3284; baseline 0 -13"><span class='ocrx_word' id='word_1_759' title='bbox 380 3235 414 3271; x_wconf 87' lang='lat'>3.</span> <span class='ocrx_word' id='word_1_760' title='bbox 448 3235 687 3280; x_wconf 65' lang='lat' dir='ltr'>Pam-mam,</span> <span class='ocrx_word' id='word_1_761' title='bbox 716 3233 908 3282; x_wconf 91' lang='lat' dir='ltr'>praedicta</span> <span class='ocrx_word' id='word_1_762' title='bbox 926 3233 1017 3270; x_wconf 92' lang='lat' dir='ltr'>vitia</span> <span class='ocrx_word' id='word_1_763' title='bbox 1035 3234 1223 3282; x_wconf 89' lang='lat' dir='ltr'>pertinent</span> <span class='ocrx_word' id='word_1_764' title='bbox 1248 3234 1296 3271; x_wconf 92' lang='lat' dir='ltr'>ad</span> <span class='ocrx_word' id='word_1_765' title='bbox 1316 3234 1379 3272; x_wconf 94' lang='lat' dir='ltr'>de-</span> <span class='ocrx_word' id='word_1_766' title='bbox 1403 3238 1405 3241; x_wconf 55' lang='lat'><strong>⁴</strong></span> <span class='ocrx_word' id='word_1_767' title='bbox 1485 3236 1542 3271; x_wconf 84' lang='lat' dir='ltr'>AD</span> <span class='ocrx_word' id='word_1_768' title='bbox 1572 3246 1708 3271; x_wconf 81' lang='lat' dir='ltr'>PRIMUM</span> <span class='ocrx_word' id='word_1_769' title='bbox 1736 3246 1833 3271; x_wconf 81' lang='lat' dir='ltr'>ERGO</span> <span class='ocrx_word' id='word_1_770' title='bbox 1862 3247 2045 3272; x_wconf 77' lang='lat' dir='ltr'>mcENDUM</span> <span class='ocrx_word' id='word_1_771' title='bbox 2075 3236 2179 3284; x_wconf 90' lang='lat' dir='ltr'>quod</span> <span class='ocrx_word' id='word_1_772' title='bbox 2207 3236 2347 3273; x_wconf 89' lang='lat' dir='ltr'>invidia</span> <span class='ocrx_word' id='word_1_773' title='bbox 2376 3243 2412 3271; x_wconf 86' lang='lat' dir='ltr'>et</span> <span class='ocrx_word' id='word_1_774' title='bbox 2434 3236 2487 3272; x_wconf 91' lang='lat' dir='ltr'>ira</span> 
     </span>
     <span class='ocr_line' id='line_1_75' title="bbox 324 3285 2489 3336; baseline 0.001 -13"><span class='ocrx_word' id='word_1_775' title='bbox 324 3287 464 3323; x_wconf 90' lang='lat' dir='ltr'>fectum</span> <span class='ocrx_word' id='word_1_776' title='bbox 484 3286 648 3324; x_wconf 91' lang='lat' dir='ltr'>rationis.</span> <span class='ocrx_word' id='word_1_777' title='bbox 677 3287 754 3324; x_wconf 92' lang='lat' dir='ltr'>Sed</span> <span class='ocrx_word' id='word_1_778' title='bbox 772 3286 863 3323; x_wconf 84' lang='lat' dir='ltr'>vitia</span> <span class='ocrx_word' id='word_1_779' title='bbox 883 3285 1086 3334; x_wconf 89' lang='lat' dir='ltr'>spiritualia</span> <span class='ocrx_word' id='word_1_780' title='bbox 1104 3287 1379 3336; x_wconf 86' lang='lat' dir='ltr'>propinquiora</span> <span class='ocrx_word' id='word_1_781' title='bbox 1403 3314 1404 3317; x_wconf 20' lang='grc' dir='ltr'>η</span> <span class='ocrx_word' id='word_1_782' title='bbox 1432 3295 1587 3324; x_wconf 91' lang='lat' dir='ltr'>causant</span> <span class='ocrx_word' id='word_1_783' title='bbox 1616 3287 1906 3324; x_wconf 82' lang='lat' dir='ltr'>inconstantiam</span> <span class='ocrx_word' id='word_1_784' title='bbox 1934 3289 2186 3336; x_wconf 91' lang='lat' dir='ltr'>pertrahendo</span> <span class='ocrx_word' id='word_1_785' title='bbox 2218 3289 2402 3325; x_wconf 90' lang='lat' dir='ltr'>rationem</span> <span class='ocrx_word' id='word_1_786' title='bbox 2440 3289 2489 3325; x_wconf 93' lang='lat' dir='ltr'>ad</span> 
     </span>
     <span class='ocr_line' id='line_1_76' title="bbox 325 3339 2488 3388; baseline 0 -12"><span class='ocrx_word' id='word_1_787' title='bbox 325 3347 412 3377; x_wconf 90' lang='lat' dir='ltr'>sunt</span> <span class='ocrx_word' id='word_1_788' title='bbox 439 3339 572 3376; x_wconf 88' lang='lat' dir='ltr'>rationi</span> <span class='ocrx_word' id='word_1_789' title='bbox 603 3351 718 3388; x_wconf 90' lang='lat' dir='ltr'>quam</span> <span class='ocrx_word' id='word_1_790' title='bbox 732 3339 832 3376; x_wconf 91' lang='lat' dir='ltr'>-vitia</span> <span class='ocrx_word' id='word_1_791' title='bbox 862 3339 1035 3376; x_wconf 87' lang='lat' dir='ltr'>carnalia.</span> <span class='ocrx_word' id='word_1_792' title='bbox 1065 3339 1167 3387; x_wconf 91' lang='lat' dir='ltr'>Ergo</span> <span class='ocrx_word' id='word_1_793' title='bbox 1186 3340 1379 3388; x_wconf 90' lang='lat' dir='ltr'>praedicta</span> <span class='ocrx_word' id='word_1_794' title='bbox 1403 3339 1405 3376; x_wconf 66' lang='grc' dir='ltr'><strong>ἓ</strong></span> <span class='ocrx_word' id='word_1_795' title='bbox 1432 3340 1550 3376; x_wconf 88' lang='lat' dir='ltr'>aliud:</span> <span class='ocrx_word' id='word_1_796' title='bbox 1581 3341 1648 3376; x_wconf 91' lang='lat' dir='ltr'>sed</span> <span class='ocrx_word' id='word_1_797' title='bbox 1677 3340 1821 3376; x_wconf 86' lang='lat' dir='ltr'>luxuria</span> <span class='ocrx_word' id='word_1_798' title='bbox 1858 3348 1986 3377; x_wconf 89' lang='lat' dir='ltr'>causat</span> <span class='ocrx_word' id='word_1_799' title='bbox 2013 3341 2300 3378; x_wconf 88' lang='lat' dir='ltr'>inconstantiam</span> <span class='ocrx_word' id='word_1_800' title='bbox 2329 3341 2488 3377; x_wconf 89' lang='lat' dir='ltr'>totaliter</span> 
     </span>
     <span class='ocr_line' id='line_1_77' title="bbox 323 3391 2488 3441; baseline 0 -12"><span class='ocrx_word' id='word_1_801' title='bbox 323 3393 414 3429; x_wconf 91' lang='lat' dir='ltr'>vitia</span> <span class='ocrx_word' id='word_1_802' title='bbox 441 3392 558 3440; x_wconf 85' lang='lat' dir='ltr'>magis</span> <span class='ocrx_word' id='word_1_803' title='bbox 587 3392 758 3428; x_wconf 89' lang='lat' dir='ltr'>oriuntur</span> <span class='ocrx_word' id='word_1_804' title='bbox 787 3404 831 3428; x_wconf 87' lang='lat' dir='ltr'>ex</span> <span class='ocrx_word' id='word_1_805' title='bbox 858 3391 955 3429; x_wconf 90' lang='lat' dir='ltr'>vitiis</span> <span class='ocrx_word' id='word_1_806' title='bbox 984 3391 1236 3441; x_wconf 88' lang='lat' dir='ltr'>spiritualibus</span> <span class='ocrx_word' id='word_1_807' title='bbox 1259 3405 1375 3441; x_wconf 89' lang='lat' dir='ltr'>quarn</span> <span class='ocrx_word' id='word_1_808' title='bbox 1402 3394 1405 3434; x_wconf 75' lang='lat' dir='ltr'>l</span> <span class='ocrx_word' id='word_1_809' title='bbox 1433 3392 1684 3440; x_wconf 88' lang='lat' dir='ltr'>extinguendo</span> <span class='ocrx_word' id='word_1_810' title='bbox 1714 3393 1893 3430; x_wconf 87' lang='lat' dir='ltr'>iudicium</span> <span class='ocrx_word' id='word_1_811' title='bbox 1931 3394 2082 3430; x_wconf 90' lang='lat' dir='ltr'>rationis</span> <span class='ocrx_word' id='word_1_812' title='bbox 2101 3393 2131 3430; x_wconf 66' lang='lat'>³⁸.</span> <span class='ocrx_word' id='word_1_813' title='bbox 2171 3394 2281 3430; x_wconf 94' lang='lat' dir='ltr'>Unde</span> <span class='ocrx_word' id='word_1_814' title='bbox 2319 3393 2488 3430; x_wconf 90' lang='lat' dir='ltr'>Philoso-</span> 
     </span>
     <span class='ocr_line' id='line_1_78' title="bbox 325 3438 2489 3494; baseline 0 -13"><span class='ocrx_word' id='word_1_815' title='bbox 325 3457 369 3482; x_wconf 88' lang='lat' dir='ltr'>ex</span> <span class='ocrx_word' id='word_1_816' title='bbox 397 3445 493 3482; x_wconf 89' lang='lat' dir='ltr'>vitiis</span> <span class='ocrx_word' id='word_1_817' title='bbox 524 3445 747 3482; x_wconf 90' lang='lat' dir='ltr'>carnalibus.</span> <span class='ocrx_word' id='word_1_818' title='bbox 1402 3438 1405 3492; x_wconf 66' lang='grc' dir='ltr'>Ι</span> <span class='ocrx_word' id='word_1_819' title='bbox 1431 3446 1529 3494; x_wconf 90' lang='lat' dir='ltr'>phus</span> <span class='ocrx_word' id='word_1_820' title='bbox 1558 3445 1656 3492; x_wconf 90' lang='lat' dir='ltr'>dicit,</span> <span class='ocrx_word' id='word_1_821' title='bbox 1679 3445 1715 3482; x_wconf 93' lang='lat' dir='ltr'>in</span> <span class='ocrx_word' id='word_1_822' title='bbox 1734 3446 1802 3482; x_wconf 91' lang='lat' dir='ltr'>VlI</span> <span class='ocrx_word' id='word_1_823' title='bbox 1831 3446 1950 3482; x_wconf 86' lang='lat' dir='ltr'>Ethic.</span> <span class='ocrx_word' id='word_1_824' title='bbox 1970 3445 2002 3493; x_wconf 70' lang='lat'>²¹⁶,</span> <span class='ocrx_word' id='word_1_825' title='bbox 2029 3447 2133 3494; x_wconf 92' lang='lat' dir='ltr'>quod</span> <span class='ocrx_word' id='word_1_826' title='bbox 2158 3446 2389 3483; x_wconf 87' lang='lat' dir='ltr'>incontinens</span> <span class='ocrx_word' id='word_1_827' title='bbox 2409 3447 2489 3482; x_wconf 89' lang='lat' dir='ltr'>irae</span> 
     </span>
    </p>
   </div>
   <div class='ocr_carea' id='block_1_23' title="bbox 466 3513 2346 3539">
    <p class='ocr_par' dir='ltr' id='par_1_28' title="bbox 466 3513 2346 3539">
     <span class='ocr_line' id='line_1_79' title="bbox 466 3513 2346 3539; baseline 0.001 -1"><span class='ocrx_word' id='word_1_828' title='bbox 466 3515 575 3539; x_wconf 71' lang='lat' dir='ltr'>Summa</span> <span class='ocrx_word' id='word_1_829' title='bbox 594 3514 694 3538; x_wconf 65' lang='lat' dir='ltr'>Tnnon.</span> <span class='ocrx_word' id='word_1_830' title='bbox 714 3513 744 3538; x_wconf 90' lang='lat' dir='ltr'>D.</span> <span class='ocrx_word' id='word_1_831' title='bbox 755 3513 868 3537; x_wconf 65' lang='lat' dir='ltr'>Tnorma</span> <span class='ocrx_word' id='word_1_832' title='bbox 887 3513 918 3537; x_wconf 85' lang='lat' dir='ltr'>T.</span> <span class='ocrx_word' id='word_1_833' title='bbox 935 3514 965 3537; x_wconf 94' lang='lat' dir='ltr'>V.</span> <span class='ocrx_word' id='word_1_834' title='bbox 2315 3515 2346 3539; x_wconf 87' lang='lat'>50</span> 
     </span>
    </p>
   </div>
   <div class='ocr_carea' id='block_1_24' title="bbox 1402 2606 1405 3204">
    <p class='ocr_par' dir='ltr' id='par_1_29' title="bbox 1402 2606 1405 3204">
     <span class='ocr_line' id='line_1_80' title="bbox 1402 2606 1405 3204; baseline 0 0"><span class='ocrx_word' id='word_1_835' title='bbox 1402 2606 1405 3204; x_wconf 95' lang='lat' dir='ltr'> </span> 
     </span>
    </p>
   </div>
   <div class='ocr_carea' id='block_1_25' title="bbox 488 2754 2523 2811">
    <p class='ocr_par' dir='ltr' id='par_1_30' title="bbox 488 2749 2523 2811">
     <span class='ocr_line' id='line_1_81' title="bbox 488 2754 2523 2811; baseline 0.001 -14"><span class='ocrx_word' id='word_1_836' title='bbox 488 2754 675 2798; x_wconf 92' lang='lat' dir='ltr'>dictum</span> <span class='ocrx_word' id='word_1_837' title='bbox 705 2768 760 2797; x_wconf 93' lang='lat' dir='ltr'>est</span> <span class='ocrx_word' id='word_1_838' title='bbox 777 2761 807 2797; x_wconf 65' lang='lat'>³¹⁸.</span> <span class='ocrx_word' id='word_1_839' title='bbox 861 2762 936 2798; x_wconf 90' lang='lat' dir='ltr'>Sed</span> <span class='ocrx_word' id='word_1_840' title='bbox 974 2760 1114 2797; x_wconf 92' lang='lat' dir='ltr'>invidia</span> <span class='ocrx_word' id='word_1_841' title='bbox 1153 2769 1208 2797; x_wconf 88' lang='lat' dir='ltr'>est</span> <span class='ocrx_word' id='word_1_842' title='bbox 1242 2761 1377 2797; x_wconf 89' lang='lat' dir='ltr'>vitium</span> <span class='ocrx_word' id='word_1_843' title='bbox 1403 2778 1404 2786; x_wconf 53' lang='lat'>1</span> <span class='ocrx_word' id='word_1_844' title='bbox 1433 2761 1532 2807; x_wconf 90' lang='lat' dir='ltr'>dicit,</span> <span class='ocrx_word' id='word_1_845' title='bbox 1553 2761 1591 2797; x_wconf 93' lang='lat' dir='ltr'>in</span> <span class='ocrx_word' id='word_1_846' title='bbox 1612 2761 1662 2797; x_wconf 94' lang='lat' dir='ltr'>VI</span> <span class='ocrx_word' id='word_1_847' title='bbox 1683 2761 1802 2798; x_wconf 89' lang='lat' dir='ltr'>Ethic.</span> <span class='ocrx_word' id='word_1_848' title='bbox 1823 2761 1854 2808; x_wconf 74' lang='lat'>²¹⁸,</span> <span class='ocrx_word' id='word_1_849' title='bbox 1874 2762 2063 2798; x_wconf 86' lang='lat' dir='ltr'>delectatio</span> <span class='ocrx_word' id='word_1_850' title='bbox 2087 2763 2255 2798; x_wconf 88' lang='lat' dir='ltr'>maxime</span> <span class='ocrx_word' id='word_1_851' title='bbox 2282 2763 2490 2811; x_wconf 85' lang='lat' dir='ltr'>corrumpit</span> <span class='ocrx_word' id='word_1_852' title='bbox 2517 2767 2523 2774; x_wconf 90' lang='lat'>&#39;</span> 
     </span>
    </p>
   </div>
   <div class='ocr_carea' id='block_1_26' title="bbox 2508 531 2676 557">
    <p class='ocr_par' dir='ltr' id='par_1_31' title="bbox 2508 531 2676 557">
     <span class='ocr_line' id='line_1_82' title="bbox 2508 531 2676 557; baseline 0 -6"><span class='ocrx_word' id='word_1_853' title='bbox 2508 532 2517 540; x_wconf 77' lang='lat'>⁵</span> <span class='ocrx_word' id='word_1_854' title='bbox 2532 531 2555 551; x_wconf 92' lang='lat' dir='ltr'>In</span> <span class='ocrx_word' id='word_1_855' title='bbox 2572 537 2676 557; x_wconf 71' lang='lat' dir='ltr'>corpore.</span> 
     </span>
    </p>
   </div>
   <div class='ocr_carea' id='block_1_27' title="bbox 2509 688 2716 741">
    <p class='ocr_par' dir='ltr' id='par_1_32' title="bbox 2509 688 2716 741">
     <span class='ocr_line' id='line_1_83' title="bbox 2509 688 2716 715; baseline -0.005 -6"><span class='ocrx_word' id='word_1_856' title='bbox 2509 691 2516 697; x_wconf 92' lang='lat'>&#39;</span> <span class='ocrx_word' id='word_1_857' title='bbox 2543 688 2570 709; x_wconf 85' lang='lat' dir='ltr'>D.</span> <span class='ocrx_word' id='word_1_858' title='bbox 2594 694 2647 715; x_wconf 78' lang='lat'>390,</span> <span class='ocrx_word' id='word_1_859' title='bbox 2672 694 2716 715; x_wconf 78' lang='lat'><strong>39¹·</strong></span> 
     </span>
     <span class='ocr_line' id='line_1_84' title="bbox 2509 714 2580 741; baseline -0.014 -6"><span class='ocrx_word' id='word_1_860' title='bbox 2509 714 2580 741; x_wconf 73' lang='lat'>102517.</span> 
     </span>
    </p>
   </div>
   <div class='ocr_carea' id='block_1_28' title="bbox 2517 2608 2598 2629">
    <p class='ocr_par' dir='ltr' id='par_1_33' title="bbox 2517 2608 2598 2629">
     <span class='ocr_line' id='line_1_85' title="bbox 2517 2608 2598 2629; baseline 0 0"><span class='ocrx_word' id='word_1_861' title='bbox 2517 2610 2525 2618; x_wconf 86' lang='grc'><em>“</em></span> <span class='ocrx_word' id='word_1_862' title='bbox 2540 2608 2598 2629; x_wconf 83' lang='lat' dir='ltr'>lbid.</span> 
     </span>
    </p>
   </div>
   <div class='ocr_carea' id='block_1_29' title="bbox 2514 2772 2725 2812">
    <p class='ocr_par' dir='ltr' id='par_1_34' title="bbox 2514 2772 2725 2812">
     <span class='ocr_line' id='line_1_86' title="bbox 2514 2772 2725 2812; baseline -0.005 0"><span class='ocrx_word' id='word_1_863' title='bbox 2514 2792 2540 2812; x_wconf 76' lang='lat' dir='ltr'>s.</span> <span class='ocrx_word' id='word_1_864' title='bbox 2551 2791 2572 2812; x_wconf 82' lang='lat' dir='ltr'>T</span> <span class='ocrx_word' id='word_1_865' title='bbox 2590 2780 2598 2812; x_wconf 87' lang='lat'>·.</span> <span class='ocrx_word' id='word_1_866' title='bbox 2612 2772 2725 2812; x_wconf 47' lang='lat' dir='ltr'>{sasas</span> 
     </span>
    </p>
   </div>
   <div class='ocr_carea' id='block_1_30' title="bbox 2513 2924 2623 2952">
    <p class='ocr_par' dir='ltr' id='par_1_35' title="bbox 2513 2924 2623 2952">
     <span class='ocr_line' id='line_1_87' title="bbox 2513 2924 2623 2952; baseline -0.009 -6"><span class='ocrx_word' id='word_1_867' title='bbox 2513 2924 2524 2935; x_wconf 70' lang='grc'><em>’</em></span> <span class='ocrx_word' id='word_1_868' title='bbox 2540 2924 2567 2946; x_wconf 88' lang='lat' dir='ltr'>D.</span> <span class='ocrx_word' id='word_1_869' title='bbox 2582 2926 2623 2952; x_wconf 54' lang='grc'>438</span> 
     </span>
    </p>
   </div>
   <div class='ocr_carea' id='block_1_31' title="bbox 2516 3131 2659 3156">
    <p class='ocr_par' dir='ltr' id='par_1_36' title="bbox 2516 3131 2659 3156">
     <span class='ocr_line' id='line_1_88' title="bbox 2516 3131 2659 3156; baseline -0.007 -5"><span class='ocrx_word' id='word_1_870' title='bbox 2516 3132 2524 3139; x_wconf 86' lang='grc'><em>·</em></span> <span class='ocrx_word' id='word_1_871' title='bbox 2539 3131 2589 3151; x_wconf 76' lang='lat' dir='ltr'>Art.</span> <span class='ocrx_word' id='word_1_872' title='bbox 2604 3136 2625 3155; x_wconf 67' lang='grc' dir='ltr'>Ξ,</span> <span class='ocrx_word' id='word_1_873' title='bbox 2641 3136 2659 3156; x_wconf 72' lang='lat'>5.</span> 
     </span>
    </p>
   </div>
   <div class='ocr_carea' id='block_1_32' title="bbox 2517 3389 2698 3416">
    <p class='ocr_par' dir='ltr' id='par_1_37' title="bbox 2517 3389 2698 3416">
     <span class='ocr_line' id='line_1_89' title="bbox 2517 3389 2698 3416; baseline 0 -6"><span class='ocrx_word' id='word_1_874' title='bbox 2517 3390 2525 3399; x_wconf 76' lang='lat'>⁸</span> <span class='ocrx_word' id='word_1_875' title='bbox 2540 3389 2568 3410; x_wconf 88' lang='lat' dir='ltr'>D.</span> <span class='ocrx_word' id='word_1_876' title='bbox 2579 3389 2629 3416; x_wconf 71' lang='lat'>726,</span> <span class='ocrx_word' id='word_1_877' title='bbox 2644 3390 2698 3416; x_wconf 72' lang='lat'><strong>789.</strong></span> 
     </span>
    </p>
   </div>
   <div class='ocr_carea' id='block_1_33' title="bbox 2516 3425 2727 3473">
    <p class='ocr_par' dir='ltr' id='par_1_38' title="bbox 2516 3425 2727 3473">
     <span class='ocr_line' id='line_1_90' title="bbox 2516 3425 2727 3447; baseline -0.014 -1"><span class='ocrx_word' id='word_1_878' title='bbox 2516 3426 2525 3435; x_wconf 77' lang='lat'>⁴</span> <span class='ocrx_word' id='word_1_879' title='bbox 2541 3425 2573 3446; x_wconf 83' lang='lat' dir='ltr'>Ca</span> <span class='ocrx_word' id='word_1_880' title='bbox 2592 3441 2597 3446; x_wconf 84' lang='lat'><strong><em>.</em></strong></span> <span class='ocrx_word' id='word_1_881' title='bbox 2612 3430 2643 3447; x_wconf 72' lang='lat' dir='ltr'>vi.</span> <span class='ocrx_word' id='word_1_882' title='bbox 2660 3430 2682 3444; x_wconf 90' lang='lat' dir='ltr'>n.</span> <span class='ocrx_word' id='word_1_883' title='bbox 2705 3436 2727 3444; x_wconf 85' lang='lat'>.-</span> 
     </span>
     <span class='ocr_line' id='line_1_91' title="bbox 2516 3451 2705 3473; baseline -0.016 0"><span class='ocrx_word' id='word_1_884' title='bbox 2516 3451 2539 3473; x_wconf 86' lang='lat' dir='ltr'>S.</span> <span class='ocrx_word' id='word_1_885' title='bbox 2551 3451 2571 3472; x_wconf 87' lang='lat' dir='ltr'>T</span> <span class='ocrx_word' id='word_1_886' title='bbox 2590 3466 2595 3471; x_wconf 91' lang='lat'><em>.</em></span> <span class='ocrx_word' id='word_1_887' title='bbox 2612 3451 2663 3471; x_wconf 71' lang='lat' dir='ltr'>lect.</span> <span class='ocrx_word' id='word_1_888' title='bbox 2675 3456 2705 3471; x_wconf 74' lang='lat' dir='ltr'>vu.</span> 
     </span>
    </p>
   </div>
  </div>
 </body>
</html>
