2892 4056
1020 147 1285 194 QUAESTIO
1316 147 1377 194 lv,
1407 147 1702 184 ART1CULUs
1731 147 1816 184 v111

331 232 435 263 catur
473 225 683 262 secundum
718 225 829 274 quid:
868 225 956 262 inde
986 233 1042 262 est
1079 226 1182 275 quod
1215 226 1311 263 fides
1340 233 1395 262 est

329 277 546 327 simpliciter
574 278 727 324 certior,
764 279 831 315 sed
860 278 932 315 alia
961 286 1047 315 sunt
1075 279 1232 315 certiora
1261 291 1393 315 secun-

328 331 420 368 dum
441 330 543 380 quid,
565 330 704 367 scilicet
723 331 852 379 quoad
872 343 953 368 nos.
985 352 1008 359 -
1039 331 1216 368 Similiter
1234 331 1348 368 etiam
1364 337 1391 378 Υ,

327 384 357 420 si
377 383 606 432 accipiantur
626 384 694 420 tria
717 384 911 432 praedicta
930 384 1143 420 secundum
1173 384 1276 431 quod
1306 392 1392 421 sunt

327 436 429 474 dona
459 436 669 486 praesentis
696 437 819 483 vitae,
859 437 1128 485 comparantur
1151 434 1164 458 ὅ
1194 437 1243 473 ad
1271 437 1389 474 fidem

326 489 421 526 sicut
457 489 506 526 ad
536 489 766 538 principium
795 489 900 539 quod
919 497 1242 538 praesupponunt.
1279 489 1388 527 Unde

325 542 439 579 etiam
469 543 680 579 secundum
709 543 794 579 hoc·
812 543 908 579 fides
937 549 992 578 est
1020 543 1073 578 eis
1103 542 1249 579 certior.

376 597 435 631 AD
464 607 601 632 PRIMUM
630 607 728 632 ERGO
756 606 941 632 DICENDUM
979 595 1084 642 quod
1112 595 1173 646 ῌΙει
1202 595 1386 632 dubitatio

323 659 401 684 non
432 656 488 684 est
525 660 568 684 ex
596 657 702 697 parte
732 659 868 685 causae
895 647 1005 694 fidei,
1041 647 1108 683 sed
1137 649 1266 696 quoad
1294 661 1385 695 nos,

321 699 547 749 inquantum
577 713 654 738 non
706 702 790 737 lene
809 699 1050 749 assequimur
1068 712 1137 748 per
1155 701 1385 738 intellectum

320 753 368 790 'ea
397 765 495 802 quae
525 762 612 791 sunt
638 754 666 792 fi
695 753 739 791 ei.
878 796 880 798 ¹

375 807 433 843 An
461 817 652 844 SECUNDUM
679 817 863 843 metianum
892 804 1016 853 quod,
1048 805 1179 842 ceteris
1207 806 1382 854 paribus⁷

321 858 418 896 visio
449 867 505 896 est
532 859 667 896 certior
694 858 836 896 auditu.
868 855 944 895 Sed
964 859 994 894 si
1014 857 1072 894 ille
1093 869 1114 894 a
1135 870 1213 906 quo
1234 859 1383 895 auditur

321 913 484 949 multum
523 912 668 949 excedit
695 912 822 949 visum
850 910 1035 957 videntis,
1074 911 1126 947 sic
1159 911 1294 948 certior
1327 919 1382 948 est

2459 150 2504 185 53

1448 225 1696 262 scientissimo
1715 231 1727 246 Ε
1757 238 1871 274 quam
1901 226 1948 263 de
1978 238 2024 262 eo
2063 228 2166 275 quod
2195 226 2264 263 sibi
2294 226 2505 263 secundum

1447 290 1554 314 suam
1586 278 1769 315 rationem
1798 279 1956 316 videtur.
1996 279 2046 315 Et
2077 280 2197 316 multo
2231 279 2350 327 magis
2387 280 2504 315 homo

1447 330 1582 367 certior
1601 338 1656 368 est
1684 331 1730 368 de
1751 343 1796 368 eo
1826 332 1930 380 quod
1958 332 2063 369 audit
2083 344 2105 368 a
2124 333 2221 378 Deo,
2250 332 2314 380 qui
2334 331 2408 368 falli
2428 344 2506 368 non

1445 391 1580 431 potest,
1611 396 1727 431 quam
1757 383 1803 421 de
1833 397 1878 420 eo
1907 385 2011 432 quod
2040 384 2145 422 videt
2172 384 2324 433 propria
2346 385 2503 431 ratione,

1445 448 1543 484 quae
1571 437 1646 478 falli
1674 444 1808 485 potest.

1496 491 1554 526 AD
1574 501 1732 526 TERTmM
1753 502 1935 527 mCENDuM
1964 490 2068 538 quod
2092 490 2274 538 perfectio
2294 490 2504 526 intellectus

1444 550 1480 578 et
1507 542 1685 579 scientiae
1724 543 1869 579 excedit
1903 543 2157 590 cognitionem
2190 543 2280 580 fidei
2318 550 2503 591 quantum

1443 596 1490 631 ad
1513 595 1697 632 maiorem
1723 595 2089 632 manifestationem:
2119 608 2197 633 non
2226 604 2356 632 tamen
2385 608 2503 643 quan-

1442 655 1522 684 tum
1551 649 1599 686 ad
1629 649 1826 685 certiorem
1855 648 2131 686 inhaesionem.
2162 649 2262 695 Quia
2290 656 2368 685 tota
2397 649 2503 685 certi-

1441 702 1532 738 tudo
1552 701 1760 738 intellectus
1779 701 1840 737 vel
1860 702 2036 738 scientiae
2060 702 2274 739 secundum
2294 701 2397 750 quod
2417 708 2504 739 sunt

1441 754 1553 800 dona,
1574 754 1745 802 procedit
1764 754 1812 790 a‘
1832 754 2052 791 certitudine
2072 755 2177 792 fidei:
2203 755 2297 791 sieut
2317 754 2502 792 certitudo

1440 807 1663 854 cognitionis
1693 807 1980 843 conclusionum
2010 807 2182 856 procedit
2210 819 2255 844 ex
2281 807 2502 845 certitudine

1438 859 1721 908 principiorum.
1753 860 1973 896 Secundum
2003 867 2130 897 autem
2159 861 2263 908 quod
2292 860 2446 897 scientia
2466 867 2503 896 et

1437 912 1618 960 sapientia
1647 920 1683 948 et
1710 913 1917 949 intellectus
1941 920 2028 950 sunt
2046 913 2203 949 virtutes
2223 913 2500 959 intellectuales,

319 964 470 1002 auditus
490 977 606 1014 quam
625 965 742 1002 visus.
765 964 869 1001 Sicut
888 964 1021 1012 aliquis
1040 976 1183 1012 parvae
1203 964 1380 1001 scientiae
1435 965 1645 1002 innituntur
1673 965 1830 1001 naturali
1863 965 1995 1002 lumini
2024 966 2196 1011 rationis,
2235 966 2340 1014 quod
2369 966 2502 1003 ‘deficit

319 1017 440 1065 magis
478 1017 705 1068 certificatur
742 1018 789 1055 de
819 1029 864 1054 eo
903 1017 1006 1066 quod
1036 1017 1138 1054 audit
1173 1018 1221 1054 ab
1254 1017 1380 1066 aliquo
1406 1010 1411 1063 1
1436 1026 1458 1054 a
1478 1023 1496 1044 η
1516 1018 1737 1054 certitudine
1766 1018 1874 1054 verbi
1893 1018 1978 1065 Dei,
2008 1019 2068 1055 cui
2088 1018 2254 1055 innititur
2280 1019 2388 1056 fides.

369 1147 396 1180 γ)
415 1147 506 1173 etiam.
523 1161 542 1166 -
559 1151 648 1172 autem
669 1147 714 1177 Pa,
734 1155 788 1172 om.
806 1148 876 1180 Dpa.

369 1181 393 1215 Β)
412 1185 615 1215 comparantur.
632 1197 651 1202 -
668 1185 847 1214 cooperantur
861 1182 989 1215 PABch
1008 1187 1034 1206 et
1051 1189 1095 1207 aa.
1112 1195 1132 1202 -
1150 1182 1202 1208 Pro
1213 1189 1379 1214 praesuppo-

316 1221 390 1248 nunt,
405 1218 600 1251 praesupponit
618 1218 821 1251 AEFGHKLpC
840 1223 866 1243 et
883 1225 927 1247 im,
942 1218 1172 1250 praesupponitur
1190 1218 1219 1242 Β.

1486 1148 1507 1178 ε)
1526 1147 1710 1172 scientissimo.
1727 1161 1746 1167 -
1764 1148 1907 1181 scientifico
1927 1148 1973 1172 Pa.

1485 1182 1510 1214 ζ)
1530 1190 1556 1207 a.
1575 1196 1592 1201 -
1610 1189 1648 1207 ex
1665 1182 1763 1207 ABEF.

1486 1219 1512 1250 η)
1531 1225 1557 1242 a.
1575 1232 1594 1236 -
1611 1218 1637 1242 in
1659 1225 1704 1248 sa5
1724 1226 1772 1250 pro
1792 1218 1864 1243 verbi
1884 1218 1947 1247 Dei,
1969 1226 1986 1243 a
2010 1218 2047 1250 (et
2064 1226 2081 1242 a
2101 1218 2153 1252 PC)
2174 1218 2252 1243 verbo
2273 1218 2324 1242 Dei
2342 1218 2498 1243 PABCEFH

1434 1253 1553 1282 lKana,
1572 1261 1627 1278 om.
1646 1253 1678 1278 D.

995 1332 1325 1365 Commentaria
1349 1331 1598 1366 Cardinalis
1620 1334 1819 1367 Caietam

317 1450 321 1454 ⁴
345 1421 366 1442 tt
380 1411 513 1442 articulo
525 1417 638 1441 octavo
651 1411 786 1441 dubium
798 1411 934 1442 occurrit
948 1421 985 1441 ex
996 1412 1161 1447 Durando,
1174 1412 1207 1441 in
1223 1412 1263 1442 111
1277 1411 1376 1448 Sent„

317 1423 418 1489 Idist.
436 1465 524 1490 xxm,
547 1464 602 1495 qu.
618 1465 650 1486 1v
663 1454 690 1491 ἦ
709 1461 858 1495 arguente
884 1454 999 1486 directe
1016 1461 1125 1486 contra
1139 1455 1378 1486 distinctionem

213 1495 218 1508 ¹
247 1499 273 1535 ζ’,
313 1499 470 1538 ἰη-«Ιίῐῑεη
493 1498 608 1530 factam
626 1500 667 1529 de
681 1498 867 1530 certitudine
886 1500 1064 1530 secundum
1082 1509 1115 1530 se
1134 1506 1165 1530 et
1179 1500 1288 1540 quoad
1307 1510 1377 1536 nos,

313 1542 503 1618 '‘ff-‘nemu'
519 1544 559 1575 ad
574 1543 788 1584 propositum,
805 1544 895 1585 quod
909 1543 987 1575 fides
1011 1551 1058 1575 est
1073 1544 1186 1575 certior
1201 1545 1378 1575 secundum

312 1597 327 1618 s
368 1586 540 1625 intellectu,
560 1587 713 1631 sapientia
736 1593 767 1618 et
789 1588 927 1624 scientia,
944 1589 1020 1623 haec
1035 1595 1141 1619 autem
1157 1594 1231 1619 sunt
1247 1589 1378 1619 certiora

234 1605 283 1667 'fs-2
311 1626 421 1674 §abaci
436 1628 506 1663 iios.
527 1629 658 1668 Contra,
673 1632 786 1674 inquit,
803 1633 925 1673 primo:
946 1633 1022 1674 quia
1037 1633 1195 1664 distinctio
1211 1632 1269 1663 ista
1285 1633 1379 1664 habet

258 1691 284 1703 ··
310 1675 486 1709 westmin-
500 1677 642 1713 obiecti«,
667 1684 703 1708 ut
725 1683 812 1717 patet
834 1678 860 1708 11
885 1678 1068 1718 Metaphys.
1084 1678 1116 1713 *;
1133 1687 1198 1709 non
1222 1684 1329 1708 autern
1344 1677 1376 1708 in

278 1723 283 1728 ’
310 1721 470 1767 &bilibus
493 1728 525 1753 et
547 1722 680 1754 actibus.
709 1722 805 1762 Ergo,
821 1739 842 1746 -
857 1724 1071 1763 Assumptum
1094 1724 1247 1762 probatur
1269 1723 1378 1763 quoad

309 1767 483 1811 §fflmdam
506 1774 638 1809 partem.
662 1766 747 1805 Quia
768 1767 895 1798 habitus
917 1774 965 1798 est
987 1767 1153 1807 dispositio
1176 1767 1330 1803 habentis,
1347 1773 1378 1797 et

221 1837 240 1854 ‚.
274 1839 279 1842 .
310 1807 399 1857 pctus
423 1817 470 1845 est
490 1810 643 1856 perfectio
667 1811 751 1850 eius,
775 1812 807 1842 in
831 1810 942 1843 ordine
966 1811 1005 1842 ad
1029 1812 1200 1843 obiectum.
1232 1811 1306 1842 Non
1330 1816 1377 1842 est

311 1855 387 1901 &39
409 1847 532 1898 *c'ertior
561 1855 686 1898 habitus
718 1862 772 1886 aut
795 1861 882 1886 actus
911 1855 970 1886 nisi
1002 1866 1058 1896 per
1087 1866 1184 1897 quem
1214 1856 1375 1887 obiectum

164 1922 177 1935 ς,
202 1896 234 1937 ’Τί
309 1892 347 1932 fit
369 1895 485 1941 cenius
507 1894 655 1932 habenti:
682 1899 828 1942 quamvis
855 1900 956 1940 possit
986 1900 1046 1932 dici
1071 1900 1210 1931 nobilior
1239 1910 1276 1931 ex
1304 1900 1375 1930 solo

308 1944 446 1977 euecta.
469 1961 491 1968 -
516 1945 671 1984 Pr‘obatuj
703 1945 780 1976 haec
811 1945 948 1985 sequela.
982 1945 1068 1982 Quia
1098 1944 1253 1976 certitudo
1287 1951 1376 1975 actus

306 1987 517 2024 wdssebitus
551 1999 648 2030 penes
676 1990 814 2020 modum
841 1999 940 2030 quem
969 1990 1063 2029 ponit
1094 1990 1173 2021 circa
1205 1990 1373 2021 habentem

318 2071 320 2074 y
442 2043 495 2072 ur,
523 2043 592 2065 non
621 2043 719 2075 penes
751 2034 930 2065 obiectum:
961 2041 997 2064 ut
1023 2040 1110 2075 patet
1139 2045 1176 2065 ex
1205 2034 1373 2074 prooemio

276 2098 283 2110 γ
351 2077 546 2119 ,.Ᾱηίηῃα,*,
571 2078 627 2110 ubi
660 2078 815 2110 certitudo
846 2077 1051 2118 distinguitur
1081 2086 1191 2110 contra
1225 2079 1372 2110 nobilita-

257 2125 282 2132 “
302 2125 375 2164 tem
397 2115 528 2161 obiecti5
551 2119 695 2164 alioquin
719 2121 946 2159 coinciderent,
971 2130 1002 2153 et
1025 2123 1130 2154 omnis
1159 2123 1289 2154 scientia
1316 2134 1373 2154 no-

305 2160 404 2199 bilior
425 2173 507 2198 esset
521 2166 651 2198 certior.

246 2212 249 2230 ³
271 2214 275 2218 ”
305 2203 536 2248 >mmmmm
555 2212 671 2243 certius
685 2218 731 2242 est
753 2211 843 2252 quod
865 2216 912 2241 est
927 2210 1025 2241 dubio
1049 2210 1291 2252 impermixtius.
1311 2211 1372 2242 Sed

303 2254 438 2288 aientia
457 2265 543 2292 vere,
564 2263 635 2297 etse„
659 2263 706 2287 est
728 2254 827 2287 dubio
849 2254 1093 2296 impermixtior.
1116 2255 1212 2295 Ergo.

306 2336 311 2341 η
348 2299 543 2341 ἰᾷὶῐᾳᾳῑοςοῆῑ
557 2298 686 2338 seientia
704 2301 872 2333 beatorum
888 2294 1004 2342 (artior
1020 2306 1066 2330 est
1086 2299 1148 2330 fide
1167 2306 1285 2331 nostra.
1311 2300 1373 2331 Sed

306 2353 375 2386 nort
398 2353 436 2379 ex
458 2350 546 2384 parte
568 2343 698 2383 obiecti:
723 2344 798 2386 quia
816 2344 902 2376 idem
925 2351 982 2375 est.
1006 2344 1091 2384 Ergo
1116 2355 1152 2389 εξ
1175 2352 1263 2384 parte
1283 2345 1372 2376 modi

304 2389 374 2436 'guo
397 2388 574 2420 intellectus
591 2388 845 2429 attingitDeum.
862 2387 948 2428 Ergo
965 2386 1080 2420 certius
1103 2395 1149 2420 est
1168 2389 1246 2419 scire
1266 2389 1371 2420 Deum

306 2439 406 2474 quam
430 2433 554 2464 credere
576 2432 692 2464 Deum.
718 2432 818 2471 Quod
841 2439 887 2462 est
911 2439 1020 2463 contra
1043 2432 1188 2463 litteram.

267 2486 271 2488 ·
304 2481 326 2498 -ῑ
363 2477 403 2507 11.
426 2477 478 2508 Ad
500 2477 578 2508 haec
599 2477 713 2508 dicitur
735 2477 825 2518 qnod
839 2476 897 2507 iste
915 2476 1021 2507 bonus
1044 2476 1144 2507 horno
1162 2476 1266 2507 noluit
1281 2476 1372 2507 intel-

305 2520 407 2561 ligere.
423 2520 565 2558 cationes
584 2522 796 2553 terminorum
817 2521 851 2552 in
869 2521 974 2552 littera
987 2520 1124 2561 positas;
1147 2527 1178 2551 et
1193 2527 1371 2561 propterea,

206 2596 216 2603 ,
243 2588 258 2600 1·
302 2575 415 2606 §trans
434 2566 467 2597 in
491 2565 713 2602 fundamento.
736 2566 798 2598 ruit
820 2576 858 2597 ex
881 2572 960 2597 toto.
986 2564 1218 2596 Certitudinem
1232 2574 1372 2606 natuque

302 2602 483 2649 ‘secundum
506 2621 539 2642 se
562 2621 628 2642 non
660 2609 802 2642 definivit
831 2613 954 2642 Auctor
986 2620 1083 2651 penes
1111 2609 1290 2645 obiectum,
1316 2609 1371 2640 sed

305 2663 403 2695 penes
435 2656 576 2694 causam.
607 2654 649 2686 Et
671 2652 751 2685 bene
782 2653 876 2687 dixit:
910 2654 984 2696 quia
1015 2664 1188 2684 commune
1212 2660 1258 2684 est
1281 2653 1371 2683 omni

303 2696 429 2736 certiori
459 2698 637 2731 secundum
660 2709 693 2730 se
717 2709 753 2730 ex
777 2708 833 2729 sua
858 2708 952 2729 causa
974 2708 1041 2729 esse
1065 2698 1188 2729 certius.
1223 2694 1372 2737 separata

151 2774 172 2786 Π
200 2746 266 2787 ᾖ),
293 2742 446 2788 -fflque
467 2753 485 2774 a
508 2753 566 2774 sua
598 2743 737 2780 materia,
768 2752 805 2774 ex
829 2751 886 2774 sua
916 2752 1011 2774 causa
1041 2742 1184 2777 formali,
1207 2742 1258 2772 vel
1281 2742 1371 2782 quasi
2423 2784 2430 2790 -

300 2796 401 2821 omn
423 2787 560 2824 formali,
584 2788 756 2820 certissima
781 2787 930 2819 dicuntur
957 2788 1135 2818 secundum
1158 2797 1202 2817 se.
1235 2786 1372 2818 Habitus
1424 2786 1523 2826 patria
1546 2793 1654 2817 autem
1677 2793 1800 2818 constat
1822 2787 1911 2827 quod
1934 2786 2012 2817 scire
2034 2787 2141 2817 Deum
2170 2792 2217 2816 est
2239 2795 2295 2825 per
2317 2791 2485 2815 essentiam

1430 1412 1608 1442 secundum
1631 1422 1663 1442 se
1687 1413 1817 1449 dicitur;
1842 1414 1897 1444 sed
1913 1424 1948 1444 ex
1965 1413 2152 1444 certitudine
2171 1413 2268 1444 medii
2285 1413 2374 1453 quod
2391 1419 2499 1443 causat

1429 1455 1528 1486 fidem
1552 1463 1583 1487 et
1605 1464 1694 1487 actus
1718 1457 1796 1488 eius.

1488 1500 1581 1531 Unde
1604 1501 1644 1531 ad
1659 1501 1800 1541 primum
1816 1509 2040 1541 argumentum
2056 1501 2170 1532 dicitur
2193 1502 2281 1542 quod
2297 1502 2374 1531 haec
2390 1500 2498 1530 distin-

1431 1544 1493 1575 ctio
1524 1555 1589 1575 nou
1621 1546 1729 1576 solum
1759 1546 1792 1576 in
1816 1545 1963 1582 obiectis,
1996 1547 2051 1577 sed
2078 1546 2110 1576 in
2133 1545 2292 1576 habitibus
2323 1552 2354 1576 et
2376 1544 2498 1575 actibus

1429 1589 1539 1619 locum
1569 1589 1673 1620 habet.
1707 1589 1748 1620 Et
1777 1590 1816 1620 ad
1846 1589 2069 1630 probationem
2100 1589 2133 1620 in
2161 1589 2356 1620 contrarium
2385 1589 2499 1619 dicitur

1429 1633 1518 1674 quod
1542 1634 1698 1665 certitudo
1722 1634 1848 1665 habitus
1873 1642 1903 1665 et
1926 1641 2014 1666 actus
2038 1633 2209 1666 attenditur
2231 1634 2426 1675 quandoque
2442 1642 2496 1673 pe-

1430 1688 1485 1708 nes
1509 1679 1687 1715 obiectum,
1712 1686 1748 1710 ut
1770 1686 1857 1720 patet
1879 1679 1911 1709 in
1934 1679 2037 1710 littera
2060 1689 2097 1709 ex
2115 1679 2178 1709 hoc
2201 1679 2290 1719 quod
2309 1688 2358 1708 ars
2374 1685 2406 1709 et
2423 1687 2497 1717 pru-

1429 1723 1550 1759 dentia,
1581 1733 1664 1764 quae
1693 1730 1768 1754 sunt
1796 1723 1876 1755 circa
1903 1724 2056 1764 possibile
2085 1723 2175 1754 aliter
2201 1733 2234 1753 se
2262 1723 2394 1759 habere,
2423 1730 2498 1754 sunt

1429 1767 1536 1798 minus
1559 1774 1660 1799 certae
1689 1768 1819 1798 scientia
1843 1775 1874 1799 et
1895 1769 2072 1804 intellectu,
2103 1767 2262 1798 habitibus
2286 1767 2367 1799 circa
2389 1777 2496 1798 neces-

1429 1811 1523 1842 saria:
1548 1812 1744 1853 quandoque
1767 1819 1874 1843 autem
1899 1813 2071 1844 attenditur
2093 1822 2192 1852 penes
2211 1822 2349 1842 causam.
2374 1811 2415 1842 Et
2430 1821 2496 1842 non

1427 1863 1555 1896 oportet
1578 1857 1667 1898 quod
1691 1857 1870 1888 attendatur
1892 1866 2017 1897 semper
2040 1866 2136 1897 penes
2152 1855 2290 1886 modum
2306 1855 2495 1896 cognitionis

1428 1910 1526 1941 quem
1551 1901 1589 1932 de
1612 1901 1695 1932 facto
1720 1901 1814 1932 habet
1833 1910 2042 1941 cognoscens:
2068 1909 2165 1941 penes
2184 1901 2321 1931 modum
2337 1900 2495 1942 siquidem

1427 1945 1525 1976 istum
1548 1945 1721 1976 attenditur
1744 1945 1899 1976 certitudo
1931 1946 2039 1986 quoad
2063 1954 2133 1976 nos.
2166 1945 2259 1976 Unde
2283 1944 2360 1975 fides
2389 1943 2495 1974 infusa

1427 1999 1463 2020 ex
1486 1989 1608 2021 meritis
1630 1990 1751 2031 proprii
1772 1990 1879 2026 medii,
1902 1990 2021 2021 scilicet
2042 1989 2179 2020 veritatis
2202 1989 2337 2026 divinae,
2354 1995 2427 2019 nata
2449 1995 2496 2031 est

1427 2033 1595 2066 certificare
1611 2034 1712 2075 magis
1735 2044 1834 2076 quam
1857 2035 1967 2066 lumen
1992 2034 2146 2065 naturale:
2171 2034 2227 2064 sed
2241 2040 2372 2074 propter
2395 2033 2494 2063 excel-

1425 2079 1555 2110 lentiam
1585 2078 1781 2118 credibilium
1803 2089 1863 2109 nos
1878 2089 1945 2109 non
1967 2078 2011 2110 ita
2032 2077 2248 2109 certificamur.
2276 2077 2335 2108 Per
2349 2077 2494 2108 habitum

1425 2133 1500 2163 ergo
1523 2123 1574 2153 vel
1602 2130 1710 2154 actum
1737 2123 1903 2154 certiorem
1930 2121 1967 2154 fit
1993 2122 2154 2153 obiectum
2183 2121 2297 2153 certius
2328 2131 2366 2152 eo
2393 2121 2493 2152 modo

1425 2176 1491 2208 quo
1515 2167 1641 2198 habitus
1664 2167 1714 2198 vel
1736 2173 1824 2198 actus
1848 2174 1895 2198 est
1918 2167 2047 2198 certior:
2072 2166 2098 2197 si
2121 2166 2299 2197 secundum
2322 2175 2370 2202 εε,·
2382 2165 2418 2196 fit
2445 2175 2492 2196 se-

1424 2212 1567 2243 cundum
1592 2221 1624 2243 se
1649 2212 1780 2248 certius;
1811 2211 1837 2242 si
1860 2212 1969 2252 quoad
1994 2219 2072 2248 nos,
2095 2210 2132 2242 fit
2154 2211 2263 2252 quoad
2285 2219 2345 2240 nos
2369 2210 2492 2241 certior.

1482 2256 1533 2287 Ad
1557 2257 1735 2287 secundum
1757 2266 1844 2292 vero,
1859 2256 1950 2297 quod
1973 2258 2095 2287 Auctor
2110 2262 2219 2286 contra
2243 2265 2276 2286 se
2291 2254 2396 2295 primo
2418 2254 2492 2285 loco

1425 2300 1475 2331 hic
1498 2300 1588 2336 facit,
1621 2307 1708 2341 patet
1738 2311 1776 2331 ex
1799 2301 1870 2341 ipso
1894 2300 2010 2331 eodem
2043 2299 2227 2340 responsio:
2259 2300 2347 2340 quod
2377 2298 2492 2329 certius

1423 2346 1602 2376 secundum
1625 2355 1658 2376 se
1675 2351 1722 2375 est
1744 2345 1922 2376 secundum
1937 2355 1970 2375 se
1986 2344 2084 2375 dubio
2104 2343 2354 2384 impermixtius;
2379 2341 2412 2373 et'
2428 2353 2492 2373 cer-

1423 2389 1485 2420 tius
1508 2389 1616 2430 quoad
1640 2399 1699 2419 nos
1724 2396 1771 2420 est
1794 2389 1893 2420 dubio
1923 2388 2032 2430 quoad
2055 2399 2115 2419 nos
2135 2387 2380 2428 impermixtius,
2405 2387 2491 2418 Cum

1423 2433 1470 2463 his
1494 2438 1601 2464 tamen
1634 2440 1696 2464 stat
1718 2434 1807 2473 quod
1831 2433 1946 2464 certius
1975 2430 2154 2467 secundnm
2182 2442 2215 2463 se
2238 2433 2278 2462 sit
2305 2431 2490 2472 permixtius

1423 2477 1523 2508 dubio
1547 2478 1655 2517 quoad
1680 2487 1756 2513 nos,
1781 2483 1817 2508 ut
1840 2477 1872 2508 in
1895 2477 2065 2518 proposito
2086 2477 2207 2508 accidit.

1481 2522 1533 2551 Ad
1555 2521 1700 2557 tertium,
1730 2522 1924 2552 conceditur-
1942 2521 2032 2562 quod
2064 2521 2141 2552 scire
2168 2522 2273 2552 Deum
2306 2520 2420 2550 certius
2443 2526 2490 2550 est

1423 2575 1523 2605 quam
1541 2566 1666 2596 credere
1681 2565 1798 2602 Deum,
1815 2565 1925 2596 ceteris
1943 2565 2082 2606 paribus.
2107 2565 2170 2596 Sed
2188 2565 2220 2595 in
2238 2563 2403 2605 proposito
2422 2573 2489 2594 non

1424 2616 1498 2640 sunt
1522 2616 1623 2640 cetera
1647 2609 1747 2650 paria:
1772 2609 1847 2650 quia
1867 2609 1944 2640 scire
1962 2609 2068 2640 Deum
2085 2616 2132 2640 est
2151 2619 2187 2639 ex
2202 2608 2323 2639 lumine
2343 2607 2487 2644 naturali,

1424 2654 1549 2684 credere
1581 2659 1689 2684 autem
1718 2653 1825 2684 Deum
1858 2660 1904 2684 est
1933 2663 1969 2684 ex
1998 2653 2127 2684 veritate
2157 2652 2263 2682 divina
2294 2658 2329 2683 ut
2355 2651 2487 2692 proprio
2513 2685 2516 2690 .

1424 2697 1541 2728 medio.
1566 2696 1608 2728 Et
1626 2703 1793 2738 propterea
1808 2698 1932 2729 credere
1949 2697 2053 2728 Deum
2069 2704 2116 2728 est
2130 2697 2243 2727 certius
2260 2696 2437 2727 secundum
2454 2706 2487 2726 se

1423 2752 1520 2783 quam
1545 2742 1622 2772 scire
1642 2743 1747 2772 Deum
1770 2753 1826 2783 per
1845 2741 2106 2783 metaphysicales
2129 2740 2424 2772 demonstrationes.
2451 2740 2484 2770 In

302 2838 412 2871 putem
435 2839 467 2863 et
488 2840 577 2864 aetus
600 2833 821 2864 certitudinem
845 2832 963 2863 habent
986 2842 1023 2862 ex
1045 2831 1111 2862 suis
1130 2831 1244 2862 causis.
1268 2831 1318 2868 Et,
1336 2837 1372 2861 ut
1422 2830 1563 2862 divinam
1585 2831 1777 2862 immediate.
1806 2831 1848 2861 Et
1870 2837 2037 2871 propterea
2059 2837 2106 2861 est
2131 2829 2342 2861 certissimum
2373 2838 2484 2860 secun-

303 2875 337 2909 ἴω
358 2875 462 2909 littera
484 2883 580 2917 patet,
604 2887 670 2908 non
693 2887 731 2908 ex
754 2876 940 2909 certitudine
972 2876 1127 2907 obiectiva
1157 2875 1234 2906 fides
1258 2874 1370 2906 certior
1422 2875 1499 2906 dum
1524 2885 1556 2906 se
1580 2882 1610 2906 et
1632 2875 1741 2916 quoad
1765 2885 1834 2906 nos.
