2892 4056
59 2103 132 2133 'Qm
146 2109 164 2131 ι,
178 2106 220 2126 art.
234 2109 256 2131 7.

59 3193 117 3216 'OE-
126 3193 211 3216 Guliet.
220 3194 270 3215 An-

50 3219 271 3273 W&

23 3278 273 3304 1m,.etpt‚qu.r.

988 126 1254 178 QUAESTlO
1283 133 1385 181 VIII,
1415 134 1711 172 ARTICULUS
1740 135 1790 172 Vl

358 210 418 244 AD
445 219 604 244 ’reanum
632 220 816 246 cht-:NDUM
845 210 950 258 quod
976 210 1073 246 fides
1101 210 1278 259 importat
1306 223 1367 247 so-

305 262 386 297 lum
400 272 598 297 assensum
613 262 662 298 ad
683 273 727 298 ea
747 274 845 309 quae
865 271 1141 311 proponuntur.
1164 264 1241 301 Sed
1261 264 1365 300 intel-

305 314 423 350 lectus
450 313 631 361 importat
657 315 852 362 quandam
878 316 1162 364 perceptionem
1187 316 1364 362 veritatis,

2422 148 2465 184 71

1423 224 1519 260 quae
1549 225 1626 249 non
1654 221 1778 261 potest
1806 226 1887 250 esse
1917 214 2014 250 circa
2042 214 2160 251 finem
2181 213 2250 250 nisi
2271 215 2315 250 in
2345 227 2390 250 eo
2411 214 2477 262 qui

1422 265 1535 301 habet
1563 266 1720 312 gratiam
1741 274 1886 314 gratum
1917 267 2128 311 facientem,
2149 274 2190 302 ut
2214 266 2354 303 dictum
2375 275 2430 303 est
2443 267 2475 303 *.
2506 273 2513 280 ’
2541 277 2554 292 ¹¹
2570 277 2610 292 ⁰0¹
2627 278 2641 292 0
2655 278 2666 293 e

1423 317 1470 353 Et
1489 317 1576 354 ideo
1597 330 1675 354 non
1697 327 1753 355 est
1779 319 1908 356 similis
1929 319 2023 356 ratio
2043 320 2089 356 de
2114 319 2302 356 intellectu
2324 327 2359 355 et
2387 319 2475 356 fide.

979 402 1310 436 commentaria
1332 403 1582 437 Cardinalis
1604 405 1804 439 Caietam

308 489 355 551 In
378 479 510 510 articulo
534 479 658 520 quinto,
676 481 707 510 in
728 481 935 521 responsione
949 481 988 510 ad
1005 481 1142 517 tertium,
1159 481 1294 511 dubium
1311 491 1365 512 oc-

335 522 431 554 currit
454 523 534 553 circa
558 523 652 554 illud:
677 525 773 555 Fides
796 526 946 565 importat
961 525 1064 555 solum
1084 534 1249 555 assensum
1268 526 1312 556 ad
1325 535 1363 555 ea

269 579 276 590 ν
303 576 386 607 quae
401 573 640 608 proponuntur.
665 569 748 598 Nam
771 568 917 608 superius
931 567 949 585 '¹‘
973 568 1093 598 dictum
1117 575 1163 598 est
1183 569 1271 608 quod
1287 568 1364 599 fides

302 609 376 641 facit
397 609 503 641 videre
526 621 562 641 ea
584 622 667 652 quae
690 612 860 643 creduntur
881 611 940 642 sub
965 612 1130 642 communi
1153 612 1273 642 ratione
1299 622 1363 643 cre—

303 653 417 685 dibilis.
441 655 526 695 Ergo
551 666 617 686 non
641 656 747 686 solum
771 665 935 686 assensum
958 654 1039 686 facit.

358 698 408 728 Ad
436 698 497 730 hoc
521 699 636 730 dicitur
663 699 752 741 quod
778 699 811 740 ly
834 699 937 729 solum
970 708 1036 728 non
1063 699 1199 730 excludit
1230 709 1360 729 ornnem

1420 483 1519 513 alium
1533 491 1650 520 actum,
1667 485 1723 514 sed
1738 492 1842 515 actum
1861 486 2043 516 ulteriorem
2059 486 2097 516 de
2117 496 2184 527 quo
2201 493 2247 517 est
2266 496 2381 522 sermo,
2397 487 2477 517 scili-

1419 534 1467 558 cet
1489 535 1606 558 rectam
1629 529 1880 559 aestimationem
1911 530 2044 569 practice
2071 530 2110 560 de
2132 529 2195 560 fine
2218 530 2341 562 ultimo.
2377 530 2478 567 Quasi

1419 571 1533 602 diceret
1556 573 1645 612 quod
1669 571 1745 602 fides
1774 573 1915 612 pervenit
1940 584 2040 614 usque
2068 574 2107 604 ad
2131 584 2294 604 assensum
2314 575 2430 610 solum,
2447 581 2478 605 et

1419 625 1482 645 non
1506 616 1671 655 pertransit
1694 626 1795 657 usque
1811 617 1850 646 ad
1867 624 1981 647 rectam
2006 617 2139 657 practice
2163 618 2415 649 aestimationem
2439 619 2477 648 de

1418 659 1503 696 Deo,
1527 670 1625 700 quarn
1654 660 1748 690 habet
1770 660 1902 700 quilibet
1932 661 1963 691 in
1987 661 2085 701 gratia
2108 662 2250 693 existens.
2275 662 2316 693 Et
2338 672 2394 703 per
2416 662 2477 692 hoc

1416 710 1500 742 patet
1522 704 1610 744 quod
1634 704 1770 734 obiectio
1795 704 1873 734 nihil
1896 705 1999 735 obstat
2022 705 2095 736 huic
2118 706 2246 736 litterae.

1113 856 1431 898 ARTICULUS
1470 856 1677 897 SEXTUS

700 939 855 970 UTRUM
878 939 1037 970 DONUM
1061 939 1362 970 INTELLECTUS
1386 938 1712 969 DISTINGUATUR
1736 939 1790 968 AB
1814 939 1921 969 AL11s
1945 939 2073 970 Dorus

1010 1017 1032 1042 1¹·
1052 1017 1107 1047 11⁸0,
1128 1025 1172 1056 qu.
1192 1025 1278 1048 vam,
1297 1022 1343 1041 art.
1362 1024 1393 1048 4;
1413 1017 1444 1041 111
1464 1016 1547 1044 sent..
1567 1017 1591 1040 di
1593 1022 1624 1041 s.t
1644 1025 1714 1045 xxxv,
1735 1024 1780 1049 qu.
1800 1024 1826 1047 ιι,
1846 1022 1893 1042 art.
1914 1025 1936 1047 2,
1956 1018 2004 1049 qu*²
2026 1017 2049 1042 3.

336 1236 338 1240 ,
448 1180 470 1234 Ῐ
494 1193 592 1232 aliis
613 1195 736 1232 donis.
758 1196 936 1242 Quorum
957 1195 1060 1232 enim
1081 1195 1258 1244 opposita
1277 1202 1364 1231 sunt

374 1242 403 1258 γ’
419 1245 451 1273 ·.,
483 1269 494 1279 κ
513 1249 667 1295 eadem,
697 1249 779 1297 ipsa
807 1260 962 1297 quoque
991 1255 1078 1285 sunt
1106 1248 1254 1285 eadem.
1287 1248 1364 1285 Sed

292 1286 506 1349 sapientiae
538 1301 747 1361 opponitur
774 1301 941 1347 stultitia,
970 1300 1190 1338 hebetudini
1222 1301 1364 1337 intelle·

300 1360 393 1401 ctus,
421 1353 721 1402 praecipitationi
750 1354 962 1399 consilium,
982 1353 1217 1401 ignorantiae
1245 1353 1365 1390 scien-

265 1427 271 1443 :
299 1406 370 1443 tia:
403 1414 446 1443 ut
477 1414 579 1455 patet
610 1419 680 1455 per
712 1406 961 1454 Gregorium,
999 1408 1029 1442 11
1059 1406 1203 1442 Moral.
1224 1405 1244 1426 ⁴²
1273 1406 1362 1442 Non

298 1458 477 1496 videntur
504 1466 634 1496 autem
663 1459 815 1496 differre
839 1458 1002 1505 stultitia,
1023 1458 1228 1504 hebetudo,
1259 1458 1365 1505 igno-

298 1511 420 1548 rantia
439 1518 476 1548 et
494 1511 766 1560 praecipitatio.
797 1512 899 1559 Ergo
919 1523 990 1548 nec
1008 1510 1216 1547 intellectus
1235 1510 1364 1548 distin-

297 1563 422 1612 guitur
450 1564 498 1600 ab
527 1564 607 1601 aliis
637 1564 758 1602 donis.
1036 1570 1076 1578 x

353 1628 388 1654 2.
413 1617 647 1664 PRAETEREA,
668 1617 878 1654 intellectus
907 1616 971 1665 qui
998 1615 1152 1664 ponitur
1170 1615 1290 1652 virtus
1309 1615 1364 1652 in-

297 1669 517 1707 tellectualis
546 1670 670 1708 differt
698 1670 746 1707 ab
775 1670 854 1707 aliis
882 1668 1194 1706 intellectualibus
1221 1668 1364 1705 virtuti-

297 1722 370 1759 bus
388 1734 458 1771 per
476 1723 551 1759 hoc
579 1723 650 1760 sibi
674 1722 888 1772 proprium,
910 1722 1016 1771 quod
1036 1729 1091 1758 est
1111 1721 1209 1758 circa
1227 1721 1364 1770 princi-

250 1799 252 1801 >
297 1775 362 1835 pia
386 1787 456 1824 per
483 1788 524 1818 se
553 1784 655 1814 nota.
686 1776 763 1813 Sed
792 1775 939 1813 donum
968 1775 1176 1812 intellectus
1201 1787 1281 1812 non
1309 1782 1365 1811 est

298 1840 397 1875 circa
434 1828 559 1878 aliqua
594 1829 778 1879 principia
811 1841 880 1877 per
916 1840 956 1865 se
985 1835 1095 1865 nota:
1126 1827 1215 1877 quia
1242 1827 1290 1865 ad
1319 1840 1364 1864 ea

298 1884 397 1930 quae
425 1881 643 1920 naturaliter
666 1894 737 1931 per
764 1894 805 1919 se
825 1888 1107 1941 cognoscuntur
1134 1881 1271 1918 sufficit
1299 1892 1364 1917 na-

297 1934 426 1973 turalis
457 1935 608 1973 habitus
650 1935 864 1984 primorum
902 1933 1198 1983 principiorum;
1237 1933 1285 1971 ad
1318 1946 1364 1970 ea

244 2022 246 2025 ,
295 1999 390 2028 vero
419 2000 517 2037 quae
538 1996 624 2028 sunt
643 1987 943 2038 supernaturalia
971 1986 1109 2024 sufficit
1135 1986 1245 2033 fides,
1275 1986 1364 2034 quia

297 2038 443 2079 articuli
470 2039 561 2079 fidei
588 2049 676 2079 sunt
703 2041 800 2079 sicut
817 2040 942 2089 prima
968 2039 1154 2089 principia
1173 2040 1212 2077 in
1232 2052 1363 2088 super-

296 2093 458 2138 naturali
481 2094 708 2142 cognitione,
741 2093 837 2131 sicut
866 2093 1008 2130 dictum
1039 2100 1094 2129 est
1111 2092 1142 2128 ³³.
1174 2093 1275 2140 Ergo
1297 2093 1364 2129 do-

297 2143 391 2189 num
418 2145 628 2185 intellectus
647 2159 727 2185 non
747 2145 984 2194 distinguitur
1003 2146 1051 2183 ab
1071 2145 1151 2182 aliis
1172 2145 1281 2183 donis
1308 2145 1364 2182 in·

295 2200 580 2238 tellectualibus.

338 2253 388 2296 ⁴3.
418 2253 656 2300 PRAETEREA,
686 2252 812 2290 omnis
850 2251 1014 2299 cognitio
1048 2250 1275 2288 intellectiva
1301 2251 1364 2288 vel

299 2303 357 2346 est
382 2305 615 2353 speculativa
641 2306 704 2342 vel
731 2305 909 2354 practica.
940 2304 1017 2342 Sed
1045 2305 1191 2342 donum
1220 2304 1363 2341 intelle-

299 2364 380 2395 ctus
399 2369 441 2394 se
459 2357 576 2395 habet
594 2358 642 2395 ad
661 2365 878 2406 utrumque,
898 2364 940 2394 ut
959 2357 1102 2394 dictum
1125 2364 1180 2393 cst
1197 2357 1227 2393 ³¹⁶.
1260 2357 1362 2405 Ergo

299 2422 377 2446 non
412 2409 649 2470 distinguitur
677 2409 726 2447 ab
755 2409 835 2447 aliis
863 2409 973 2447 donis
993 2414 1010 2431 ⁸
1038 2409 1362 2457 intellectualibus,

298 2462 366 2500 sed
394 2463 526 2504 omnia
554 2463 591 2500 in
620 2475 660 2500 se
691 2462 966 2512 complectitur.

353 2515 427 2552 SED
457 2527 602 2553 con‘rRA
629 2528 696 2553 EST
723 2515 828 2565 quod
856 2525 1121 2564 quaecumque
1155 2525 1362 2550 connume-

298 2575 426 2607 rantur
445 2569 521 2607 ad
514 2569 679 2606 invicem
709 2575 860 2627 oportet
883 2579 966 2604 esse
986 2564 1001 2596 β
1029 2566 1155 2615 aliquo
1174 2565 1293 2603 modo
1311 2566 1362 2603 ab

298 2621 463 2660 invicem
493 2622 685 2659 distincta:
714 2621 804 2670 quia
837 2619 1022 2658 distinctio
1052 2627 1108 2658 est
1134 2618 1362 2667 principium

297 2675 459 2712 numeri.
481 2675 559 2712 Sed
574 2674 721 2712 donum
739 2674 949 2711 intellectus
967 2679 1265 2709 connumeratur
1283 2671 1363 2708 aliis

298 2726 426 2775 donis,
456 2735 498 2764 ut
525 2734 630 2777 patet
657 2727 776 2764 Isaiae
795 2739 832 2764 xi
854 2727 883 2763 *.
914 2726 1016 2773 Ergo
1046 2725 1192 2762 donum
1221 2724 1363 2761 intelle-

298 2787 380 2818 ctus
409 2788 463 2817 est
492 2780 710 2819 distinctum
739 2780 786 2817 ab
816 2779 896 2816 aliis
926 2778 1048 2816 donis.

350 2832 577 2871 Rmonm-:o
596 2845 780 2870 mcENDuM
802 2832 908 2880 quod
929 2830 1116 2868 distinctio
1137 2830 1230 2867 doni
1257 2829 1361 2866 intel-

297 2886 415 2923 lectus
443 2886 492 2924 ab
521 2884 600 2923 aliis
627 2885 745 2923 tribus
773 2885 896 2931 donis,
921 2884 1061 2921 scilicet
1088 2883 1239 2931 pietate,
1260 2882 1362 2919 forti-

297 2936 427 2977 tudine
457 2946 493 2976 et
520 2938 669 2986 timore,
697 2938 898 2981 manifesta
926 2945 1001 2974 est:
1031 2936 1120 2984 quia
1141 2935 1286 2973 donum
1307 2935 1361 2972 in-

296 2992 466 3029 tellectus
493 2991 655 3040 pertinet
681 2991 731 3028 ad
749 2990 830 3028 vim
855 2989 1167 3038 cognoscitivam‚
1187 2988 1249 3025 illa
1267 2999 1361 3025 vero

297 3043 367 3081 tria
385 3044 575 3092 pertinent
593 3044 642 3081 ad
660 3044 741 3081 vim
763 3042 1022 3093 appetitivam.
1053 3042 1129 3078 Sed
1150 3040 1361 3078 differentia

297 3097 410 3135 huius
439 3096 530 3135 doni
557 3097 767 3135 intellectus
795 3097 843 3134 ad
863 3095 936 3133 alia
955 3095 1035 3142 tria,
1057 3094 1197 3131 scilicet
1215 3093 1362 3142 sapien-

298 3151 402 3196 tiam,
432 3149 628 3187 scientiam
658 3157 694 3186 et
721 3149 932 3196 consilium,
953 3160 1051 3197 quae
1080 3146 1192 3184 etiam
1212 3146 1262 3184 ad
1279 3146 1360 3184 vim

299 3202 599 3252 cognoscitivam
626 3202 825 3251 pertinent,
854 3213 932 3239 non
957 3208 1011 3238 est
1031 3200 1128 3237 adeo
1149 3198 1359 3237 manifesta.

298 3255 456 3294 Videtur
483 3263 621 3292 autem
632 3254 900 3304 quibusdam*
928 3253 1034 3301 quod
1055 3253 1200 3290 donum
1220 3252 1362 3289 intelle-

1418 1094 1498 1124 ctus
1527 1087 1776 1134 distinguatur
1795 1100 1817 1124 a
1837 1088 1940 1125 dono
1970 1089 2145 1126 scientiae
2175 1098 2211 1126 et
2239 1092 2383 1128 consilii
2410 1105 2478 1141 per

1417 1141 1491 1177 hoc
1519 1141 1624 1188 quod
1653 1140 1714 1177 illa
1733 1141 1810 1177 duo
1830 1141 2042 1189 pertineant
2060 1142 2107 1178 ad
2127 1143 2330 1190 practicam
2352 1146 2477 1193 cogni-

1418 1193 1574 1238 tionem,
1605 1193 1750 1230 donum
1779 1206 1873 1230 vero
1899 1194 2107 1231 intellectus
2126 1195 2174 1232 ad
2195 1197 2476 1244 speculativam.

1418 1248 1451 1282 A
1481 1246 1584 1282 dono
1612 1258 1706 1283 vero
1736 1246 1953 1295 sapientiae,
1974 1247 2078 1296 quod
2108 1248 2222 1285 etiam
2242 1251 2288 1286 ad
2309 1251 2478 1298 specula-

1418 1298 1536 1335 tivam
1571 1298 1825 1346 cognitionem
1862 1299 2041 1348 pertinet,
2072 1301 2307 1349 distinguitur
2338 1302 2376 1339 in
2404 1303 2478 1340 hoc

1419 1351 1523 1399 quod
1552 1351 1600 1388 ad
1629 1351 1854 1399 sapientiam
1872 1353 2032 1400 pertinet
2055 1353 2249 1400 iudicium,
2270 1354 2318 1392 ad
2338 1355 2478 1392 intelle-

1419 1410 1521 1439 ctum
1541 1415 1634 1439 vero
1657 1405 1843 1462 capacitas
1863 1405 2070 1443 intellectus
2084 1411 2099 1434 Υ
2119 1419 2255 1444 eorum
2275 1419 2373 1455 quae
2391 1421 2479 1457 pro-

1418 1463 1631 1503 ponuntur,
1662 1456 1742 1492 sive
1770 1458 1979 1505 penetratio
2009 1458 2056 1495 ad
2085 1459 2216 1495 intima
2246 1471 2392 1497 eorum.
2430 1462 2480 1497 Et

1418 1509 1628 1545 secundum
1657 1509 1732 1545 hoc
1760 1522 1874 1557 supra
1893 1510 1913 1531 ἧς
1942 1523 2145 1547 numerum
2175 1512 2365 1549 donorum
2390 1514 2479 1550 assi-

1417 1560 1630 1608 gnavimus.
1651 1582 1675 1589 -
1697 1562 1773 1598 Sed
1802 1562 1998 1610 diligenter
2019 1563 2188 1611 intuenti,
2210 1564 2354 1602 donum
2375 1565 2479 1602 intel-

1417 1614 1535 1650 lectus
1563 1626 1641 1650 non
1671 1615 1796 1651 solum
1823 1627 1864 1651 se
1892 1616 2007 1652 habet
2033 1616 2130 1653 circa
2149 1618 2391 1666 speculanda,
2413 1619 2479 1656 sed

1419 1666 1532 1703 etiam
1553 1666 1652 1703 circa
1672 1668 1878 1716 operanda,
1895 1676 1937 1705 ut
1951 1669 2094 1706 dictum
2113 1677 2169 1706 est
2187 1669 2225 1705 *ε
2257 1678 2292 1707 et
2311 1671 2480 1708 similiter

1418 1719 1532 1756 etiam
1553 1719 1699 1756 donum
1720 1721 1896 1757 scientiae
1917 1722 2015 1758 circa
2034 1730 2238 1771 utrumque
2259 1736 2300 1760 se
2318 1725 2434 1761 habet
2446 1724 2476 1771 *,
2508 1730 2516 1737 '
2578 1734 2594 1749 ¹¹

2507 1780 2518 1790 ⁸
2525 1781 2572 1808 Qu.
2582 1787 2639 1808 seq„
2647 1784 2689 1802 art.
2697 1787 2716 1809 3.

1418 1780 1458 1809 ut
1484 1772 1580 1809 infra
1599 1772 1618 1793 Ψ·
1648 1773 1802 1811 dicetur.
1837 1775 1885 1810 Et
1912 1774 2000 1811 ideo
2029 1782 2179 1823 oportet
2210 1776 2316 1813 aliter
2343 1789 2478 1814 eorum

1419 1825 1695 1862 distinctionem
1723 1826 1906 1875 accipere.

1472 1877 1615 1915 Omnia
1644 1878 1746 1915 enim
1783 1879 1879 1916 haec
1907 1887 2071 1928 quatuor
2099 1879 2230 1917 dicta⁶
2258 1881 2480 1920 ordinantur

1418 1930 1467 1968 ad
1482 1932 1807 1979 supernaturalem
1828 1932 2095 1980 cognitionem,
2112 1945 2209 1982 quae
2225 1933 2262 1970 in
2282 1934 2392 1971 nobis
2411 1947 2480 1984 per

1418 1983 1536 2020 fidem
1565 1983 1755 2021 fundatur.
1791 1984 1904 2022 Fides
1932 1993 2060 2022 autem
2097 1993 2152 2022 est
2184 1998 2234 2023 ex
2261 1987 2411 2033 auditu,
2440 1995 2481 2025 ut

1419 2036 1553 2074 dicitur
1566 2037 1678 2074 Rom.
1694 2049 1718 2073 x
1731 2037 1761 2073 ²¹³.
1783 2037 1895 2075 Unde
1915 2045 2066 2087 oportet
2083 2038 2208 2088 aliqua
2226 2041 2391 2088 proponi
2409 2041 2478 2077 ho-

1418 2089 1510 2126 mini
1539 2089 1587 2126 ad
1617 2090 1850 2128 credendum
1880 2103 1958 2128 non
1987 2091 2082 2128 sicut
2101 2091 2193 2139 visa,
2215 2092 2282 2129 sed
2301 2093 2396 2130 sicut
2415 2105 2480 2130 au-

1419 2142 1515 2189 dita,
1546 2142 1684 2191 quibus
1720 2155 1794 2192 per·
1822 2143 1940 2180 fidem
1978 2144 2165 2182 assentiat.
2201 2145 2315 2182 Fides
2350 2154 2479 2183 autem

1417 2195 1540 2243 primo
1570 2195 1724 2245 quidem
1756 2204 1791 2233 et
1817 2196 2071 2245 principaliter
2099 2210 2138 2234 se
2167 2198 2282 2234 habet
2309 2199 2358 2235 ad
2382 2199 2479 2236 veri—

1417 2255 1532 2284 tatem
1569 2247 1755 2296 primam;
1786 2249 2032 2297 secundario,
2070 2250 2119 2287 ad
2156 2250 2344 2299 quaedam
2383 2252 2480 2289 circa

1418 2308 1607 2338 creaturas
1645 2301 1942 2348 consideranda;
1982 2309 2018 2339 et
2048 2303 2204 2340 ulterius
2237 2315 2277 2340 se
2315 2304 2480 2342 extendit

1418 2354 1532 2391 etiam
1561 2354 1609 2391 ad
1639 2354 1886 2392 directionem
1922 2355 2180 2393 humanorum
2209 2368 2392 2405 operum,
2422 2370 2479 2394 se-

1418 2406 1587 2444 cundum
1620 2407 1726 2455 quod
1754 2419 1829 2455 per
1859 2407 2090 2445 dilectionem
2128 2415 2322 2457 operatur,
2356 2417 2396 2446 ut
2434 2422 2479 2446 ex

1418 2459 1561 2497 dictis*

1416 2518 1611 2560 ponuntur
1639 2511 1830 2549 credenda
1858 2513 1935 2549 duo
1956 2513 2198 2562 requiruntur
2222 2527 2266 2551 ex
2285 2522 2389 2563 parte
2409 2528 2476 2552 no-

1417 2571 1502 2600 stra.
1534 2563 1663 2600 Primo
1692 2564 1862 2612 quidem,
1882 2572 1924 2602 ut
1942 2565 2130 2603 intellectu
2153 2575 2398 2615 penetrentur
2414 2568 2478 2605 vel

1418 2616 1632 2665 capiantur:
1663 2624 1699 2652 et
1726 2617 1802 2653 hoc
1828 2617 1989 2665 pertinet
2012 2618 2060 2655 ad
2081 2619 2227 2656 donum
2256 2619 2475 2657 intellectus.

1418 2669 1596 2706 Secundo
1625 2676 1755 2706 autem
1788 2677 1937 2718 oportet
1964 2678 2006 2707 ut
2034 2671 2080 2708 de
2110 2671 2163 2708 eis
2190 2672 2310 2709 homo
2338 2673 2477 2710 habeat

1418 2721 1599 2759 iudicium
1627 2729 1789 2768 rectum,
1819 2730 1860 2759 ut
1886 2723 2058 2760 aestimet
2085 2723 2143 2760 his
2170 2736 2251 2761 esse
2279 2724 2476 2762 inhaeren-

1418 2775 1510 2812 dum
1540 2782 1576 2811 et
1608 2776 1656 2811 ab
1689 2787 1822 2811 eorum
1861 2776 2044 2824 oppositis
2082 2777 2352 2815 recedendum.
2390 2779 2476 2815 Hoc

1418 2827 1525 2876 igitur
1553 2827 1747 2875 iudicium,
1772 2835 1957 2875 quantum
1987 2829 2036 2866 ad
2056 2841 2114 2866 res
2135 2829 2295 2877 divinas,
2315 2831 2477 2879 pertinet

1418 2881 1465 2918 ad
1485 2881 1630 2917 donum
1651 2880 1878 2929 sapientiae3
1907 2889 2092 2930 quantum
2112 2894 2206 2919 vero
2227 2883 2276 2920 ad
2296 2896 2355 2920 res
2375 2896 2477 2921 crea-

1416 2941 1484 2981 tas,
1513 2933 1674 2982 pertinet
1702 2933 1750 2970 ad
1779 2933 1924 2971 donum
1954 2934 2147 2980 scientiae;
2177 2943 2362 2984 quantum
2381 2949 2474 2974 vero

1417 2986 1465 3023 ad
1494 2985 1786 3035 applicationem
1813 2986 1861 3023 ad
1881 2987 2079 3035 singularia
2099 2990 2228 3037 opera,
2247 2989 2409 3038 pertinet
2427 2991 2475 3027 ad

1418 3040 1563 3076 donum
1594 3038 1748 3075 consilii.

1469 3094 1527 3128 Αι)
1556 3104 1692 3142 ramum
1712 3103 1810 3128 ERGO
1829 3103 2014 3129 nicENDuM
2034 3093 2139 3141 quod
2157 3093 2351 3142 praedicta
2371 3094 2475 3131 diffe-

1417 3145 1535 3182 rentia
1563 3152 1727 3192 quatuor
1755 3145 1945 3182 donorum
1975 3146 2170 3183 manifeste
2194 3147 2374 3195 competit
2403 3147 2476 3184 dis-

1415 3198 1584 3236 tinctioni
1612 3210 1745 3234 eorum
1764 3209 1862 3245 quae
1882 3198 2087 3246 Gregorius
2106 3199 2213 3247 ponit
2233 3199 2285 3236 eis
2306 3212 2388 3236 esse
2407 3212 2474 3248 op-

1416 3251 1548 3300 posita.
1573 3251 1776 3288 Hebetudo
1798 3250 1897 3287 enim
1919 3251 2067 3288 acuitati
2087 3252 2302 3301 opponitur.
2332 3252 2475 3289 Dicitur

352 3399 379 3429 α)
399 3398 485 3422 donis.
503 3412 520 3415 —
539 3397 601 3421 Om.
620 3397 656 3426 D;
676 3403 723 3428 pro
742 3395 839 3423 omnia,
859 3401 949 3419 omnes
969 3394 1270 3419 PABCDEFfflKLnaa.

351 3433 376 3466 β)
396 3441 459 3458 esse.
477 3446 496 3452 -
514 3439 544 3457 ea
563 3439 618 3456 esse
638 3431 683 3455 Pa.

1470 3396 1497 3427 γ)
1518 3395 1672 3418 intellectus.
1691 3407 1709 3412 —
1727 3394 1788 3417 Orn.
1808 3393 1825 3417 1.

1470 3428 1494 3461 ὃ)
1514 3429 1595 3454 dicta.
1613 3443 1631 3447 -
1650 3429 1720 3453 dona
1741 3428 1820 3452 PGsE
1840 3433 1865 3452 et
1883 3435 1908 3452 a.

1590 2467 1701 2507 patet.
1733 2460 1795 2496 Sic
1822 2460 1932 2507 igitur
1951 2461 2048 2498 circa
2076 2453 2122 2498 ea
2150 2474 2246 2510 quae
2274 2462 2365 2499 fidei
2391 2475 2478 2511 pro-
2504 2466 2515 2477 ⁴

2602 1422 2619 1447 Υ

2507 1518 2618 1544 '1⁸11⁸⁶,

2506 1550 2550 1565 uv
2552 1550 2586 1571 ιιι,
2597 1549 2639 1567 an.
2652 1552 2676 1572 4.

2508 1674 2517 1682 ·
2533 1674 2583 1694 Art.
2598 1679 2618 1701 3.

2506 2046 2514 2054 ·
2531 2044 2598 2066 Vers.

2613 2051 2642 2072 ¹7·

2629 1523 2717 1547 quaest⁴
