2892 4056
1387 196 1477 236 AD

549 309 997 392 LEONEM
1061 309 1575 393 DECIMUM
1647 309 1987 392 PONT.
2047 307 2318 392 MAX.

893 476 1225 530 THOMAE
1277 479 1368 530 DE
1413 478 1554 530 VIO
1603 478 1979 531 CAIETANI

1120 604 1482 641 CARDINALIS
1521 605 1562 640 S.
1597 606 1749 642 SIXTI

352 707 412 766 IN
454 714 773 773 SECUNDAE
819 715 1138 764 SECUNDAE
1181 715 1306 764 DIVI
1349 715 1606 765 THOMAE
1652 717 1986 775 AQUINATIS
2035 716 2515 767 COMMENTARIOS

1202 845 1671 901 PRAEFATIO

1045 998 1281 1001 ssjw—k—
1297 1000 1315 1001 Π
1367 982 1526 1016 οωᾷ-Φοον
1552 998 1557 1000 -
1600 997 1836 1000 »ἡὴ-

545 1135 625 1157 ²¹
645 1137 763 1165 MNES
795 1125 992 1165 homines
1027 1124 1099 1177 qui
1133 1137 1186 1164 ex
1219 1124 1408 1164 iniuncto
1442 1124 1524 1164 sibi
1557 1137 1732 1164 munere
1765 1125 1806 1164 in
1834 1125 2050 1178 republica
2071 1124 2260 1179 gerenda
2287 1131 2520 1172 versantur,

608 1203 611 1219 ἰ
667 1187 973 1240 cuiuscumque
1007 1185 1168 1226 ordinis
1202 1186 1257 1225 illi
1291 1186 1384 1232 sint,
1425 1199 1512 1226 non
1551 1186 1726 1240 privatis
1768 1186 1927 1234 solum,
1962 1186 2039 1227 sed
2071 1186 2250 1240 publicis
2285 1186 2411 1226 etiam
2443 1200 2520 1240 pro

455 1295 468 1304 ζ
559 1284 569 1300 ,
621 1242 625 1244 ἡ
667 1248 885 1289 beneficiis
919 1248 974 1288 ad
1017 1247 1280 1288 referendam
1319 1249 1499 1303 gratiam
1537 1248 1657 1288 reddi
1700 1247 1917 1288 obnoxios
1957 1261 2085 1288 nemo
2128 1261 2317 1301 unquam
2354 1249 2522 1301 sapiens

397 1337 411 1354 i
467 1306 507 1352 Ἤ
539 1356 545 1358 ,
590 1331 614 1360 ,i
668 1310 890 1351 dubitavit.
938 1311 1079 1350 Tanto
1113 1309 1326 1363 siquidem
1358 1310 1531 1350 foedere
1566 1323 1795 1350 commune
1828 1310 1991 1350 bonum
2025 1310 2261 1364 particulari
2301 1312 2418 1352 bono
2458 1313 2522 1352 in-

554 1382 559 1384 ·
667 1378 828 1412 sertum
863 1377 928 1411 est
958 1378 1006 1411 ut
1026 1371 1129 1410 illud
1151 1371 1448 1424 unusquisque
1471 1372 1644 1425 proprio
1669 1372 1988 1412 anteferendum
2011 1378 2141 1425 putet,
2166 1385 2383 1427 nemoque
2405 1374 2523 1427 quod

357 1446 485 1473 suum
517 1438 582 1472 est
613 1433 778 1473 bonum
811 1433 880 1472 vel
913 1445 960 1472 se
993 1432 1201 1485 consequi
1233 1433 1302 1472 vel
1334 1433 1441 1472 tueri
1466 1446 1604 1486 >posse
1638 1433 1840 1480 confidat,
1875 1434 1954 1473 nisi
1987 1434 2204 1486 publicum
2237 1435 2335 1475 inde
2361 1436 2524 1475 bonum

356 1500 566 1549 augeatur
598 1500 641 1534 et
672 1500 963 1534 conservetur.
1007 1494 1105 1548 Ego
1139 1494 1298 1547 itaque,
1334 1494 1454 1547 quod
1486 1494 1540 1534 ad
1574 1507 1642 1534 me
1675 1494 1839 1542 attinet,
1874 1501 1958 1542 tua,
1992 1496 2085 1535 Leo
2119 1496 2297 1536 Decime
2330 1497 2525 1537 Pontifex

356 1556 559 1602 Maxime,
594 1561 636 1596 et
667 1556 709 1595 in
742 1555 1048 1609 rempublicam
1083 1555 1366 1596 Christianam
1395 1562 1436 1595 et
1457 1556 1499 1595 in
1523 1556 1733 1609 meipsum
1756 1557 1941 1597 maxima
1964 1556 2171 1597 beneficia
2193 1571 2360 1598 mecum
2383 1559 2524 1598 animo

280 1635 298 1643 >·
331 1617 582 1672 'deputans
615 1617 722 1658 haec
754 1617 854 1657 Tibi
887 1630 984 1657 mea
1016 1618 1320 1657 commentaria
1353 1617 1572 1658 offerenda
1605 1631 1716 1658 nunc
1743 1618 1899 1665 censui,
1924 1632 2011 1658 non
2035 1619 2107 1672 qui
2129 1619 2211 1659 hoc
2233 1626 2358 1673 pacto
2381 1633 2525 1674 parem

352 1692 428 1723 me
461 1679 560 1720 Tibi
593 1679 774 1735 gratiam
807 1679 960 1719 referre
993 1692 1106 1719 nunc
1139 1679 1324 1727 arbitrer,
1360 1679 1437 1719 sed
1471 1680 1544 1733 qui
1577 1680 1720 1733 potius
1753 1680 1862 1734 grati
1894 1680 2021 1720 animi
2055 1681 2318 1722 voluntatem
2342 1682 2439 1722 Tibi
2469 1682 2526 1722 si-

356 1741 571 1798 gnificem,
606 1754 686 1781 nec
717 1741 809 1781 sine
842 1740 1116 1781 veneratione
1150 1741 1294 1781 debita
1326 1741 1511 1781 recolam
1544 1741 1796 1782 immensam
1830 1742 2077 1795 cunctisque
2100 1755 2372 1783 communem
2395 1743 2526 1783 bene·

279 1835 282 1837 Α
359 1803 553 1844 ficentiae
586 1808 684 1843 tuae
716 1803 817 1843 vim.
851 1803 919 1842 Tu
953 1802 1140 1856 quidem,
1174 1803 1426 1843 Beatissime
1459 1804 1595 1850 Pater,
1630 1803 1770 1843 statim
1798 1809 1844 1843 ut
1864 1803 2060 1843 Pontifex
2081 1803 2214 1844 factus
2238 1818 2295 1853 es,
2318 1805 2527 1859 pernicio-

355 1877 456 1906 sum
490 1864 593 1904 illud
625 1864 877 1905 universalis
911 1864 1128 1905 Ecclesiae
1161 1865 1346 1905 schisma
1378 1865 1498 1918 quod
1530 1865 1611 1904 sub
1644 1865 1751 1905 Iulio
1785 1864 1988 1905 Secundo
2021 1871 2214 1919 eruperat
2241 1872 2312 1906 tua
2340 1867 2528 1906 bonitate

359 1940 409 1968 ac
432 1926 712 1980 'providentia
744 1926 801 1966 ita
829 1926 1021 1966 funditus
1055 1926 1246 1966 excidisti
1279 1932 1325 1966 ut
1357 1927 1439 1967 hoc
1470 1927 1695 1967 immortali
1718 1926 1928 1967 beneficio
1952 1926 2215 1967 Christianos
2238 1941 2389 1968 omnes
2410 1928 2528 1968 facile

360 1988 460 2029 Tibi
493 1988 748 2028 devinxeris.
795 1988 951 2042 Neque
982 2001 1088 2028 vero
1121 1994 1219 2028 tuae
1251 1988 1353 2028 satis
1385 1988 1461 2028 fuit
1494 1988 1827 2043 magnanimitati
1860 1988 2062 2042 pestilens
2095 1989 2178 2029 hoc
2219 1990 2377 2030 malum
2411 1989 2529 2043 quod

356 2055 612 2104 tempestate
645 2055 791 2090 nostra
823 2050 1040 2090 Ecclesiae
1075 2050 1323 2090 incubuerat
1353 2050 1652 2097 summovisse,
1677 2050 1756 2091 nisi
1780 2050 1917 2098 etiarn,
1942 2050 2089 2090 futuris
2111 2051 2291 2091 saeculis
2315 2065 2338 2091 e
2360 2051 2528 2091 sublimi

359 2112 442 2152 ista
474 2111 601 2152 Sedis
634 2111 914 2166 Apostolicae
936 2111 1110 2165 specula
1131 2112 1260 2167 longe
1282 2112 1558 2165 prospiciens,
1583 2112 1768 2152 radicem
1798 2124 1973 2165 quoque
1995 2112 2224 2167 gignendis
2247 2113 2290 2152 in
2311 2119 2529 2167 posterum

360 2173 674 2221 schismatibus,
708 2187 758 2214 ac
789 2173 979 2214 fomenta
1011 2173 1137 2214 etiam
1171 2173 1328 2227 quibus
1361 2174 1571 2214 alerentur
1602 2187 1652 2214 ac
1673 2174 1879 2221 viverent,
1903 2173 2110 2214 aboleres
2144 2174 2255 2214 Nam
2278 2188 2375 2215 cum
2407 2187 2529 2228 prae-

357 2235 581 2276 teritarum
610 2248 751 2275 rerum
786 2235 1044 2289 experientia
1077 2235 1178 2275 satis
1217 2249 1298 2276 nos
1339 2235 1514 2276 doceret
1545 2244 1700 2290 graves
1739 2231 1788 2275 ac
1821 2235 2082 2289 periculosas
2115 2236 2331 2276 Ecclesiae
2365 2236 2529 2276 dissen-

358 2297 507 2339 siones
539 2296 638 2337 inde
671 2302 787 2337 ortas
820 2297 997 2350 quidem
1027 2297 1158 2337 fuisse
1191 2296 1311 2351 quod
1343 2297 1530 2350 quidam,
1565 2297 1690 2337 nimis
1722 2297 1851 2351 impie
1884 2303 2217 2352 arroganterque
2251 2298 2354 2345 ausi,
2384 2304 2529 2338 aucto-

361 2358 527 2398 ritatem
562 2357 732 2411 Synodi
764 2371 894 2412 supra
925 2359 1190 2399 maiestatem
1223 2359 1441 2399 Pontificis
1475 2359 1725 2406 efferebant;
1759 2358 1959 2398 alimenta
1989 2371 2095 2399 vero
2128 2372 2178 2398 ac
2209 2359 2408 2407 fomenta,
2443 2373 2529 2413 quo

363 2419 520 2460 diutius
553 2419 842 2473 perdurarent,
875 2420 930 2460 ab
964 2432 1015 2460 ea
1048 2433 1178 2473 quam
1214 2420 1526 2475 Pragmaticam
1563 2426 1721 2460 vocant
1753 2420 1984 2461 Sanctione
2012 2414 2264 2474 surripsisse,
2302 2434 2528 2474 quamque,

360 2479 493 2522 veluti
526 2487 780 2535 perpetuum
813 2480 1035 2534 quoddam
1067 2481 1271 2529 schisma,
1306 2481 1523 2522 Ecclesiae
1556 2481 1782 2529 adversam
1825 2481 2014 2535 Sedique
2053 2483 2331 2535 Apostolicae
2364 2495 2531 2536 semper

362 2543 586 2591 aemulam,
611 2543 729 2583 multi
753 2542 974 2596 quondam
997 2542 1158 2596 alioqui
1191 2543 1288 2583 clari
1322 2542 1672 2598 magnanimique
1705 2543 1935 2583 Pontifices
1968 2543 2131 2583 ardenti
2166 2543 2308 2584 studio
2343 2544 2528 2591 abolere,

352 2604 440 2654 >sed
473 2604 703 2656 incassum,
739 2604 878 2644 conati
911 2610 1032 2652 sunt;
1065 2605 1134 2644 Tu
1175 2610 1318 2645 tamen
1358 2611 1586 2658 utrumque
1623 2605 1799 2652 malum,
1834 2604 2086 2645 Beatissime
2118 2605 2264 2652 Pater,
2300 2605 2353 2645 de
2386 2605 2529 2645 medio

361 2666 481 2707 facile
512 2666 733 2714 sustulisti,
768 2666 883 2714 dum,
917 2666 1192 2706 Lateranensi
1226 2666 1490 2720 approbante
1524 2666 1731 2714 Concilio,
1765 2667 1867 2719 ipse,
1892 2666 2149 2707 Sanctorum
2175 2667 2347 2706 Patrum
2371 2666 2531 2721 dogma

362 2734 562 2776 sectatus,
596 2728 713 2768 omni
746 2728 831 2768 iam
865 2727 1172 2782 disceptatione
1205 2727 1260 2768 de
1293 2727 1460 2781 Synodi
1483 2741 1532 2768 ac
1554 2728 1772 2768 Pontificis
1800 2728 2035 2781 imparitate
2056 2728 2234 2775 sublata,
2259 2727 2385 2768 Sedis
2407 2729 2530 2781 Apo-

362 2790 539 2831 stolicae
572 2789 867 2830 auctoritatem
900 2802 1028 2843 supra
1061 2789 1287 2842 Synodum
1321 2789 1589 2830 statuendam
1623 2802 1717 2829 esse
1751 2795 1867 2829 tanta
1898 2789 2093 2829 firmitate
2125 2789 2302 2829 sanxisti
2336 2795 2382 2829 ut
2402 2790 2530 2829 Late-

363 2851 555 2892 ranensis
588 2851 682 2905 ipsa
714 2851 920 2904 Synodus
954 2857 1147 2891 veterum
1181 2851 1470 2892 Conciliorum
1493 2851 1676 2905 vestigia
1709 2851 1860 2891 imitari
1883 2864 1932 2891 ac
1954 2864 2001 2891 se
2023 2851 2270 2891 Pontificiae
2293 2851 2530 2891 auctoritati

363 2912 580 2954 subditam
614 2926 709 2953 esse
732 2913 924 2954 confiteri
947 2926 1035 2953 non
1057 2913 1292 2961 erubuerit;
1327 2913 1516 2967 dumque
1540 2913 1581 2953 in
1605 2912 1759 2954 eodem
1783 2913 1989 2960 Concilio,
2012 2913 2279 2967 Pragmatica
2301 2912 2532 2953 Sanctione

365 2974 558 3022 extincta,
593 2975 806 3030 integrum
828 2974 932 3016 Sedi
955 2974 1233 3028 Apostolicae
1257 2974 1321 3015 ius
1343 2988 1469 3015 suum
1497 2974 1724 3015 restituisti.
1759 2974 1927 3026 Quibus
1950 2975 2140 3014 honestis
2163 2974 2531 3029 magnanimisque

363 3036 573 3090 incoeptis
605 3036 660 3076 ad
700 3042 892 3090 optatum
935 3036 1064 3077 finem
1106 3035 1341 3089 perductis,
1375 3049 1476 3077 vere
1519 3037 1612 3077 Leo
1650 3036 1924 3084 fortissimus,
1960 3036 2175 3076 Ecclesiae
2215 3042 2385 3076 sanctae
2424 3035 2529 3083 filiis,

364 3098 535 3151 tuisque
567 3097 679 3138 adeo
713 3098 874 3146 catulis,
909 3098 1091 3138 solidam
1124 3098 1480 3151 tranquillitatem,
1516 3104 1810 3152 quantumque
1843 3097 1884 3138 in
1908 3098 1972 3138 Te
1993 3097 2080 3145 suit,
2105 3110 2254 3151 pacem
2278 3097 2404 3137 etiam
2427 3110 2530 3136 ven-

364 3160 469 3200 turis
501 3159 681 3200 saeculis
714 3159 921 3200 stabilisti.
956 3159 1174 3212 Quantum
1207 3172 1312 3200 vero
1346 3160 1483 3200 cuncti
1515 3160 1782 3213 professores
1816 3171 1965 3199 eorum
1989 3159 2198 3199 Ordinum
2222 3159 2294 3212 qui
2323 3157 2530 3212 Religiosi

365 3226 574 3262 vocantur
606 3221 786 3261 bonitati
818 3227 916 3261 tuae
949 3221 1196 3275 caritatique
1229 3221 1475 3270 debeamus,
1510 3221 1592 3262 iam
1620 3221 1710 3275 ipse
1733 3220 1852 3261 testis
1873 3220 2200 3261 facundissimus
2223 3233 2318 3260 esse
2340 3232 2529 3273 possum.

366 3283 536 3324 Etenim
571 3296 668 3323 cum
701 3283 869 3324 illorum
902 3282 1113 3324 Ordinum
1144 3283 1378 3337 privilegia,
1413 3283 1571 3337 quibus
1604 3282 1734 3323 decus
1757 3289 1799 3322 et
1820 3282 2062 3323 immunitas
2086 3282 2332 3328 continetur,
2357 3280 2530 3334 quidam

365 3345 435 3386 vel
468 3344 746 3399 pessumdare
779 3344 848 3384 vel
881 3344 1031 3385 saltem
1064 3345 1316 3385 labefactare
1348 3345 1646 3391 anniterentur‚
1682 3345 1748 3384 Tu
1782 3350 1924 3384 tamen
1957 3344 2086 3391 solus,
2121 3343 2306 3398 ingenua
2342 3342 2531 3382 bonitate

367 3412 495 3460 atque
529 3406 788 3447 auctoritatis
822 3406 978 3446 robore
1012 3406 1291 3454 obluctando,
1325 3407 1493 3446 Patrem
1527 3407 1591 3446 Te
1627 3406 1752 3446 nobis
1790 3398 2010 3452 omnibus,
2046 3406 2276 3445 Patronum
2310 3405 2530 3444 Protecto-
