2892 4056
409 226 481 262 352

406 305 561 342 rationis
581 317 658 341 non
687 305 816 341 habito
838 312 1010 352 respectu
1040 305 1088 340 ad
1118 304 1380 341 rectitudinem
1406 317 1471 354 ap-

404 357 565 406 petitus,
593 358 718 394 minus
756 358 896 394 habent
925 358 972 393 de
1002 357 1147 393 ratione
1183 357 1347 403 virtutis,
1390 365 1470 394 tan-

406 423 523 458 quam
545 411 759 447 ordinantes
788 410 836 446 ad
857 411 1003 446 bonum
1033 409 1285 457 materialiter,
1306 410 1402 447 idest
1421 411 1470 447 ad

404 463 443 500 id
473 464 578 511 quod
608 471 662 499 est
691 464 837 498 bonum
866 474 945 498 non
974 462 1044 498 sub
1071 462 1217 498 ratione
1248 463 1356 499 boni:
1386 464 1470 512 plus
1495 481 1496 490 κ

405 523 532 552 autem
562 517 704 552 habent
733 515 780 550 de
808 515 953 551 ratione
974 515 1130 566 ‘virtutis
1156 515 1308 552 habitus
1336 516 1387 552 illi
1407 516 1470 564 qui

404 568 612 617 respiciunt
631 567 894 603 rectitudinem
915 568 1123 616 appetitus,
1155 568 1242 616 quia
1266 568 1471 617 respiciunt

404 623 549 658 bonum
579 633 656 656 non
677 621 802 656 solum
831 620 1084 667 materialiter,
1106 621 1174 657 sed
1194 621 1307 657 etiam
1330 622 1469 657 forma—
1494 621 1496 626 ’

403 675 496 719 liter,
517 674 612 710 idest
642 673 679 708 id
709 673 815 721 quod
840 681 895 709 est
925 674 1070 709 bonum
1097 674 1167 710 sub
1198 673 1343 710 ratione
1364 674 1467 710 boni.

369 735 374 748 ²
402 727 463 763 Ad
483 726 723 774 prudentiam
744 733 872 762 autem
892 726 1065 774 pertinet,
1087 727 1183 763 sicut
1203 727 1345 763 dictum
1367 734 1423 763 est
1436 726 1468 774 ²¹⁶,

403 780 604 828 applicatio
644 785 769 814 rectae
808 778 963 815 rationis
1001 779 1050 816 ad
1087 791 1206 827 opu8,
1246 779 1353 828 quod
1390 791 1469 816 non

402 833 444 869 fit
472 832 551 868 sine
581 831 751 879 appetitu
790 839 906 868 recto,
950 833 999 868 Et
1027 832 1115 868 ideo
1152 833 1353 881 prudentia
1390 844 1469 869 non

401 886 525 922 solum
555 885 670 921 habet
690 884 878 920 rationem
902 885 1048 921 virtutis
1067 897 1184 933 quam
1213 886 1356 922 habent
1375 885 1469 922 aliae

400 939 557 974 virtutes
587 938 874 983 intellectuales;
905 938 972 974 sed
1003 938 1115 974 etiam
1139 939 1254 975 habet
1284 939 1469 975 rationem

262 985 275 1017 β
399 990 547 1027 virtutis
576 1002 694 1038 quam
723 991 865 1027 habent
891 991 1050 1027 virtutes
1070 989 1085 1020 β
1115 992 1299 1039 morales,
1331 991 1469 1040 quibus

401 1052 513 1080 etlam
545 1051 856 1080 connumeratur.
1242 1092 1244 1094 Ι

452 1099 511 1133 AD
550 1109 687 1134 PRIMUM
728 1109 826 1134 ERGO
865 1108 1052 1134 DICENDUM
1085 1097 1192 1145 quod
1233 1098 1468 1145 Augustinus

398 1149 450 1186 ibi
478 1150 579 1198 large
609 1149 756 1198 accepit
775 1150 971 1187 scientiam
998 1162 1069 1198 pro
1095 1150 1262 1198 qualibet
1290 1159 1391 1187 recta
1411 1164 1467 1188 ra-

398 1210 515 1239 tione.

452 1317 476 1350 β)
498 1318 619 1342 virtutes.
638 1331 657 1336 -
674 1317 744 1342 aliae
762 1317 876 1341 virtutes
895 1316 952 1344 PL3
972 1317 1087 1341 morales
1104 1324 1157 1341 orn.
1177 1317 1208 1342 L.

452 1355 478 1386 γ)
498 1354 578 1378 enim.
596 1367 615 1372 -
632 1356 722 1378 autem
741 1352 1012 1382 PABCDFGKLxma,
1031 1359 1086 1377 om.
1105 1352 1135 1377 E.

1076 226 1342 271 QUAESTIO
1372 227 1528 274 XLVII,
1558 227 1854 264 ARTICULUS
1881 227 1917 264 V

1578 307 1635 341 Αι)
1664 316 1855 341 SECUNDUM
1883 316 2068 342 mcENDUM
2091 307 2197 353 quod
2225 307 2482 357 Philosophus
2502 308 2590 345 dicit

1524 358 1611 394 artis
1641 369 1724 394 esse
1752 357 1944 403 virtutem,
1966 358 2054 406 quia
2082 369 2160 395 non
2188 359 2369 408 importat
2400 361 2587 398 rectitudi-

1524 422 1612 446 nem
1642 410 1842 458 appetitus,
1865 417 1901 446 et
1924 410 2012 447 ideo
2041 411 2091 447 ad
2118 411 2193 447 hoc
2213 413 2319 460 quod
2346 415 2466 450 homo
2488 422 2588 451 recte

1522 471 1647 499 utatur
1666 470 1757 509 arte,
1774 462 1976 511 requiritur
1994 464 2100 511 quod
2118 464 2258 501 habeat
2275 466 2467 513 virtutem,
2489 478 2588 514 quae

1523 516 1634 552 faciat
1670 515 1932 552 rectitudinem
1975 517 2174 564 appetitus.
2216 518 2422 555 Prudentia
2460 526 2587 555 autem

1494 581 1600 612 ‘non
1629 569 1745 604 habet
1780 569 1910 605 locum
1939 568 1976 605 in
2013 569 2070 605 his
2106 581 2204 617 quae
2241 578 2330 607 sunt
2366 571 2475 608 artis:
2505 578 2588 607 tum

1494 614 1496 618 ’
1523 621 1610 669 quia
1626 633 1685 657 ars
1706 621 1901 658 ordinatur
1916 622 1963 658 ad
1984 621 2150 669 aliquem
2165 622 2432 670 particularem
2446 625 2586 670 finem3

1522 682 1603 710 tum
1633 674 1724 721 quia
1743 686 1804 710 ars
1823 675 1940 711 habet
1968 674 2219 712 determinata
2247 677 2375 713 media
2402 689 2473 725 per
2490 689 2588 725 quae

1522 726 1744 775 pervenitur
1771 727 1820 764 ad
1847 728 1978 764 finem.
2008 727 2153 764 Dicitur
2179 736 2309 765 tamen
2337 729 2472 778 aliquis
2499 741 2586 778 pru-

1522 780 1656 816 denter
1674 780 1825 828 operari
1848 779 1886 816 in
1904 780 1963 817 his
1983 792 2082 828 quae
2102 788 2189 817 sunt
2214 781 2303 818 artis
2327 794 2395 830 per
2418 781 2588 819 similitu-

1522 833 1651 869 dinem
1681 833 1894 881 quandam:
1924 833 1962 869 in
1992 833 2223 882 quibusdam
2259 834 2360 871 enim
2380 839 2396 862 Υ
2424 834 2587 883 artibus,

1521 893 1678 934 propter
1705 885 2008 923 incertitudinem
2039 898 2173 923 eorum
2201 887 2341 934 quibus
2368 888 2589 935 pervenitur

1521 939 1570 976 ad
1589 940 1720 986 finem,
1742 939 2002 983 necessarium
2023 947 2078 976 est
2102 940 2314 987 consilium,
2335 940 2430 977 sicut
2450 940 2489 977 in
2509 953 2588 978 me-

1522 991 1671 1031 dicinali
1693 998 1729 1028 et
1747 991 1785 1028 in
1806 991 2053 1040 navigatoria,
2075 1000 2117 1029 ut
2136 993 2272 1030 dicitur
2298 993 2337 1029 in
2358 994 2406 1029 111
2427 994 2547 1030 Ethic.
2569 993 2588 1015 '¹‘

1573 1046 1632 1081 An
1661 1056 1822 1082 TERTmM
1849 1057 2035 1082 mcaNDuM
2069 1047 2173 1094 quod
2210 1046 2302 1083 illud
2338 1046 2481 1083 dictum
2522 1047 2589 1084 Sa-

1494 1101 1495 1114 *
1520 1097 1655 1146 pientis
1676 1110 1755 1135 non
1775 1105 1830 1135 est
1849 1098 1902 1134 sic
1921 1098 2208 1147 intelligendum
2227 1099 2336 1148 quasi
2355 1097 2368 1121 δ
2397 1099 2480 1149 ipsa
2499 1099 2588 1150 pru—
2635 1118 2638 1121 ·

1523 1149 1649 1187 dentia
1677 1150 1724 1187 sit
1751 1151 2010 1188 moderanda:
2038 1151 2107 1188 sed
2140 1151 2230 1199 quia
2257 1154 2470 1190 secundum
2499 1165 2589 1202 pru-

1523 1203 1689 1239 dentiam
1719 1210 1776 1239 est
1803 1203 1886 1239 aliis
1903 1208 1917 1224 ²
1946 1204 2086 1240 modus
2114 1204 2386 1252 imponendus.

1572 1315 1596 1349 ὃ)
1625 1317 1710 1349 quasi.
1733 1330 1752 1335 —
1770 1316 1843 1348 quod
1865 1317 1986 1342 PCDHa.
2008 1330 2028 1336 —
2045 1318 2097 1342 Pro
2121 1318 2158 1343 sit
2176 1319 2357 1348 moderanda,
2386 1319 2423 1344 sit
2449 1321 2590 1346 moderata

1520 1353 1611 1385 ABpn,
1624 1359 1676 1377 non
1695 1353 1732 1377 sit
1750 1353 1891 1377 moderata
1910 1353 1942 1377 D.
2059 1357 2061 1359 ’

1572 1388 1594 1420 ε)
1613 1387 1684 1413 aliis.
1702 1401 1722 1407 -
1739 1388 1809 1413 alius
1829 1389 1870 1414 ed.
1888 1395 1914 1418 a,
1933 1389 2033 1421 aliquis
2052 1389 2122 1421 Ppc.

1069 1457 1406 1491 Commentaria
1427 1457 1682 1491 Oardjnalis
1703 1458 1908 1492 Caietam·

429 1542 449 1561 N
480 1530 612 1561 articulo
637 1536 751 1570 quarto
782 1529 907 1559 adverte
932 1529 1022 1569 quod
1045 1529 1230 1569 prudentia,
1255 1538 1314 1570 pro
1342 1536 1463 1570 quanto
1517 1529 1635 1560 scilicet
1664 1531 1864 1570 praeceptiva
1895 1530 2002 1572 operis
2033 1531 2219 1571 singularis;
2249 1531 2323 1562 ideo
2346 1532 2441 1573 habet
2473 1532 2592 1573 specia-

404 1544 462 1605 lin
486 1575 554 1605 sola
578 1574 759 1614 cognitione
783 1573 935 1610 consistit,
960 1573 1054 1604 habet
1065 1581 1067 1583 ’
1078 1583 1286 1604 communem
1309 1574 1466 1605 rationem
1515 1574 1579 1604 lem
1595 1574 1753 1604 rationem
1768 1574 1904 1611 virtutis,
1920 1585 1984 1616 qua
2001 1582 2047 1606 est
2062 1575 2162 1606 virtus
2179 1575 2375 1616 simpliciter,
2392 1576 2476 1607 sicut
2490 1577 2592 1608 virtus

396 1620 521 1650 virtutis
548 1618 783 1649 intellectualis:
816 1618 892 1658 quia
922 1617 1041 1648 scilicet
1069 1625 1116 1649 est
1141 1628 1291 1649 verorum
1322 1625 1464 1654 tantum;

398 1664 472 1704 quia
489 1663 607 1694 scilicet
622 1671 668 1693 est
685 1662 912 1693 universalium
928 1672 1010 1703 quae
1027 1669 1062 1693 ut
1076 1662 1108 1692 in
1125 1663 1269 1702 pluribus
1291 1672 1364 1692 vera
1381 1669 1465 1693 sunt.

1517 1618 1662 1655 moralis;
1687 1625 1718 1649 et
1741 1628 1778 1649 ex
1795 1619 1907 1649 eadem
1925 1619 2041 1656 radice,
2067 1619 2187 1650 scilicet
2209 1620 2398 1651 rectitudine
2418 1621 2591 1661 appetitus.

1573 1663 1608 1692 ln
1631 1663 1843 1702 responsione
1867 1664 1907 1694 ad
1930 1665 2070 1701 tertium,
2096 1664 2264 1701 conclude,
2285 1665 2423 1696 novitie:
2448 1662 2534 1706 Ergo
2558 1666 2591 1707 ly

398 1709 460 1738 Sed
476 1708 551 1748 quia
570 1709 632 1737 hoc
648 1717 714 1737 non
735 1706 883 1737 convenit
899 1706 1086 1747 prudentiae
1107 1707 1286 1737 secundum
1305 1706 1468 1747 propriam
1512 1706 1709 1747 prudentiae
1731 1714 1778 1738 est
1801 1718 1892 1738 casus
1914 1708 2056 1748 genitivi.
2082 1710 2320 1748 Argumentum
2343 1716 2453 1740 autem
2479 1719 2591 1751 proce-

396 1752 553 1782 rationem
571 1761 635 1792 qua
649 1751 686 1781 ab
707 1751 775 1781 aliis
794 1750 1061 1781 intellectualibus
1080 1751 1249 1781 virtutibus
1265 1751 1376 1787 differt,
1393 1750 1469 1791 quia

1492 1742 1495 1778 Ι
1519 1751 1614 1781 debat
1637 1761 1674 1781 ex
1697 1761 1772 1782 casu
1796 1751 1915 1782 dativo.

1187 1877 1506 1919 ARTICULUS
1537 1876 1794 1929 QUINTUS

1019 1965 1176 1996 UTRUM
1200 1965 1452 1996 PRUDENTIA
1476 1965 1543 1995 Sir
1567 1964 1725 1996 vmrus
1749 1965 1966 1996 SPECIALIS

716 2044 747 2068 111
767 2044 850 2074 Sem„
871 2044 928 2068 dist.
946 2051 980 2072 xx,
1000 2051 1044 2076 qu.
1062 2051 1080 2073 ι,
1100 2048 1148 2069 art.
1171 2051 1192 2073 1,
1212 2043 1262 2076 qu⁵
1283 2051 1311 2074 2;
1331 2043 1392 2068 dist.
1409 2050 1495 2073 xxxin,
1514 2050 1559 2075 qu.
1579 2050 1596 2073 1,
1615 2047 1662 2067 art.
1685 2050 1707 2074 ι,
1726 2043 1776 2076 qu*
1797 2050 1826 2074 2;
1846 2051 1891 2076 qu.
1909 2051 1937 2073 u.
1956 2048 2004 2069 art.
2027 2052 2048 2075 1,
2068 2044 2118 2077 qu²
2139 2043 2163 2075 3,
2182 2045 2215 2069 ad
2234 2051 2260 2070 2.

430 2122 484 2163 ³035,
524 2151 525 2154 Ἴ
546 2135 556 2143 s
607 2119 630 2144 D
651 2118 815 2149 QmNTUM
840 2118 893 2143 SIC
914 2117 1157 2143 Pnocamrun.
1185 2105 1345 2143 Videtur
1359 2105 1464 2154 quod

424 2153 526 2220 ἰῇὲ
556 2159 587 2193 ⁸:
608 2159 809 2209 prudentia
829 2172 908 2196 non
927 2159 974 2196 sit
997 2159 1169 2208 specialis
1188 2159 1322 2196 virtus.
1351 2159 1467 2196 Nulla

414 2212 453 2261 ’γ’
520 2233 539 2257 ῃ
580 2210 711 2250 enim
751 2212 924 2261 specialis
951 2212 1070 2250 virtus
1107 2212 1262 2261 ponitur
1284 2212 1331 2249 'in
1361 2224 1466 2249 com—

566 2257 716 2303 &muni
737 2266 961 2302 definitione
977 2265 1136 2302 virtutis.
1168 2266 1245 2302 Sed
1264 2265 1467 2314 prudentia

398 2319 552 2367 ponitur
579 2319 617 2355 in
647 2319 845 2355 communi
876 2318 1094 2355 definitione
1117 2318 1282 2355 virtutis:
1312 2318 1400 2367 quia
1427 2317 1467 2354 in

160 2373 371 2420 [595¹J}·1,Y¹¹30¹t¹··x.¹1511
401 2374 430 2408 II
451 2372 571 2408 Ethic.
591 2372 611 2393 ³⁶
631 2372 813 2409 definitur
827 2371 944 2407 virtus
964 2372 1110 2407 habitus
1129 2371 1302 2408 electivus
1328 2371 1365 2407 in
1390 2383 1467 2407 me-

221 2451 223 2453 .
254 2443 269 2459 α
399 2426 533 2461 dietate
553 2429 569 2444 α
598 2425 759 2461 existens
787 2425 1032 2460 determinata
1062 2425 1207 2461 ratione
1233 2424 1360 2472 quoad
1385 2436 1464 2470 nos,

393 2483 511 2525 prout
535 2478 684 2525 sapiens
703 2477 980 2521 determinabit;
1009 2484 1110 2513 recta
1138 2485 1266 2514 autem
1296 2477 1390 2513 ratio
1411 2477 1465 2513 in-

398 2530 810 2577 telligitur-secundum
840 2530 1096 2578 prudentiam,
1125 2538 1166 2566 ut
1196 2530 1331 2567 dicitur
1358 2530 1395 2566 in
1414 2530 1466 2567 VI

398 2585 517 2620 Ethic.
538 2582 558 2603 ²¹⁶
586 2584 687 2631 Ergo
718 2583 919 2631 prudentia
947 2595 1025 2619 non
1055 2590 1110 2619 est
1138 2583 1310 2631 specialis
1334 2583 1464 2620 virtus.

454 2648 488 2673 2.
509 2637 742 2682 PRAETEREA,
773 2636 1026 2684 Philosophus
1047 2636 1145 2683 dicit,
1166 2636 1204 2672 in
1223 2637 1274 2673 VI
1293 2637 1413 2673 Ethic.
1433 2635 1464 2684 ³¹³,

399 2689 504 2739 quod
522 2689 640 2726 virtus
660 2688 816 2725 moralis
835 2694 933 2726 recte
939 2690 1044 2737 facit
1060 2689 1214 2737 operari
1219 2690 1356 2736 finem,
1371 2701 1464 2738 pru-

399 2742 524 2780 dentia
552 2748 678 2778 autem
697 2754 742 2778 ea
762 2754 859 2790 quae
883 2747 972 2778 sunt
987 2742 1185 2789 adfinem.
1217 2742 1294 2779 Sed
1313 2742 1352 2778 in
1372 2754 1464 2790 qua-

398 2796 490 2832 libet
512 2795 650 2832 virtute
675 2802 761 2831 sunt
781 2795 907 2843 aliqua
933 2795 1129 2843 operanda
1151 2798 1307 2843 propter
1331 2795 1463 2832 finem.

400 2850 502 2896 Ergo
531 2848 731 2896 prudentia
748 2855 816 2907 Xest
844 2848 880 2884 in
906 2848 1074 2896 qualibet
1100 2847 1250 2884 virtute.
1290 2849 1381 2885 Non
1411 2855 1467 2884 est

401 2913 490 2948 ergo
518 2901 638 2937 virtus
668 2901 852 2949 specialis.

457 2956 489 2991 3.
521 2955 762 3000 PRAETEREA,
791 2954 963 3002 specialis
995 2954 1115 2990 virtus
1151 2954 1267 2990 habet
1301 2953 1464 3004 speciale

401 3006 607 3043 obiectum.
639 3007 715 3043 Sed
734 3006 936 3055 prudentia
956 3019 1033 3043 non
1053 3007 1169 3044 habet
1183 3006 1346 3055 speciale
1361 3006 1466 3043 obie-

402 3066 525 3095 ctum:
558 3067 612 3096 est
641 3059 742 3096 enim
771 3067 872 3096 recta
901 3059 993 3096 ratio
1024 3059 1231 3108 agibilium,
1262 3066 1304 3096 ut
1332 3059 1467 3096 dicitur

401 3113 439 3149 in
458 3113 509 3149 VI
529 3113 648 3149 Ethic.
668 3112 708 3157 *ς
739 3112 890 3160 agibilia
917 3119 1047 3148 autem
1077 3120 1163 3150 sunt
1191 3112 1323 3149 omnia
1347 3125 1465 3161 opera

400 3165 595 3202 virtutum.
626 3165 727 3212 Ergo
748 3165 948 3213 prudentia
969 3178 1046 3202 non
1068 3173 1123 3202 est
1142 3165 1314 3214 specialis
1331 3164 1463 3203 virtus.

160 2589 171 2598 ⁶
187 2588 243 2609 Can.
254 2593 304 2613 xm,
315 2593 337 2608 n.
348 2594 370 2613 4.

162 2626 172 2629 -
184 2614 207 2635 S.
219 2614 253 2634 Th
275 2614 326 2634 lect.
340 2619 371 2634 xr.

161 2644 171 2650 ·
186 2642 239 2661 lios.
248 2641 286 2661 cit.
296 2646 318 2661 n.
329 2647 349 2667 7.

165 3118 173 3125 ⁴
190 3116 220 3136 Ca
240 3132 244 3137 .
268 3122 288 3141 v,
313 3121 336 3136 n.
350 3122 374 3141 4.

165 3155 174 3158 -
188 3144 209 3163 S.
222 3123 266 3163 Prh.
282 3142 373 3163 lect.1v.

457 3219 530 3255 SED
565 3229 712 3255 CONTRA
740 3229 806 3254 EST
830 3219 935 3266 quod
968 3218 1223 3256 condividitur
1251 3226 1287 3256 et
1322 3231 1464 3255 connu-
1489 3223 1491 3255 ἔ

165 3275 173 3282 ”
190 3273 254 3294 ‘'⁶¹¹³-
270 3279 290 3299 7·
403 3278 571 3308 meratur
599 3271 680 3307 aliis
708 3270 930 3307 virtutibus:
962 3271 1096 3308 dicitur
1120 3271 1221 3308 enirn
1243 3272 1331 3320 Sap.
1351 3271 1462 3308 vi11*.
1490 3263 1491 3303 Ῠ

403 3324 647 3361 Sobrietatem
676 3329 711 3360 et
731 3324 972 3372 prudentiam
992 3325 1107 3371 docet,
1137 3325 1313 3361 iustitiam
1337 3330 1373 3361 et
1388 3325 1463 3362 vir-

404 3383 528 3414 tutem.

458 3494 484 3522 α)
505 3491 530 3515 in
552 3491 699 3516 medietate.
718 3505 736 3510 -
756 3490 906 3515 immediate
932 3490 1166 3522 ABCDEFHILpK
1186 3496 1210 3515 et
1229 3498 1296 3519 rma,
1322 3491 1348 3515 in
1368 3490 1468 3515 medio-

403 3526 500 3551 critate
520 3526 547 3550 Ρ.

1571 2106 1799 2142 Rsssponmzo
1819 2118 2004 2143 DlCENDUM
2025 2106 2131 2155 quod
2151 2119 2239 2144 curn
2258 2114 2365 2144 actus
2387 2114 2423 2144 et
2435 2107 2588 2146 habitus

1517 2158 1701 2207 recipiant
1728 2159 1895 2207 speciem
1923 2171 1968 2196 ex
1987 2159 2157 2207 obiectis,
2190 2168 2232 2197 ut
2251 2172 2297 2197 ex
2325 2160 2550 2210 supradictis
2568 2162 2588 2184 ’¹‘

1517 2218 1639 2260 patet,
1669 2223 1827 2248 necesse
1865 2220 1921 2249 est
1949 2212 2056 2260 quod
2092 2212 2244 2250 habitus
2283 2213 2344 2250 cui
2380 2216 2588 2263 respondet

1519 2264 1683 2312 speciale
1721 2264 1914 2302 obiectum
1950 2266 1998 2302 ab
2036 2265 2116 2302 aliis
2154 2266 2373 2304 distinctum
2415 2267 2587 2316 specialis

1519 2317 1565 2353 sit
1592 2317 1764 2354 habitus:
1796 2326 1832 2354 et
1859 2318 1889 2354 si
1919 2326 1973 2354 est
2002 2319 2138 2366 bonus,
2169 2325 2225 2356 est
2253 2320 2424 2367 specialis
2452 2321 2585 2359 virtus.

1521 2369 1693 2418 Speciale
1713 2378 1841 2407 autem
1863 2371 2055 2408 obiectum
2077 2371 2213 2408 dicitur
2231 2384 2309 2408 non
2330 2371 2345 2401 β
2373 2374 2585 2412 secundum

1519 2423 1756 2474 materialem
1777 2424 2122 2461 considerationem
2142 2425 2270 2473 ipsius,
2301 2426 2368 2462 sed
2389 2427 2510 2474 magis
2530 2440 2587 2464 se-

1520 2475 1689 2512 cundum
1719 2476 1906 2513 rationem
1935 2478 2148 2525 formalem,
2178 2486 2219 2515 ut
2248 2491 2293 2516 ex
2321 2480 2545 2527 supradictis
2566 2480 2587 2503 ³²

1519 2536 1639 2576 patet:
1671 2541 1760 2565 nam
1787 2541 1865 2566 una
1894 2538 1930 2566 et
1950 2532 2084 2568 eadem
2115 2543 2173 2568 res
2203 2532 2302 2569 cadit
2329 2533 2400 2568 sub
2421 2540 2506 2570 actu
2532 2533 2586 2571 di—

1519 2594 1721 2618 versorum
1749 2582 1963 2630 habituum,
1993 2591 2030 2620 et
2051 2584 2164 2621 etiam
2185 2584 2424 2622 diversarum
2451 2594 2587 2634 poten-

1518 2635 1668 2682 tiarum,
1690 2637 1902 2672 secundum
1923 2636 2087 2674 rationes
2108 2637 2289 2675 diversas.
2311 2638 2438 2676 Maior
2456 2647 2586 2681 autem

1519 2688 1717 2726 diversitas
1746 2689 1884 2726 obiecti
1917 2689 2116 2738 requiritur
2144 2691 2192 2728 ad
2222 2690 2480 2730 diversitatem
2515 2688 2586 2742 pb-

1517 2742 1656 2778 tentiae
1677 2754 1793 2790 quam
1814 2742 1862 2778 ad
1883 2742 2139 2780 diversitatem
2158 2744 2328 2782 habitus:
2350 2756 2439 2782 cum
2458 2746 2586 2794 plures

1517 2794 1668 2831 habitus
1696 2794 1936 2832 inveniantur
1955 2795 1992 2832 in
2013 2808 2091 2832 una
2111 2797 2280 2845 potentia
2298 2797 2329 2845 ³¹²,
2349 2805 2392 2834 ut
2409 2798 2585 2848 supra-W¹⁸

1518 2847 1660 2884 dictum
1691 2855 1757 2884 est.
1788 2847 1995 2884 Diversitas
2019 2861 2109 2897 ergo
2139 2849 2292 2887 rationis
2317 2850 2455 2887 obiecti
2485 2851 2584 2900 quase

1518 2899 1747 2937 diversificat
1779 2900 2010 2948 potentiam,
2041 2902 2161 2938 multo
2199 2902 2320 2952 magis
2354 2900 2585 2943 diversificat

1518 2953 1705 2990 habitum.

1572 3006 1634 3043 Sic
1662 3006 1773 3054 igitur
1801 3006 2007 3043 dicendum
2036 3014 2092 3043 est
2121 3008 2225 3056 quod
2255 3020 2344 3045 cum
2381 3006 2585 3058 prudentia

1517 3059 1564 3096 sit
1592 3059 1630 3096 in
1657 3059 1818 3106 ratione,
1848 3066 1888 3096 ut
1908 3059 2050 3096 dictum
2072 3067 2127 3097 est
2145 3060 2176 3108 ²¹²,
2207 3060 2485 3099 diversificatur
2503 3062 2585 3116 qui·
2611 3071 2622 3082 ⁸

1519 3113 1607 3149 dem
1637 3112 1685 3149 ab
1705 3112 1785 3149 aliis
1804 3112 2006 3149 virtutibus
2029 3113 2342 3151 intellectualibus
2371 3116 2583 3162 secundum

1518 3165 1752 3202 materialem
1790 3165 2048 3203 diversitatem
2086 3167 2336 3204 obiectorum.
2385 3169 2488 3206 Nam
2525 3164 2584 3210 sa—

1516 3218 1678 3267 pientia,
1717 3218 1872 3255 scientia
1901 3226 1937 3255 et
1963 3219 2174 3256 intellectus
2210 3228 2299 3258 sunt
2326 3220 2426 3258 circa
2453 3233 2585 3259 neces-

1518 3271 1637 3316 saria;
1667 3284 1726 3308 ars
1755 3279 1884 3308 autem
1910 3278 1946 3308 et
1963 3273 2165 3320 prudentia
2189 3273 2287 3310 circa
2311 3274 2582 3322 contingentia3

1517 3324 1584 3361 sed
1622 3337 1681 3361 ars
1711 3324 1809 3361 circa
1847 3325 2023 3362 factibilia
2040 3324 2072 3372 ³⁸,
2102 3338 2202 3374 quae
2240 3326 2379 3364 scilicet
2416 3327 2454 3364 in
2484 3333 2583 3371 exte-

1517 3377 1602 3414 riori
1625 3377 1783 3414 materia
1804 3378 2094 3425 constituuntur,
2114 3379 2210 3416 sicut
2230 3379 2379 3427 domus,
2414 3375 2582 3417 cultellus

1493 3490 1495 3520 Ι
1576 3489 1602 3523 β)
1622 3498 1682 3516 non.
1702 3506 1718 3510 -
1738 3499 1789 3516 non
1808 3493 1893 3517 solum
1913 3493 2002 3518 PDRa.

2614 996 2826 1046 §.⁰3:¹1¹ssaexffif
2845 1025 2850 1028 ·

2614 2166 2624 2175 ⁸
2634 2165 2694 2187 Part.
2703 2165 2722 2192 1,
2737 2169 2826 2193 quaest.

2613 2197 2700 2219 Lxxvu,
2709 2195 2752 2214 nrt.
2762 2198 2787 2220 3;
2802 2192 2826 2214 1·

2612 2217 2667 2245 11⁸⁴,
2675 2224 2716 2246 qu.
2724 2224 2741 2246 1,
2751 2223 2792 2240 arr.
2801 2225 2826 2247 3:

2613 2250 2652 2272 qu.
2667 2250 2732 2272 xvm,
2747 2249 2789 2267 nrt.
2802 2252 2826 2272 ιη

2614 2277 2652 2299 qu.
2667 2277 2712 2298 ιη,
2727 2275 2769 2293 nrt.
2784 2277 2805 2294 2.

2612 2482 2623 2492 '⁵
2632 2481 2655 2503 1·
2665 2481 2720 2509 11⁸⁸,
2729 2487 2768 2510 qu.
2776 2487 2823 2510 nv,

2612 2512 2654 2530 ιη.
2669 2514 2689 2536 2,
2703 2507 2732 2530 ad
2747 2514 2763 2530 1.

2610 2803 2664 2878 g}
2668 2810 2769 2878 f{3{⁵qu.
2775 2837 2822 2858 mv.

2695 3254 2710 3270 Q

2611 3333 2620 3343 ⁸
2634 3332 2661 3355 D.
2678 3338 2724 3361 ²37·
