2892 4056
208 1359 216 1366 '
228 1356 263 1379 Cf.
273 1357 323 1378 loca
338 1357 375 1378 cit.
392 1357 414 1377 in

209 1382 414 1404 Comment.Caiet.

207 1446 215 1453 ·
230 1443 265 1465 Cf.
281 1420 331 1471 caii.
349 1443 380 1465 Et
394 1445 416 1464 si

208 1470 314 1518 Zagffs’
329 1470 364 1492 De
378 1471 414 1491 Iu-

207 3144 278 3166 'Sub.
287 3150 350 3166 nom.
359 3144 416 3165 Am-

209 3171 271 3192 bros.
278 3183 289 3187 -
297 3170 333 3192 cf.
339 3170 416 3193 Sedul.

208 3197 230 3218 in
245 3197 306 3218 hunc
320 3197 365 3221 loc.

210 3225 217 3233 ’
233 3223 298 3244 νει-ε.
313 3229 346 3252 3²·

454 189 502 224 92
1159 177 1425 221 QUAESTIO
1455 180 1505 225 x,
1534 178 1828 215 ARTICULUS
1858 179 1908 214 xl

453 267 498 291 ex
525 254 605 291 iure
634 255 825 291 humano:
855 254 1039 291 distinctio
1060 262 1187 290 autern
1208 253 1379 291 fidelium
1400 262 1436 291 et
1454 255 1509 291 in·
1535 260 1537 302 l
1564 257 1698 292 Matth.
1718 268 1789 292 xvn
1809 258 1839 301 ²²²,
1870 256 2033 293 ostendit
2059 256 2167 303 quod
2190 264 2337 305 poterat
2364 271 2404 295 se
2433 271 2455 295 a
2480 258 2618 296 tributo
2646 264 2843 293 ’V⁶¹··2⁴⁵⁴1<³-
2890 251 2892 253 ¹

451 307 622 344 fidelium
652 314 707 343 est
735 318 778 343 ex
803 307 881 343 iure
902 307 1043 343 divino.
1076 307 1136 342 Ius
1164 313 1293 342 autem
1322 306 1508 354 divinum,
1535 307 1537 352 ξ
2846 306 2853 313 ’

451 361 555 407 quod
576 367 630 396 est
650 371 694 395 ex
726 359 852 406 gratia,
875 371 953 395 non
972 359 1064 395 tollit
1082 358 1139 394 ius
1158 358 1383 406 humanum,
1405 360 1509 408 quod
1535 363 1537 383 ³

451 420 506 448 est
535 424 580 448 ex
607 412 765 448 naturali
794 411 949 447 ratione.
981 412 1029 447 Et
1056 411 1142 447 ideo
1171 410 1355 447 distinctio
1375 416 1388 432 ⁸
1415 412 1509 448 fide·
1535 407 1536 434 3

450 464 542 501 lium
564 471 599 501 et
617 464 839 510 infidelium,
871 463 1080 499 secundum
1102 475 1142 500 se
1163 463 1410 510 considerata,
1431 476 1508 500 non

449 517 542 553 tollit
569 516 780 554 dominium
812 524 846 551 et
867 516 1139 563 praelationem
1162 515 1374 554 infidelium
1395 528 1508 564 supra

449 570 591 606 fideles.
621 570 750 605 Potest
771 576 899 604 tamen
923 568 1017 604 iuste
1037 580 1105 616 per
1123 568 1348 607 sententiam
1368 569 1430 605 vel
1450 581 1509 605 or·
1534 591 1536 620 ?

450 621 681 658 dinationem
711 620 914 666 Ecclesiae,
944 621 1204 658 auctoritatem
1223 621 1296 659 Dei
1320 621 1506 668 habentis,
1534 645 1535 648 =

448 675 518 710 tale
547 674 604 709 ius
634 673 790 709 dominii
818 674 879 709 vel
911 673 1152 721 praelationis
1181 675 1280 711 tolli:
1309 674 1398 722 quia
1425 674 1507 710 infi-
1534 686 1536 713 ἑ

449 727 550 762 deles
579 725 713 761 merito
742 737 832 762 suae
865 726 1092 763 infidelitatis
1121 735 1313 764 merentur
1344 734 1508 774 potesta-

447 786 523 815 tem
552 778 722 814 amittere
751 790 865 826 super
892 778 1044 826 fideles,
1074 779 1137 827 qui
1170 779 1443 817 transferuntur
1469 779 1508 816 in
1533 777 1535 816 ἒ

446 831 544 867 filios
572 830 656 867 Dei.
688 831 764 867 Sed
791 831 866 867 hoc
894 831 1050 878 quidem
1078 832 1248 869 Ecclesia
1273 832 1506 880 quandoque

446 884 545 929 facit,
575 883 805 932 quandoque
835 891 962 920 autern
992 896 1070 921 non
1099 885 1197 922 facit.
1237 887 1278 922 In
1305 884 1375 921 illis
1403 885 1505 922 enirn

446 989 593 1025 ciuntur
622 988 814 1029 Ecclesiae
844 997 879 1025 et
907 989 1089 1027 membris
1119 990 1213 1037 eius,
1244 991 1318 1028 hoc
1349 990 1406 1027 ius
1434 991 1506 1026 Ec-

446 1207 482 1235 et
509 1199 678 1236 similiter
697 1200 738 1246 si,
760 1199 921 1237 infidelis
951 1201 1124 1248 existens,
1150 1201 1258 1238 fuerit
1287 1207 1436 1249 emptus
1457 1200 1505 1237 ad

444 1252 652 1289 servitium.
687 1253 726 1289 Si
755 1260 883 1290 autem
913 1253 1022 1290 fuerit
1049 1261 1200 1301 emptus
1231 1254 1279 1290 ad
1309 1252 1505 1289 mercatio·
1531 1272 1532 1281 ι

444 1317 544 1351 nem,
566 1313 713 1342 tenetur
742 1317 828 1342 eum
859 1306 954 1342 infra
979 1313 1054 1342 tres
1073 1318 1225 1342 menses
1246 1316 1436 1354 exponere
1456 1304 1505 1341 ad
1531 1322 1532 1352 ᾗ

442 1357 689 1394 vendendum
706 1358 735 1395 ²³⁶.
759 1358 842 1394 Nec
861 1358 898 1394 in
916 1359 991 1394 hoc
1010 1358 1185 1395 iniuriam
1206 1358 1293 1395 facit
1312 1357 1503 1394 Ecclesia:
1531 1356 1532 1396 Ῑ

443 1410 542 1459 quia,
559 1422 646 1447 cum
663 1410 732 1459 ipsi
750 1410 878 1447 Iudaei
897 1411 968 1447 sint
983 1411 1080 1448 servi
1095 1411 1286 1448 Ecclesiae
1302 1417 1318 1438 η
1334 1411 1364 1457 *,
1381 1417 1506 1459 potest

444 1463 645 1511 disponere
675 1463 722 1500 de
751 1463 864 1500 rebus
885 1476 1038 1509 eorum;
1069 1464 1164 1501 sicut
1184 1464 1296 1502 etiam
1314 1463 1504 1513 principes

444 1517 655 1553 saeculares
674 1517 813 1553 multas
832 1517 933 1564 leges
952 1517 1153 1554 ediderunt
1172 1515 1286 1565 erga⁰
1307 1529 1397 1554 suos
1417 1516 1504 1552 sub-

445 1569 542 1605 ditos
571 1569 608 1605 in
637 1569 809 1605 favorem
839 1569 1028 1606 libertatis.
1050 1591 1073 1599 -
1094 1571 1136 1606 In
1164 1570 1233 1606 illis
1251 1582 1346 1607 vero
1370 1569 1504 1606 infide-

444 1621 541 1658 libus
560 1622 624 1669 qui
652 1622 909 1670 temporaliter
928 1622 1120 1659 Ecclesiae
1140 1623 1201 1659 vel
1223 1623 1302 1659 eius
1320 1621 1504 1658 membris

443 1687 520 1710 non
549 1674 757 1721 subiacent,
786 1675 1023 1722 praedictum
1052 1675 1110 1712 ius
1138 1675 1308 1712 Ecclesia
1331 1687 1410 1712 non
1431 1681 1503 1711 sta-

443 1727 532 1764 tuit:
562 1727 646 1763 licet
672 1735 802 1775 posset
830 1727 1021 1764 instituere
1051 1728 1098 1764 de
1127 1728 1218 1764 iure.
1249 1728 1297 1764 Et
1322 1728 1396 1764 hoc
1415 1726 1503 1764 facit

443 1780 492 1816 ad
521 1780 743 1816 scandalum
773 1780 983 1817 vitandum.
1023 1780 1126 1817 Sicut
1155 1781 1269 1817 etiam
1299 1779 1502 1828 Dominus,

496 1918 518 1949 ε)
539 1918 575 1942 Et
589 1918 647 1942 ideo
663 1917 806 1942 distinctio.
816 1930 835 1935 -
846 1917 990 1941 Distinctio
1004 1916 1184 1949 ABFKchK.
1199 1917 1343 1942 Distinctio
1355 1920 1444 1942 autem
1460 1917 1504 1946 sE,

444 1953 588 1977 Distinctio
607 1960 671 1986 ergo
690 1953 747 1981 GH,
765 1953 840 1977 Unde
857 1952 992 1977 distinctio
1012 1952 1029 1983 1,
1046 1952 1108 1977 Ideo
1127 1952 1262 1977 distinctio
1282 1952 1334 1982 Pa‚·
1353 1953 1394 1977 ius
1412 1953 1505 1978 huma-

443 1995 533 2013 num...
553 1995 604 2013 non
625 1988 694 2012 tollit
711 1995 764 2011 om.
784 1987 831 2019 ρΕ.

495 2023 520 2055 ζ)
539 2023 630 2048 statim
644 2023 737 2057 sactus
758 2022 934 2047 Christianus.
951 2036 971 2042 -
989 2030 1048 2047 cum
1057 2022 1144 2055 suerit
1157 2022 1248 2054 sactus
1270 2022 1436 2047 Christianus
1450 2025 1504 2047 sta·

445 2058 493 2084 tim
513 2059 559 2083 Pa.
576 2072 594 2077 —
613 2059 662 2083 Pro
681 2058 816 2086 liberetur,
836 2058 950 2089 eripitur
969 2058 1002 2082 H.

495 2094 522 2124 η)
544 2093 684 2118 Ecclesiae.
703 2108 720 2111 -
740 2093 801 2117 Om.
820 2093 850 2117 1..

1565 320 1744 344 excusare
1764 308 1852 356 quia
1871 308 1978 344 liberi
2007 314 2093 345 sunt
2107 309 2203 356 filii:
2231 310 2299 347 sed
2326 318 2454 348 tamen
2478 317 2485 332 ²
2512 323 2619 348 man*

1564 360 1667 398 davit
1694 360 1876 397 tributum
1901 361 1996 398 solvi
2016 361 2065 398 ad
2085 361 2306 401 scandalum
2325 363 2533 400 vitandum.
2565 365 2616 400 Ita

1563 413 1676 450 etiarn
1698 420 1733 449 et
1747 414 1900 460 Paulus,
1922 425 2009 450 cum
2031 413 2182 451 dixisset
2200 415 2303 462 quod
2322 416 2421 453 servi
2440 416 2618 454 dominos

1563 478 1653 502 suos
1673 467 1916 513 honorarent,
1937 465 2148 513 subiungit:
2179 479 2226 503 ne
2252 479 2386 505 nomen
2406 469 2564 505 Domini
2584 475 2619 505 et

1562 519 1732 555 doctrina
1759 519 2032 568 blasphemetur
2049 518 2079 555 ²⁸.

1614 571 1724 608 Unde
1752 579 1855 619 patet
1883 571 2079 620 responsio
2109 571 2157 608 ad
2185 571 2364 619 primum.

1614 626 1673 660 An
1701 635 1889 662 SECUNDUM
1914 635 2096 663 DICENDUM
2117 624 2222 671 quod
2240 624 2302 661 illa
2320 625 2501 673 praelatio
2523 626 2618 663 Cae-

1562 677 1654 713 saris
1674 677 1948 725 praeexistebat
1973 676 2199 713 distinctioni
2227 676 2398 714 fidelium
2418 678 2465 715 ab
2484 678 2619 717 infide-

1534 747 1535 773 }
1561 729 1680 765 libus:
1713 731 1815 767 unde
1853 742 1931 767 non
1968 730 2187 767 solvebatur
2222 741 2291 777 per
2326 731 2616 768 conversionem

1561 781 1773 830 aliquorum
1809 783 1857 820 ad
1888 783 2019 820 fidem.
2059 783 2107 819 Et
2138 782 2227 818 utile
2263 789 2343 818 erat
2370 783 2476 829 quod
2503 783 2617 831 aliqui

1533 857 1535 884 2
1560 834 1693 872 fideles
1721 835 1848 872 locum
1867 841 1883 856 χ
1911 835 1950 872 in
1976 834 2117 873 familia
2147 834 2389 882 Imperatoris
2421 835 2617 883 haberent,

1532 885 1534 940 J
1560 888 1608 925 ad
1637 888 1920 926 defendendum
1941 888 2033 925 alios
2052 887 2205 924 fideles:
2234 887 2328 924 sicut
2348 887 2480 924 beatus
2501 888 2618 925 Seba-

446 936 661 972 infidelibus
686 935 750 985 qui
779 936 891 972 etiam
919 937 1118 985 temporali
1138 938 1372 974 subiectione
1393 937 1506 974 subii·
1532 951 1534 985 3

1532 995 1533 1000 ’
1559 994 1714 1031 videbat
1733 994 1907 1041 deficere,
1925 993 2172 1040 confortabat,
2190 1001 2225 1030 et
2244 993 2371 1030 adhuc
2387 993 2528 1030 latebat
2546 994 2618 1030 sub

446 1042 579 1078 clesiae
608 1042 744 1088 statuit,
765 1049 807 1078 ut
825 1054 958 1079 servus
979 1043 1221 1090 Iudaeorum,
1242 1043 1366 1080 statim
1387 1043 1506 1079 factus
1532 1076 1533 1079 ,

446 1094 679 1130 Christianus
704 1093 731 1141 ζ,
762 1106 784 1130 a
812 1095 990 1132 servitute
1023 1095 1217 1142 liberetur,
1247 1097 1350 1133 nullo
1384 1095 1505 1144 pretio
1531 1126 1533 1140 ,

446 1147 546 1193 dato,
568 1147 597 1182 si
618 1147 726 1183 fuerit
742 1149 982 1194 vernaculus,
1003 1148 1100 1184 idest
1120 1149 1158 1186 in
1177 1149 1356 1186 servitute
1375 1155 1504 1192 natus;
1531 1169 1533 1180 ι

1560 941 1702 978 stianus
1727 941 2027 989 Christianorum
2057 940 2217 987 animos,
2238 952 2336 988 quos
2355 939 2393 976 in
2420 940 2618 978 tormentis

1560 1046 1707 1083 militari
1736 1046 1935 1094 chlamyde
1965 1046 2003 1082 in
2032 1046 2150 1083 domo
2178 1045 2402 1082 Diocletiani
2421 1045 2452 1082 *.

1612 1101 1671 1135 AD
1699 1111 1858 1136 ”reanum
1893 1110 2076 1135 mCENDuM
2109 1098 2214 1146 quod
2242 1098 2341 1135 servi
2370 1098 2618 1135 subiiciuntur

1559 1151 1725 1188 dominis
1753 1151 1830 1188 suis
1852 1151 1903 1188 ad
1921 1158 2039 1187 totam
2058 1151 2187 1197 vitam,
2209 1158 2244 1187 et
2263 1150 2402 1187 subditi
2420 1151 2617 1200 praefectis

1559 1205 1607 1241 ad
1628 1203 1758 1240 omnia
1777 1203 1947 1252 negotia:
1978 1203 2045 1240 sed
2065 1203 2223 1241 ministri
2244 1203 2430 1242 artificum
2450 1203 2617 1242 subdun-

1559 1263 1618 1293 tur
1646 1255 1700 1293 eis
1729 1256 1777 1293 ad
1801 1256 1927 1307 aliqua
1946 1255 2124 1303 specialia
2143 1267 2272 1303 opera.
2301 1256 2412 1293 Unde
2431 1256 2618 1304 periculo-

1559 1309 1636 1345 sius
1664 1316 1721 1345 est
1753 1309 1858 1357 quod
1890 1307 2062 1344 infideles
2094 1307 2282 1356 accipiant
2308 1308 2522 1344 dominium
2555 1310 2617 1348 vel

1557 1361 1832 1410 praelationem
1861 1372 1975 1409 super
2001 1361 2133 1397 fideles
2162 1371 2279 1408 quam
2305 1361 2410 1408 quod
2434 1359 2619 1410 accipiant

1558 1415 1606 1451 ab
1641 1414 1693 1452 eis
1727 1413 1974 1451 ministerium
2009 1412 2047 1450 in
2082 1412 2209 1461 aliquo
2242 1412 2412 1450 artificio.
2451 1413 2500 1450 Et
2529 1412 2618 1455 ideo

1557 1467 1739 1517 permittit
1766 1465 1938 1505 Ecclesia
1965 1465 2069 1514 quod
2099 1465 2300 1503 Christiani
2326 1465 2473 1514 possint
2493 1466 2618 1507 colere

1557 1528 1676 1559 terras
1695 1520 1925 1558 Iudaeorum
1944 1519 1981 1556 *z
2002 1518 2090 1568 quia
2113 1531 2182 1567 per
2199 1518 2274 1556 hoc
2293 1530 2372 1556 non
2390 1519 2534 1557 habent
2551 1530 2618 1557 ne-

1558 1586 1663 1611 cesse
1693 1572 1911 1611 conversari
1939 1583 2027 1608 cum
2057 1571 2121 1608 eis.
2150 1571 2338 1608 Salomon
2364 1571 2476 1608 etiam
2505 1583 2618 1620 expe-

1557 1626 1611 1663 tiit
1639 1639 1661 1663 a
1689 1638 1775 1674 rege
1804 1625 1898 1674 Tyri
1927 1624 2125 1672 magistros
2155 1636 2315 1672 operum
2344 1624 2393 1661 ad
2411 1623 2512 1671 ligna
2532 1636 2616 1661 cae-

1557 1679 1696 1728 denda,
1715 1686 1757 1716 ut
1775 1679 1935 1716 habetur
1963 1678 2012 1713 111
2031 1678 2129 1727 Reg.
2149 1689 2173 1713 v
2192 1664 2225 1713 f.
2245 1697 2269 1704 —
2290 1677 2339 1713 Et
2356 1684 2485 1713 tamen
2513 1676 2544 1714 si
2572 1689 2617 1714 ex

1557 1732 1620 1769 tali
1650 1730 1996 1769 communicatione
2015 1730 2077 1767 vel
2098 1729 2276 1767 convictu
2304 1728 2503 1766 subversio
2522 1729 2616 1767 fide-

1556 1785 1649 1822 lium
1677 1785 1885 1831 timeretur,
1915 1790 2013 1819 esset
2039 1782 2189 1831 penitus
2216 1781 2531 1819 interdicendum.

1610 1914 1635 1948 θ)
1654 1921 1729 1949 erga.
1747 1929 1766 1934 -
1783 1914 1856 1940 circa
1874 1914 1920 1939 Pa.
2510 1935 2512 1937 ,
2590 1924 2597 1937 2

1610 1951 1629 1984 ι)
1647 1951 1694 1976 sed
1717 1954 1816 1975 tamen.
1833 1963 1852 1968 -
1869 1949 1916 1974 sed
1941 1956 1992 1974 non
2018 1947 2216 1980 BFHLpACKx
2227 1966 2234 1978 ‚
2254 1948 2301 1973 sed
2328 1947 2453 1978 ElsACx,
2471 1944 2617 1988 tannem-P,

1556 1986 1751 2052 cumits‘iochu
1767 2033 1787 2039 —
1804 2019 1906 2045 licitum
1929 2018 2139 2050 AEFHLpBCx‚
2158 2017 2273 2051 officium
2297 2017 2399 2043 licitum
2417 2017 2442 2048 1,
2464 2019 2552 2043 ment
2568 2014 2619 2048 (ἁ

1555 2056 1661 2090 familia
1679 2055 1850 2088 imperatoris
1867 2054 1916 2086 ad)
1935 2062 1976 2080 sx.

1115 2171 1448 2204 Commentario.
1469 2170 1722 2203 Gar-dinalis
1743 2169 1943 2203 Caietam

473 2253 493 2272 N
510 2242 642 2273 articulo
655 2241 779 2272 decimo
796 2241 937 2272 eiusdem
950 2241 1144 2282 quaestionis
1160 2248 1246 2278 nota,
1260 2241 1374 2281 primo,
1386 2247 1501 2271 statuta

447 2255 630 2317 IEcclesiae
642 2286 675 2316 in
686 2286 786 2316 littera
802 2286 934 2325 allegata
950 2285 1056 2316 haberi
1076 2285 1194 2323 Extra,
1209 2285 1249 2316 de
1262 2285 1402 2322 Iudaeis,
1419 2285 1502 2325 capi-

442 2331 516 2361 tulis
536 2330 616 2360 Cum
632 2331 683 2367 sit,
699 2330 754 2359 Ex
767 2330 909 2369 speciali,
927 2336 958 2360 et
971 2330 1075 2366 Nulli,
1093 2337 1122 2360 et
1141 2329 1175 2360 in
1186 2329 1336 2365 Decretis,
1352 2328 1423 2359 dist.
1440 2339 1501 2365 Ltv,

442 2384 510 2405 can.
526 2374 638 2405 Nulla.
663 2374 844 2413 Allegatum
864 2383 940 2404 vero
960 2372 992 2403 in
1015 2373 1222 2414 responsione
1250 2373 1290 2403 ad
1308 2373 1438 2404 tertium
1466 2382 1503 2403 ex

444 2418 582 2458 capitulo
605 2418 784 2448 Multorum
810 2423 945 2448 tractum
967 2417 1100 2448 videtur.

497 2463 581 2492 Nota
597 2461 746 2498 secundo,
762 2467 950 2501 potestatem
965 2461 1123 2491 Ecclesiae
1139 2460 1231 2491 etiarn
1253 2469 1346 2501 super
1361 2459 1502 2490 infideles

443 2516 508 2536 non
529 2506 558 2536 ei
577 2505 733 2536 subiectos
753 2504 980 2545 temporaliter:
1005 2506 1093 2545 quod
1113 2503 1229 2535 scilicet
1247 2511 1352 2544 potest
1371 2513 1425 2534 eos
1441 2503 1503 2543 pri-

442 2560 515 2580 vare
533 2550 678 2580 dominio
702 2556 766 2580 tam
791 2549 957 2579 universali
977 2558 1074 2589 quam
1098 2548 1276 2589 particulari
1303 2557 1398 2588 super
1412 2547 1504 2578 Chri-

443 2594 576 2630 stianos,
601 2593 745 2634 quamvis
769 2603 836 2624 non
858 2592 959 2624 faciat.

1606 2241 1691 2270 Nota
1713 2239 1815 2275 tertio,
1840 2246 1871 2269 et
1889 2238 2050 2274 meditare,
2066 2237 2164 2278 quod,
2181 2236 2256 2278 quia
2275 2233 2618 2276 proportionaliter-'in-

1555 2283 1663 2314 fideles
1678 2283 1799 2314 domini
1816 2288 2030 2312 contemnunt
2046 2281 2245 2312 Christianos
2264 2283 2617 2320 cognoscenteseorum

1555 2327 1710 2364 defectus,
1734 2334 1765 2358 et
1787 2325 1910 2358 domini
1933 2325 2103 2358 Christiani
2132 2331 2343 2360 contemnunt
2370 2323 2535 2364 reliv’osos
2559 2333 2618 2359 ‚em

1554 2378 1740 2412 gnoscentes
1756 2381 1869 2402 eorum
1883 2369 2024 2401 defectus
2039 2367 2365 2412 (proportionabiliter
2379 2367 2500 2410 quippe
2515 2367 2618 2413 κὴρ,

1555 2413 1659 2458 bent):
1675 2433 1697 2439 -
1712 2422 1744 2446 et
1766 2421 1943 2456 propterea,
1965 2413 2047 2445 sieut
2067 2412 2244 2443 cavendum
2269 2419 2332 2451 est,
2359 2411 2445 2445 iuxta
2467 2404 2616 2453 Apoetdi

1554 2459 1741 2490 sententiam
1756 2457 1784 2494 ⁴‘,
1810 2457 1994 2489 Christianis
2018 2465 2125 2487 coram
2147 2455 2327 2489 infidelibus
2345 2455 2480 2496 litigare,
2502 2455 2553 2487 ita*
2567 2456 2616 2498 eaf-

1556 2503 1696 2533 vendum
1718 2509 1765 2533 est
1786 2501 1939 2541 religiosis
1965 2510 2072 2531 eoram
2094 2499 2306 2531 saecularibus
2331 2499 2536 2531 contenderes
2551 2498 2616 2531 sed

1558 2557 1621 2578 non
1643 2556 1752 2577 omnes
1775 2547 1905 2586 capiunt
1927 2545 2056 2577 verbum
2081 2545 2175 2575 istud.
2596 2550 2613 2555 ‘⁴

1189 2716 1505 2759 ARricous
1535 2687 1869 2758 unnficimus

1046 2801 1201 2832 UTRUM
1224 2799 1475 2831 INFIDELIUM
1498 2798 1625 2830 RITUS
1648 2798 1744 2829 SINT
1768 2797 2019 2830 TOLERANDI

477 2911 491 2921 cr

472 2924 493 2936 Ρ.

493 2920 504 2949 :-

497 2977 500 2983 “
626 2980 642 2993 §⁴

599 2988 623 3026 'fi

445 3138 648 3188 prohibere
674 3140 812 3190 possit:
842 3147 883 3176 ut
905 3140 1066 3176 habetur
1086 3140 1124 3176 in
1153 3139 1290 3177 Glossa
1306 3138 1328 3159 ⁴*
1346 3139 1457 3176 Rom.
1480 3149 1501 3184 1,

445 3204 560 3241 super
577 3191 667 3230 illud
680 3192 712 3239 ³¹⁶,
732 3193 823 3231 Non
837 3193 958 3229 solum
978 3193 1043 3241 qui
1054 3193 1214 3240 faciunt,
1229 3191 1297 3228 sed
1311 3191 1422 3228 etiam
1441 3191 1507 3239 qui

445 3244 678 3282 consentiunt
689 3245 932 3294 facientibus.
963 3245 1064 3293 Ergo
1094 3251 1253 3294 peccant
1280 3243 1344 3292 qui
1369 3254 1502 3280 eorum

446 3298 536 3334 ritus
564 3298 735 3335 tolerant.

498 3433 526 3465 α)
545 3433 617 3458 haec.
634 3446 654 3451 -
671 3432 713 3457 hic
731 3433 748 3463 1,
769 3432 846 3457 huius
863 3432 892 3456 P.

499 3467 523 3500 β)
546 3468 698 3493 Christiani.
716 3481 733 3486 -
755 3467 969 3492 Christianorum
991 3467 1037 3491 Pa.

487 2905 530 2934 μὴ
562 2902 628 2936 aa<
655 2889 899 2915 DUNDECIMUM
914 2889 966 2914 S1C
982 2874 1505 2923 PROCEDITUR.Videturquod

475 2920 624 2987 &AER
655 2930 746 2967 ritus
774 2929 984 2967 infidelium
1005 2941 1083 2966 non
1104 2929 1176 2966 sint
1195 2927 1392 2965 tolerandi.
1423 2928 1504 2964 Ma-

462 2987 474 3026 ,
500 2979 509 2989 “
592 2967 615 2990 '²
655 2982 831 3019 nifestum
853 2990 907 3018 est
927 2981 1028 3019 enim
1048 2981 1154 3030 quod
1173 2981 1346 3018 infideles
1370 2980 1408 3017 in
1428 2978 1504 3017 suis

448 3030 471 3057 ⁷'
501 3029 597 3075 Ψ)
613 3028 643 3069 *c
657 3035 786 3071 ritibus
814 3042 973 3084 peccant
992 3047 1058 3071 eos
1087 3033 1290 3071 servando.
1321 3032 1398 3070 Sed
1417 3044 1504 3082 pec-

435 3094 529 3127 vcato
559 3088 770 3124 consentire
797 3087 948 3125 videtur
985 3087 1050 3135 qui
1087 3099 1166 3124 non
1201 3085 1379 3136 prohibet
1416 3096 1503 3122 cum

1613 2885 1647 2910 2.
1665 2874 1896 2919 PRAETEREA,
1909 2872 2000 2909 ritus
2018 2873 2244 2909 ludaeorum
2260 2871 2494 2909 idololatriae
2510 2880 2615 2909 coms-

1557 2933 1756 2975 parantur:
1781 2925 1875 2976 *quia
1894 2937 2008 2977 super
2026 2925 2118 2963 illud
2141 2925 2225 2962 Gal.
2246 2937 2269 2961 v
2283 2924 2314 2971 ³²²,
2333 2924 2463 2961 Nolite
2479 2918 2614 2966 iterabit
2641 2943 2651 2953 ·

1559 2980 1649 3029 iugo
1674 2979 1860 3016 servitutis
1887 2978 2085 3024 contineri,
2107 2977 2195 3015 dicit
2223 2978 2359 3015 Glossa
2378 2975 2414 3013 *z
2443 2970 2546 3025 Non,
2562 2982 2614 3020 est

1557 3031 1676 3069 levior
1694 3032 1788 3068 haec
1807 3036 1823 3052 ²
1843 3029 1936 3082 legis
1953 3031 2111 3068 servitus
2130 3041 2244 3080 quam
2263 3029 2506 3068 idololatriae.
2521 3021 2615 3080 8ὲὸ

1558 3096 1637 3121 non
1672 3083 1916 3121 sustineretur
1947 3083 2052 3133 quod
2080 3082 2313 3120 idololatriae
2348 3082 2480 3120 ritum*
2500 3078 2613 3138 aliqtfi

1559 3144 1794 3174 exercerent:
1825 3135 2038 3184 quinimmo
2058 3134 2261 3173 Christiani
2279 3133 2295 3164 θ
2313 3135 2501 3189 principes
2519 3130 2614 3174 temfi

1557 3191 1619 3238 pla
1647 3189 1838 3227 idolorum
1862 3188 1989 3238 primo
2013 3187 2148 3236 claudi,
2170 3196 2207 3225 et
2261 3195 2366 3227 ostea
2393 3185 2487 3228 dirui
2512 3179 2615 3262 1ὲέΞᾷ
2641 3207 2725 3256 hffl’r'
2739 3208 2851 3257 5353.

2641 3259 2791 3282 cxxxvm.

1557 3250 1654 3290 runt,
1673 3249 1716 3279 ut
1742 3241 1975 3292 Augustinus
2003 3249 2140 3289 narrat,
2159 3240 2232 3279 XV
2248 3237 2282 3278 'n
2311 3241 2358 3279 de
2387 3239 2467 3280 Civ.
2491 3240 2569 3283 Dei
2603 3260 2612 3277 ·.

1557 3295 1659 3342 Ergo
1680 3294 1794 3331 etiarn
1809 3299 1825 3322 Ὺ
1841 3294 1930 3331 ritus
1946 3294 2176 3332 ludaeorum
2195 3293 2345 3331 tolerari
2363 3295 2441 3330 non
2461 3292 2630 3342 debene

1609 3431 1635 3463 γ)
1657 3430 1732 3464 Ergo
1750 3430 1838 3454 etiam.
1857 3443 1876 3448 —
1896 3429 1969 3463 Ergo
1987 3429 2131 3454 secundum
2145 3429 2195 3454 hoc
2212 3429 2263 3459 lex,
2278 3427 2353 3461 Ergo
2366 3427 2397 3455 Κ,
2412 3427 2448 3452 Β
2465 3427 2525 3452 ideo
2543 3431 2569 3453 et
2583 3428 2612 3458 L,

1558 3465 1632 3498 Ergo
1649 3464 1793 3490 secundum
1812 3471 1856 3497 px,
1878 3464 1951 3497 Ergo
1969 3464 2114 3490 secundum
2133 3463 2182 3489 hoc
2198 3463 2278 3489 ntum
2297 3463 2344 3488 ra.

2646 521 2784 544 'Loe.cit.in
2790 528 2857 550 arga.

2645 1046 2654 1055 ·
2667 1044 2704 1066 Cf.
2713 1045 2773 1066 Ααι
2787 1043 2855 1067 mse·

2645 1070 2856 1098 mensumn-Inter

2646 1097 2709 1125 Opp.
2724 1097 2834 1119 Anibi-os.

2644 1526 2656 1537 ⁴
2666 1525 2703 1548 Cf.
2717 1525 2762 1548 loe.
2777 1526 2816 1548 eit.
2830 1526 2854 1548 in

2645 1552 2853 1574 Commeatum.

2645 1683 2736 1706 'Vers-
2751 1683 2773 1706 ὁ.

2643 2461 2710 2484 'CR

2642 2490 2726 2510 mm
2733 2467 2782 2491 ura.
2805 2462 2854 2485 Sea

2665 2942 2733 2965 ven.
2747 2948 2764 2965 ι.

2641 2990 2652 3002 “
2676 2990 2852 3032 Μ’·’Ὴμθῑ

2640 3016 2716 3056 wip*
2734 3027 2738 3032 ⁷

2706 3039 2756 3070 ,iv-‘⁷
2838 3043 2848 3051 κ
