2892 4056
0 727 3 738 -
0 702 1 705 „
0 525 7 682 —=-⁴-v—-w·-·
0 461 6 499 -mf

0 746 6 783 i

0 3462 9 3566 «ν-ᾟντν
0 3407 2 3419 <-

53 759 63 770 ⁴
73 759 99 781 S.
108 758 154 780 Th.
169 758 219 779 lect.
231 763 262 779 ix.

42 1553 64 1573 ,0
75 1552 145 1576 Von-
158 1559 178 1582 5.

46 1695 190 1739 kg'Qu-mm,
197 1713 239 1732 art.
246 1715 262 1732 ι.

52 1975 144 1999 ’Vm-
158 1981 191 2005 ²3·

58 3223 265 3252 ‘Quanam-tq.

934 132 1199 179 QUAESTIO
1228 132 1370 180 XXIV,
1398 132 1692 170 ARTICULUS
1723 134 1766 180 Il,
1789 133 1838 169 111

2390 131 2457 178 175

1051 267 1368 309 ARTICULUS
1398 267 1695 308 SECUNDUS

768 374 770 376 ψ
795 352 949 384 UTRUM
973 351 1158 383 CARITAS
1183 351 1413 382 CAUSETUR
1436 350 1478 380 IN
1500 350 1626 381 NOBIS
1649 351 1705 381 EX
1730 351 1956 382 INFUSIONE

889 422 921 447 111
942 422 1020 446 Cont.
1041 422 1128 450 Gent„
1147 429 1202 453 cap.
1222 428 1279 451 ειη
1299 421 1341 445 De
1360 420 1437 445 duob.
1456 420 1549 445 staec.
1572 421 1656 446 Carit.
1675 426 1732 450 etc..
1752 421 1856 453 Prolog.

470 515 473 522 ‹
499 503 523 529 D
538 504 728 530 SECUNDUM
743 503 795 529 Sic
810 503 1050 529 PROCEDITUR.
1071 491 1230 528 Videtur
1244 491 1349 539 quod

321 523 350 540 μ’.
404 510 458 562 [ηεξ

318 527 634 603 wearitas
671 557 749 582 non
783 552 957 582 causetur
993 543 1032 580 in
1064 543 1175 580 nobis
1213 556 1258 580 ex
1295 544 1349 580 in-

324 598 413 674 ,ἴεν
447 602 467 637 ἢ
487 597 659 641 fusione.
690 597 784 634 Illud
812 597 914 634 enim
934 596 1039 644 quod
1073 604 1128 632 est
1143 608 1349 634 commune

388 643 441 689 5332)
456 641 487 683 X<
501 650 679 687 omnibus
694 648 884 694 creaturis,
900 649 1116 685 naturaliter
1130 650 1349 687 hominibus

308 627 320 651 ¹»

290 701 398 738 inest.
431 703 505 740 Sed
526 703 622 740 sicut
639 701 845 750 Dionysius
866 701 965 748 dicit,
986 701 1024 738 in
1045 713 1080 737 ιν
1099 714 1181 750 cap.
1202 704 1247 739 de
1261 704 1346 739 Di.v

289 754 407 791 Nom.
426 754 457 802 *,
487 755 658 792 omnibus
685 753 864 804 diligibile
890 759 926 790 et
950 754 1112 791 amabile
1130 759 1184 790 est
1210 756 1347 792 bonum

291 807 471 854 divinum,
491 807 596 856 quod
615 814 672 844 est
690 806 882 844 obiectum
903 806 1076 843 caritatis.
1098 807 1200 855 Ergo
1217 808 1350 844 caritas

291 860 387 897 inest
424 860 536 897 nobis
572 859 809 906 naturaliter,
840 866 876 895 et
904 871 983 895 non
1013 871 1058 895 ex
1086 859 1286 896 infusione.

345 924 380 950 2.
401 913 632 959 PRAETEREA,
662 919 806 961 quanto
835 911 976 960 aliquid
1006 919 1062 948 est
1089 912 1209 960 magis
1233 912 1350 960 diligi·
1374 934 1376 943 ι

291 965 375 1011 bile,
405 972 508 1002 tanto
529 968 547 986 ⁸
574 964 719 1001 facilius
741 963 849 1011 'diligi
876 971 1013 1012 potest.
1057 964 1133 1001 Sed
1162 965 1267 1001 Deus
1297 972 1351 1001 est
1374 984 1376 994 ι

290 1016 458 1054 maxime
485 1017 683 1065 diligibilis:
715 1029 801 1053 cum
830 1017 876 1053 sit
903 1029 1055 1053 summe
1078 1017 1215 1054 bonus.
1246 1018 1348 1065 Ergo
1374 1012 1376 1029 2

289 1069 430 1109 facilius
459 1077 516 1106 est
543 1068 667 1118 ipsum
689 1069 840 1118 diligere
861 1081 977 1118 quam
999 1070 1081 1106 alia.
1114 1070 1191 1108 Sed
1211 1071 1260 1108 ad
1279 1071 1351 1107 alia
1374 1067 1376 1097 j

289 1121 478 1171 diligenda
514 1134 593 1160 non
628 1122 839 1171 indigemus
878 1123 1004 1172 aliquo
1041 1123 1172 1160 habitu
1211 1123 1347 1160 infuso.

289 1174 391 1224 Ergo
420 1187 491 1212 nec
520 1175 632 1212 etiam
662 1177 711 1213 ad
741 1175 972 1223 diligendum
1002 1177 1142 1213 Deum.

345 1228 379 1265 3.
414 1229 647 1279 PRAETEREA,
677 1229 885 1278 Apostolus
914 1228 1012 1275 dicit,
1044 1229 1056 1265 1
1086 1230 1138 1266 ad
1167 1230 1261 1266 Tim.
1284 1229 1348 1266 1*:

287 1280 394 1318 Finis
414 1278 608 1332 praecepti
632 1286 686 1318 est
702 1282 849 1318 caritas
867 1282 912 1318 de
930 1282 1042 1318 corde
1061 1283 1158 1318 hono
1178 1280 1192 1311 β
1211 1288 1247 1319 et
1263 1294 1350 1319 con-

288 1330 440 1371 scientia
463 1345 566 1382 pura
594 1340 631 1370 et
643 1334 727 1382 fide
746 1346 819 1371 non
838 1336 936 1378 ficta.
969 1335 1045 1371 Sed
1064 1335 1159 1371 haec
1179 1335 1247 1371 tria
1266 1347 1349 1383 per-

289 1386 409 1424 tinent
435 1386 484 1423 ad
512 1395 616 1423 actus
644 1387 849 1423 humanos.
882 1387 983 1434 Ergo
1013 1387 1146 1424 caritas
1175 1396 1350 1424 causatur

290 1439 330 1476 in
366 1438 476 1476 nobis
505 1451 550 1476 ex
578 1439 724 1476 actibus
755 1439 1088 1488 praecedentibus,
1124 1448 1160 1476 et
1188 1452 1265 1477 non
1304 1453 1348 1478 ex

288 1490 489 1528 infusione.

294 1545 297 1549 ’
342 1544 418 1581 SED
437 1555 584 1581 CONTRA
598 1556 665 1581 EST
679 1544 782 1593 quod
802 1544 1009 1594 Apostolus
1029 1545 1129 1586 dicit
1144 1546 1256 1582 Rom.
1273 1545 1348 1582 v*:

293 1590 442 1639 &tritas
459 1596 535 1633 Dei
550 1597 688 1647 diffusa
707 1603 761 1634 est
778 1598 815 1634 in
836 1597 1010 1634 cordibus
1029 1599 1163 1635 nostris
1177 1610 1251 1646 per
1269 1599 1349 1648 Spi-

290 1646 403 1688 mum
431 1649 622 1696 Sanctum,
652 1651 719 1699 qui
742 1651 850 1687 datus
876 1656 931 1687 est
956 1650 1072 1698 nobis.

308 1700 568 1740 Responneo
597 1714 782 1741 DICENDUM
811 1703 927 1753 quod,
957 1704 1052 1740 sicut
1080 1702 1222 1741 dictum
1243 1711 1298 1741 est
1315 1704 1348 1751 *,
1374 1702 1375 1708 ’

290 1754 424 1793 caritas
453 1763 509 1792 est
535 1755 699 1792 amicitia
727 1756 917 1815 quaedam
944 1752 1111 1793 hominis
1145 1757 1192 1794 ad
1220 1734 1348 1794 Deurri
1374 1758 1376 1768 '

290 1808 444 1846 fundata
468 1820 582 1856 super
596 1809 982 1846 communicationem
997 1814 1011 1836 Υ
1031 1810 1271 1847 beatitudinis
1289 1822 1350 1846 ae-

289 1868 430 1898 ternae.
461 1861 568 1898 Haec
587 1869 715 1898 autem
731 1862 1026 1899 communicatio
1042 1875 1120 1899 non
1141 1870 1196 1900 est
1214 1875 1348 1900 secun-

290 1914 383 1952 dum
411 1914 515 1951 bona
550 1914 749 1962 naturalia,
780 1913 867 1952 sed*
887 1915 1099 1953 secundum
1134 1916 1237 1952 dona
1268 1928 1350 1964 gra-

289 1966 401 2004 untat
427 1967 528 2015 quia,
556 1974 599 2004 ut
627 1967 761 2004 dicitur
786 1969 898 2005 Rom.
919 1967 1005 2014 v1*,
1033 1969 1163 2018 gratia
1183 1969 1258 2006 Dei
1273 1971 1350 2010 vita

288 2025 454 2057 aeterna.
484 2020 596 2057 Unde
624 2028 661 2057 et
687 2020 768 2069 ipsa
797 2021 930 2057 caritas
958 2021 1172 2058 facultatem
1193 2029 1350 2059 naturae

290 2072 446 2109 excedit.
477 2073 594 2119 Quod
622 2081 750 2110 autem
779 2074 925 2110 excedit
952 2082 1107 2111 naturae
1135 2075 1350 2112 facultatem
1376 2115 1377 2122 ἵ

289 2137 368 2162 non
396 2133 520 2174 potest
548 2138 629 2163 esse
657 2138 782 2174 neque
811 2127 979 2164 naturale
1019 2140 1146 2176 neque
1187 2140 1257 2176 per
1282 2141 1351 2176 po-
1376 2135 1377 2140 ’

288 2177 422 2235 tentias
451 2179 639 2216 naturales
667 2179 910 2228 acquisitum:
941 2180 1029 2228 quia
1058 2180 1216 2218 effectus
1245 2189 1352 2218 natu-

1403 492 1489 528 ralis
1508 504 1586 528 non
1614 491 1844 528 transcendit
1861 503 1970 528 suam
1996 502 2165 528 causam.
2197 490 2308 528 Unde
2329 490 2460 527 caritas

1403 557 1481 581 non
1500 551 1624 594 potest
1643 556 1767 593 neque
1788 544 2004 581 naturaliter
2031 543 2142 581 nobis
2174 543 2307 590 inesse,
2337 555 2460 592 neque

1402 609 1471 646 per
1497 597 1599 634 vires
1628 598 1818 634 naturales
1848 604 1903 633 est
1921 595 1934 618 ὅ
1954 596 2145 645 acquisita,
2175 597 2242 633 sed
2269 607 2339 645 per
2365 596 2460 633 infu-

1403 650 1550 687 sionem
1581 650 1740 699 Spiritus
1769 650 1895 686 Sancti
1913 648 1945 695 *‚
1966 649 2031 698 qui
2059 657 2114 686 est
2142 661 2251 686 amor
2278 649 2398 686 Patris
2427 656 2461 685 et

1404 703 1498 750 Filii,
1528 703 1634 740 cuius
1661 702 1896 751 participatio
1924 702 1963 738 in
1991 701 2102 738 nobis
2137 710 2192 739 est
2219 702 2300 750 ipsa
2329 701 2462 739 caritas

1374 766 1376 802 ξ
1404 763 1527 792 creata
1546 761 1570 802 ²,
1592 755 1686 792 sicut
1714 767 1828 803 supra
1846 754 1866 776 *
1886 755 2027 791 dictum
2058 762 2123 791 est.

1455 810 1514 844 AD
1542 820 1679 845 PR1MUM
1707 819 1805 844 ERGO
1833 819 2016 844 D1CENDUM
2040 807 2145 855 quod
2172 807 2380 855 Dionysius
2407 807 2460 843 lo-

1403 860 1529 909 quitur
1548 861 1594 897 de
1615 861 1814 897 dilectione
1829 860 1901 896 Dei
1921 872 2019 908 quae
2035 860 2211 897 fundatur
2230 872 2342 908 super
2358 871 2462 896 Corn-

1403 913 1659 950 municatione
1688 912 1915 949 naturalium
1944 913 2149 959 bonorum,
2179 920 2214 948 et
2242 912 2327 949 ideo
2357 920 2462 949 natu-

1404 965 1528 1002 raliter
1555 964 1731 1002 omnibus
1759 964 1865 1001 inest.
1896 965 1973 1001 Sed
2001 964 2133 1001 caritas
2152 965 2330 1002 fundatur
2349 977 2462 1015 super

1403 1018 1570 1067 quadam
1587 1017 1932 1054 communicatione
1947 1018 2233 1066 supernaturali.
2253 1019 2364 1055 Unde
2383 1031 2461 1056 non

1404 1079 1459 1108 est
1487 1071 1618 1108 similis
1645 1070 1752 1107 ratio:

1455 1126 1514 1160 AD
1543 1135 1734 1161 SECUNDUM
1763 1134 1947 1171 D1CENDUM
1967 1123 2071 1172 quod
2091 1123 2186 1160 sicut
2205 1124 2309 1160 Deus
2329 1136 2462 1161 secun-

1404 1176 1497 1214 dum
1518 1189 1558 1213 se
1579 1184 1635 1214 est
1658 1176 1825 1213 maxime
1845 1175 2120 1224 cognoscibilis,
2150 1188 2229 1212 non
2247 1183 2375 1214 tamen
2395 1189 2462 1214 no—

1403 1230 1471 1277 bis,
1501 1237 1657 1279 propter
1694 1229 1883 1266 defectum
1912 1236 2062 1266 nostrae
2101 1228 2333 1276 cognitionis,
2363 1242 2462 1278 quae

1403 1283 1595 1332 dependet
1622 1295 1644 1319 a
1674 1283 1786 1318 rebus
1815 1281 2068 1328 sensibilibus;
2098 1281 2147 1318 ita
2166 1282 2279 1318 etiam
2300 1283 2405 1319 Deus
2424 1283 2462 1319 in

1403 1348 1444 1372 se
1473 1343 1529 1372 est
1547 1335 1712 1372 maxime
1742 1334 1926 1383 diligibilis
1945 1335 2170 1383 inquantum
2194 1343 2250 1371 est
2269 1335 2461 1372 obiectum

1403 1387 1656 1435 beatitudinis,
1688 1388 1755 1424 sed
1783 1387 1857 1424 hoc
1885 1388 2004 1425 modo
2034 1399 2112 1424 non
2141 1395 2198 1424 est
2222 1388 2387 1425 maxime
2409 1388 2461 1425 di-

1402 1440 1549 1488 ligibilis
1585 1452 1606 1476 a
1635 1440 1764 1486 nobis,
1793 1448 1948 1488 propter
1984 1440 2266 1477 inclinationem
2306 1441 2463 1477 affectus

1403 1492 1519 1530 nostri
1539 1493 1588 1530 ad
1606 1492 1766 1529 visibilia
1794 1493 1906 1529 bona.
1943 1493 2054 1529 Unde
2074 1498 2224 1542 oportet
2243 1492 2255 1518 ⁸
2281 1495 2386 1541 quod
2415 1494 2463 1530 ad

1404 1547 1529 1583 Deum
1557 1546 1633 1582 hoc
1652 1545 1770 1582 modo
1790 1545 1954 1582 maxime
1975 1545 2206 1593 diligendum
2227 1547 2363 1583 nostris
2383 1559 2464 1583 cor-

1404 1599 1514 1636 dibus
1543 1598 1676 1635 caritas
1706 1597 1936 1635 infundatur.

1456 1654 1515 1688 AD
1553 1663 1712 1688 TERTIUM
1746 1662 1929 1689 DlCENDUM
1959 1651 2063 1700 quod
2097 1663 2184 1687 curn
2213 1651 2347 1688 caritas
2376 1651 2464 1688 dici-

1403 1711 1463 1741 tur
1498 1704 1536 1740 in
1566 1703 1676 1741 nobis
1712 1704 1919 1753 procedere
1957 1715 2007 1740 ex
2034 1704 2146 1740 corde
2182 1704 2278 1740 bono
2315 1711 2351 1741 et
2377 1717 2463 1741 con-

1402 1757 1554 1794 scientia
1578 1769 1679 1805 pura
1699 1762 1717 1784 '¹¹
1737 1762 1774 1793 et
1787 1757 1871 1804 fide
1898 1768 1972 1794 non
1989 1758 2099 1805 ficta,
2127 1757 2202 1793 hoc
2222 1757 2463 1794 referendum

1404 1819 1459 1847 est
1486 1811 1535 1847 ad
1564 1818 1690 1847 actum
1719 1810 1890 1855 caritatis,
1920 1809 1983 1858 qui
2013 1821 2057 1845 ex
2084 1809 2301 1858 praemissis
2330 1811 2463 1847 excita-

1403 1871 1474 1900 tur.
1502 1864 1574 1899 Vel
1603 1863 1715 1900 etiam
1744 1863 1819 1899 hoc
1848 1862 1980 1900 dicitur
1999 1863 2088 1910 quia
2116 1862 2334 1899 huiusmodi
2358 1871 2463 1900 actus

1405 1917 1610 1964 disponunt
1637 1915 1836 1952 hominem
1865 1915 1914 1952 ad
1942 1915 2201 1964 recipiendum
2231 1915 2390 1952 caritatis
2409 1916 2463 1953 in-

1404 1970 1640 2007 fusionem.
1615 1967 1627 1989 0
1655 1969 1758 2005 -Et
1785 1968 1955 2005 similiter
1974 1968 2086 2004 etiam
2117 1968 2320 2004 dicendum
2341 1976 2397 2005 est
2416 1969 2467 2006 de

2588 596 2602 621 ὃ

2490 654 2498 661 '
2514 651 2542 672 D.
2557 658 2595 680 3¹¹·

2491 787 2554 814 ¹Qu.
2563 762 2625 811 xxiii.
2633 791 2674 808 am
2681 793 2701 813 2,

2491 813 2550 834 adi.

2591 1972 2604 1997 θ

1406 2035 1451 2059 eo
1481 2022 1586 2070 quod
1615 2021 1848 2069 Augustinus
1877 2021 1965 2058 dicit
1982 2020 2013 2068 ²¹²,
2034 2021 2139 2070 quod
2166 2021 2279 2058 timor
2297 2021 2462 2059 introdu-
2491 2030 2535 2051 ’π’
2521 2031 2612 2058 ni-prm
2625 2030 2658 2051 Ca
2644 2036 2703 2051 a-no

1405 2076 1455 2112 cit
1470 2076 1684 2112 caritatem.-
1713 2082 1749 2111 et
1773 2075 1819 2111 de
1847 2075 1922 2111 hoc
1949 2075 2054 2122 quod
2074 2074 2239 2111 dicitur
2231 2087 2270 2111 m
2294 2075 2464 2112 Glossa*
2492 2089 2515 2104 ¹¹

1406 2129 1540 2167 Matth.
1570 2140 1580 2164 1
1599 2129 1630 2174 *,
1651 2127 1757 2176 quod
1773 2128 1875 2176 fides
1892 2133 2053 2176 generat
2072 2139 2186 2175 spem,
2207 2133 2243 2164 et
2266 2133 2374 2175 spes‘
2403 2140 2463 2164 ca-

1405 2182 1563 2218 ritatem.

344 2300 361 2317 a
391 2295 476 2319 tanto.
493 2291 592 2318 -.0m
611 2293 722 2319 codices.

359 2363 370 2396 ›
381 2325 466 2353 bono.
482 2341 502 2346 -
518 2327 580 2368 Om..
599 2326 716 2361 nimpe,
730 2334 802 2361 puro
820 2328 873 2361 Ριις
892 2337 940 2364 pro
954 2337 1034 2365 pura,
1055 2329 1123 2355 bona
1141 2330 1193 2360 ΡΜ
1213 2330 1260 2355 cfr.
1278 2338 1302 2362 η.

387 2363 593 2388 communicatio

294 2365 368 2431 ἔ)
387 2401 436 2424 est.
453 2411 473 2419 -
489 2405 545 2423 esse
563 2398 586 2428 l;
603 2402 644 2424 est
660 2399 794 2430 acquisita
810 2407 865 2424 om.
882 2400 917 2425 H.

342 2433 485 2500 ger-eata.
503 2447 521 2452 —
537 2436 649 2459 causata
668 2433 760 2463 Pena,
780 2434 846 2459 data
864 2434 897 2464 Η,
915 2442 969 2460 om.
987 2435 1020 2460 G.

388 2471 503 2501 oportet.
513 2471 619 2500 -patet
633 2468 734 2494 codices
746 2474 772 2494 et
789 2476 821 2494 a·
813 2473 898 2498 ‚rante
912 2470 1011 2495 nostris
1024 2469 1149 2496 cordibus
1163 2470 1262 2495 addunt
1272 2477 1352 2502 opor-

290 2506 328 2530 tet
346 2506 377 2528 ut
394 2503 412 2534 1,
432 2510 535 2529 necesse
551 2507 592 2529 est
609 2504 680 2537 quod
698 2504 729 2535 G,
744 2507 849 2536 oportet
866 2505 937 2537 quod
949 2505 995 2536 sK,
1008 2512 1111 2530 necesse
1129 2508 1169 2530 est
1187 2508 1217 2529 ut
1234 2512 1274 2535 sn,
1290 2510 1351 2537 post

593 2369 661 2388 nem.
677 2374 698 2383 -
714 2364 953 2390 communicatione
970 2365 1002 2390 D.

1405 2296 1496 2320 eadem
1514 2299 1620 2328 oportet
1636 2298 1666 2320 ut
1684 2295 1728 2324 sC.
1742 2302 1845 2320 necesse
1857 2295 1937 2320 etiam
1951 2296 2021 2328 quod
2041 2296 2077 2327 D;
2097 2296 2116 2320 Ρ
2135 2296 2203 2328 legit,
2220 2296 2294 2321 Unde
2304 2299 2382 2328 patet
2393 2296 2464 2329 quod

1404 2331 1442 2355 ad
1461 2330 1546 2355 Deum
1562 2330 1681 2356 maxime
1696 2330 1861 2364 diligendum
1880 2331 1929 2356 hoc
1948 2331 2025 2356 modo
2039 2338 2140 2356 necesse
2151 2334 2191 2356 est
2209 2331 2281 2364 quod
2293 2332 2392 2356 nostris
2405 2339 2463 2357 cor-

1405 2365 1480 2391 dibus
1498 2366 1578 2391 etiam
1597 2365 1698 2391 caritas
1717 2365 1884 2399 inflandutur.

1456 2402 1484 2432 η)
1502 2401 1598 2426 bono...
1612 2408 1696 2433 para.
1713 2415 1732 2420 —
1746 2408 1845 2433 puro...
1865 2401 1933 2426 bona
1951 2401 1980 2426 P.

1457 2434 1482 2467 θ)
1501 2436 1670 2469 infusionem.
1687 2449 1706 2455 -
1722 2437 1887 2461 aversionem
1905 2436 2065 2470 ABEFpr,
2084 2436 2235 2470 effusionem
2255 2437 2308 2469 pK,
2327 2437 2463 2462 adversio-

1404 2477 1462 2496 nem
1481 2471 1512 2495 L.

1457 2504 1564 2537 t).spes.
1581 2519 1600 2524 —
1619 2505 1680 2530 Om.
1700 2505 1729 2530 P.

1092 2631 1409 2675 ARTICULUS
1438 2632 1666 2674 TERTIUS

584 2709 740 2739 UTRUM
764 2708 949 2739 CARiTAs
972 2708 1255 2739 INFUNDATUR
1277 2707 1514 2739 SECUNDUM
1537 2708 1858 2745 QUANTITATEM
1880 2709 2168 2740 NATURALIUM

502 2788 572 2813 Part.
589 2788 607 2819 l,
627 2796 673 2821 qu.
690 2795 750 2819 mx,
769 2792 816 2812 art.
836 2787 866 2819 63
886 2788 925 2819 111,
945 2795 989 2820 qu.
1008 2795 1072 2817 Lnx,
1093 2793 1139 2813 art.
1158 2787 1184 2818 8,
1203 2788 1235 2813 ad
1256 2787 1285 2818 33
1305 2788 1314 2812 1
1334 2787 1418 2817 Seni„
1438 2788 1496 2812 dist.
1515 2795 1575 2818 xvn,
1594 2795 1640 2820 qu.
1658 2795 1675 2818 1,
1695 2793 1742 2812 m.
1763 2787 1792 2818 33
1810 2788 1839 2818 ΙΙ,
1855 2788 1914 2813 dist.
1931 2795 1969 2819 111,
1987 2793 2053 2820 part.
2070 2788 2088 2819 1,
2107 2788 2171 2820 Exp.
2190 2788 2250 2819 litt.;

695 2823 735 2852 m.
754 2823 896 2852 dist-¹111.
915 2830 959 2856 qu.
978 2828 1105 2855 1.art.4‚
1125 2823 1174 2856 qu·
1198 2830 1224 2852 1-;
1246 2823 1287 2848 De
1307 2823 1412 2852 Virtut„
1432 2831 1477 2855 qu.
1494 2831 1521 2853 n,
1541 2829 1588 2848 art.
1607 2831 1632 2855 7,
1652 2823 1683 2847 ad
1703 2823 1784 2856 931n
1804 2823 1911 2853 Matth„
1931 2831 1986 2856 cap.
2004 2831 2060 2848 xxv.

326 2912 406 3000 {272
413 2931 474 3002 {a
504 2946 637 2984 caritas
673 2946 890 2985 infundatur
917 2947 1131 2984 secundum
1167 2945 1352 2996 quantita-

314 3000 347 3046 ,5
362 3011 431 3057 qe.
444 2981 473 3034 f
502 3003 620 3036 tem
639 2999 880 3037 naturalium.
910 2999 1056 3037 Dicitur
1083 2999 1188 3037 enim
1215 2999 1351 3036 Matth.

407 2910 416 2934 s
428 2912 479 2948 ζ(
501 2905 525 2930 D
553 2904 712 2931 TERTmM
731 2905 785 2931 s1C
804 2905 1043 2931 PROCEDITUR.
1067 2893 1227 2931 Videtur
1246 2893 1351 2942 quod
1375 2892 1379 2944 1
1405 2894 1574 2931 cundum
1596 2893 1841 2953 capacitatem
1860 2891 1875 2922 β
1893 2893 2040 2931 virtutis
2059 2895 2238 2932 naturalis
2257 2894 2462 2933 infunditur

1403 2945 1552 2984 homini
1580 2946 1712 2983 caritas
1740 2959 1763 2983 a
1789 2947 1886 2984 Deo.

1460 3011 1495 3036 2.
1516 3000 1757 3046 PRAETEREA,
1786 2999 1960 3037 omnium
1999 2999 2262 3038 ordinatorum
2290 3001 2339 3038 ad
2366 3001 2461 3038 invi-

487 3063 579 3088 e>xxv
604 3051 758 3101 *quod
789 3053 890 3089 dedit
914 3053 1114 3101 unicuique
1147 3053 1351 3089 secundum
1406 3064 1490 3089 cern
1520 3053 1731 3089 secundum
1769 3052 2078 3102 proportionatur
2104 3053 2246 3102 primo:
2286 3054 2380 3091 sicut
2406 3054 2462 3090 vi-

288 3086 486 3153 propriam
523 3104 708 3142 virtutem.
749 3105 827 3142 Sed
864 3105 1058 3142 caritatem
1095 3106 1197 3142 nulla
1233 3105 1352 3146 virtus
1406 3105 1674 3154 demusquod
1702 3105 1740 3142 in
1769 3105 1882 3142 rebus
1911 3105 2165 3143 materialibus
2183 3111 2200 3134 Υ
2224 3107 2347 3143 forma
2374 3119 2462 3155 pro-

293 3156 488 3207 praecedit
515 3156 554 3194 in
581 3155 738 3194 homine
766 3156 836 3194 nisi
856 3157 1054 3195 naturalis:
1083 3157 1172 3206 quia
1192 3157 1272 3195 sine
1291 3159 1352 3198 ‘ca,-'

293 3209 399 3248 ritate
427 3210 531 3247 nulla
558 3218 614 3247 est
639 3209 770 3258 virtus,
799 3218 841 3248 ut
868 3210 1009 3247 dictum
1039 3218 1095 3248 est
1112 3210 1143 3248 ²¹².
1164 3211 1266 3259 Ergo
1295 3223 1351 3248 se-

346 3334 373 3367 α)
392 3333 578 3393 φῖαηῑίέαιεηι.
594 3346 614 3352 -
630 3333 805 3366 capacitatem
820 3333 918 3358 1³1<an
936 3337 963 3358 et
979 3341 1004 3363 a,
1019 3334 1195 3367 quantitatem
1214 3334 1255 3359 ve!
1269 3341 1348 3367 capa-

292 3369 399 3395 citatem
431 3387 438 3394 .

1404 3158 1641 3207 portionatur
1670 3158 1860 3206 materiae,
1890 3166 1926 3195 et
1952 3158 1990 3196 in
2019 3158 2129 3196 donis
2160 3159 2326 3207 gratuitis
2344 3159 2461 3207 gloria

1404 3212 1713 3261 proportionatur
1740 3210 1893 3259 gratiae.
1922 3211 1998 3249 Sed
2028 3211 2172 3258 caritas,
2194 3224 2280 3249 cum
2310 3211 2355 3248 sit
2377 3224 2460 3260 per-

1458 3333 1483 3367 β)
1502 3334 1686 3366 capacitatem.
1703 3347 1723 3353 -
1739 3334 1880 3359 caritatem
1894 3333 2064 3366 ABEFleC,
2078 3334 2254 3367 quantitatem
2268 3334 2372 3359 PDGsC
2391 3339 2416 3359 et
2428 3342 2445 3359 a
2452 3342 2462 3364 ,-

1403 3370 1440 3395 al.
1458 3370 1636 3402 quantitatem
1655 3377 1746 3402 margo
1764 3369 1793 3398 Ε,
1811 3370 1853 3394 νει
1868 3369 2044 3401 capacitatem
2063 3377 2153 3402 margo
2172 3369 2192 3393 C

1457 3405 1484 3438 γ)
1504 3405 1695 3430 materialibus.
1712 3418 1730 3424 —
1748 3405 1914 3430 naturalibus
1934 3404 2072 3430 PDGHna.

2491 2057 2700 2082 mc.n.mloa,1³.ct

2492 2099 2550 2130 'int
2551 2109 2591 2130 erli
2584 2115 2616 2130 i.n

2491 2144 2582 2166 ⁴’Vera
2597 2150 2617 2166 2.
