<?xml version="1.0" encoding="UTF-8"?>
<!DOCTYPE html PUBLIC "-//W3C//DTD XHTML 1.0 Transitional//EN"
    "http://www.w3.org/TR/xhtml1/DTD/xhtml1-transitional.dtd">
<html xmlns="http://www.w3.org/1999/xhtml" xml:lang="en" lang="en">
 <head>
  <title>
</title>
<meta http-equiv="Content-Type" content="text/html;charset=utf-8" />
  <meta name='ocr-system' content='tesseract 3.04.00' />
  <meta name='ocr-capabilities' content='ocr_page ocr_carea ocr_par ocr_line ocrx_word'/>
</head>
<body>
  <div class='ocr_page' id='page_1' title='image "./operaomniaiussui08thom/operaomniaiussui08thom_0297.png"; bbox 0 0 2892 4056; ppageno 0'>
   <div class='ocr_carea' id='block_1_1' title="bbox 0 0 56 2853">
    <p class='ocr_par' dir='ltr' id='par_1_1' title="bbox 0 0 56 2853">
     <span class='ocr_line' id='line_1_1' title="bbox 0 0 56 2853; baseline 0 0"><span class='ocrx_word' id='word_1_1' title='bbox 0 0 56 2853; x_wconf 95' lang='lat' dir='ltr'> </span> 
     </span>
    </p>
   </div>
   <div class='ocr_carea' id='block_1_2' title="bbox 76 640 288 689">
    <p class='ocr_par' dir='ltr' id='par_1_2' title="bbox 76 640 288 689">
     <span class='ocr_line' id='line_1_2' title="bbox 76 640 288 689; baseline -0.005 0"><span class='ocrx_word' id='word_1_2' title='bbox 76 640 193 689; x_wconf 45' lang='grc' dir='ltr'>Ῑιιὲἱοάςιιι</span> <span class='ocrx_word' id='word_1_3' title='bbox 214 645 288 666; x_wconf 59' lang='grc' dir='ltr'>ω,</span> 
     </span>
    </p>
   </div>
   <div class='ocr_carea' id='block_1_3' title="bbox 103 1693 207 1724">
    <p class='ocr_par' dir='ltr' id='par_1_3' title="bbox 103 1693 207 1724">
     <span class='ocr_line' id='line_1_3' title="bbox 103 1693 207 1724; baseline 0.01 -8"><span class='ocrx_word' id='word_1_4' title='bbox 103 1693 172 1717; x_wconf 67' lang='grc' dir='ltr'>ναι.</span> <span class='ocrx_word' id='word_1_5' title='bbox 185 1701 207 1724; x_wconf 78' lang='lat'>3.</span> 
     </span>
    </p>
   </div>
   <div class='ocr_carea' id='block_1_4' title="bbox 82 1961 262 2026">
    <p class='ocr_par' dir='ltr' id='par_1_4' title="bbox 82 1961 262 2026">
     <span class='ocr_line' id='line_1_4' title="bbox 82 1961 226 1989; baseline 0.021 -3"><span class='ocrx_word' id='word_1_6' title='bbox 82 1961 226 1989; x_wconf 66' lang='lat' dir='ltr'>‘Yon-²4·</span> 
     </span>
     <span class='ocr_line' id='line_1_5' title="bbox 84 2004 262 2026; baseline -0.012 -0.855"><span class='ocrx_word' id='word_1_7' title='bbox 84 2004 190 2049; x_wconf 29' lang='lat'>‘’¹⁵&#39;&#39;</span> <span class='ocrx_word' id='word_1_8' title='bbox 236 2011 262 2023; x_wconf 72' lang='lat'>».</span> 
     </span>
    </p>
   </div>
   <div class='ocr_carea' id='block_1_5' title="bbox 81 2282 222 2305">
    <p class='ocr_par' dir='ltr' id='par_1_5' title="bbox 81 2282 222 2305">
     <span class='ocr_line' id='line_1_6' title="bbox 81 2282 222 2305; baseline -0.014 1"><span class='ocrx_word' id='word_1_9' title='bbox 81 2283 93 2295; x_wconf 71' lang='lat'><strong><em>⁴</em></strong></span> <span class='ocrx_word' id='word_1_10' title='bbox 107 2282 174 2305; x_wconf 69' lang='lat' dir='ltr'>Vm.</span> <span class='ocrx_word' id='word_1_11' title='bbox 189 2282 222 2304; x_wconf 81' lang='lat'>1⁶.</span> 
     </span>
    </p>
   </div>
   <div class='ocr_carea' id='block_1_6' title="bbox 83 2493 296 2543">
    <p class='ocr_par' dir='ltr' id='par_1_6' title="bbox 83 2493 296 2543">
     <span class='ocr_line' id='line_1_7' title="bbox 83 2493 296 2543; baseline -0.005 0.005"><span class='ocrx_word' id='word_1_12' title='bbox 83 2493 233 2543; x_wconf 60' lang='lat' dir='ltr'>s.⁰¹.1¹0’0{¹.·</span> <span class='ocrx_word' id='word_1_13' title='bbox 241 2498 296 2542; x_wconf 76' lang='lat'>1¹1².</span> 
     </span>
    </p>
   </div>
   <div class='ocr_carea' id='block_1_7' title="bbox 85 2756 225 2785">
    <p class='ocr_par' dir='ltr' id='par_1_7' title="bbox 85 2756 225 2785">
     <span class='ocr_line' id='line_1_8' title="bbox 85 2756 225 2785; baseline 0.007 -7"><span class='ocrx_word' id='word_1_14' title='bbox 85 2756 98 2768; x_wconf 72' lang='lat'><strong>⁶</strong></span> <span class='ocrx_word' id='word_1_15' title='bbox 112 2756 179 2780; x_wconf 72' lang='lat' dir='ltr'>vm.</span> <span class='ocrx_word' id='word_1_16' title='bbox 193 2763 225 2785; x_wconf 86' lang='lat'>¹7·</span> 
     </span>
    </p>
   </div>
   <div class='ocr_carea' id='block_1_8' title="bbox 992 125 1814 174">
    <p class='ocr_par' dir='ltr' id='par_1_8' title="bbox 992 125 1814 174">
     <span class='ocr_line' id='line_1_9' title="bbox 992 125 1814 174; baseline -0.002 -10"><span class='ocrx_word' id='word_1_17' title='bbox 992 127 1258 174; x_wconf 90' lang='lat' dir='ltr'>QUAESTIO</span> <span class='ocrx_word' id='word_1_18' title='bbox 1287 126 1447 173; x_wconf 84' lang='lat' dir='ltr'>XXXII,</span> <span class='ocrx_word' id='word_1_19' title='bbox 1476 125 1772 162; x_wconf 87' lang='lat' dir='ltr'>ARTICULUS</span> <span class='ocrx_word' id='word_1_20' title='bbox 1802 126 1814 162; x_wconf 96' lang='lat'>1</span> 
     </span>
    </p>
   </div>
   <div class='ocr_carea' id='block_1_9' title="bbox 2419 137 2492 173">
    <p class='ocr_par' dir='ltr' id='par_1_9' title="bbox 2419 137 2492 173">
     <span class='ocr_line' id='line_1_10' title="bbox 2419 137 2492 173; baseline 0.014 -1"><span class='ocrx_word' id='word_1_21' title='bbox 2419 137 2492 173; x_wconf 86' lang='lat'>249</span> 
     </span>
    </p>
   </div>
   <div class='ocr_carea' id='block_1_10' title="bbox 766 322 2057 474">
    <p class='ocr_par' dir='ltr' id='par_1_10' title="bbox 766 322 2057 474">
     <span class='ocr_line' id='line_1_11' title="bbox 766 322 2057 402; baseline -0.002 -22"><span class='ocrx_word' id='word_1_22' title='bbox 766 323 1177 402; x_wconf 81' lang='lat' dir='ltr'><strong>QUAESTIO</strong></span> <span class='ocrx_word' id='word_1_23' title='bbox 1215 322 2057 379; x_wconf 87' lang='lat' dir='ltr'>TRIGESIMASECUNDA</span> 
     </span>
     <span class='ocr_line' id='line_1_12' title="bbox 1085 434 1732 474; baseline 0 0"><span class='ocrx_word' id='word_1_24' title='bbox 1085 435 1179 474; x_wconf 87' lang='lat' dir='ltr'>DE</span> <span class='ocrx_word' id='word_1_25' title='bbox 1226 434 1732 474; x_wconf 82' lang='lat' dir='ltr'>ELEEMOSYNA</span> 
     </span>
    </p>
   </div>
   <div class='ocr_carea' id='block_1_11' title="bbox 1131 540 1690 566">
    <p class='ocr_par' dir='ltr' id='par_1_11' title="bbox 1131 540 1690 566">
     <span class='ocr_line' id='line_1_13' title="bbox 1131 540 1690 566; baseline 0 0"><span class='ocrx_word' id='word_1_26' title='bbox 1131 540 1164 565; x_wconf 84' lang='lat' dir='ltr'>IN</span> <span class='ocrx_word' id='word_1_27' title='bbox 1193 541 1316 566; x_wconf 82' lang='lat' dir='ltr'>DECEM</span> <span class='ocrx_word' id='word_1_28' title='bbox 1343 540 1545 566; x_wconf 82' lang='lat' dir='ltr'>ARTICULOS</span> <span class='ocrx_word' id='word_1_29' title='bbox 1573 541 1690 566; x_wconf 87' lang='lat' dir='ltr'>DlVlSA</span> 
     </span>
    </p>
   </div>
   <div class='ocr_carea' id='block_1_12' title="bbox 319 625 1385 994">
    <p class='ocr_par' dir='ltr' id='par_1_12' title="bbox 319 625 1385 994">
     <span class='ocr_line' id='line_1_14' title="bbox 400 625 1382 675; baseline -0.001 -10"><span class='ocrx_word' id='word_1_30' title='bbox 400 640 508 666; x_wconf 78' lang='lat' dir='ltr'>EtNDE</span> <span class='ocrx_word' id='word_1_31' title='bbox 541 625 862 665; x_wconf 89' lang='lat' dir='ltr'>considerandum</span> <span class='ocrx_word' id='word_1_32' title='bbox 905 632 960 662; x_wconf 92' lang='lat' dir='ltr'>est</span> <span class='ocrx_word' id='word_1_33' title='bbox 993 625 1040 662; x_wconf 94' lang='lat' dir='ltr'>de</span> <span class='ocrx_word' id='word_1_34' title='bbox 1074 626 1321 675; x_wconf 86' lang='lat' dir='ltr'><strong>eleemosyna</strong></span> <span class='ocrx_word' id='word_1_35' title='bbox 1348 626 1382 664; x_wconf 66' lang='lat'>²⁸.</span> 
     </span>
     <span class='ocr_line' id='line_1_15' title="bbox 319 639 1120 727; baseline -0.005 -8"><span class='ocrx_word' id='word_1_36' title='bbox 319 639 450 721; x_wconf 83' lang='lat' dir='ltr'>DEt</span> <span class='ocrx_word' id='word_1_37' title='bbox 478 681 577 717; x_wconf 90' lang='lat' dir='ltr'>circa</span> <span class='ocrx_word' id='word_1_38' title='bbox 605 681 680 717; x_wconf 91' lang='lat' dir='ltr'>hoc</span> <span class='ocrx_word' id='word_1_39' title='bbox 708 684 943 727; x_wconf 84' lang='lat' dir='ltr'>quaeruntur</span> <span class='ocrx_word' id='word_1_40' title='bbox 971 677 1120 715; x_wconf 90' lang='lat' dir='ltr'>decem.</span> 
     </span>
     <span class='ocr_line' id='line_1_16' title="bbox 370 731 1385 778; baseline -0.003 -7"><span class='ocrx_word' id='word_1_41' title='bbox 370 734 522 771; x_wconf 87' lang='lat' dir='ltr'>Primo:</span> <span class='ocrx_word' id='word_1_42' title='bbox 553 740 684 770; x_wconf 88' lang='lat' dir='ltr'>utrum</span> <span class='ocrx_word' id='word_1_43' title='bbox 716 731 985 778; x_wconf 88' lang='lat' dir='ltr'>eleemosynae</span> <span class='ocrx_word' id='word_1_44' title='bbox 1022 731 1167 778; x_wconf 87' lang='lat' dir='ltr'>largitio</span> <span class='ocrx_word' id='word_1_45' title='bbox 1201 731 1247 768; x_wconf 92' lang='lat' dir='ltr'>sit</span> <span class='ocrx_word' id='word_1_46' title='bbox 1279 739 1385 768; x_wconf 89' lang='lat' dir='ltr'>actus</span> 
     </span>
     <span class='ocr_line' id='line_1_17' title="bbox 425 786 601 824; baseline -0.011 0"><span class='ocrx_word' id='word_1_47' title='bbox 425 786 601 824; x_wconf 87' lang='lat' dir='ltr'>caritatis.</span> 
     </span>
     <span class='ocr_line' id='line_1_18' title="bbox 371 835 1295 884; baseline -0.006 -6"><span class='ocrx_word' id='word_1_48' title='bbox 371 839 572 878; x_wconf 89' lang='lat' dir='ltr'>Secundo:</span> <span class='ocrx_word' id='word_1_49' title='bbox 603 837 651 875; x_wconf 90' lang='lat' dir='ltr'>de</span> <span class='ocrx_word' id='word_1_50' title='bbox 680 835 919 874; x_wconf 89' lang='lat' dir='ltr'>distinctione</span> <span class='ocrx_word' id='word_1_51' title='bbox 949 836 1295 884; x_wconf 87' lang='lat' dir='ltr'>eleemosynarum.</span> 
     </span>
     <span class='ocr_line' id='line_1_19' title="bbox 370 889 1385 939; baseline -0.006 -9"><span class='ocrx_word' id='word_1_52' title='bbox 370 892 524 930; x_wconf 89' lang='lat' dir='ltr'>Tertio:</span> <span class='ocrx_word' id='word_1_53' title='bbox 554 902 653 939; x_wconf 93' lang='lat' dir='ltr'>quae</span> <span class='ocrx_word' id='word_1_54' title='bbox 673 889 746 926; x_wconf 90' lang='lat' dir='ltr'>sint</span> <span class='ocrx_word' id='word_1_55' title='bbox 763 889 933 938; x_wconf 87' lang='lat' dir='ltr'>potiores</span> <span class='ocrx_word' id='word_1_56' title='bbox 952 889 1236 936; x_wconf 87' lang='lat' dir='ltr'>eleemosynae,</span> <span class='ocrx_word' id='word_1_57' title='bbox 1257 896 1385 925; x_wconf 89' lang='lat' dir='ltr'>utrum</span> 
     </span>
     <span class='ocr_line' id='line_1_20' title="bbox 422 942 985 994; baseline -0.007 -12"><span class='ocrx_word' id='word_1_58' title='bbox 422 944 636 994; x_wconf 83' lang='lat' dir='ltr'>spirituales</span> <span class='ocrx_word' id='word_1_59' title='bbox 663 943 726 979; x_wconf 87' lang='lat' dir='ltr'>vel</span> <span class='ocrx_word' id='word_1_60' title='bbox 754 942 985 991; x_wconf 87' lang='lat' dir='ltr'>corporales.</span> 
     </span>
    </p>
   </div>
   <div class='ocr_carea' id='block_1_13' title="bbox 370 994 1388 1045">
    <p class='ocr_par' dir='ltr' id='par_1_13' title="bbox 370 994 1388 1045">
     <span class='ocr_line' id='line_1_21' title="bbox 370 994 1388 1045; baseline -0.005 -10"><span class='ocrx_word' id='word_1_61' title='bbox 370 998 534 1045; x_wconf 86' lang='lat' dir='ltr'>Quarto:</span> <span class='ocrx_word' id='word_1_62' title='bbox 554 1003 683 1033; x_wconf 90' lang='lat' dir='ltr'>utrum</span> <span class='ocrx_word' id='word_1_63' title='bbox 699 996 916 1044; x_wconf 86' lang='lat' dir='ltr'>corporales</span> <span class='ocrx_word' id='word_1_64' title='bbox 931 995 1202 1043; x_wconf 89' lang='lat' dir='ltr'>eleemosynae</span> <span class='ocrx_word' id='word_1_65' title='bbox 1221 994 1388 1031; x_wconf 86' lang='lat' dir='ltr'>habeant</span> 
     </span>
    </p>
   </div>
   <div class='ocr_carea' id='block_1_14' title="bbox 425 1048 878 1097">
    <p class='ocr_par' dir='ltr' id='par_1_14' title="bbox 425 1048 878 1097">
     <span class='ocr_line' id='line_1_22' title="bbox 425 1048 878 1097; baseline -0.007 -10"><span class='ocrx_word' id='word_1_66' title='bbox 425 1049 603 1087; x_wconf 86' lang='lat' dir='ltr'>effectum</span> <span class='ocrx_word' id='word_1_67' title='bbox 632 1048 878 1097; x_wconf 89' lang='lat' dir='ltr'>spiritualem.</span> 
     </span>
    </p>
   </div>
   <div class='ocr_carea' id='block_1_15' title="bbox 1491 626 2503 820">
    <p class='ocr_par' dir='ltr' id='par_1_15' title="bbox 1491 626 2502 727">
     <span class='ocr_line' id='line_1_23' title="bbox 1491 626 2502 675; baseline 0 -12"><span class='ocrx_word' id='word_1_68' title='bbox 1491 626 1652 673; x_wconf 90' lang='lat' dir='ltr'>Quinto:</span> <span class='ocrx_word' id='word_1_69' title='bbox 1682 633 1810 663; x_wconf 88' lang='lat' dir='ltr'>utrum</span> <span class='ocrx_word' id='word_1_70' title='bbox 1831 626 1920 663; x_wconf 84' lang='lat' dir='ltr'>dare</span> <span class='ocrx_word' id='word_1_71' title='bbox 1942 626 2208 675; x_wconf 85' lang='lat' dir='ltr'>eleemosynas</span> <span class='ocrx_word' id='word_1_72' title='bbox 2228 631 2246 648; x_wconf 62' lang='grc' dir='ltr'><strong>α</strong></span> <span class='ocrx_word' id='word_1_73' title='bbox 2274 626 2319 663; x_wconf 90' lang='lat' dir='ltr'>sit</span> <span class='ocrx_word' id='word_1_74' title='bbox 2337 626 2375 663; x_wconf 89' lang='lat' dir='ltr'>in</span> <span class='ocrx_word' id='word_1_75' title='bbox 2395 638 2502 675; x_wconf 84' lang='lat' dir='ltr'>prae-</span> 
     </span>
     <span class='ocr_line' id='line_1_24' title="bbox 1545 686 1670 727; baseline 0 -12"><span class='ocrx_word' id='word_1_76' title='bbox 1545 686 1670 727; x_wconf 91' lang='lat' dir='ltr'>cepto.</span> 
     </span>
    </p>

    <p class='ocr_par' dir='ltr' id='par_1_16' title="bbox 1492 731 2503 820">
     <span class='ocr_line' id='line_1_25' title="bbox 1492 731 2503 780; baseline 0 -12"><span class='ocrx_word' id='word_1_77' title='bbox 1492 733 1625 768; x_wconf 86' lang='lat' dir='ltr'>Sexto:</span> <span class='ocrx_word' id='word_1_78' title='bbox 1654 738 1779 768; x_wconf 89' lang='lat' dir='ltr'>utrum</span> <span class='ocrx_word' id='word_1_79' title='bbox 1802 731 2009 780; x_wconf 90' lang='lat' dir='ltr'>corporalis</span> <span class='ocrx_word' id='word_1_80' title='bbox 2030 731 2276 780; x_wconf 86' lang='lat' dir='ltr'>eleemosyna</span> <span class='ocrx_word' id='word_1_81' title='bbox 2303 731 2349 769; x_wconf 89' lang='lat' dir='ltr'>sit</span> <span class='ocrx_word' id='word_1_82' title='bbox 2377 731 2503 768; x_wconf 90' lang='lat' dir='ltr'>danda</span> 
     </span>
     <span class='ocr_line' id='line_1_26' title="bbox 1546 784 1853 820; baseline 0 0"><span class='ocrx_word' id='word_1_83' title='bbox 1546 784 1593 820; x_wconf 90' lang='lat' dir='ltr'>de</span> <span class='ocrx_word' id='word_1_84' title='bbox 1623 784 1853 820; x_wconf 88' lang='lat' dir='ltr'>necessario.</span> 
     </span>
    </p>
   </div>
   <div class='ocr_carea' id='block_1_16' title="bbox 1492 836 2504 925">
    <p class='ocr_par' dir='ltr' id='par_1_17' title="bbox 1492 836 2504 925">
     <span class='ocr_line' id='line_1_27' title="bbox 1492 836 2504 895; baseline 0.002 -23"><span class='ocrx_word' id='word_1_85' title='bbox 1492 836 1682 895; x_wconf 41' lang='lat' dir='ltr'>Sep-timo:</span> <span class='ocrx_word' id='word_1_86' title='bbox 1721 844 1850 873; x_wconf 89' lang='lat' dir='ltr'>utrum</span> <span class='ocrx_word' id='word_1_87' title='bbox 1885 837 1931 873; x_wconf 90' lang='lat' dir='ltr'>sit</span> <span class='ocrx_word' id='word_1_88' title='bbox 1968 836 2095 873; x_wconf 85' lang='lat' dir='ltr'>danda</span> <span class='ocrx_word' id='word_1_89' title='bbox 2124 836 2170 873; x_wconf 94' lang='lat' dir='ltr'>de</span> <span class='ocrx_word' id='word_1_90' title='bbox 2208 836 2342 874; x_wconf 90' lang='lat' dir='ltr'>iniuste</span> <span class='ocrx_word' id='word_1_91' title='bbox 2376 837 2504 886; x_wconf 88' lang='lat' dir='ltr'>acqui-</span> 
     </span>
     <span class='ocr_line' id='line_1_28' title="bbox 1545 896 1630 925; baseline 0 0"><span class='ocrx_word' id='word_1_92' title='bbox 1545 896 1630 925; x_wconf 86' lang='lat' dir='ltr'>Slto.</span> 
     </span>
    </p>
   </div>
   <div class='ocr_carea' id='block_1_17' title="bbox 1492 941 2383 1041">
    <p class='ocr_par' dir='ltr' id='par_1_18' title="bbox 1492 941 2383 1041">
     <span class='ocr_line' id='line_1_29' title="bbox 1492 941 2383 990; baseline 0.001 -12"><span class='ocrx_word' id='word_1_93' title='bbox 1492 941 1662 978; x_wconf 87' lang='lat' dir='ltr'>Octavo:</span> <span class='ocrx_word' id='word_1_94' title='bbox 1692 953 1859 989; x_wconf 89' lang='lat' dir='ltr'>quorum</span> <span class='ocrx_word' id='word_1_95' title='bbox 1888 941 1935 977; x_wconf 89' lang='lat' dir='ltr'>sit</span> <span class='ocrx_word' id='word_1_96' title='bbox 1963 941 2053 978; x_wconf 87' lang='lat' dir='ltr'>dare</span> <span class='ocrx_word' id='word_1_97' title='bbox 2083 942 2383 990; x_wconf 87' lang='lat' dir='ltr'>eleemosynam.</span> 
     </span>
     <span class='ocr_line' id='line_1_30' title="bbox 1493 993 2043 1041; baseline 0.002 -12"><span class='ocrx_word' id='word_1_98' title='bbox 1493 994 1634 1030; x_wconf 92' lang='lat' dir='ltr'>Nono:</span> <span class='ocrx_word' id='word_1_99' title='bbox 1663 993 1803 1041; x_wconf 91' lang='lat' dir='ltr'>quibus</span> <span class='ocrx_word' id='word_1_100' title='bbox 1831 993 1877 1029; x_wconf 91' lang='lat' dir='ltr'>sit</span> <span class='ocrx_word' id='word_1_101' title='bbox 1905 994 2043 1030; x_wconf 89' lang='lat' dir='ltr'>danda.</span> 
     </span>
    </p>
   </div>
   <div class='ocr_carea' id='block_1_18' title="bbox 1492 1045 2349 1095">
    <p class='ocr_par' dir='ltr' id='par_1_19' title="bbox 1492 1045 2349 1095">
     <span class='ocr_line' id='line_1_31' title="bbox 1492 1045 2349 1095; baseline 0.004 -13"><span class='ocrx_word' id='word_1_102' title='bbox 1492 1045 1673 1083; x_wconf 91' lang='lat' dir='ltr'>Decimo:</span> <span class='ocrx_word' id='word_1_103' title='bbox 1703 1046 1750 1083; x_wconf 92' lang='lat' dir='ltr'>de</span> <span class='ocrx_word' id='word_1_104' title='bbox 1780 1046 1899 1083; x_wconf 92' lang='lat' dir='ltr'>modo</span> <span class='ocrx_word' id='word_1_105' title='bbox 1929 1046 2045 1083; x_wconf 91' lang='lat' dir='ltr'>dandi</span> <span class='ocrx_word' id='word_1_106' title='bbox 2074 1047 2349 1095; x_wconf 77' lang='lat' dir='ltr'>eleemosynas,</span> 
     </span>
    </p>
   </div>
   <div class='ocr_carea' id='block_1_19' title="bbox 827 1162 1990 1290">
    <p class='ocr_par' dir='ltr' id='par_1_20' title="bbox 827 1162 1990 1290">
     <span class='ocr_line' id='line_1_32' title="bbox 1135 1162 1691 1206; baseline -0.002 -1"><span class='ocrx_word' id='word_1_107' title='bbox 1135 1163 1454 1206; x_wconf 90' lang='lat' dir='ltr'>ARTICULUS</span> <span class='ocrx_word' id='word_1_108' title='bbox 1485 1162 1691 1204; x_wconf 90' lang='lat' dir='ltr'>PRIMUS</span> 
     </span>
     <span class='ocr_line' id='line_1_33' title="bbox 827 1257 1990 1290; baseline -0.003 0"><span class='ocrx_word' id='word_1_109' title='bbox 827 1258 983 1290; x_wconf 90' lang='lat' dir='ltr'><strong>UTRUM</strong></span> <span class='ocrx_word' id='word_1_110' title='bbox 1006 1258 1124 1288; x_wconf 82' lang='lat' dir='ltr'>DARE</span> <span class='ocrx_word' id='word_1_111' title='bbox 1146 1257 1475 1288; x_wconf 84' lang='lat' dir='ltr'>ELEEMOSYNAM</span> <span class='ocrx_word' id='word_1_112' title='bbox 1498 1257 1565 1288; x_wconf 86' lang='lat' dir='ltr'>SIT</span> <span class='ocrx_word' id='word_1_113' title='bbox 1589 1257 1733 1288; x_wconf 85' lang='lat' dir='ltr'>ACTUS</span> <span class='ocrx_word' id='word_1_114' title='bbox 1758 1257 1990 1288; x_wconf 83' lang='lat' dir='ltr'><strong>CARITATIS</strong></span> 
     </span>
    </p>
   </div>
   <div class='ocr_carea' id='block_1_20' title="bbox 1103 1337 1728 1370">
    <p class='ocr_par' dir='ltr' id='par_1_21' title="bbox 1103 1337 1728 1370">
     <span class='ocr_line' id='line_1_34' title="bbox 1103 1337 1728 1370; baseline 0 -8"><span class='ocrx_word' id='word_1_115' title='bbox 1103 1338 1138 1362; x_wconf 93' lang='lat' dir='ltr'>IV</span> <span class='ocrx_word' id='word_1_116' title='bbox 1158 1337 1242 1367; x_wconf 71' lang='lat' dir='ltr'>Sent„</span> <span class='ocrx_word' id='word_1_117' title='bbox 1262 1338 1322 1362; x_wconf 84' lang='lat' dir='ltr'>dist.</span> <span class='ocrx_word' id='word_1_118' title='bbox 1340 1345 1385 1367; x_wconf 77' lang='lat' dir='ltr'>xV.</span> <span class='ocrx_word' id='word_1_119' title='bbox 1405 1345 1450 1370; x_wconf 93' lang='lat' dir='ltr'>qu.</span> <span class='ocrx_word' id='word_1_120' title='bbox 1467 1345 1495 1367; x_wconf 75' lang='grc' dir='ltr'>ιι,</span> <span class='ocrx_word' id='word_1_121' title='bbox 1514 1343 1562 1362; x_wconf 83' lang='lat' dir='ltr'>art.</span> <span class='ocrx_word' id='word_1_122' title='bbox 1585 1346 1593 1362; x_wconf 77' lang='grc' dir='ltr'><em>ι</em></span> <span class='ocrx_word' id='word_1_123' title='bbox 1606 1357 1613 1369; x_wconf 86' lang='grc'>,</span> <span class='ocrx_word' id='word_1_124' title='bbox 1632 1337 1682 1370; x_wconf 80' lang='lat' dir='ltr'>qu⁸</span> <span class='ocrx_word' id='word_1_125' title='bbox 1703 1338 1728 1363; x_wconf 87' lang='lat'>3.</span> 
     </span>
    </p>
   </div>
   <div class='ocr_carea' id='block_1_21' title="bbox 317 1430 530 1631">
    <p class='ocr_par' dir='ltr' id='par_1_22' title="bbox 317 1430 530 1631">
     <span class='ocr_line' id='line_1_35' title="bbox 317 1430 530 1600; baseline 0 0"><span class='ocrx_word' id='word_1_126' title='bbox 317 1430 530 1600; x_wconf 95' lang='lat' dir='ltr'>    </span> 
     </span>
     <span class='ocr_line' id='line_1_36' title="bbox 317 1600 340 1631; baseline 0 2425"><span class='ocrx_word' id='word_1_127' title='bbox 317 1600 340 1631; x_wconf 95' lang='lat' dir='ltr'> </span> 
     </span>
    </p>
   </div>
   <div class='ocr_carea' id='block_1_22' title="bbox 317 1423 1395 3278">
    <p class='ocr_par' dir='ltr' id='par_1_23' title="bbox 317 1423 1390 1893">
     <span class='ocr_line' id='line_1_37' title="bbox 354 1423 1386 1472; baseline -0.004 -10"><span class='ocrx_word' id='word_1_128' title='bbox 354 1444 413 1472; x_wconf 35' lang='lat' dir='ltr'>»fg</span> <span class='ocrx_word' id='word_1_129' title='bbox 434 1446 506 1471; x_wconf 47' lang='lat' dir='ltr'>‘M‘</span> <span class='ocrx_word' id='word_1_130' title='bbox 531 1437 554 1462; x_wconf 83' lang='lat' dir='ltr'>n</span> <span class='ocrx_word' id='word_1_131' title='bbox 582 1437 720 1462; x_wconf 73' lang='lat' dir='ltr'>PRIMUM</span> <span class='ocrx_word' id='word_1_132' title='bbox 748 1436 803 1461; x_wconf 78' lang='lat' dir='ltr'>sic</span> <span class='ocrx_word' id='word_1_133' title='bbox 832 1435 1072 1461; x_wconf 73' lang='lat' dir='ltr'>pnocnmrun.</span> <span class='ocrx_word' id='word_1_134' title='bbox 1092 1423 1254 1460; x_wconf 90' lang='lat' dir='ltr'>Videtur</span> <span class='ocrx_word' id='word_1_135' title='bbox 1281 1423 1386 1471; x_wconf 91' lang='lat' dir='ltr'>quod</span> 
     </span>
     <span class='ocr_line' id='line_1_38' title="bbox 351 1456 1388 1538; baseline -0.004 -23"><span class='ocrx_word' id='word_1_136' title='bbox 351 1456 502 1538; x_wconf 47' lang='lat' dir='ltr'>strui</span> <span class='ocrx_word' id='word_1_137' title='bbox 531 1477 622 1514; x_wconf 91' lang='lat' dir='ltr'>dare</span> <span class='ocrx_word' id='word_1_138' title='bbox 645 1477 933 1525; x_wconf 89' lang='lat' dir='ltr'>eleemosynam</span> <span class='ocrx_word' id='word_1_139' title='bbox 957 1488 1036 1513; x_wconf 91' lang='lat' dir='ltr'>non</span> <span class='ocrx_word' id='word_1_140' title='bbox 1057 1476 1103 1513; x_wconf 90' lang='lat' dir='ltr'>sit</span> <span class='ocrx_word' id='word_1_141' title='bbox 1130 1483 1236 1512; x_wconf 90' lang='lat' dir='ltr'>actus</span> <span class='ocrx_word' id='word_1_142' title='bbox 1257 1475 1388 1512; x_wconf 88' lang='lat' dir='ltr'>carita-</span> 
     </span>
     <span class='ocr_line' id='line_1_39' title="bbox 338 1516 1388 1577; baseline -0.003 -10"><span class='ocrx_word' id='word_1_143' title='bbox 338 1539 370 1577; x_wconf 35' lang='grc' dir='ltr'>[γ</span> <span class='ocrx_word' id='word_1_144' title='bbox 386 1548 454 1575; x_wconf 41' lang='lat' dir='ltr'>pr&lt;</span> <span class='ocrx_word' id='word_1_145' title='bbox 467 1516 498 1571; x_wconf 51' lang='grc' dir='ltr'>’ᾗ</span> <span class='ocrx_word' id='word_1_146' title='bbox 513 1529 586 1566; x_wconf 89' lang='lat' dir='ltr'>tis.</span> <span class='ocrx_word' id='word_1_147' title='bbox 616 1531 734 1566; x_wconf 89' lang='lat' dir='ltr'>Actus</span> <span class='ocrx_word' id='word_1_148' title='bbox 755 1529 857 1566; x_wconf 90' lang='lat' dir='ltr'>enim</span> <span class='ocrx_word' id='word_1_149' title='bbox 878 1529 1040 1566; x_wconf 89' lang='lat' dir='ltr'>caritatis</span> <span class='ocrx_word' id='word_1_150' title='bbox 1060 1541 1139 1566; x_wconf 88' lang='lat' dir='ltr'>non</span> <span class='ocrx_word' id='word_1_151' title='bbox 1157 1536 1285 1577; x_wconf 87' lang='lat' dir='ltr'>potest</span> <span class='ocrx_word' id='word_1_152' title='bbox 1304 1540 1388 1565; x_wconf 88' lang='lat' dir='ltr'>esse</span> 
     </span>
     <span class='ocr_line' id='line_1_40' title="bbox 324 1576 1389 1632; baseline -0.002 -12"><span class='ocrx_word' id='word_1_153' title='bbox 324 1578 470 1632; x_wconf 51' lang='grc' dir='ltr'>’λ’*ῑξὶ*</span> <span class='ocrx_word' id='word_1_154' title='bbox 487 1576 611 1619; x_wconf 39' lang='lat' dir='ltr'>&amp;sine</span> <span class='ocrx_word' id='word_1_155' title='bbox 640 1583 804 1620; x_wconf 87' lang='lat' dir='ltr'>caritate.</span> <span class='ocrx_word' id='word_1_156' title='bbox 841 1582 917 1619; x_wconf 86' lang='lat' dir='ltr'>Sed</span> <span class='ocrx_word' id='word_1_157' title='bbox 946 1582 1093 1631; x_wconf 89' lang='lat' dir='ltr'>largitio</span> <span class='ocrx_word' id='word_1_158' title='bbox 1123 1582 1389 1630; x_wconf 88' lang='lat' dir='ltr'>eleemosyna-</span> 
     </span>
     <span class='ocr_line' id='line_1_41' title="bbox 317 1634 1388 1683; baseline -0.003 -10"><span class='ocrx_word' id='word_1_159' title='bbox 317 1647 404 1673; x_wconf 88' lang='lat' dir='ltr'>rum</span> <span class='ocrx_word' id='word_1_160' title='bbox 442 1642 570 1683; x_wconf 89' lang='lat' dir='ltr'>potest</span> <span class='ocrx_word' id='word_1_161' title='bbox 601 1647 685 1673; x_wconf 91' lang='lat' dir='ltr'>esse</span> <span class='ocrx_word' id='word_1_162' title='bbox 722 1636 803 1673; x_wconf 91' lang='lat' dir='ltr'>sine</span> <span class='ocrx_word' id='word_1_163' title='bbox 837 1636 1011 1673; x_wconf 89' lang='lat' dir='ltr'>caritate:</span> <span class='ocrx_word' id='word_1_164' title='bbox 1049 1635 1264 1672; x_wconf 91' lang='lat' dir='ltr'>secundum</span> <span class='ocrx_word' id='word_1_165' title='bbox 1295 1634 1388 1671; x_wconf 91' lang='lat' dir='ltr'>illud</span> 
     </span>
     <span class='ocr_line' id='line_1_42' title="bbox 318 1688 1388 1736; baseline -0.003 -10"><span class='ocrx_word' id='word_1_166' title='bbox 318 1688 407 1726; x_wconf 86' lang='lat' dir='ltr'>lad</span> <span class='ocrx_word' id='word_1_167' title='bbox 428 1689 516 1725; x_wconf 88' lang='lat' dir='ltr'>Cor.</span> <span class='ocrx_word' id='word_1_168' title='bbox 536 1700 598 1725; x_wconf 85' lang='lat' dir='ltr'>xm</span> <span class='ocrx_word' id='word_1_169' title='bbox 614 1689 649 1726; x_wconf 67' lang='grc' dir='ltr'>*ε</span> <span class='ocrx_word' id='word_1_170' title='bbox 679 1689 722 1726; x_wconf 85' lang='lat' dir='ltr'>Si</span> <span class='ocrx_word' id='word_1_171' title='bbox 738 1689 961 1726; x_wconf 85' lang='lat' dir='ltr'>distribuero</span> <span class='ocrx_word' id='word_1_172' title='bbox 990 1689 1027 1725; x_wconf 90' lang='lat' dir='ltr'>in</span> <span class='ocrx_word' id='word_1_173' title='bbox 1047 1689 1150 1725; x_wconf 83' lang='lat' dir='ltr'>cibos</span> <span class='ocrx_word' id='word_1_174' title='bbox 1171 1699 1388 1736; x_wconf 82' lang='lat' dir='ltr'>pauperum</span> 
     </span>
     <span class='ocr_line' id='line_1_43' title="bbox 317 1741 1390 1789; baseline -0.004 -9"><span class='ocrx_word' id='word_1_175' title='bbox 317 1750 448 1780; x_wconf 81' lang='lat' dir='ltr'>omnes</span> <span class='ocrx_word' id='word_1_176' title='bbox 469 1742 673 1789; x_wconf 80' lang='lat' dir='ltr'>facultates</span> <span class='ocrx_word' id='word_1_177' title='bbox 699 1754 816 1788; x_wconf 90' lang='lat' dir='ltr'>meas,</span> <span class='ocrx_word' id='word_1_178' title='bbox 845 1742 1040 1779; x_wconf 87' lang='lat' dir='ltr'>caritatem</span> <span class='ocrx_word' id='word_1_179' title='bbox 1064 1747 1189 1778; x_wconf 89' lang='lat' dir='ltr'>autem</span> <span class='ocrx_word' id='word_1_180' title='bbox 1219 1753 1294 1778; x_wconf 93' lang='lat' dir='ltr'>non</span> <span class='ocrx_word' id='word_1_181' title='bbox 1323 1741 1390 1776; x_wconf 86' lang='lat' dir='ltr'>ha-</span> 
     </span>
     <span class='ocr_line' id='line_1_44' title="bbox 318 1793 1390 1844; baseline -0.002 -12"><span class='ocrx_word' id='word_1_182' title='bbox 318 1794 435 1833; x_wconf 73' lang='lat' dir='ltr'>buero</span> <span class='ocrx_word' id='word_1_183' title='bbox 455 1793 482 1831; x_wconf 70' lang='grc' dir='ltr'>β.</span> <span class='ocrx_word' id='word_1_184' title='bbox 513 1795 615 1843; x_wconf 88' lang='lat' dir='ltr'>Ergo</span> <span class='ocrx_word' id='word_1_185' title='bbox 645 1795 736 1832; x_wconf 89' lang='lat' dir='ltr'>dare</span> <span class='ocrx_word' id='word_1_186' title='bbox 775 1797 1062 1844; x_wconf 87' lang='lat' dir='ltr'>eleemosynam</span> <span class='ocrx_word' id='word_1_187' title='bbox 1090 1806 1170 1831; x_wconf 90' lang='lat' dir='ltr'>non</span> <span class='ocrx_word' id='word_1_188' title='bbox 1198 1801 1255 1831; x_wconf 87' lang='lat' dir='ltr'>est</span> <span class='ocrx_word' id='word_1_189' title='bbox 1282 1800 1390 1830; x_wconf 86' lang='lat' dir='ltr'>actus</span> 
     </span>
     <span class='ocr_line' id='line_1_45' title="bbox 319 1847 790 1893; baseline -0.004 -7"><span class='ocrx_word' id='word_1_190' title='bbox 319 1847 496 1886; x_wconf 80' lang='lat' dir='ltr'>cantatis.</span> <span class='ocrx_word' id='word_1_191' title='bbox 785 1891 790 1893; x_wconf 9' lang='grc' dir='ltr'>μ</span> 
     </span>
    </p>

    <p class='ocr_par' dir='ltr' id='par_1_24' title="bbox 319 1899 1391 2161">
     <span class='ocr_line' id='line_1_46' title="bbox 375 1899 1391 1950; baseline -0.003 -12"><span class='ocrx_word' id='word_1_192' title='bbox 375 1913 411 1938; x_wconf 82' lang='grc'>2.</span> <span class='ocrx_word' id='word_1_193' title='bbox 441 1902 687 1949; x_wconf 55' lang='lat' dir='ltr'>Puri-Eam,</span> <span class='ocrx_word' id='word_1_194' title='bbox 725 1902 973 1950; x_wconf 86' lang='lat' dir='ltr'>eleemosyna</span> <span class='ocrx_word' id='word_1_195' title='bbox 1013 1907 1259 1949; x_wconf 85' lang='lat' dir='ltr'>computatur</span> <span class='ocrx_word' id='word_1_196' title='bbox 1295 1899 1391 1936; x_wconf 92' lang='lat' dir='ltr'>inter</span> 
     </span>
     <span class='ocr_line' id='line_1_47' title="bbox 320 1952 1387 2004; baseline -0.002 -13"><span class='ocrx_word' id='word_1_197' title='bbox 320 1965 439 2004; x_wconf 89' lang='lat' dir='ltr'>opera</span> <span class='ocrx_word' id='word_1_198' title='bbox 474 1953 759 1991; x_wconf 85' lang='lat' dir='ltr'>satisfactionis:</span> <span class='ocrx_word' id='word_1_199' title='bbox 797 1954 1011 1991; x_wconf 90' lang='lat' dir='ltr'>secundum</span> <span class='ocrx_word' id='word_1_200' title='bbox 1039 1953 1130 1990; x_wconf 89' lang='lat' dir='ltr'>illud</span> <span class='ocrx_word' id='word_1_201' title='bbox 1157 1954 1257 1990; x_wconf 90' lang='lat' dir='ltr'>Dan.</span> <span class='ocrx_word' id='word_1_202' title='bbox 1285 1964 1321 1989; x_wconf 82' lang='grc' dir='ltr'>ιν</span> <span class='ocrx_word' id='word_1_203' title='bbox 1348 1952 1387 1989; x_wconf 77' lang='grc' dir='ltr'>*ε</span> 
     </span>
     <span class='ocr_line' id='line_1_48' title="bbox 319 2005 1389 2056; baseline -0.001 -13"><span class='ocrx_word' id='word_1_204' title='bbox 319 2006 480 2044; x_wconf 84' lang='lat' dir='ltr'>Peccata</span> <span class='ocrx_word' id='word_1_205' title='bbox 508 2012 574 2044; x_wconf 89' lang='lat' dir='ltr'>tua</span> <span class='ocrx_word' id='word_1_206' title='bbox 601 2007 849 2056; x_wconf 87' lang='lat' dir='ltr'>eleemosynis</span> <span class='ocrx_word' id='word_1_207' title='bbox 877 2007 1030 2044; x_wconf 87' lang='lat' dir='ltr'>redime.</span> <span class='ocrx_word' id='word_1_208' title='bbox 1079 2006 1156 2043; x_wconf 92' lang='lat' dir='ltr'>Sed</span> <span class='ocrx_word' id='word_1_209' title='bbox 1185 2005 1389 2042; x_wconf 86' lang='lat' dir='ltr'>satisfactio</span> 
     </span>
     <span class='ocr_line' id='line_1_49' title="bbox 321 2059 1391 2110; baseline -0.003 -12"><span class='ocrx_word' id='word_1_210' title='bbox 321 2067 378 2098; x_wconf 86' lang='lat' dir='ltr'>est</span> <span class='ocrx_word' id='word_1_211' title='bbox 405 2067 511 2097; x_wconf 87' lang='lat' dir='ltr'>actus</span> <span class='ocrx_word' id='word_1_212' title='bbox 539 2059 713 2098; x_wconf 89' lang='lat' dir='ltr'>iustitiae.</span> <span class='ocrx_word' id='word_1_213' title='bbox 742 2061 844 2110; x_wconf 88' lang='lat' dir='ltr'>Ergo</span> <span class='ocrx_word' id='word_1_214' title='bbox 875 2061 966 2098; x_wconf 91' lang='lat' dir='ltr'>dare</span> <span class='ocrx_word' id='word_1_215' title='bbox 995 2060 1282 2108; x_wconf 88' lang='lat' dir='ltr'>eleemosynam</span> <span class='ocrx_word' id='word_1_216' title='bbox 1311 2071 1391 2095; x_wconf 91' lang='lat' dir='ltr'>non</span> 
     </span>
     <span class='ocr_line' id='line_1_50' title="bbox 320 2113 1015 2161; baseline -0.003 -10"><span class='ocrx_word' id='word_1_217' title='bbox 320 2119 378 2151; x_wconf 84' lang='lat' dir='ltr'>est</span> <span class='ocrx_word' id='word_1_218' title='bbox 404 2120 510 2150; x_wconf 90' lang='lat' dir='ltr'>actus</span> <span class='ocrx_word' id='word_1_219' title='bbox 541 2113 715 2161; x_wconf 88' lang='lat' dir='ltr'>caritatis,</span> <span class='ocrx_word' id='word_1_220' title='bbox 745 2114 812 2151; x_wconf 91' lang='lat' dir='ltr'>sed</span> <span class='ocrx_word' id='word_1_221' title='bbox 841 2114 1015 2150; x_wconf 88' lang='lat' dir='ltr'>iustitiae.</span> 
     </span>
    </p>

    <p class='ocr_par' dir='ltr' id='par_1_25' title="bbox 319 2165 1391 2480">
     <span class='ocr_line' id='line_1_51' title="bbox 375 2165 1390 2215; baseline -0.003 -11"><span class='ocrx_word' id='word_1_222' title='bbox 375 2167 411 2204; x_wconf 88' lang='lat'>3.</span> <span class='ocrx_word' id='word_1_223' title='bbox 440 2166 682 2215; x_wconf 74' lang='lat' dir='ltr'>PRAETEREA‚</span> <span class='ocrx_word' id='word_1_224' title='bbox 713 2167 851 2204; x_wconf 85' lang='lat' dir='ltr'>offerre</span> <span class='ocrx_word' id='word_1_225' title='bbox 888 2165 1055 2203; x_wconf 87' lang='lat' dir='ltr'>hostiam</span> <span class='ocrx_word' id='word_1_226' title='bbox 1082 2167 1167 2202; x_wconf 92' lang='lat' dir='ltr'>Deo</span> <span class='ocrx_word' id='word_1_227' title='bbox 1198 2172 1255 2201; x_wconf 92' lang='lat' dir='ltr'>est</span> <span class='ocrx_word' id='word_1_228' title='bbox 1283 2172 1390 2201; x_wconf 90' lang='lat' dir='ltr'>actus</span> 
     </span>
     <span class='ocr_line' id='line_1_52' title="bbox 319 2218 1389 2269; baseline -0.002 -13"><span class='ocrx_word' id='word_1_229' title='bbox 319 2218 462 2256; x_wconf 85' lang='lat' dir='ltr'>latriae.</span> <span class='ocrx_word' id='word_1_230' title='bbox 485 2219 562 2256; x_wconf 90' lang='lat' dir='ltr'>Sed</span> <span class='ocrx_word' id='word_1_231' title='bbox 582 2219 672 2257; x_wconf 89' lang='lat' dir='ltr'>dare</span> <span class='ocrx_word' id='word_1_232' title='bbox 689 2219 977 2269; x_wconf 87' lang='lat' dir='ltr'>eleemosynam</span> <span class='ocrx_word' id='word_1_233' title='bbox 998 2226 1054 2255; x_wconf 92' lang='lat' dir='ltr'>est</span> <span class='ocrx_word' id='word_1_234' title='bbox 1069 2218 1207 2255; x_wconf 88' lang='lat' dir='ltr'>offerre</span> <span class='ocrx_word' id='word_1_235' title='bbox 1222 2218 1389 2255; x_wconf 88' lang='lat' dir='ltr'>hostiam</span> 
     </span>
     <span class='ocr_line' id='line_1_53' title="bbox 321 2271 1390 2319; baseline -0.001 -10"><span class='ocrx_word' id='word_1_236' title='bbox 321 2272 426 2309; x_wconf 91' lang='lat' dir='ltr'>Deo:</span> <span class='ocrx_word' id='word_1_237' title='bbox 461 2273 673 2310; x_wconf 88' lang='lat' dir='ltr'>secundum</span> <span class='ocrx_word' id='word_1_238' title='bbox 701 2273 793 2310; x_wconf 90' lang='lat' dir='ltr'>illud</span> <span class='ocrx_word' id='word_1_239' title='bbox 820 2274 872 2310; x_wconf 87' lang='lat' dir='ltr'>ad</span> <span class='ocrx_word' id='word_1_240' title='bbox 896 2273 997 2310; x_wconf 83' lang='lat' dir='ltr'>Heb.</span> <span class='ocrx_word' id='word_1_241' title='bbox 1026 2272 1091 2309; x_wconf 87' lang='lat' dir='ltr'>ult.</span> <span class='ocrx_word' id='word_1_242' title='bbox 1108 2271 1143 2308; x_wconf 74' lang='grc' dir='ltr'>*ε</span> <span class='ocrx_word' id='word_1_243' title='bbox 1172 2272 1390 2319; x_wconf 71' lang='lat' dir='ltr'>Beneficen-</span> 
     </span>
     <span class='ocr_line' id='line_1_54' title="bbox 322 2324 1389 2363; baseline -0.003 0"><span class='ocrx_word' id='word_1_244' title='bbox 322 2325 397 2363; x_wconf 84' lang='lat' dir='ltr'>tiae</span> <span class='ocrx_word' id='word_1_245' title='bbox 424 2330 460 2361; x_wconf 86' lang='lat' dir='ltr'>et</span> <span class='ocrx_word' id='word_1_246' title='bbox 485 2326 762 2363; x_wconf 82' lang='lat' dir='ltr'>communionis</span> <span class='ocrx_word' id='word_1_247' title='bbox 788 2326 902 2362; x_wconf 89' lang='lat' dir='ltr'>nolite</span> <span class='ocrx_word' id='word_1_248' title='bbox 919 2324 1107 2362; x_wconf 78' lang='lat' dir='ltr'>oblivisci:</span> <span class='ocrx_word' id='word_1_249' title='bbox 1135 2324 1270 2361; x_wconf 81' lang='lat' dir='ltr'>talibus</span> <span class='ocrx_word' id='word_1_250' title='bbox 1289 2325 1389 2361; x_wconf 89' lang='lat' dir='ltr'>enim</span> 
     </span>
     <span class='ocr_line' id='line_1_55' title="bbox 321 2377 1391 2426; baseline -0.003 -10"><span class='ocrx_word' id='word_1_251' title='bbox 321 2378 449 2416; x_wconf 87' lang='lat' dir='ltr'>hostiis</span> <span class='ocrx_word' id='word_1_252' title='bbox 476 2384 720 2426; x_wconf 83' lang='lat' dir='ltr'>promeretur</span> <span class='ocrx_word' id='word_1_253' title='bbox 746 2379 862 2415; x_wconf 88' lang='lat' dir='ltr'>Deus.</span> <span class='ocrx_word' id='word_1_254' title='bbox 901 2379 1004 2426; x_wconf 88' lang='lat' dir='ltr'>Ergo</span> <span class='ocrx_word' id='word_1_255' title='bbox 1034 2377 1195 2414; x_wconf 86' lang='lat' dir='ltr'>caritatis</span> <span class='ocrx_word' id='word_1_256' title='bbox 1227 2389 1306 2413; x_wconf 91' lang='lat' dir='ltr'>non</span> <span class='ocrx_word' id='word_1_257' title='bbox 1334 2385 1391 2414; x_wconf 89' lang='lat' dir='ltr'>est</span> 
     </span>
     <span class='ocr_line' id='line_1_56' title="bbox 323 2429 1296 2480; baseline -0.004 -11"><span class='ocrx_word' id='word_1_258' title='bbox 323 2439 429 2470; x_wconf 86' lang='lat' dir='ltr'>actus</span> <span class='ocrx_word' id='word_1_259' title='bbox 459 2430 550 2468; x_wconf 91' lang='lat' dir='ltr'>dare</span> <span class='ocrx_word' id='word_1_260' title='bbox 579 2432 878 2480; x_wconf 87' lang='lat' dir='ltr'>eleemosynam,</span> <span class='ocrx_word' id='word_1_261' title='bbox 908 2431 976 2468; x_wconf 90' lang='lat' dir='ltr'>sed</span> <span class='ocrx_word' id='word_1_262' title='bbox 1005 2429 1125 2478; x_wconf 86' lang='lat' dir='ltr'>magis</span> <span class='ocrx_word' id='word_1_263' title='bbox 1152 2430 1296 2466; x_wconf 87' lang='lat' dir='ltr'>latriae.</span> 
     </span>
    </p>

    <p class='ocr_par' dir='ltr' id='par_1_26' title="bbox 324 2481 1391 2736">
     <span class='ocr_line' id='line_1_57' title="bbox 375 2481 1378 2533; baseline -0.005 -11"><span class='ocrx_word' id='word_1_264' title='bbox 375 2496 414 2532; x_wconf 91' lang='lat'>4.</span> <span class='ocrx_word' id='word_1_265' title='bbox 442 2485 680 2532; x_wconf 59' lang='grc' dir='ltr'>ΡΒΑΕΤΕΚΕΑ,</span> <span class='ocrx_word' id='word_1_266' title='bbox 693 2484 959 2533; x_wconf 86' lang='lat' dir='ltr'>Philosophus</span> <span class='ocrx_word' id='word_1_267' title='bbox 979 2483 1077 2530; x_wconf 89' lang='lat' dir='ltr'>dicit,</span> <span class='ocrx_word' id='word_1_268' title='bbox 1098 2482 1136 2518; x_wconf 93' lang='lat' dir='ltr'>in</span> <span class='ocrx_word' id='word_1_269' title='bbox 1156 2482 1208 2518; x_wconf 87' lang='lat' dir='ltr'>IV</span> <span class='ocrx_word' id='word_1_270' title='bbox 1220 2481 1378 2518; x_wconf 75' lang='lat' dir='ltr'>Ethic.*</span> 
     </span>
     <span class='ocr_line' id='line_1_58' title="bbox 324 2534 1390 2597; baseline -0.005 -22"><span class='ocrx_word' id='word_1_271' title='bbox 324 2538 431 2587; x_wconf 89' lang='lat' dir='ltr'>quod</span> <span class='ocrx_word' id='word_1_272' title='bbox 461 2537 551 2575; x_wconf 91' lang='lat' dir='ltr'>dare</span> <span class='ocrx_word' id='word_1_273' title='bbox 571 2537 713 2586; x_wconf 86' lang='lat' dir='ltr'>aliquid</span> <span class='ocrx_word' id='word_1_274' title='bbox 740 2545 897 2597; x_wconf 85' lang='lat' dir='ltr'>propter</span> <span class='ocrx_word' id='word_1_275' title='bbox 915 2537 1062 2573; x_wconf 87' lang='lat' dir='ltr'>bonum</span> <span class='ocrx_word' id='word_1_276' title='bbox 1084 2542 1140 2572; x_wconf 91' lang='lat' dir='ltr'>est</span> <span class='ocrx_word' id='word_1_277' title='bbox 1167 2542 1271 2571; x_wconf 90' lang='lat' dir='ltr'>actus</span> <span class='ocrx_word' id='word_1_278' title='bbox 1298 2534 1390 2571; x_wconf 91' lang='lat' dir='ltr'>libe-</span> 
     </span>
     <span class='ocr_line' id='line_1_59' title="bbox 324 2587 1392 2636; baseline -0.006 -8"><span class='ocrx_word' id='word_1_279' title='bbox 324 2590 490 2629; x_wconf 79' lang='lat' dir='ltr'>ralitatis,</span> <span class='ocrx_word' id='word_1_280' title='bbox 529 2591 605 2628; x_wconf 89' lang='lat' dir='ltr'>Sed</span> <span class='ocrx_word' id='word_1_281' title='bbox 635 2592 710 2628; x_wconf 91' lang='lat' dir='ltr'>hoc</span> <span class='ocrx_word' id='word_1_282' title='bbox 738 2590 903 2627; x_wconf 85' lang='lat' dir='ltr'>maxime</span> <span class='ocrx_word' id='word_1_283' title='bbox 932 2590 975 2626; x_wconf 94' lang='lat' dir='ltr'>fit</span> <span class='ocrx_word' id='word_1_284' title='bbox 1002 2589 1041 2625; x_wconf 92' lang='lat' dir='ltr'>in</span> <span class='ocrx_word' id='word_1_285' title='bbox 1069 2587 1265 2636; x_wconf 85' lang='lat' dir='ltr'>largitione</span> <span class='ocrx_word' id='word_1_286' title='bbox 1295 2588 1392 2623; x_wconf 92' lang='lat' dir='ltr'>elee-</span> 
     </span>
     <span class='ocr_line' id='line_1_60' title="bbox 324 2644 1391 2712; baseline -0.006 -30"><span class='ocrx_word' id='word_1_287' title='bbox 324 2656 588 2693; x_wconf 89' lang='lat' dir='ltr'>mosynarum.</span> <span class='ocrx_word' id='word_1_288' title='bbox 600 2645 702 2692; x_wconf 84' lang='lat' dir='ltr'>Ergo</span> <span class='ocrx_word' id='word_1_289' title='bbox 719 2644 808 2680; x_wconf 91' lang='lat' dir='ltr'>dare</span> <span class='ocrx_word' id='word_1_290' title='bbox 824 2644 1111 2712; x_wconf 83' lang='lat' dir='ltr'>eleemosynam</span> <span class='ocrx_word' id='word_1_291' title='bbox 1126 2653 1205 2677; x_wconf 93' lang='lat' dir='ltr'>non</span> <span class='ocrx_word' id='word_1_292' title='bbox 1217 2648 1272 2690; x_wconf 86' lang='lat' dir='ltr'>est</span> <span class='ocrx_word' id='word_1_293' title='bbox 1285 2648 1391 2677; x_wconf 90' lang='lat' dir='ltr'>actus</span> 
     </span>
     <span class='ocr_line' id='line_1_61' title="bbox 325 2697 500 2736; baseline -0.018 0"><span class='ocrx_word' id='word_1_294' title='bbox 325 2697 500 2736; x_wconf 86' lang='lat' dir='ltr'>caritatis.</span> 
     </span>
    </p>

    <p class='ocr_par' dir='ltr' id='par_1_27' title="bbox 323 2746 1393 3005">
     <span class='ocr_line' id='line_1_62' title="bbox 379 2746 1393 2798; baseline -0.006 -10"><span class='ocrx_word' id='word_1_295' title='bbox 379 2751 453 2788; x_wconf 81' lang='lat' dir='ltr'>SED</span> <span class='ocrx_word' id='word_1_296' title='bbox 474 2762 621 2788; x_wconf 78' lang='lat' dir='ltr'>CONTRA</span> <span class='ocrx_word' id='word_1_297' title='bbox 643 2762 710 2787; x_wconf 82' lang='lat' dir='ltr'>EST</span> <span class='ocrx_word' id='word_1_298' title='bbox 737 2749 842 2798; x_wconf 93' lang='lat' dir='ltr'>quod</span> <span class='ocrx_word' id='word_1_299' title='bbox 871 2748 1007 2786; x_wconf 85' lang='lat' dir='ltr'>dicitur</span> <span class='ocrx_word' id='word_1_300' title='bbox 1035 2749 1047 2783; x_wconf 97' lang='lat' dir='ltr'>I</span> <span class='ocrx_word' id='word_1_301' title='bbox 1070 2746 1284 2783; x_wconf 80' lang='lat' dir='ltr'>loan.111*:</span> <span class='ocrx_word' id='word_1_302' title='bbox 1319 2747 1393 2788; x_wconf 86' lang='lat' dir='ltr'>Qui</span> 
     </span>
     <span class='ocr_line' id='line_1_63' title="bbox 323 2800 1391 2848; baseline -0.006 -7"><span class='ocrx_word' id='word_1_303' title='bbox 323 2804 500 2842; x_wconf 76' lang='lat' dir='ltr'>habuerit</span> <span class='ocrx_word' id='word_1_304' title='bbox 523 2804 768 2840; x_wconf 80' lang='lat' dir='ltr'>substantiam</span> <span class='ocrx_word' id='word_1_305' title='bbox 796 2803 907 2839; x_wconf 87' lang='lat' dir='ltr'>huius</span> <span class='ocrx_word' id='word_1_306' title='bbox 930 2801 1073 2846; x_wconf 81' lang='lat' dir='ltr'>mundi,</span> <span class='ocrx_word' id='word_1_307' title='bbox 1094 2806 1130 2836; x_wconf 88' lang='lat' dir='ltr'>et</span> <span class='ocrx_word' id='word_1_308' title='bbox 1150 2800 1286 2837; x_wconf 80' lang='lat' dir='ltr'>viderit</span> <span class='ocrx_word' id='word_1_309' title='bbox 1298 2801 1391 2848; x_wconf 89' lang='lat' dir='ltr'>sra-</span> 
     </span>
     <span class='ocr_line' id='line_1_64' title="bbox 325 2852 1391 2904; baseline -0.005 -10"><span class='ocrx_word' id='word_1_310' title='bbox 325 2862 420 2894; x_wconf 82' lang='lat' dir='ltr'>trem</span> <span class='ocrx_word' id='word_1_311' title='bbox 439 2869 549 2894; x_wconf 90' lang='lat' dir='ltr'>suum</span> <span class='ocrx_word' id='word_1_312' title='bbox 568 2857 820 2893; x_wconf 86' lang='lat' dir='ltr'>necessitatem</span> <span class='ocrx_word' id='word_1_313' title='bbox 838 2852 1055 2904; x_wconf 76' lang='lat' dir='ltr'>patientem,</span> <span class='ocrx_word' id='word_1_314' title='bbox 1085 2859 1120 2890; x_wconf 91' lang='lat' dir='ltr'>et</span> <span class='ocrx_word' id='word_1_315' title='bbox 1145 2853 1323 2889; x_wconf 87' lang='lat' dir='ltr'>clauserit</span> <span class='ocrx_word' id='word_1_316' title='bbox 1336 2853 1391 2890; x_wconf 76' lang='lat' dir='ltr'>vi—</span> 
     </span>
     <span class='ocr_line' id='line_1_65' title="bbox 325 2906 1390 2958; baseline -0.006 -11"><span class='ocrx_word' id='word_1_317' title='bbox 325 2921 433 2947; x_wconf 88' lang='lat' dir='ltr'>scera</span> <span class='ocrx_word' id='word_1_318' title='bbox 460 2921 530 2946; x_wconf 87' lang='lat' dir='ltr'>sua</span> <span class='ocrx_word' id='word_1_319' title='bbox 558 2910 607 2946; x_wconf 84' lang='lat' dir='ltr'>ab</span> <span class='ocrx_word' id='word_1_320' title='bbox 634 2921 690 2956; x_wconf 81' lang='grc' dir='ltr'>εο,</span> <span class='ocrx_word' id='word_1_321' title='bbox 720 2909 908 2958; x_wconf 87' lang='lat' dir='ltr'>quomodo</span> <span class='ocrx_word' id='word_1_322' title='bbox 937 2907 1075 2944; x_wconf 87' lang='lat' dir='ltr'>caritas</span> <span class='ocrx_word' id='word_1_323' title='bbox 1098 2906 1174 2942; x_wconf 86' lang='lat' dir='ltr'>Dei</span> <span class='ocrx_word' id='word_1_324' title='bbox 1198 2911 1328 2942; x_wconf 88' lang='lat' dir='ltr'>manet</span> <span class='ocrx_word' id='word_1_325' title='bbox 1352 2906 1390 2942; x_wconf 90' lang='lat' dir='ltr'>in</span> 
     </span>
     <span class='ocr_line' id='line_1_66' title="bbox 327 2967 424 3005; baseline -0.01 0"><span class='ocrx_word' id='word_1_326' title='bbox 327 2967 424 3005; x_wconf 77' lang='lat' dir='ltr'>illo?</span> 
     </span>
    </p>

    <p class='ocr_par' dir='ltr' id='par_1_28' title="bbox 328 3016 1395 3278">
     <span class='ocr_line' id='line_1_67' title="bbox 382 3016 1393 3068; baseline -0.003 -11"><span class='ocrx_word' id='word_1_327' title='bbox 382 3021 608 3058; x_wconf 64' lang='lat' dir='ltr'>Responmzo</span> <span class='ocrx_word' id='word_1_328' title='bbox 636 3031 821 3058; x_wconf 58' lang='lat' dir='ltr'>montinum</span> <span class='ocrx_word' id='word_1_329' title='bbox 845 3019 950 3068; x_wconf 91' lang='lat' dir='ltr'>quod</span> <span class='ocrx_word' id='word_1_330' title='bbox 980 3017 1182 3055; x_wconf 87' lang='lat' dir='ltr'>exteriores</span> <span class='ocrx_word' id='word_1_331' title='bbox 1211 3024 1316 3053; x_wconf 92' lang='lat' dir='ltr'>actus</span> <span class='ocrx_word' id='word_1_332' title='bbox 1345 3016 1393 3054; x_wconf 89' lang='lat' dir='ltr'>ad</span> 
     </span>
     <span class='ocr_line' id='line_1_68' title="bbox 328 3069 1393 3120; baseline -0.005 -10"><span class='ocrx_word' id='word_1_333' title='bbox 328 3073 432 3111; x_wconf 91' lang='lat' dir='ltr'>illam</span> <span class='ocrx_word' id='word_1_334' title='bbox 464 3073 643 3110; x_wconf 88' lang='lat' dir='ltr'>virtutem</span> <span class='ocrx_word' id='word_1_335' title='bbox 676 3073 888 3110; x_wconf 88' lang='lat' dir='ltr'>referuntur</span> <span class='ocrx_word' id='word_1_336' title='bbox 925 3071 973 3108; x_wconf 92' lang='lat' dir='ltr'>ad</span> <span class='ocrx_word' id='word_1_337' title='bbox 1010 3083 1127 3120; x_wconf 90' lang='lat' dir='ltr'>quam</span> <span class='ocrx_word' id='word_1_338' title='bbox 1163 3069 1324 3118; x_wconf 90' lang='lat' dir='ltr'>pertinet</span> <span class='ocrx_word' id='word_1_339' title='bbox 1354 3069 1393 3106; x_wconf 89' lang='lat' dir='ltr'>id</span> 
     </span>
     <span class='ocr_line' id='line_1_69' title="bbox 330 3122 1392 3176; baseline -0.004 -13"><span class='ocrx_word' id='word_1_340' title='bbox 330 3126 435 3176; x_wconf 91' lang='lat' dir='ltr'>quod</span> <span class='ocrx_word' id='word_1_341' title='bbox 464 3133 521 3162; x_wconf 91' lang='lat' dir='ltr'>est</span> <span class='ocrx_word' id='word_1_342' title='bbox 538 3125 729 3163; x_wconf 87' lang='lat' dir='ltr'>motivum</span> <span class='ocrx_word' id='word_1_343' title='bbox 749 3125 798 3162; x_wconf 90' lang='lat' dir='ltr'>ad</span> <span class='ocrx_word' id='word_1_344' title='bbox 817 3125 1010 3172; x_wconf 86' lang='lat' dir='ltr'>agendum</span> <span class='ocrx_word' id='word_1_345' title='bbox 1032 3122 1255 3160; x_wconf 89' lang='lat' dir='ltr'>huiusmodi</span> <span class='ocrx_word' id='word_1_346' title='bbox 1274 3129 1392 3166; x_wconf 85' lang='lat' dir='ltr'>actus.</span> 
     </span>
     <span class='ocr_line' id='line_1_70' title="bbox 331 3177 1395 3224; baseline -0.005 -8"><span class='ocrx_word' id='word_1_347' title='bbox 331 3178 523 3217; x_wconf 86' lang='lat' dir='ltr'>Motivum</span> <span class='ocrx_word' id='word_1_348' title='bbox 551 3186 680 3215; x_wconf 88' lang='lat' dir='ltr'>autem</span> <span class='ocrx_word' id='word_1_349' title='bbox 709 3178 757 3215; x_wconf 90' lang='lat' dir='ltr'>ad</span> <span class='ocrx_word' id='word_1_350' title='bbox 787 3177 958 3215; x_wconf 89' lang='lat' dir='ltr'>dandum</span> <span class='ocrx_word' id='word_1_351' title='bbox 985 3177 1251 3224; x_wconf 88' lang='lat' dir='ltr'>eleemosynas</span> <span class='ocrx_word' id='word_1_352' title='bbox 1271 3183 1327 3212; x_wconf 89' lang='lat' dir='ltr'>est</span> <span class='ocrx_word' id='word_1_353' title='bbox 1354 3183 1395 3212; x_wconf 94' lang='lat' dir='ltr'>ut</span> 
     </span>
     <span class='ocr_line' id='line_1_71' title="bbox 331 3228 1394 3278; baseline -0.005 -8"><span class='ocrx_word' id='word_1_354' title='bbox 331 3232 576 3270; x_wconf 89' lang='lat' dir='ltr'>subveniatur</span> <span class='ocrx_word' id='word_1_355' title='bbox 594 3230 858 3268; x_wconf 89' lang='lat' dir='ltr'>necessitatem</span> <span class='ocrx_word' id='word_1_356' title='bbox 886 3229 1061 3278; x_wconf 90' lang='lat' dir='ltr'>patienti:</span> <span class='ocrx_word' id='word_1_357' title='bbox 1090 3229 1193 3266; x_wconf 90' lang='lat' dir='ltr'>unde</span> <span class='ocrx_word' id='word_1_358' title='bbox 1223 3228 1394 3278; x_wconf 81' lang='lat' dir='ltr'>quidam,</span> 
     </span>
    </p>
   </div>
   <div class='ocr_carea' id='block_1_23' title="bbox 387 3381 1385 3451">
    <p class='ocr_par' dir='ltr' id='par_1_29' title="bbox 387 3381 1370 3451">
     <span class='ocr_line' id='line_1_72' title="bbox 387 3381 919 3416; baseline -0.006 -8"><span class='ocrx_word' id='word_1_359' title='bbox 387 3383 414 3416; x_wconf 88' lang='grc' dir='ltr'>α)</span> <span class='ocrx_word' id='word_1_360' title='bbox 434 3384 659 3416; x_wconf 79' lang='lat' dir='ltr'>eleemosynas.-</span> <span class='ocrx_word' id='word_1_361' title='bbox 676 3382 870 3414; x_wconf 76' lang='lat' dir='ltr'>eleemosynam</span> <span class='ocrx_word' id='word_1_362' title='bbox 890 3381 919 3405; x_wconf 92' lang='lat' dir='ltr'>L.</span> 
     </span>
     <span class='ocr_line' id='line_1_73' title="bbox 387 3415 1385 3451; baseline -0.004 -7"><span class='ocrx_word' id='word_1_363' title='bbox 387 3417 412 3451; x_wconf 79' lang='grc' dir='ltr'>β)</span> <span class='ocrx_word' id='word_1_364' title='bbox 432 3419 556 3443; x_wconf 81' lang='lat' dir='ltr'>habuero.</span> <span class='ocrx_word' id='word_1_365' title='bbox 575 3432 591 3436; x_wconf 99' lang='lat'><em>-</em></span> <span class='ocrx_word' id='word_1_366' title='bbox 611 3417 677 3442; x_wconf 86' lang='lat' dir='ltr'>nihil</span> <span class='ocrx_word' id='word_1_367' title='bbox 695 3416 760 3441; x_wconf 83' lang='lat' dir='ltr'>mihi</span> <span class='ocrx_word' id='word_1_368' title='bbox 773 3416 887 3448; x_wconf 80' lang='lat' dir='ltr'>prodest</span> <span class='ocrx_word' id='word_1_369' title='bbox 905 3415 1002 3440; x_wconf 81' lang='lat' dir='ltr'>addunt</span> <span class='ocrx_word' id='word_1_370' title='bbox 1020 3416 1085 3445; x_wconf 72' lang='grc' dir='ltr'>Ρκα,</span> <span class='ocrx_word' id='word_1_371' title='bbox 1105 3418 1153 3442; x_wconf 77' lang='lat' dir='ltr'>etc.</span> <span class='ocrx_word' id='word_1_372' title='bbox 1173 3416 1270 3440; x_wconf 81' lang='lat' dir='ltr'>addunt</span> <span class='ocrx_word' id='word_1_373' title='bbox 1288 3416 1385 3445; x_wconf 85' lang='lat' dir='ltr'>CDsK</span> 
     </span>
    </p>
   </div>
   <div class='ocr_carea' id='block_1_24' title="bbox 475 3469 989 3498">
    <p class='ocr_par' dir='ltr' id='par_1_30' title="bbox 475 3469 989 3498">
     <span class='ocr_line' id='line_1_74' title="bbox 475 3469 989 3498; baseline -0.008 0"><span class='ocrx_word' id='word_1_374' title='bbox 475 3473 584 3498; x_wconf 64' lang='lat' dir='ltr'>Summae</span> <span class='ocrx_word' id='word_1_375' title='bbox 603 3471 703 3496; x_wconf 64' lang='lat' dir='ltr'>Timon.</span> <span class='ocrx_word' id='word_1_376' title='bbox 724 3471 755 3495; x_wconf 89' lang='lat' dir='ltr'>D.</span> <span class='ocrx_word' id='word_1_377' title='bbox 773 3470 888 3495; x_wconf 68' lang='lat' dir='ltr'>’rnomz</span> <span class='ocrx_word' id='word_1_378' title='bbox 906 3469 939 3494; x_wconf 85' lang='grc' dir='ltr'>Τ.</span> <span class='ocrx_word' id='word_1_379' title='bbox 957 3470 989 3494; x_wconf 91' lang='lat' dir='ltr'>V.</span> 
     </span>
    </p>
   </div>
   <div class='ocr_carea' id='block_1_25' title="bbox 1414 2507 1422 3244">
    <p class='ocr_par' dir='ltr' id='par_1_31' title="bbox 1414 2507 1422 3244">
     <span class='ocr_line' id='line_1_75' title="bbox 1414 2507 1422 3244; baseline 0 0"><span class='ocrx_word' id='word_1_380' title='bbox 1414 2507 1422 3244; x_wconf 95' lang='lat' dir='ltr'> </span> 
     </span>
    </p>
   </div>
   <div class='ocr_carea' id='block_1_26' title="bbox 1434 1423 2515 2956">
    <p class='ocr_par' dir='ltr' id='par_1_32' title="bbox 1434 1423 2514 2002">
     <span class='ocr_line' id='line_1_76' title="bbox 1438 1423 2510 1473; baseline 0.001 -13"><span class='ocrx_word' id='word_1_381' title='bbox 1438 1423 1666 1460; x_wconf 85' lang='lat' dir='ltr'>definientes</span> <span class='ocrx_word' id='word_1_382' title='bbox 1695 1424 2004 1471; x_wconf 86' lang='lat' dir='ltr'>eleemosynam,</span> <span class='ocrx_word' id='word_1_383' title='bbox 2040 1424 2170 1460; x_wconf 89' lang='lat' dir='ltr'>dicunt</span> <span class='ocrx_word' id='word_1_384' title='bbox 2203 1425 2310 1473; x_wconf 89' lang='lat' dir='ltr'>quod</span> <span class='ocrx_word' id='word_1_385' title='bbox 2344 1425 2510 1461; x_wconf 89' lang='lat' dir='ltr'>eleemo-</span> 
     </span>
     <span class='ocr_line' id='line_1_77' title="bbox 1439 1476 2511 1526; baseline 0.002 -14"><span class='ocrx_word' id='word_1_386' title='bbox 1439 1488 1534 1525; x_wconf 85' lang='lat' dir='ltr'>syna</span> <span class='ocrx_word' id='word_1_387' title='bbox 1559 1483 1615 1512; x_wconf 92' lang='lat' dir='ltr'>est</span> <span class='ocrx_word' id='word_1_388' title='bbox 1643 1488 1737 1524; x_wconf 86' lang='lat' dir='ltr'>opus</span> <span class='ocrx_word' id='word_1_389' title='bbox 1756 1487 1829 1524; x_wconf 84' lang='lat' dir='ltr'>quo</span> <span class='ocrx_word' id='word_1_390' title='bbox 1849 1477 1962 1512; x_wconf 88' lang='lat' dir='ltr'>datur</span> <span class='ocrx_word' id='word_1_391' title='bbox 1979 1476 2123 1525; x_wconf 85' lang='lat' dir='ltr'>aliquid</span> <span class='ocrx_word' id='word_1_392' title='bbox 2140 1477 2325 1526; x_wconf 84' lang='lat' dir='ltr'>indigenti</span> <span class='ocrx_word' id='word_1_393' title='bbox 2341 1489 2392 1514; x_wconf 87' lang='lat' dir='ltr'>ex</span> <span class='ocrx_word' id='word_1_394' title='bbox 2409 1490 2511 1514; x_wconf 91' lang='lat' dir='ltr'>com-</span> 
     </span>
     <span class='ocr_line' id='line_1_78' title="bbox 1434 1529 2509 1579; baseline 0.001 -13"><span class='ocrx_word' id='word_1_395' title='bbox 1434 1530 1612 1578; x_wconf 83' lang='lat' dir='ltr'>passione</span> <span class='ocrx_word' id='word_1_396' title='bbox 1632 1534 1792 1578; x_wconf 83' lang='lat' dir='ltr'>propter</span> <span class='ocrx_word' id='word_1_397' title='bbox 1818 1530 1955 1566; x_wconf 92' lang='lat' dir='ltr'>Deum.</span> <span class='ocrx_word' id='word_1_398' title='bbox 1987 1529 2104 1575; x_wconf 90' lang='lat' dir='ltr'>Quod</span> <span class='ocrx_word' id='word_1_399' title='bbox 2133 1530 2289 1579; x_wconf 90' lang='lat' dir='ltr'>quidem</span> <span class='ocrx_word' id='word_1_400' title='bbox 2318 1530 2509 1568; x_wconf 85' lang='lat' dir='ltr'>motivum</span> 
     </span>
     <span class='ocr_line' id='line_1_79' title="bbox 1438 1582 2509 1632; baseline 0.002 -13"><span class='ocrx_word' id='word_1_401' title='bbox 1438 1582 1602 1632; x_wconf 91' lang='lat' dir='ltr'>pertinet</span> <span class='ocrx_word' id='word_1_402' title='bbox 1629 1582 1679 1619; x_wconf 92' lang='lat' dir='ltr'>ad</span> <span class='ocrx_word' id='word_1_403' title='bbox 1697 1582 2009 1630; x_wconf 78' lang='lat' dir='ltr'>misericordiam,</span> <span class='ocrx_word' id='word_1_404' title='bbox 2039 1590 2080 1619; x_wconf 87' lang='lat' dir='ltr'>ut</span> <span class='ocrx_word' id='word_1_405' title='bbox 2100 1595 2216 1632; x_wconf 90' lang='lat' dir='ltr'>supra</span> <span class='ocrx_word' id='word_1_406' title='bbox 2230 1582 2250 1604; x_wconf 80' lang='lat'>&#39;¹‘</span> <span class='ocrx_word' id='word_1_407' title='bbox 2278 1583 2422 1621; x_wconf 89' lang='lat' dir='ltr'>dictum</span> <span class='ocrx_word' id='word_1_408' title='bbox 2442 1591 2509 1622; x_wconf 87' lang='lat' dir='ltr'>est.</span> 
     </span>
     <span class='ocr_line' id='line_1_80' title="bbox 1439 1635 2509 1685; baseline 0.001 -12"><span class='ocrx_word' id='word_1_409' title='bbox 1439 1635 1551 1673; x_wconf 90' lang='lat' dir='ltr'>Unde</span> <span class='ocrx_word' id='word_1_410' title='bbox 1585 1635 1831 1672; x_wconf 81' lang='lat' dir='ltr'>manifestum</span> <span class='ocrx_word' id='word_1_411' title='bbox 1867 1643 1923 1672; x_wconf 90' lang='lat' dir='ltr'>est</span> <span class='ocrx_word' id='word_1_412' title='bbox 1955 1635 2060 1684; x_wconf 89' lang='lat' dir='ltr'>quod</span> <span class='ocrx_word' id='word_1_413' title='bbox 2095 1635 2187 1672; x_wconf 89' lang='lat' dir='ltr'>dare</span> <span class='ocrx_word' id='word_1_414' title='bbox 2221 1637 2509 1685; x_wconf 88' lang='lat' dir='ltr'>eleemosynam</span> 
     </span>
     <span class='ocr_line' id='line_1_81' title="bbox 1438 1688 2510 1739; baseline 0.002 -14"><span class='ocrx_word' id='word_1_415' title='bbox 1438 1689 1594 1738; x_wconf 90' lang='lat' dir='ltr'>proprie</span> <span class='ocrx_word' id='word_1_416' title='bbox 1624 1697 1680 1725; x_wconf 89' lang='lat' dir='ltr'>est</span> <span class='ocrx_word' id='word_1_417' title='bbox 1708 1696 1814 1725; x_wconf 89' lang='lat' dir='ltr'>actus</span> <span class='ocrx_word' id='word_1_418' title='bbox 1843 1688 2139 1725; x_wconf 89' lang='lat' dir='ltr'>misericordiae.</span> <span class='ocrx_word' id='word_1_419' title='bbox 2173 1690 2222 1725; x_wconf 92' lang='lat' dir='ltr'>Et</span> <span class='ocrx_word' id='word_1_420' title='bbox 2249 1690 2324 1725; x_wconf 92' lang='lat' dir='ltr'>hoc</span> <span class='ocrx_word' id='word_1_421' title='bbox 2352 1698 2510 1739; x_wconf 89' lang='lat' dir='ltr'>apparet</span> 
     </span>
     <span class='ocr_line' id='line_1_82' title="bbox 1440 1741 2510 1791; baseline 0.001 -13"><span class='ocrx_word' id='word_1_422' title='bbox 1440 1754 1486 1778; x_wconf 85' lang='lat' dir='ltr'>ex</span> <span class='ocrx_word' id='word_1_423' title='bbox 1514 1742 1598 1791; x_wconf 89' lang='lat' dir='ltr'>ipso</span> <span class='ocrx_word' id='word_1_424' title='bbox 1619 1742 1795 1779; x_wconf 90' lang='lat' dir='ltr'>nomine:</span> <span class='ocrx_word' id='word_1_425' title='bbox 1825 1753 1916 1778; x_wconf 87' lang='lat' dir='ltr'>nam</span> <span class='ocrx_word' id='word_1_426' title='bbox 1945 1741 1984 1778; x_wconf 93' lang='lat' dir='ltr'>in</span> <span class='ocrx_word' id='word_1_427' title='bbox 2012 1747 2180 1789; x_wconf 65' lang='lat' dir='ltr'>graecoY</span> <span class='ocrx_word' id='word_1_428' title='bbox 2208 1754 2230 1778; x_wconf 91' lang='lat' dir='ltr'>a</span> <span class='ocrx_word' id='word_1_429' title='bbox 2249 1743 2510 1781; x_wconf 88' lang='lat' dir='ltr'>misericordia</span> 
     </span>
     <span class='ocr_line' id='line_1_83' title="bbox 1439 1794 2511 1844; baseline 0.001 -12"><span class='ocrx_word' id='word_1_430' title='bbox 1439 1795 1644 1842; x_wconf 83' lang='lat' dir='ltr'>derivatur,</span> <span class='ocrx_word' id='word_1_431' title='bbox 1675 1795 1771 1832; x_wconf 90' lang='lat' dir='ltr'>sicut</span> <span class='ocrx_word' id='word_1_432' title='bbox 1797 1794 1836 1831; x_wconf 92' lang='lat' dir='ltr'>in</span> <span class='ocrx_word' id='word_1_433' title='bbox 1863 1794 1979 1831; x_wconf 89' lang='lat' dir='ltr'>latino</span> <span class='ocrx_word' id='word_1_434' title='bbox 2008 1795 2211 1832; x_wconf 89' lang='lat' dir='ltr'>miseratio.</span> <span class='ocrx_word' id='word_1_435' title='bbox 2234 1795 2295 1831; x_wconf 89' lang='lat' dir='ltr'>Et</span> <span class='ocrx_word' id='word_1_436' title='bbox 2323 1796 2412 1844; x_wconf 90' lang='lat' dir='ltr'>quia</span> <span class='ocrx_word' id='word_1_437' title='bbox 2441 1796 2511 1833; x_wconf 90' lang='lat' dir='ltr'>mi-</span> 
     </span>
     <span class='ocr_line' id='line_1_84' title="bbox 1439 1847 2511 1897; baseline 0.002 -13"><span class='ocrx_word' id='word_1_438' title='bbox 1439 1848 1646 1886; x_wconf 84' lang='lat' dir='ltr'>sericordia</span> <span class='ocrx_word' id='word_1_439' title='bbox 1674 1856 1730 1884; x_wconf 86' lang='lat' dir='ltr'>est</span> <span class='ocrx_word' id='word_1_440' title='bbox 1758 1847 1915 1884; x_wconf 81' lang='lat' dir='ltr'>effectus</span> <span class='ocrx_word' id='word_1_441' title='bbox 1941 1848 2115 1895; x_wconf 85' lang='lat' dir='ltr'>caritatis,</span> <span class='ocrx_word' id='word_1_442' title='bbox 2145 1855 2185 1884; x_wconf 91' lang='lat' dir='ltr'>ut</span> <span class='ocrx_word' id='word_1_443' title='bbox 2213 1850 2364 1897; x_wconf 77' lang='lat' dir='ltr'>supra*</span> <span class='ocrx_word' id='word_1_444' title='bbox 2386 1857 2511 1886; x_wconf 91' lang='lat' dir='ltr'>osten-</span> 
     </span>
     <span class='ocr_line' id='line_1_85' title="bbox 1440 1900 2514 1950; baseline 0.001 -12"><span class='ocrx_word' id='word_1_445' title='bbox 1440 1914 1527 1938; x_wconf 91' lang='lat' dir='ltr'>sum</span> <span class='ocrx_word' id='word_1_446' title='bbox 1557 1909 1632 1949; x_wconf 81' lang='lat' dir='ltr'>est,</span> <span class='ocrx_word' id='word_1_447' title='bbox 1664 1913 1708 1938; x_wconf 88' lang='lat' dir='ltr'>ex</span> <span class='ocrx_word' id='word_1_448' title='bbox 1739 1900 1988 1948; x_wconf 89' lang='lat' dir='ltr'>consequenti</span> <span class='ocrx_word' id='word_1_449' title='bbox 2017 1902 2108 1938; x_wconf 89' lang='lat' dir='ltr'>dare</span> <span class='ocrx_word' id='word_1_450' title='bbox 2138 1901 2426 1950; x_wconf 89' lang='lat' dir='ltr'>eleemosynam</span> <span class='ocrx_word' id='word_1_451' title='bbox 2457 1910 2514 1939; x_wconf 90' lang='lat' dir='ltr'>est</span> 
     </span>
     <span class='ocr_line' id='line_1_86' title="bbox 1441 1953 2281 2002; baseline -0.001 -10"><span class='ocrx_word' id='word_1_452' title='bbox 1441 1963 1549 1992; x_wconf 89' lang='lat' dir='ltr'>actus</span> <span class='ocrx_word' id='word_1_453' title='bbox 1579 1954 1755 2002; x_wconf 83' lang='lat' dir='ltr'>caritatis,</span> <span class='ocrx_word' id='word_1_454' title='bbox 1785 1953 2047 1991; x_wconf 88' lang='lat' dir='ltr'>misericordia</span> <span class='ocrx_word' id='word_1_455' title='bbox 2075 1953 2281 1991; x_wconf 90' lang='lat' dir='ltr'>mediante.</span> 
     </span>
    </p>

    <p class='ocr_par' dir='ltr' id='par_1_33' title="bbox 1439 2006 2515 2798">
     <span class='ocr_line' id='line_1_87' title="bbox 1493 2006 2514 2056; baseline -0.001 -11"><span class='ocrx_word' id='word_1_456' title='bbox 1493 2010 1553 2045; x_wconf 85' lang='lat' dir='ltr'>AD</span> <span class='ocrx_word' id='word_1_457' title='bbox 1573 2020 1711 2045; x_wconf 75' lang='lat' dir='ltr'>PRIMUM</span> <span class='ocrx_word' id='word_1_458' title='bbox 1740 2006 1839 2044; x_wconf 76' lang='lat' dir='ltr'>ERGO</span> <span class='ocrx_word' id='word_1_459' title='bbox 1860 2019 2047 2044; x_wconf 83' lang='lat' dir='ltr'>mcENDUM</span> <span class='ocrx_word' id='word_1_460' title='bbox 2072 2007 2179 2056; x_wconf 91' lang='lat' dir='ltr'>quod</span> <span class='ocrx_word' id='word_1_461' title='bbox 2207 2007 2350 2055; x_wconf 89' lang='lat' dir='ltr'>aliquid</span> <span class='ocrx_word' id='word_1_462' title='bbox 2379 2007 2514 2045; x_wconf 91' lang='lat' dir='ltr'>dicitur</span> 
     </span>
     <span class='ocr_line' id='line_1_88' title="bbox 1442 2060 2514 2108; baseline -0.001 -10"><span class='ocrx_word' id='word_1_463' title='bbox 1442 2074 1526 2098; x_wconf 91' lang='lat' dir='ltr'>esse</span> <span class='ocrx_word' id='word_1_464' title='bbox 1555 2069 1660 2098; x_wconf 90' lang='lat' dir='ltr'>actus</span> <span class='ocrx_word' id='word_1_465' title='bbox 1688 2060 1837 2097; x_wconf 90' lang='lat' dir='ltr'>virtutis</span> <span class='ocrx_word' id='word_1_466' title='bbox 1867 2060 2076 2108; x_wconf 88' lang='lat' dir='ltr'>dupliciter.</span> <span class='ocrx_word' id='word_1_467' title='bbox 2109 2060 2196 2097; x_wconf 91' lang='lat' dir='ltr'>Uno</span> <span class='ocrx_word' id='word_1_468' title='bbox 2224 2060 2365 2107; x_wconf 89' lang='lat' dir='ltr'>modo,</span> <span class='ocrx_word' id='word_1_469' title='bbox 2395 2069 2514 2098; x_wconf 87' lang='lat' dir='ltr'>mate-</span> 
     </span>
     <span class='ocr_line' id='line_1_89' title="bbox 1441 2113 2514 2151; baseline -0.001 0"><span class='ocrx_word' id='word_1_470' title='bbox 1441 2115 1600 2151; x_wconf 88' lang='lat' dir='ltr'>rialiter:</span> <span class='ocrx_word' id='word_1_471' title='bbox 1631 2115 1727 2151; x_wconf 89' lang='lat' dir='ltr'>sicut</span> <span class='ocrx_word' id='word_1_472' title='bbox 1755 2120 1860 2150; x_wconf 90' lang='lat' dir='ltr'>actus</span> <span class='ocrx_word' id='word_1_473' title='bbox 1888 2113 2050 2150; x_wconf 88' lang='lat' dir='ltr'>iustitiae</span> <span class='ocrx_word' id='word_1_474' title='bbox 2079 2120 2135 2150; x_wconf 93' lang='lat' dir='ltr'>est</span> <span class='ocrx_word' id='word_1_475' title='bbox 2162 2113 2287 2150; x_wconf 83' lang='lat' dir='ltr'>facere</span> <span class='ocrx_word' id='word_1_476' title='bbox 2316 2113 2425 2150; x_wconf 87' lang='lat' dir='ltr'>iusta.</span> <span class='ocrx_word' id='word_1_477' title='bbox 2464 2114 2514 2150; x_wconf 92' lang='lat' dir='ltr'>Et</span> 
     </span>
     <span class='ocr_line' id='line_1_90' title="bbox 1440 2166 2514 2215; baseline 0 -11"><span class='ocrx_word' id='word_1_478' title='bbox 1440 2168 1524 2205; x_wconf 90' lang='lat' dir='ltr'>talis</span> <span class='ocrx_word' id='word_1_479' title='bbox 1553 2175 1659 2204; x_wconf 84' lang='lat' dir='ltr'>actus</span> <span class='ocrx_word' id='word_1_480' title='bbox 1687 2166 1835 2203; x_wconf 86' lang='lat' dir='ltr'>virtutis</span> <span class='ocrx_word' id='word_1_481' title='bbox 1863 2173 1989 2215; x_wconf 92' lang='lat' dir='ltr'>potest</span> <span class='ocrx_word' id='word_1_482' title='bbox 2017 2178 2098 2202; x_wconf 90' lang='lat' dir='ltr'>esse</span> <span class='ocrx_word' id='word_1_483' title='bbox 2123 2166 2204 2202; x_wconf 90' lang='lat' dir='ltr'>sine</span> <span class='ocrx_word' id='word_1_484' title='bbox 2223 2166 2376 2203; x_wconf 88' lang='lat' dir='ltr'>virtute:</span> <span class='ocrx_word' id='word_1_485' title='bbox 2405 2167 2514 2205; x_wconf 88' lang='lat' dir='ltr'>multi</span> 
     </span>
     <span class='ocr_line' id='line_1_91' title="bbox 1442 2219 2513 2268; baseline -0.003 -10"><span class='ocrx_word' id='word_1_486' title='bbox 1442 2221 1544 2258; x_wconf 90' lang='lat' dir='ltr'>enim</span> <span class='ocrx_word' id='word_1_487' title='bbox 1573 2233 1653 2258; x_wconf 90' lang='lat' dir='ltr'>non</span> <span class='ocrx_word' id='word_1_488' title='bbox 1681 2220 1867 2257; x_wconf 89' lang='lat' dir='ltr'>habentes</span> <span class='ocrx_word' id='word_1_489' title='bbox 1895 2220 2070 2255; x_wconf 85' lang='lat' dir='ltr'>habiturn</span> <span class='ocrx_word' id='word_1_490' title='bbox 2098 2219 2257 2255; x_wconf 90' lang='lat' dir='ltr'>iustitiae</span> <span class='ocrx_word' id='word_1_491' title='bbox 2292 2219 2388 2256; x_wconf 90' lang='lat' dir='ltr'>iusta</span> <span class='ocrx_word' id='word_1_492' title='bbox 2422 2232 2513 2268; x_wconf 86' lang='lat' dir='ltr'>ope-</span> 
     </span>
     <span class='ocr_line' id='line_1_92' title="bbox 1441 2272 2513 2322; baseline -0.001 -11"><span class='ocrx_word' id='word_1_493' title='bbox 1441 2281 1584 2322; x_wconf 85' lang='lat' dir='ltr'>rantur,</span> <span class='ocrx_word' id='word_1_494' title='bbox 1604 2274 1667 2311; x_wconf 81' lang='lat' dir='ltr'>vel</span> <span class='ocrx_word' id='word_1_495' title='bbox 1697 2286 1742 2310; x_wconf 87' lang='lat' dir='ltr'>ex</span> <span class='ocrx_word' id='word_1_496' title='bbox 1762 2272 1921 2309; x_wconf 88' lang='lat' dir='ltr'>naturali</span> <span class='ocrx_word' id='word_1_497' title='bbox 1941 2272 2097 2320; x_wconf 86' lang='lat' dir='ltr'>ratione,</span> <span class='ocrx_word' id='word_1_498' title='bbox 2117 2273 2180 2309; x_wconf 88' lang='lat' dir='ltr'>vel</span> <span class='ocrx_word' id='word_1_499' title='bbox 2210 2284 2255 2309; x_wconf 85' lang='lat' dir='ltr'>ex</span> <span class='ocrx_word' id='word_1_500' title='bbox 2274 2272 2411 2309; x_wconf 92' lang='lat' dir='ltr'>timore</span> <span class='ocrx_word' id='word_1_501' title='bbox 2432 2273 2513 2310; x_wconf 90' lang='lat' dir='ltr'>sive</span> 
     </span>
     <span class='ocr_line' id='line_1_93' title="bbox 1442 2325 2513 2376; baseline -0.001 -12"><span class='ocrx_word' id='word_1_502' title='bbox 1442 2340 1487 2365; x_wconf 84' lang='lat' dir='ltr'>ex</span> <span class='ocrx_word' id='word_1_503' title='bbox 1507 2340 1575 2376; x_wconf 90' lang='lat' dir='ltr'>spe</span> <span class='ocrx_word' id='word_1_504' title='bbox 1594 2326 1737 2375; x_wconf 89' lang='lat' dir='ltr'>aliquid</span> <span class='ocrx_word' id='word_1_505' title='bbox 1757 2325 2002 2374; x_wconf 83' lang='lat' dir='ltr'>adipiscendi.</span> <span class='ocrx_word' id='word_1_506' title='bbox 2027 2325 2114 2362; x_wconf 92' lang='lat' dir='ltr'>Alio</span> <span class='ocrx_word' id='word_1_507' title='bbox 2134 2326 2254 2362; x_wconf 88' lang='lat' dir='ltr'>modo</span> <span class='ocrx_word' id='word_1_508' title='bbox 2275 2325 2410 2362; x_wconf 89' lang='lat' dir='ltr'>dicitur</span> <span class='ocrx_word' id='word_1_509' title='bbox 2430 2338 2513 2363; x_wconf 89' lang='lat' dir='ltr'>esse</span> 
     </span>
     <span class='ocr_line' id='line_1_94' title="bbox 1441 2378 2513 2429; baseline -0.001 -12"><span class='ocrx_word' id='word_1_510' title='bbox 1441 2380 1584 2429; x_wconf 88' lang='lat' dir='ltr'>aliquid</span> <span class='ocrx_word' id='word_1_511' title='bbox 1613 2388 1718 2416; x_wconf 90' lang='lat' dir='ltr'>actus</span> <span class='ocrx_word' id='word_1_512' title='bbox 1737 2379 1884 2416; x_wconf 89' lang='lat' dir='ltr'>virtutis</span> <span class='ocrx_word' id='word_1_513' title='bbox 1913 2378 2135 2416; x_wconf 89' lang='lat' dir='ltr'>formaliter:</span> <span class='ocrx_word' id='word_1_514' title='bbox 2166 2378 2262 2415; x_wconf 91' lang='lat' dir='ltr'>sicut</span> <span class='ocrx_word' id='word_1_515' title='bbox 2281 2386 2387 2415; x_wconf 90' lang='lat' dir='ltr'>actus</span> <span class='ocrx_word' id='word_1_516' title='bbox 2411 2378 2513 2416; x_wconf 91' lang='lat' dir='ltr'>iusti-</span> 
     </span>
     <span class='ocr_line' id='line_1_95' title="bbox 1440 2428 2513 2479; baseline 0 -9"><span class='ocrx_word' id='word_1_517' title='bbox 1440 2434 1514 2470; x_wconf 86' lang='lat' dir='ltr'>tiae</span> <span class='ocrx_word' id='word_1_518' title='bbox 1543 2441 1600 2469; x_wconf 93' lang='lat' dir='ltr'>est</span> <span class='ocrx_word' id='word_1_519' title='bbox 1628 2432 1725 2469; x_wconf 88' lang='lat' dir='ltr'>actio</span> <span class='ocrx_word' id='word_1_520' title='bbox 1746 2432 1843 2468; x_wconf 85' lang='lat' dir='ltr'>iusta</span> <span class='ocrx_word' id='word_1_521' title='bbox 1867 2444 1914 2468; x_wconf 91' lang='lat' dir='ltr'>eo</span> <span class='ocrx_word' id='word_1_522' title='bbox 1935 2431 2056 2468; x_wconf 85' lang='lat' dir='ltr'>mo&#39;do</span> <span class='ocrx_word' id='word_1_523' title='bbox 2076 2444 2154 2479; x_wconf 79' lang='lat' dir='ltr'>quo</span> <span class='ocrx_word' id='word_1_524' title='bbox 2175 2432 2296 2468; x_wconf 83' lang='lat' dir='ltr'>iustus</span> <span class='ocrx_word' id='word_1_525' title='bbox 2324 2428 2423 2479; x_wconf 81' lang='lat' dir='ltr'>facit,</span> <span class='ocrx_word' id='word_1_526' title='bbox 2444 2433 2513 2470; x_wconf 90' lang='lat' dir='ltr'>sci-</span> 
     </span>
     <span class='ocr_line' id='line_1_96' title="bbox 1439 2481 2513 2544; baseline 0 -22"><span class='ocrx_word' id='word_1_527' title='bbox 1439 2486 1526 2522; x_wconf 91' lang='lat' dir='ltr'>licet</span> <span class='ocrx_word' id='word_1_528' title='bbox 1545 2492 1724 2544; x_wconf 82' lang='lat' dir='ltr'>prompte</span> <span class='ocrx_word' id='word_1_529' title='bbox 1745 2491 1781 2520; x_wconf 92' lang='lat' dir='ltr'>et</span> <span class='ocrx_word' id='word_1_530' title='bbox 1800 2481 2080 2522; x_wconf 85' lang='lat' dir='ltr'>delectabiliter.</span> <span class='ocrx_word' id='word_1_531' title='bbox 2104 2486 2153 2521; x_wconf 89' lang='lat' dir='ltr'>Et</span> <span class='ocrx_word' id='word_1_532' title='bbox 2171 2485 2246 2521; x_wconf 93' lang='lat' dir='ltr'>hoc</span> <span class='ocrx_word' id='word_1_533' title='bbox 2266 2486 2386 2522; x_wconf 89' lang='lat' dir='ltr'>modo</span> <span class='ocrx_word' id='word_1_534' title='bbox 2407 2493 2513 2522; x_wconf 89' lang='lat' dir='ltr'>actus</span> 
     </span>
     <span class='ocr_line' id='line_1_97' title="bbox 1440 2537 2512 2586; baseline 0 -11"><span class='ocrx_word' id='word_1_535' title='bbox 1440 2538 1589 2576; x_wconf 90' lang='lat' dir='ltr'>virtutis</span> <span class='ocrx_word' id='word_1_536' title='bbox 1608 2550 1687 2574; x_wconf 91' lang='lat' dir='ltr'>non</span> <span class='ocrx_word' id='word_1_537' title='bbox 1708 2544 1764 2573; x_wconf 90' lang='lat' dir='ltr'>est</span> <span class='ocrx_word' id='word_1_538' title='bbox 1783 2537 1864 2573; x_wconf 91' lang='lat' dir='ltr'>sine</span> <span class='ocrx_word' id='word_1_539' title='bbox 1877 2537 2065 2574; x_wconf 84' lang='lat' dir='ltr'>virtute.-</span> <span class='ocrx_word' id='word_1_540' title='bbox 2086 2538 2307 2574; x_wconf 90' lang='lat' dir='ltr'>Secundum</span> <span class='ocrx_word' id='word_1_541' title='bbox 2327 2538 2402 2574; x_wconf 93' lang='lat' dir='ltr'>hoc</span> <span class='ocrx_word' id='word_1_542' title='bbox 2423 2551 2512 2586; x_wconf 86' lang='lat' dir='ltr'>ergo</span> 
     </span>
     <span class='ocr_line' id='line_1_98' title="bbox 1443 2589 2514 2639; baseline 0 -11"><span class='ocrx_word' id='word_1_543' title='bbox 1443 2592 1532 2629; x_wconf 91' lang='lat' dir='ltr'>dare</span> <span class='ocrx_word' id='word_1_544' title='bbox 1554 2592 1818 2638; x_wconf 89' lang='lat' dir='ltr'>eleemosynas</span> <span class='ocrx_word' id='word_1_545' title='bbox 1839 2589 2082 2626; x_wconf 85' lang='lat' dir='ltr'>materialiter</span> <span class='ocrx_word' id='word_1_546' title='bbox 2103 2598 2229 2639; x_wconf 90' lang='lat' dir='ltr'>potest</span> <span class='ocrx_word' id='word_1_547' title='bbox 2249 2603 2331 2627; x_wconf 90' lang='lat' dir='ltr'>esse</span> <span class='ocrx_word' id='word_1_548' title='bbox 2352 2590 2432 2627; x_wconf 88' lang='lat' dir='ltr'>sine</span> <span class='ocrx_word' id='word_1_549' title='bbox 2454 2604 2514 2628; x_wconf 94' lang='lat' dir='ltr'>ca-</span> 
     </span>
     <span class='ocr_line' id='line_1_99' title="bbox 1442 2643 2515 2691; baseline -0.001 -10"><span class='ocrx_word' id='word_1_550' title='bbox 1442 2645 1565 2682; x_wconf 86' lang='lat' dir='ltr'>ritate:</span> <span class='ocrx_word' id='word_1_551' title='bbox 1595 2643 1804 2680; x_wconf 88' lang='lat' dir='ltr'>formaliter</span> <span class='ocrx_word' id='word_1_552' title='bbox 1831 2650 1960 2679; x_wconf 88' lang='lat' dir='ltr'>autem</span> <span class='ocrx_word' id='word_1_553' title='bbox 1991 2643 2255 2691; x_wconf 89' lang='lat' dir='ltr'>eleemosynas</span> <span class='ocrx_word' id='word_1_554' title='bbox 2285 2643 2388 2690; x_wconf 88' lang='lat' dir='ltr'>dare,</span> <span class='ocrx_word' id='word_1_555' title='bbox 2417 2644 2515 2681; x_wconf 91' lang='lat' dir='ltr'>idest</span> 
     </span>
     <span class='ocr_line' id='line_1_100' title="bbox 1442 2695 2515 2747; baseline 0 -13"><span class='ocrx_word' id='word_1_556' title='bbox 1442 2705 1599 2747; x_wconf 90' lang='lat' dir='ltr'>propter</span> <span class='ocrx_word' id='word_1_557' title='bbox 1617 2698 1758 2743; x_wconf 82' lang='lat' dir='ltr'>Deum,</span> <span class='ocrx_word' id='word_1_558' title='bbox 1780 2695 2049 2732; x_wconf 83' lang='lat' dir='ltr'>delectabiliter</span> <span class='ocrx_word' id='word_1_559' title='bbox 2073 2703 2109 2732; x_wconf 93' lang='lat' dir='ltr'>et</span> <span class='ocrx_word' id='word_1_560' title='bbox 2135 2703 2312 2745; x_wconf 89' lang='lat' dir='ltr'>prompte</span> <span class='ocrx_word' id='word_1_561' title='bbox 2343 2704 2379 2732; x_wconf 93' lang='lat' dir='ltr'>et</span> <span class='ocrx_word' id='word_1_562' title='bbox 2407 2697 2515 2734; x_wconf 90' lang='lat' dir='ltr'>omni</span> 
     </span>
     <span class='ocr_line' id='line_1_101' title="bbox 1445 2748 2396 2798; baseline -0.002 -10"><span class='ocrx_word' id='word_1_563' title='bbox 1445 2764 1491 2788; x_wconf 89' lang='lat' dir='ltr'>eo</span> <span class='ocrx_word' id='word_1_564' title='bbox 1520 2751 1640 2787; x_wconf 89' lang='lat' dir='ltr'>modo</span> <span class='ocrx_word' id='word_1_565' title='bbox 1670 2762 1746 2798; x_wconf 90' lang='lat' dir='ltr'>quo</span> <span class='ocrx_word' id='word_1_566' title='bbox 1777 2749 1902 2796; x_wconf 84' lang='lat' dir='ltr'>debet,</span> <span class='ocrx_word' id='word_1_567' title='bbox 1932 2761 2010 2785; x_wconf 90' lang='lat' dir='ltr'>non</span> <span class='ocrx_word' id='word_1_568' title='bbox 2040 2756 2095 2785; x_wconf 91' lang='lat' dir='ltr'>est</span> <span class='ocrx_word' id='word_1_569' title='bbox 2122 2749 2201 2785; x_wconf 91' lang='lat' dir='ltr'>sine</span> <span class='ocrx_word' id='word_1_570' title='bbox 2231 2748 2396 2786; x_wconf 89' lang='lat' dir='ltr'>caritate.</span> 
     </span>
    </p>

    <p class='ocr_par' dir='ltr' id='par_1_34' title="bbox 1444 2801 2513 2956">
     <span class='ocr_line' id='line_1_102' title="bbox 1498 2801 2513 2851; baseline 0 -11"><span class='ocrx_word' id='word_1_571' title='bbox 1498 2805 1556 2840; x_wconf 85' lang='lat' dir='ltr'>An</span> <span class='ocrx_word' id='word_1_572' title='bbox 1571 2814 1762 2840; x_wconf 80' lang='lat' dir='ltr'>SECUNDUM</span> <span class='ocrx_word' id='word_1_573' title='bbox 1777 2813 1962 2838; x_wconf 78' lang='lat' dir='ltr'>D1CENDUM</span> <span class='ocrx_word' id='word_1_574' title='bbox 1973 2802 2078 2851; x_wconf 92' lang='lat' dir='ltr'>quod</span> <span class='ocrx_word' id='word_1_575' title='bbox 2093 2801 2184 2838; x_wconf 86' lang='lat' dir='ltr'>nihil</span> <span class='ocrx_word' id='word_1_576' title='bbox 2193 2802 2372 2851; x_wconf 89' lang='lat' dir='ltr'>prohibet</span> <span class='ocrx_word' id='word_1_577' title='bbox 2387 2809 2513 2840; x_wconf 89' lang='lat' dir='ltr'>actum</span> 
     </span>
     <span class='ocr_line' id='line_1_103' title="bbox 1445 2854 2513 2906; baseline -0.001 -13"><span class='ocrx_word' id='word_1_578' title='bbox 1445 2857 1509 2906; x_wconf 90' lang='lat' dir='ltr'>qui</span> <span class='ocrx_word' id='word_1_579' title='bbox 1538 2863 1593 2893; x_wconf 89' lang='lat' dir='ltr'>est</span> <span class='ocrx_word' id='word_1_580' title='bbox 1619 2855 1773 2905; x_wconf 91' lang='lat' dir='ltr'>proprie</span> <span class='ocrx_word' id='word_1_581' title='bbox 1797 2854 1909 2891; x_wconf 81' lang='lat' dir='ltr'>unius</span> <span class='ocrx_word' id='word_1_582' title='bbox 1928 2855 2076 2891; x_wconf 90' lang='lat' dir='ltr'>virtutis</span> <span class='ocrx_word' id='word_1_583' title='bbox 2097 2855 2269 2902; x_wconf 83' lang='lat' dir='ltr'>elicitive,</span> <span class='ocrx_word' id='word_1_584' title='bbox 2290 2855 2442 2892; x_wconf 90' lang='lat' dir='ltr'>attribui</span> <span class='ocrx_word' id='word_1_585' title='bbox 2462 2857 2513 2892; x_wconf 86' lang='lat' dir='ltr'>al-</span> 
     </span>
     <span class='ocr_line' id='line_1_104' title="bbox 1444 2907 2512 2956; baseline -0.002 -9"><span class='ocrx_word' id='word_1_586' title='bbox 1444 2909 1513 2948; x_wconf 86' lang='lat' dir='ltr'>teri</span> <span class='ocrx_word' id='word_1_587' title='bbox 1532 2909 1658 2946; x_wconf 87' lang='lat' dir='ltr'>virtuti</span> <span class='ocrx_word' id='word_1_588' title='bbox 1687 2909 1782 2945; x_wconf 90' lang='lat' dir='ltr'>sicut</span> <span class='ocrx_word' id='word_1_589' title='bbox 1809 2907 2012 2956; x_wconf 90' lang='lat' dir='ltr'>imperanti</span> <span class='ocrx_word' id='word_1_590' title='bbox 2042 2914 2078 2944; x_wconf 93' lang='lat' dir='ltr'>et</span> <span class='ocrx_word' id='word_1_591' title='bbox 2106 2907 2294 2945; x_wconf 90' lang='lat' dir='ltr'>ordinanti</span> <span class='ocrx_word' id='word_1_592' title='bbox 2323 2909 2369 2944; x_wconf 91' lang='lat' dir='ltr'>ad</span> <span class='ocrx_word' id='word_1_593' title='bbox 2399 2921 2512 2945; x_wconf 90' lang='lat' dir='ltr'>suum</span> 
     </span>
    </p>
   </div>
   <div class='ocr_carea' id='block_1_27' title="bbox 1446 2958 2549 3010">
    <p class='ocr_par' dir='ltr' id='par_1_35' title="bbox 1446 2958 2549 3010">
     <span class='ocr_line' id='line_1_105' title="bbox 1446 2958 2549 3010; baseline -0.002 -10"><span class='ocrx_word' id='word_1_594' title='bbox 1446 2964 1566 3000; x_wconf 89' lang='lat' dir='ltr'>finem</span> <span class='ocrx_word' id='word_1_595' title='bbox 1583 2963 1614 2999; x_wconf 69' lang='lat'>³⁸.</span> <span class='ocrx_word' id='word_1_596' title='bbox 1640 2963 1688 2998; x_wconf 90' lang='lat' dir='ltr'>Et</span> <span class='ocrx_word' id='word_1_597' title='bbox 1707 2962 1782 2998; x_wconf 93' lang='lat' dir='ltr'>hoc</span> <span class='ocrx_word' id='word_1_598' title='bbox 1801 2958 1920 2998; x_wconf 86' lang='lat' dir='ltr'>modo</span> <span class='ocrx_word' id='word_1_599' title='bbox 1942 2961 2032 2998; x_wconf 88' lang='lat' dir='ltr'>dare</span> <span class='ocrx_word' id='word_1_600' title='bbox 2053 2961 2339 3009; x_wconf 90' lang='lat' dir='ltr'>eleemosynam</span> <span class='ocrx_word' id='word_1_601' title='bbox 2359 2961 2514 3010; x_wconf 91' lang='lat' dir='ltr'>ponitur</span> <span class='ocrx_word' id='word_1_602' title='bbox 2538 2973 2549 2984; x_wconf 90' lang='lat'><strong>·</strong></span> 
     </span>
    </p>
   </div>
   <div class='ocr_carea' id='block_1_28' title="bbox 1446 3014 2512 3275">
    <p class='ocr_par' dir='ltr' id='par_1_36' title="bbox 1446 3014 2512 3275">
     <span class='ocr_line' id='line_1_106' title="bbox 1446 3014 2512 3064; baseline -0.003 -11"><span class='ocrx_word' id='word_1_603' title='bbox 1446 3017 1543 3054; x_wconf 90' lang='lat' dir='ltr'>inter</span> <span class='ocrx_word' id='word_1_604' title='bbox 1571 3027 1689 3064; x_wconf 87' lang='lat' dir='ltr'>opera</span> <span class='ocrx_word' id='word_1_605' title='bbox 1716 3014 1984 3052; x_wconf 88' lang='lat' dir='ltr'>satisfactoria:</span> <span class='ocrx_word' id='word_1_606' title='bbox 2014 3014 2241 3062; x_wconf 90' lang='lat' dir='ltr'>inquantum</span> <span class='ocrx_word' id='word_1_607' title='bbox 2262 3014 2454 3051; x_wconf 87' lang='lat' dir='ltr'>miseratio</span> <span class='ocrx_word' id='word_1_608' title='bbox 2474 3014 2512 3050; x_wconf 93' lang='lat' dir='ltr'>in</span> 
     </span>
     <span class='ocr_line' id='line_1_107' title="bbox 1448 3067 2511 3116; baseline -0.003 -10"><span class='ocrx_word' id='word_1_609' title='bbox 1448 3069 1640 3107; x_wconf 89' lang='lat' dir='ltr'>defectum</span> <span class='ocrx_word' id='word_1_610' title='bbox 1677 3067 1852 3116; x_wconf 88' lang='lat' dir='ltr'>patientis</span> <span class='ocrx_word' id='word_1_611' title='bbox 1886 3067 2083 3104; x_wconf 89' lang='lat' dir='ltr'>ordinatur</span> <span class='ocrx_word' id='word_1_612' title='bbox 2117 3067 2166 3104; x_wconf 87' lang='lat' dir='ltr'>ad</span> <span class='ocrx_word' id='word_1_613' title='bbox 2204 3067 2511 3104; x_wconf 89' lang='lat' dir='ltr'>satisfaciendum</span> 
     </span>
     <span class='ocr_line' id='line_1_108' title="bbox 1447 3120 2512 3172; baseline -0.002 -14"><span class='ocrx_word' id='word_1_614' title='bbox 1447 3135 1518 3172; x_wconf 91' lang='lat' dir='ltr'>pro</span> <span class='ocrx_word' id='word_1_615' title='bbox 1549 3122 1670 3170; x_wconf 88' lang='lat' dir='ltr'>culpa.</span> <span class='ocrx_word' id='word_1_616' title='bbox 1700 3142 1724 3148; x_wconf 98' lang='lat'>-</span> <span class='ocrx_word' id='word_1_617' title='bbox 1755 3121 1977 3157; x_wconf 89' lang='lat' dir='ltr'>Secundum</span> <span class='ocrx_word' id='word_1_618' title='bbox 2009 3128 2138 3157; x_wconf 90' lang='lat' dir='ltr'>autem</span> <span class='ocrx_word' id='word_1_619' title='bbox 2177 3120 2282 3169; x_wconf 91' lang='lat' dir='ltr'>quod</span> <span class='ocrx_word' id='word_1_620' title='bbox 2315 3120 2512 3157; x_wconf 89' lang='lat' dir='ltr'>ordinatur</span> 
     </span>
     <span class='ocr_line' id='line_1_109' title="bbox 1448 3172 2510 3224; baseline -0.004 -12"><span class='ocrx_word' id='word_1_621' title='bbox 1448 3175 1497 3212; x_wconf 92' lang='lat' dir='ltr'>ad</span> <span class='ocrx_word' id='word_1_622' title='bbox 1525 3174 1754 3224; x_wconf 90' lang='lat' dir='ltr'>placandum</span> <span class='ocrx_word' id='word_1_623' title='bbox 1782 3175 1927 3220; x_wconf 88' lang='lat' dir='ltr'>Deum,</span> <span class='ocrx_word' id='word_1_624' title='bbox 1956 3174 2073 3210; x_wconf 89' lang='lat' dir='ltr'>habet</span> <span class='ocrx_word' id='word_1_625' title='bbox 2104 3173 2290 3210; x_wconf 91' lang='lat' dir='ltr'>rationem</span> <span class='ocrx_word' id='word_1_626' title='bbox 2320 3172 2510 3209; x_wconf 90' lang='lat' dir='ltr'>sacrificii:</span> 
     </span>
     <span class='ocr_line' id='line_1_110' title="bbox 1450 3226 1998 3275; baseline -0.004 -10"><span class='ocrx_word' id='word_1_627' title='bbox 1450 3236 1486 3265; x_wconf 92' lang='lat' dir='ltr'>et</span> <span class='ocrx_word' id='word_1_628' title='bbox 1514 3228 1567 3264; x_wconf 91' lang='lat' dir='ltr'>sic</span> <span class='ocrx_word' id='word_1_629' title='bbox 1596 3227 1803 3275; x_wconf 84' lang='lat' dir='ltr'>imperatur</span> <span class='ocrx_word' id='word_1_630' title='bbox 1831 3239 1855 3263; x_wconf 88' lang='lat' dir='ltr'>a</span> <span class='ocrx_word' id='word_1_631' title='bbox 1881 3226 1998 3263; x_wconf 90' lang='lat' dir='ltr'>latria.</span> 
     </span>
    </p>
   </div>
   <div class='ocr_carea' id='block_1_29' title="bbox 1490 3361 2462 3414">
    <p class='ocr_par' dir='ltr' id='par_1_37' title="bbox 1490 3361 2462 3414">
     <span class='ocr_line' id='line_1_111' title="bbox 1490 3361 2462 3414; baseline -0.004 -10"><span class='ocrx_word' id='word_1_632' title='bbox 1490 3361 1530 3414; x_wconf 40' lang='grc' dir='ltr'>”γ)</span> <span class='ocrx_word' id='word_1_633' title='bbox 1549 3387 1655 3413; x_wconf 84' lang='lat' dir='ltr'>graeco.</span> <span class='ocrx_word' id='word_1_634' title='bbox 1673 3393 1693 3398; x_wconf 95' lang='lat'>-</span> <span class='ocrx_word' id='word_1_635' title='bbox 1710 3379 1878 3413; x_wconf 73' lang='lat' dir='ltr'>eleemosyna</span> <span class='ocrx_word' id='word_1_636' title='bbox 1896 3380 1993 3404; x_wconf 78' lang='lat' dir='ltr'>addunt</span> <span class='ocrx_word' id='word_1_637' title='bbox 2011 3379 2105 3407; x_wconf 73' lang='lat' dir='ltr'>PLaa;</span> <span class='ocrx_word' id='word_1_638' title='bbox 2122 3385 2140 3402; x_wconf 84' lang='lat' dir='ltr'>a</span> <span class='ocrx_word' id='word_1_639' title='bbox 2159 3377 2342 3402; x_wconf 77' lang='lat' dir='ltr'>misericordia</span> <span class='ocrx_word' id='word_1_640' title='bbox 2359 3383 2414 3402; x_wconf 85' lang='lat' dir='ltr'>om.</span> <span class='ocrx_word' id='word_1_641' title='bbox 2432 3377 2462 3400; x_wconf 88' lang='lat' dir='ltr'>L.</span> 
     </span>
    </p>
   </div>
   <div class='ocr_carea' id='block_1_30' title="bbox 2337 3465 2367 3490">
    <p class='ocr_par' dir='ltr' id='par_1_38' title="bbox 2337 3465 2367 3490">
     <span class='ocr_line' id='line_1_112' title="bbox 2337 3465 2367 3490; baseline -0.033 0"><span class='ocrx_word' id='word_1_642' title='bbox 2337 3465 2367 3490; x_wconf 81' lang='lat'>32</span> 
     </span>
    </p>
   </div>
   <div class='ocr_carea' id='block_1_31' title="bbox 2537 1596 2747 1623">
    <p class='ocr_par' dir='ltr' id='par_1_39' title="bbox 2537 1596 2747 1623">
     <span class='ocr_line' id='line_1_113' title="bbox 2537 1596 2747 1623; baseline 0.005 -5"><span class='ocrx_word' id='word_1_643' title='bbox 2537 1596 2547 1607; x_wconf 73' lang='lat'>⁸</span> <span class='ocrx_word' id='word_1_644' title='bbox 2554 1596 2602 1623; x_wconf 88' lang='lat' dir='ltr'>Qu.</span> <span class='ocrx_word' id='word_1_645' title='bbox 2610 1602 2664 1623; x_wconf 80' lang='lat' dir='ltr'>xxx,</span> <span class='ocrx_word' id='word_1_646' title='bbox 2674 1601 2715 1618; x_wconf 76' lang='lat' dir='ltr'>art.</span> <span class='ocrx_word' id='word_1_647' title='bbox 2724 1605 2747 1623; x_wconf 65' lang='grc'>4.</span> 
     </span>
    </p>
   </div>
   <div class='ocr_carea' id='block_1_32' title="bbox 2633 1756 2650 1782">
    <p class='ocr_par' dir='ltr' id='par_1_40' title="bbox 2633 1756 2650 1782">
     <span class='ocr_line' id='line_1_114' title="bbox 2633 1756 2650 1782; baseline 0 0"><span class='ocrx_word' id='word_1_648' title='bbox 2633 1756 2650 1782; x_wconf 78' lang='grc' dir='ltr'>Υ</span> 
     </span>
    </p>
   </div>
   <div class='ocr_carea' id='block_1_33' title="bbox 2538 1860 2749 1887">
    <p class='ocr_par' dir='ltr' id='par_1_41' title="bbox 2538 1860 2749 1887">
     <span class='ocr_line' id='line_1_115' title="bbox 2538 1860 2749 1887; baseline 0.011 -6.172"><span class='ocrx_word' id='word_1_649' title='bbox 2538 1860 2635 1887; x_wconf 79' lang='lat' dir='ltr'>’1bi,ad</span> <span class='ocrx_word' id='word_1_650' title='bbox 2638 1865 2749 1886; x_wconf 77' lang='lat' dir='ltr'>r.;ar.t2t</span> 
     </span>
    </p>
   </div>
   <div class='ocr_carea' id='block_1_34' title="bbox 2537 1893 2656 1916">
    <p class='ocr_par' dir='ltr' id='par_1_42' title="bbox 2537 1893 2656 1916">
     <span class='ocr_line' id='line_1_116' title="bbox 2537 1893 2656 1916; baseline 0.009 -1"><span class='ocrx_word' id='word_1_651' title='bbox 2537 1893 2656 1916; x_wconf 51' lang='lat' dir='ltr'><strong>&amp;UH-3</strong></span> 
     </span>
    </p>
   </div>
   <div class='ocr_carea' id='block_1_35' title="bbox 2564 2958 2658 3003">
    <p class='ocr_par' dir='ltr' id='par_1_43' title="bbox 2564 2958 2658 3003">
     <span class='ocr_line' id='line_1_117' title="bbox 2564 2958 2658 3003; baseline 0.021 -8"><span class='ocrx_word' id='word_1_652' title='bbox 2564 2974 2590 2995; x_wconf 92' lang='lat' dir='ltr'>D.</span> <span class='ocrx_word' id='word_1_653' title='bbox 2606 2958 2658 3003; x_wconf 45' lang='lat'>¹¹75·</span> 
     </span>
    </p>
   </div>
  </div>
 </body>
</html>
