2892 4056
52 1628 263 1658 ’auvich-aed.

230 1672 237 1679 ·
291 1666 433 1707 putentia
456 1664 608 1696 fundatur
630 1666 663 1696 in
693 1672 804 1696 natura
834 1665 966 1696 animae.
996 1665 1041 1696 Ita
1064 1665 1152 1706 quod
1183 1664 1261 1694 nihil
1284 1674 1355 1694 eam

53 1892 64 1904 ⁸
76 1891 114 1915 Cf.
127 1897 193 1915 nnn.
207 1898 240 1914 vi.

959 138 1224 184 QUAESTIO
1253 137 1393 183 XXIV,
1422 137 1716 174 ARTICULUS
1745 136 1813 173 Vll

291 213 484 253 'rationem
505 215 738 264 quantitatis;
760 216 855 253 sicut
873 216 981 262 linea,
1003 224 1354 265 quantumcumque

2396 136 2464 173 183

1411 227 1507 263 quae
1536 215 1704 263 sequitur
1732 214 1985 263 cognitionem
2013 213 2120 260 fidei,
2151 221 2186 249 et
2214 213 2374 249 caritatis
2402 226 2466 261 pa-

299 275 453 315 crescat,
474 281 552 305 non
573 268 716 316 attingit
743 269 988 318 quantitatem
1009 269 1234 318 superficiei.
1264 269 1355 305 Non
1410 267 1511 314 triae,
1529 280 1626 316 quae
1646 268 1813 315 sequitur
1830 267 2018 304 visionem
2039 273 2221 315 apertam.
2242 266 2352 303 Unde
2373 266 2465 302 ratio

298 328 353 358 est
381 329 508 358 autem
538 321 673 358 eadem
702 322 795 358 ratio
825 322 1039 370 quantitatis
1069 321 1228 358 caritatis
1256 321 1353 368 viae,
1381 353 1383 356 ,

1410 332 1486 357 non
1515 320 1682 369 sequitur
1695 320 1725 356 ⁹¹³.

971 407 1300 440 Commentaria
1323 405 1571 439 cardinalis
1594 405 1791 438 Caietani

301 492 348 554 IN
371 482 503 512 articulo
527 482 663 521 septimo
694 482 835 513 eiusdem
867 482 1059 523 quaestionis
1088 482 1224 512 occurrit
1252 482 1356 522 primo

328 525 463 556 dubium
479 535 516 556 ex
538 526 646 562 Scoto‚
662 526 696 556 in
720 526 761 556 111
777 527 874 562 Sent„
892 526 962 556 dist.
977 535 1041 560 xm,
1058 535 1112 565 qu.
1129 536 1139 555 t
1154 526 1180 561 *,
1199 526 1356 556 formante

297 579 334 599 ex
355 569 455 600 tribus
478 569 538 599 illis
561 579 598 599 ex
621 570 736 610 quibus
760 569 918 600 terminari
948 576 1156 608 augmentum
1180 569 1300 599 formae
1323 569 1356 598 in

297 613 397 643 littera
420 613 542 650 dicitur,
565 620 626 644 tres
648 613 794 650 rationes,
810 620 847 644 ut
867 613 935 653 ipse
958 613 1042 648 dicit,
1065 613 1103 643 ad
1127 613 1314 653 oppositum
1327 612 1355 642 *.

295 657 401 687 Prima
424 667 460 687 ex
477 664 564 698 parte
587 657 708 688 formae
725 664 780 687 est.
805 656 925 687 Caritas
948 663 995 686 est
1011 657 1167 697 quaedam
1191 657 1356 696 participa-

296 700 341 731 tio
369 700 438 732 Dei.
461 701 547 741 Ergo
577 701 753 731 secundum
783 700 921 740 aliquem
951 700 1084 739 gradum
1113 700 1356 730 determinatum

296 752 419 785 partem
442 746 526 785 capit
547 745 685 775 infinitae
716 743 850 775 caritatis
873 743 943 774 Dei.
973 743 1126 784 Alioquin
1150 750 1258 783 posset
1281 753 1355 773 con-

297 788 381 819 cludi
404 790 493 829 quod
517 788 612 826 calor,
635 794 666 819 et
684 797 907 828 quaecumque
931 787 1000 817 talis
1024 787 1136 823 forma,
1161 794 1268 827 posset
1291 797 1356 817 esse

295 832 435 863 infinita:
459 833 535 874 quia
553 832 711 873 quaelibet
733 830 836 861 forma
859 838 905 862 est
924 831 1121 871 participatio
1145 830 1269 861 infiniti.

349 877 494 907 Secunda
522 882 570 906 est
593 884 631 906 ex
651 881 739 915 parte
769 874 946 905 efficientis:
971 874 1047 914 quia
1069 874 1164 904 efficit
1187 874 1225 904 de
1255 874 1355 904 nihilo

296 926 442 951 naturam
465 919 641 950 limitatam.

350 963 457 994 Tertia
480 969 526 995 est
549 972 586 993 ex
607 969 694 1003 parte
717 962 906 1002 capacitatis.
922 963 1011 992 Tum
1034 962 1118 1002 quia,
1142 961 1214 991 licet
1238 961 1356 1000 capaci-

295 1014 342 1038 tas
357 1007 397 1037 sit
412 1013 555 1047 respectu
570 1006 692 1041 formae
707 1006 884 1037 secundum
897 1015 1135 1047 quemcumque
1146 1005 1195 1035 sui
1211 1005 1355 1045 gradum,

295 1060 361 1081 non
384 1057 492 1081 tamen
515 1050 670 1091 capacitas
693 1050 826 1081 alicuius
853 1050 933 1081 finiti
956 1057 1003 1080 est
1025 1051 1064 1080 ad
1088 1050 1225 1080 formam
1252 1048 1356 1078 infini-

293 1101 369 1126 tam.
385 1111 406 1118 -
422 1094 510 1125 Tum
533 1094 608 1135 quia
631 1093 749 1125 falsum
773 1101 819 1125 est
842 1094 1045 1134 capacitatem
1069 1094 1175 1134 augeri
1198 1103 1254 1133 per
1277 1093 1355 1123 cari-

293 1145 407 1169 tatem:
431 1139 506 1179 quia
529 1138 632 1169 forma
656 1148 722 1169 non
745 1138 798 1169 dat
820 1138 968 1169 materiae
993 1138 1111 1179 aliquid
1136 1138 1294 1178 pertinens
1317 1137 1356 1167 ad

293 1182 456 1223 propriam
473 1182 688 1214 causalitatem
703 1182 804 1222 ipsius
826 1182 990 1219 materiae;
1015 1192 1090 1222 ergo
1114 1192 1180 1212 non
1194 1187 1289 1221 auget
1307 1191 1355 1211 ca-

294 1227 463 1267 pacitatem
487 1233 631 1267 respectu
646 1226 705 1258 sui.
729 1229 942 1266 Assumptum
961 1227 1128 1267 probatur:
1153 1225 1227 1266 quia
1250 1231 1356 1265 poste-

293 1270 359 1301 rior
380 1280 475 1301 causa
498 1271 649 1302 non-*dat
669 1270 767 1311 priori
792 1270 911 1311 aliquid
941 1271 1101 1311 pertinens
1125 1270 1164 1300 ad
1193 1269 1356 1310 propriam

287 1314 602 1346 'elus‘eafisalitatem.
617 1332 639 1338 —
663 1315 762 1352 Quod
777 1315 804 1344 si
817 1315 938 1346 dicatur
953 1315 1041 1355 quod
1056 1314 1165 1345 caritas
1179 1313 1356 1343 secundum

295 1366 398 1390 unum
420 1360 555 1399 gradum
570 1365 664 1398 auget
686 1359 891 1399 capacitatem
911 1367 978 1389 non
1001 1365 1144 1398 respectu
1169 1357 1227 1392 sui,
1244 1357 1298 1387 sed
1313 1357 1356 1387 al-

292 1402 389 1434 terius
401 1403 516 1442 gradus
528 1411 538 1433 z
555 1409 674 1438 contra,
688 1402 799 1433 caritas
813 1402 846 1432 in
862 1411 1069 1442 quocumque
1081 1402 1179 1441 gradu
1196 1407 1242 1431 est
1253 1401 1356 1431 forma

293 1444 437 1478 eiusdem
466 1446 616 1482 tutionis:
637 1454 712 1485 ergo
742 1446 896 1486 capacitas
927 1446 994 1476 eius
1022 1445 1055 1475 in
1079 1454 1286 1485 quocumque
1309 1450 1356 1474 est

293 1490 436 1521 eusdem
458 1490 602 1526 nationim
627 1499 702 1530 ergo
726 1499 792 1520 non
816 1496 922 1529 potest
945 1489 1097 1530 capacitas
1120 1488 1226 1528 aliqua
1249 1487 1355 1527 augeri

291 1543 348 1574 per
370 1534 510 1575 aliquam
534 1533 693 1564 caritatem
715 1541 889 1573 receptam,
914 1533 968 1563 sed
992 1540 1057 1564 tota
1088 1531 1356 1573 praesupponitur

291 1578 483 1609 naturaliter.
507 1595 528 1601 -
550 1578 728 1614 Pmeterea,
752 1587 846 1618 posse
876 1577 990 1608 habere
1017 1577 1149 1617 gratiam
1179 1576 1355 1607 secundum

290 1623 500 1662 augmentum
521 1621 604 1652 inest
625 1621 748 1652 homini
766 1631 785 1651 a
799 1627 912 1652 natura
934 1621 1058 1652 animae
1073 1621 1100 1651 *.
1125 1621 1170 1651 lta
1186 1620 1275 1661 quod
1297 1620 1355 1651 ista

291 1708 411 1747 neiat,
435 1719 494 1741 nec
516 1716 610 1749 auget
630 1709 683 1739 vel
705 1709 831 1746 minuit,
856 1718 1094 1750 quamcumque
1118 1709 1256 1739 formam
1279 1707 1354 1739 reci·

290 1754 374 1796 plait
404 1754 461 1785 sed
491 1763 618 1784 summa
640 1754 691 1783 vel
721 1753 855 1784 minima
884 1760 931 1784 est
954 1759 1025 1784 ante
1055 1763 1185 1784 omnem
1216 1752 1354 1783 formam

290 1801 459 1839 receptam.

317 1843 382 1873 211.
406 1841 550 1873 Dubium
580 1841 715 1872 alterum
745 1841 880 1872 occurrit
904 1841 944 1871 ad
972 1841 1155 1877 hominem,
1179 1843 1352 1871 Auctorem

290 1882 447 1918 seilicet&
466 1895 507 1916 an
522 1886 664 1916 intendat
678 1885 728 1916 bic
744 1886 833 1926 quod
849 1885 982 1916 caritatis
998 1892 1205 1925 augmentum
1222 1894 1288 1915 non
1303 1894 1353 1915 so-

289 1931 359 1961 lum
381 1930 415 1961 in
436 1930 497 1966 via,
514 1930 569 1960 sed
591 1929 776 1970 simpliciter
798 1935 829 1960 et
851 1929 996 1960 absolute
1011 1936 1116 1970 potest
1137 1939 1204 1959 esse
1227 1928 1260 1959 in
1282 1927 1352 1959 infi-

290 1974 412 2011 nitum,
437 1974 518 2004 sicut
539 1973 695 2013 contingit
716 1973 750 2003 in
773 1973 898 2004 numeri
925 1980 1116 2013 augmento;
1139 1982 1180 2003 an
1209 1972 1352 2003 intendat

290 2016 398 2050 &olum
420 2019 460 2048 de
484 2017 611 2048 caritate
632 2017 664 2047 in
688 2023 772 2048 statu
794 2017 874 2049 viae.
897 2017 954 2048 Est
973 2024 1082 2048 autem
1103 2017 1184 2047 ratio
1207 2016 1293 2048 dubii
1315 2026 1351 2047 ex

290 2062 381 2094 dietis
403 2062 457 2092 hic⁴
477 2068 508 2092 et
530 2061 614 2092 alibi.
629 2062 676 2091 Ex
699 2061 788 2092 dictis
811 2062 942 2102 quidem
965 2061 1026 2098 hic,
1047 2061 1124 2101 quia
1145 2060 1257 2091 titulus
1280 2060 1350 2090 arti-

290 2106 355 2138 culi
369 2112 417 2137 eet
438 2106 478 2137 de
500 2112 672 2146 augmento
689 2105 824 2135 caritatis
847 2106 1008 2136 absolute:
1033 2105 1196 2135 conclusio
1211 2114 1287 2134 vero
1303 2113 1350 2135 re·
1386 2134 1391 2138 ,

290 2150 439 2192 sponsiva
461 2156 508 2180 est
530 2150 570 2180 de
592 2155 764 2189 augmento
790 2149 923 2180 caritatis
946 2149 979 2179 in
1001 2149 1062 2180 via.
1079 2166 1100 2172 —
1114 2149 1246 2184 Rursus,
1270 2148 1349 2179 ratio

290 2201 342 2226 eat
359 2194 399 2224 de
429 2193 535 2224 forma
563 2193 697 2224 caritatis
720 2193 880 2229 absolute,
906 2199 942 2223 ut
964 2193 1137 2224 ostendunt
1163 2193 1216 2223 illa
1238 2193 1348 2223 verba:

290 2239 366 2279 Ipsa
399 2239 483 2268 enim
515 2238 636 2268 caritas
666 2237 840 2268 secundum
870 2238 1026 2268 rationem
1050 2238 1206 2277 propriae
1234 2237 1350 2276 speciei

290 2283 460 2313 ruminum
475 2282 642 2322 augmenti
657 2291 720 2311 non
734 2281 847 2312 habet:
869 2286 916 2312 est
929 2283 1012 2312 enim
1028 2282 1237 2321 participatio
1251 2289 1349 2320 quae-

290 2325 364 2357 dam
388 2326 533 2366 infinitae
554 2326 719 2362 caritatis,
742 2334 825 2365 quae
846 2330 894 2355 est
915 2325 1054 2365 Spiritus
1076 2325 1224 2356 Sanctus.
1263 2324 1349 2356 Cum

289 2370 349 2401 iata
370 2370 449 2400 ratio
473 2369 513 2400 sit
535 2369 575 2399 de
597 2368 724 2399 caritate
745 2369 899 2404 absolute,
915 2378 980 2399 non
1003 2369 1104 2408 magis
1127 2368 1288 2399 concludit
1310 2368 1350 2398 de

291 2414 417 2445 ciuitate
438 2413 471 2443 in
495 2419 576 2444 statu
598 2412 668 2443 viae
691 2422 790 2453 quam
813 2412 939 2454 patriae,
954 2419 1112 2452 quantum
1134 2419 1180 2442 est
1203 2421 1240 2442 ex
1262 2418 1349 2451 parte

291 2456 441 2489 caritatis:
466 2466 502 2488 ac
524 2466 581 2496 per
602 2457 673 2492 hoc,
697 2463 752 2487 aut
765 2456 937 2486 ‘concludit
959 2456 998 2486 de
1021 2456 1090 2496 ipsa
1113 2455 1271 2490 absolute,
1294 2461 1351 2485 aut

290 2502 369 2533 nihil
389 2501 484 2532 valet.
507 2500 682 2531 Conclusio
704 2507 810 2531 tamen
834 2506 882 2530 est
903 2500 942 2530 de
965 2499 1090 2530 caritate
1111 2499 1145 2529 in
1173 2499 1231 2529 hac
1253 2498 1326 2529 vita.

344 2546 392 2576 Ex
406 2545 497 2576 dictis
518 2551 626 2576 autem
642 2544 726 2580 alibi,
742 2544 896 2584 quoniam
919 2546 1040 2574 Auctor
1053 2553 1196 2583 expresse
1218 2542 1350 2572 inferius

289 2590 323 2620 in
345 2589 453 2620 Tertia
474 2589 574 2625 Parte,
591 2598 645 2629 qu.
665 2598 719 2624 vn,
739 2595 794 2619 art.
818 2598 836 2628 9
855 2594 886 2618 et
906 2598 942 2618 ro
960 2594 991 2618 et
1018 2597 1065 2620 12,
1081 2593 1167 2618 tenet
1188 2586 1222 2616 in
1243 2585 1349 2616 anima

290 2633 407 2665 Christi
437 2642 602 2663 summum
631 2633 765 2672 gradum
792 2632 908 2671 gratiae
937 2632 1115 2662 secundum
1141 2630 1348 2671 quantitatem

288 2677 493 2708 intensivam:
517 2683 640 2707 constat
670 2676 755 2706 enim
777 2676 863 2706 idem
886 2685 952 2705 esse
975 2675 1130 2706 iudicium
1157 2675 1195 2704 de
1223 2674 1349 2705 caritate

289 2727 323 2752 et
340 2721 449 2762 gratia,
467 2730 542 2751 cum
564 2720 737 2760 aequaliter
759 2719 866 2759 augeri
884 2719 1060 2750 credantur.
1084 2718 1144 2749 Hic
1167 2724 1274 2749 autem
1290 2727 1348 2757 op-

289 2765 430 2807 positum
453 2765 554 2795 littera
577 2771 679 2795 sonat.
702 2765 786 2794 Nam
809 2763 835 2794 si
859 2764 951 2794 datur
965 2773 1092 2793 summa
1115 2762 1225 2793 caritas
1248 2762 1350 2802 possi-

288 2809 376 2846 bins,
396 2808 554 2840 terminus
584 2808 718 2838 caritatis
741 2814 913 2847 augmento
944 2817 980 2837 ex
1009 2807 1178 2837 intrinseco
1193 2805 1346 2846 ponitur.

289 2853 392 2884 ouius
413 2852 601 2893 oppositum
625 2852 675 2882 hic
698 2852 819 2882 dicitur.

345 2897 396 2927 111.
421 2897 472 2927 Ad
501 2896 618 2926 horum
645 2896 834 2926 evidentiam
864 2895 942 2925 scito
966 2895 1056 2935 quod
1082 2895 1183 2926 littera
1207 2893 1293 2924 aliud
1315 2893 1348 2924 in

289 2940 453 2982 superficie
471 2948 546 2980 prae
567 2949 600 2970 se
616 2939 690 2976 fert;
715 2946 746 2970 et
759 2939 846 2970 aliud
867 2939 902 2969 in
923 2939 1051 2969 veritate
1067 2938 1227 2978 significat.
1255 2937 1348 2968 Sum-

289 2991 382 3024 ptum
405 2992 546 3024 namque
566 2993 604 3014 ex
626 2984 684 3014 hac
706 2983 808 3014 littera
829 2983 953 3014 videtur
975 2983 1064 3023 quod
1087 2982 1213 3018 caritas,
1238 2991 1348 3013 secun·

288 3028 367 3058 dum
390 3028 472 3058 hanc
486 3027 632 3058 Doctoris
648 3027 846 3062 senteutiam,
861 3033 966 3067 potest
978 3026 1122 3057 absolute
1141 3026 1173 3056 in
1188 3025 1347 3057 infinitum

289 3071 406 3112 augeri,
431 3071 512 3102 sieut
533 3079 702 3102 numerus:
725 3070 769 3101 ita
791 3071 880 3112 quod
899 3070 980 3101 sicut
1002 3080 1068 3100 non
1093 3076 1140 3100 est
1162 3070 1273 3100 dabilis
1296 3079 1348 3100 su-

289 3124 419 3156 premus
443 3124 604 3151 numerus,
620 3115 675 3145 sed
689 3123 896 3155 quocumque
920 3115 994 3144 dato
1018 3120 1122 3154 potest
1146 3113 1212 3144 dari
1235 3113 1346 3150 maior,

289 3159 331 3190 ita
347 3169 413 3190 non
432 3159 472 3190 sit
494 3160 567 3189 dare
586 3168 768 3199 supremam
793 3159 963 3194 caritatem,
980 3158 1035 3188 sed
1057 3167 1260 3198 quacumque
1276 3158 1348 3188 data

289 3203 390 3244 possit
403 3203 469 3234 dari
493 3203 604 3233 maior.
628 3203 668 3233 Et
687 3202 746 3232 iste
768 3211 880 3232 sensus
897 3202 1034 3232 maxime
1057 3201 1181 3232 videtur
1199 3208 1347 3241 sumptus

289 3257 326 3278 ex
349 3247 450 3288 prima
473 3247 593 3277 ratione
622 3246 758 3281 litterae,
781 3246 897 3276 scilicet
927 3255 964 3276 ex
990 3252 1076 3285 parte
1103 3245 1234 3276 formae.
1258 3245 1347 3276 quta

288 3291 374 3322 hunc
397 3301 526 3322 sensum
548 3290 668 3331 accepit
690 3290 818 3326 Scotus;
843 3296 1031 3330 acceperunt
1044 3288 1244 3325 nomime,
1266 3289 1347 3320 inter

288 3344 370 3377 quos
394 3335 474 3366 forte
497 3344 557 3375 ego
580 3334 753 3374 aliquando
770 3333 826 3364 fui.
851 3333 913 3364 Sed
936 3333 993 3364 iste
1015 3343 1136 3369 sensus,
1153 3333 1219 3363 sive
1242 3333 1282 3364 sit
1295 3343 1347 3363 ve-

288 3388 342 3410 rus
357 3379 422 3410 'sive
438 3379 535 3410 falsus
551 3385 709 3419 quantum
725 3378 765 3408 ad
781 3383 963 3408 contentam
978 3377 1176 3413 sententiam,
1194 3386 1231 3407 ex
1247 3377 1348 3408 littera

288 3431 354 3454 non
377 3423 519 3454 habetur.
543 3423 584 3453 Et
605 3422 736 3463 quidem
759 3422 848 3462 quod
872 3421 1035 3452 conclusio
1053 3421 1172 3452 litterae
1194 3420 1256 3451 hoc
1279 3430 1345 3452 non

1409 480 1498 515 dicat,
1514 486 1615 520 patet:
1641 480 1714 520 quia
1730 481 1768 510 de
1791 481 1915 511 caritate
1931 481 1963 510 in
1987 487 2069 511 statu
2092 480 2161 510 viae
2176 481 2338 511 manifeste
2361 482 2467 522 loqui-

1408 531 1467 554 tur.
1492 524 1590 560 Quod
1613 530 1720 554 autem
1744 524 1880 555 rationes
1903 524 2022 555 litterae
2045 524 2107 554 hoc
2130 534 2196 555 non
2219 525 2332 561 dicant,
2348 525 2467 556 discur-

1409 568 1505 598 rendo
1529 577 1586 608 per
1608 567 1746 607 singulas
1770 575 1862 607 patet.

1461 611 1564 641 Prima
1587 612 1717 652 quidem
1733 612 1822 647 ratio,
1839 622 1876 642 ex
1899 618 1985 652 parte
2001 612 2131 647 formae,
2149 622 2230 653 quae
2254 613 2389 643 maxime
2405 614 2467 644 hoc

1409 655 1530 685 videtur
1554 655 1665 692 dicere,
1683 665 1748 685 non
1763 655 1847 686 dicit.
1869 656 1952 685 Nam
1975 656 2007 685 in
2030 655 2130 686 littera
2154 666 2219 686 non
2244 657 2356 687 dicitur
2378 659 2466 698 quod

1409 699 1518 729 caritas
1549 699 1720 729 terminum
1751 699 1911 738 augmenti
1941 709 2006 729 non
2038 699 2147 730 habet:
2173 701 2227 730 sed
2257 701 2467 741 interponitur

1409 749 1483 773 nota
1503 742 1708 782 specificativa
1727 743 1904 782 significans
1928 743 2103 773 secundum
2126 753 2224 784 quam
2238 745 2393 775 rationem
2407 752 2466 776 ter-

1409 786 1514 816 minus
1545 787 1705 826 augmenti
1736 794 1866 826 negatur
1889 797 1907 817 a
1937 787 2072 817 caritate.
2096 788 2139 817 Ita
2171 789 2257 828 quod
2288 789 2466 829 propositio

1408 829 1526 860 litterae
1550 839 1616 859 non
1640 836 1687 860 est
1709 830 1893 860 affirmativa
1915 830 2088 860 latitudinis
2111 831 2251 863 infinitae
2274 833 2306 862 in
2331 833 2465 870 caritate,

1410 883 1465 903 nec
1481 873 1624 912 negativa
1640 874 1782 904 absolute
1806 874 1930 904 termini
1946 874 2107 914 augmenti
2130 875 2163 904 in
2186 875 2326 906 caritate:
2351 877 2404 907 sed
2421 884 2467 908 est

1410 917 1552 955 negativa
1573 917 1698 947 termini
1723 917 1884 956 augmenti
1907 917 1940 947 in
1964 917 2088 948 caritate
2112 919 2287 949 secundum
2311 921 2466 951 rationem

1409 960 1554 999 propriae
1578 960 1702 1000 speciei.
1727 961 1809 991 lacet
1825 961 1909 991 enim
1933 961 1994 991 sic:
2017 961 2093 1001 Ipsa
2108 964 2190 992 enim
2215 965 2334 994 caritas
2355 974 2465 995 secun-

1408 1003 1483 1034 dum
1507 1006 1662 1034 rationem
1690 1006 1846 1044 propriae
1866 1006 1982 1044 speciei
2010 1007 2180 1036 terminum
2211 1010 2377 1047 augmenti
2400 1019 2463 1039 non

1407 1048 1509 1078 habet.
1534 1048 1575 1078 Et
1597 1055 1644 1078 est
1666 1058 1776 1078 sensus
1800 1050 1888 1089 quod
1913 1048 2031 1084 caritas,
2048 1057 2204 1090 quantum
2223 1057 2269 1081 est
2291 1061 2327 1081 ex
2347 1052 2466 1083 ratione

1408 1092 1553 1132 propriae
1581 1092 1712 1132 speciei,
1739 1102 1804 1122 non
1827 1092 1920 1123 habet
1941 1093 2114 1123 terminum
2137 1095 2306 1134 augmenti.
2338 1096 2378 1126 Et
2407 1096 2467 1127 fuit

1409 1135 1488 1166 forte
1511 1146 1603 1166 causa
1633 1136 1746 1166 erroris
1777 1147 1842 1167 non
1865 1137 1913 1167 uti
1935 1137 1967 1166 in
1991 1138 2156 1178 proposito
2187 1138 2386 1169 distinctione
2414 1141 2467 1170 illa

1409 1180 1447 1210 de
1469 1180 1502 1221 ly
1524 1180 1709 1218 secundum,
1734 1181 1863 1221 quando
1887 1187 2010 1211 tenetur
2040 1181 2264 1222 specificative,
2284 1190 2314 1213 et
2336 1185 2465 1223 quando

1409 1224 1641 1264 reduplicative.
1658 1224 1824 1255 Creditum
1842 1225 1928 1255 enim
1943 1231 1990 1255 est
2004 1226 2093 1265 quod
2116 1226 2148 1266 ly
2170 1227 2342 1257 secundum
2367 1229 2464 1258 ratio-

1409 1276 1478 1298 nem
1497 1270 1653 1308 propriae
1674 1270 1790 1309 speciei
1811 1275 1953 1299 teneatur
1976 1269 2209 1309 reduplicafive,
2234 1277 2265 1300 et
2286 1271 2396 1301 reddat
2418 1282 2465 1302 ra-

1408 1312 1526 1342 tionem
1543 1313 1768 1352 repugnantiae
1784 1313 1953 1352 praedicati
1969 1313 2008 1343 ad
2032 1313 2221 1344 subiectum:
2243 1321 2279 1344 ut
2300 1315 2343 1345 ita
2366 1315 2406 1345 sit
2421 1316 2466 1345 di-

1408 1361 1504 1391 ctum,
1523 1356 1652 1387 Caritas
1665 1357 1838 1387 secundum
1861 1358 2016 1388 rationem
2025 1359 2181 1397 propriae
2195 1360 2309 1398 speciei
2330 1369 2392 1389 non
2409 1359 2464 1389 ha-

1408 1399 1457 1429 bet
1479 1401 1649 1430 terminum
1674 1402 1851 1440 augmenti,
1877 1411 1912 1431 ac
1935 1401 1961 1431 si
1985 1401 2105 1432 dictum
2129 1402 2247 1438 fuisset,
2266 1403 2395 1433 Caritas
2416 1413 2466 1434 se-

1407 1443 1547 1473 cundum
1571 1445 1727 1474 rationem
1746 1446 1901 1484 propriae
1922 1446 2037 1484 speciei
2060 1455 2122 1475 non
2145 1446 2238 1476 habet
2266 1447 2463 1477 aversionem

1407 1487 1447 1516 ab
1463 1487 1712 1517 incommutabili
1729 1487 1820 1524 bono,
1838 1489 1913 1528 quia
1930 1489 2058 1524 caritati,
2075 1489 2265 1529 inquantum
2285 1490 2394 1520 caritas
2410 1498 2465 1526 est,

1407 1537 1561 1570 repugnat
1581 1531 1768 1561 huiusmodi
1792 1532 1924 1562 aversio.
1939 1533 2013 1562 Non
2037 1532 2079 1562 sic
2098 1539 2214 1569 autem,
2231 1534 2284 1563 sed
2309 1533 2466 1573 specifica-

1407 1574 1468 1605 tive
1482 1574 1701 1615 accipiendum
1718 1582 1764 1606 est
1786 1576 1875 1616 quod
1899 1576 2008 1607 caritas
2025 1577 2200 1607 secundum
2223 1577 2377 1608 rationem
2393 1587 2466 1618 pro-

1407 1619 1492 1658 priae
1521 1619 1636 1659 speciei
1659 1629 1726 1649 non
1755 1619 1850 1650 habet
1878 1620 2050 1650 terminum
2081 1621 2257 1660 augmenti:
2282 1622 2362 1652 sicut
2392 1632 2466 1652 cum

1407 1662 1534 1698 dicitur,
1561 1663 1692 1694 Caritas
1712 1664 1886 1694 secundum
1909 1665 2064 1695 rationem
2082 1666 2238 1705 propriae
2265 1667 2381 1705 speciei
2403 1675 2464 1696 non

1406 1707 1499 1737 habet
1522 1709 1749 1738 connexionem
1773 1718 1844 1738 cum
1858 1708 1942 1748 fide.
1959 1707 2158 1748 significatur
2181 1709 2265 1739 enim
2289 1719 2354 1739 non
2377 1710 2465 1750 quod

1407 1751 1540 1787 caritati,
1565 1751 1755 1792 inquantum
1780 1751 1904 1788 caritas,
1929 1759 2083 1792 repugnet
2112 1753 2266 1784 connexio
2289 1763 2361 1784 cum
2386 1753 2463 1784 fide:

1406 1795 1460 1825 sed
1483 1795 1571 1835 quod
1595 1795 1724 1831 caritati,
1743 1802 1778 1827 ut
1799 1796 1893 1827 habet
1916 1806 2008 1827 suam
2025 1795 2203 1836 specificam
2227 1803 2381 1833 naturam,
2399 1807 2464 1827 non

1406 1839 1553 1870 convenit
1576 1839 1731 1870 connexio
1762 1849 1835 1870 cum
1858 1839 1935 1876 fide;
1965 1850 2039 1871 cum
2062 1850 2128 1880 quo
2157 1848 2262 1871 tamen
2287 1847 2347 1872 stat
2375 1842 2464 1881 quod

1405 1882 1531 1914 aliunde
1555 1883 1613 1914 sibi
1635 1890 1815 1924 competere
1843 1884 1943 1924 possit
1966 1884 2036 1914 talis
2066 1884 2230 1915 connexio.
2256 1885 2296 1916 Et
2324 1885 2466 1916 similiter

1405 1927 1437 1956 in
1461 1927 1628 1967 proposito
1652 1926 1844 1967 significatur
1859 1928 1946 1968 quod
1971 1929 2091 1964 caritas,
2107 1929 2283 1959 secundum
2306 1929 2394 1969 quod
2410 1929 2464 1959 ha-

1405 1971 1456 2002 bet
1469 1981 1560 2003 suam
1585 1971 1763 2011 specificam
1780 1979 1933 2008 naturam,
1951 1982 2017 2002 non
2033 1972 2125 2003 habet
2141 1973 2311 2003 terminum
2326 1973 2375 2003 sui
2391 1983 2465 2013 aug-

1405 2015 1519 2047 menti:
1546 2025 1620 2046 cum
1642 2015 1705 2046 hoc
1729 2022 1835 2046 tamen
1858 2023 1919 2047 stat
1941 2017 2029 2056 quod
2053 2017 2230 2047 secundum
2253 2016 2347 2047 aliam
2370 2017 2464 2048 ratio-

1404 2069 1478 2090 nem
1501 2059 1614 2091 habeat
1635 2060 1808 2091 terminum
1831 2060 1879 2090 sui
1903 2060 2075 2099 augmenti.

1457 2104 1497 2134 Et
1519 2110 1555 2134 ut
1578 2103 1659 2135 clare
1682 2104 1834 2144 percipias
1857 2104 2003 2140 litteram,
2021 2111 2182 2135 memento
2206 2105 2295 2145 quod
2310 2104 2342 2134 in
2365 2104 2464 2144 perfe-

1403 2147 1560 2178 ctionibus
1584 2148 1776 2187 simpliciter,
1793 2155 1871 2187 puta
1885 2148 2046 2188 sapientia,
2063 2148 2190 2179 scientia
2213 2155 2243 2179 et
2262 2148 2329 2178 aliis
2344 2148 2462 2182 ,huius-

1403 2191 1508 2227 modi,
1531 2192 1570 2222 de
1599 2202 1735 2232 quarum
1765 2202 1899 2222 numero
1929 2199 2051 2223 constat
2079 2202 2146 2223 esse
2173 2193 2353 2229 caritatem,
2381 2202 2462 2232 quae

1402 2235 1434 2266 in
1457 2236 1527 2266 Deo
1557 2235 1714 2266 invenitur
1743 2236 1916 2266 formaliter
1939 2243 1970 2266 et
1992 2236 2024 2266 in
2053 2236 2216 2272 creaturis,
2240 2236 2462 2267 consuevimus

1403 2279 1594 2319 distinguere
1616 2279 1772 2310 rationem
1795 2279 1969 2319 genericam
1994 2289 2049 2311 seu
2074 2290 2294 2316 communem,
2318 2286 2350 2311 et
2371 2280 2463 2311 ratio-

1402 2333 1476 2354 nem
1492 2323 1728 2354 differentialem
1744 2334 1800 2354 seu
1819 2324 1996 2364 propriam;
2017 2331 2048 2354 et
2063 2334 2137 2354 cum
2152 2324 2316 2365 loquimur
2331 2325 2369 2354 de
2385 2324 2462 2364 ipsis

1402 2368 1577 2398 secundum
1601 2368 1743 2407 proprias
1768 2375 1903 2404 naturas,
1921 2368 2114 2399 intendimus
2131 2369 2170 2398 de
2192 2368 2366 2399 rationibus
2388 2378 2462 2408 pro-

1403 2411 1476 2451 priis
1500 2421 1555 2442 seu
1579 2411 1845 2442 differentialibus.
1881 2412 1922 2442 Et
1943 2419 2019 2445 tunc
2049 2412 2216 2456 pefspicies
2239 2413 2327 2453 quod
2351 2412 2461 2443 caritas

1401 2455 1577 2486 seeundum
1606 2455 1762 2485 rationem
1785 2456 1931 2495 propriae
1953 2456 2067 2496 speciei
2091 2456 2176 2486 idem
2199 2455 2351 2496 significat
2373 2457 2461 2496 quod

1402 2498 1512 2530 caritas
1534 2499 1711 2529 secundum
1726 2498 1888 2538 propriam
1912 2506 1942 2530 et
1957 2499 2193 2531 differentialem
2215 2500 2380 2536 rationem,
2397 2510 2461 2540 qua

1401 2542 1481 2573 inter
1497 2541 1705 2582 perfectiones
1729 2542 1911 2582 simpliciter
1926 2549 2139 2583 computatur.
2167 2544 2208 2574 Et
2229 2543 2349 2574 videbis
2372 2544 2460 2584 quod

1402 2586 1478 2627 quia
1500 2586 1676 2617 secundum
1699 2585 1779 2616 hanc
1795 2586 1950 2619 rationem
1972 2587 2170 2627 participatio
2189 2594 2236 2617 est
2257 2586 2396 2618 infinitae
2410 2598 2459 2618 ca-

1402 2630 1510 2666 ritatiS,
1534 2630 1615 2661 sicut
1645 2636 1751 2660 nostra
1773 2630 1924 2670 sapientia
1953 2637 2000 2662 est
2021 2631 2218 2670 participatio
2248 2631 2386 2661 infinitae
2413 2641 2459 2661 sa-

1402 2674 1546 2714 pientiae,
1570 2680 1601 2704 et
1624 2680 1730 2704 nostra
1753 2674 1880 2704 scientia
1908 2674 2106 2714 participatio
2128 2674 2266 2705 infinitae
2297 2675 2458 2711 scientiae;

1402 2727 1467 2748 non
1490 2718 1585 2748 habet
1607 2727 1644 2748 ex
1667 2718 1724 2748 hac
1748 2724 1835 2758 parte
1850 2718 2022 2749 terminum
2045 2718 2217 2758 augmenti,
2235 2718 2315 2749 sicut
2338 2729 2395 2749 nec
2411 2729 2458 2749 sa-

1402 2762 1519 2802 pientia
1536 2771 1593 2792 nec
1609 2762 1747 2792 scientia.
1761 2779 1779 2784 —
1803 2762 1843 2792 Et
1867 2772 1941 2792 cum
1964 2762 2025 2793 hoc
2048 2762 2232 2802 perceperis,
2255 2769 2349 2793 restat
2364 2769 2400 2793 ut
2414 2762 2459 2793 vi·

1402 2807 1475 2839 deas
1499 2806 1583 2836 hunc
1607 2815 1735 2836 sensum
1752 2815 1818 2836 esse
1841 2805 1999 2836 intentum
2021 2806 2053 2836 in
2071 2806 2182 2837 littera.
2202 2806 2329 2837 Videbis
2353 2814 2458 2837 autem

1401 2850 1471 2886 hoc,
1487 2850 1511 2880 si
1536 2850 1740 2890 supposueris
1764 2850 1937 2880 doctrinam
1961 2850 2042 2880 hanc
2065 2860 2132 2880 esse
2153 2860 2270 2880 veram.
2286 2851 2359 2880 Hoc
2373 2851 2459 2880 enim

1401 2894 1579 2934 supposito,
1596 2900 1730 2924 scrutare
1755 2894 1911 2924 rationem
1933 2894 2086 2935 redditam
2101 2894 2134 2924 in
2157 2893 2258 2924 littera
2280 2904 2377 2934 quare
2392 2904 2458 2924 non

1400 2939 1493 2970 habet
1516 2938 1691 2968 secundum
1715 2937 1869 2968 rationem
1891 2937 2037 2978 propriae
2060 2937 2175 2978 speciei
2198 2938 2369 2968 terminum
2385 2948 2460 2978 aug-

1400 2981 1513 3013 menti:
1538 2981 1614 3022 quia
1636 2981 1750 3012 scilicet
1773 2989 1818 3012 est
1837 2981 2034 3022 participatio
2057 2981 2195 3012 infinitae
2225 2981 2358 3012 caritatis
2381 2982 2458 3012 divi-

1400 3036 1468 3057 nae.
1486 3026 1533 3056 Ex
1555 3026 1616 3056 hoc
1639 3026 1725 3056 enim
1748 3035 1813 3055 non
1833 3026 2034 3057 concluditur
2055 3026 2143 3066 quod
2171 3033 2326 3065 repugnet
2348 3026 2376 3056 ei
2399 3033 2458 3056 ter-

1401 3070 1506 3100 minus
1530 3069 1708 3109 augmenti:
1733 3076 1768 3099 ut
1783 3076 1869 3109 patet
1890 3070 1929 3100 de
1944 3070 2105 3110 sapientia,
2122 3079 2203 3110 quae
2219 3070 2395 3100 secundum
2410 3079 2458 3099 ra-

1399 3114 1521 3145 tionem
1543 3114 1689 3154 propriae
1704 3113 1817 3152 speciei
1833 3120 1880 3144 est
1894 3113 2091 3154 participatio
2111 3113 2250 3144 infinitae
2271 3113 2456 3153 sapientiae;

1400 3164 1430 3189 et
1453 3157 1650 3189 convincitur
1673 3157 1808 3194 ratione,
1839 3157 1914 3198 quia
1937 3167 1975 3188 ex
1998 3167 2064 3188 esse
2094 3157 2367 3197 participationem
2394 3157 2456 3187 for·

1399 3202 1523 3234 maliter
1546 3201 1676 3232 alicuius
1707 3201 1906 3241 perfectionis
1932 3200 2071 3232 infinitae
2099 3211 2164 3232 non
2188 3201 2329 3241 sequitur
2351 3210 2456 3231 neces-

1400 3245 1481 3276 sario
1498 3245 1704 3285 repugnantia
1717 3245 1757 3275 ad
1772 3245 1885 3276 habere
1907 3245 2079 3277 terminum
2094 3245 2276 3286 simpliciter
2294 3244 2456 3285 perfectio-

1401 3289 1449 3319 nis
1472 3289 1653 3320 intensivae.
1677 3289 1738 3320 Sed
1754 3289 1895 3329 sequitur
1917 3289 2092 3320 necessario
2115 3289 2203 3329 quod
2226 3289 2298 3318 inde
2322 3298 2387 3318 non
2402 3288 2456 3318 ha-

1399 3333 1452 3364 bet
1467 3333 1556 3374 quod
1579 3333 1692 3363 habeat
1708 3333 1879 3364 terminum
1902 3343 1976 3364 suae
1995 3333 2195 3373 perfectionis
2218 3332 2399 3362 intensivae.
2417 3332 2457 3362 Et

1399 3377 1475 3418 quia
1497 3377 1558 3407 hoc
1582 3384 1628 3407 est
1651 3377 1771 3407 clarum
1793 3384 1824 3408 et
1846 3384 2003 3413 constans,
2018 3377 2090 3407 ideo
2113 3379 2234 3407 Auctor
2249 3375 2456 3416 pertransivit,

1400 3431 1465 3451 non
1489 3427 1604 3461 putans
1626 3421 1720 3451 verba
1741 3431 1798 3452 sua
1821 3421 1854 3452 in
1877 3421 1940 3452 alio
1962 3421 2142 3460 accipienda
2165 3429 2268 3450 sensu.

2493 318 2505 329 ⁸
2519 318 2546 339 D.
2561 325 2605 347 3¹⁰*
