2892 4056
94 806 104 817 ⁸
114 805 181 828 Vers.
197 811 227 827 12.

90 1071 228 1098 ’me-

948 163 1212 208 QUAESTIO
1242 165 1380 211 XLIII,
1408 163 1701 200 ARTICULUS
1730 163 1881 210 V1,V11

2424 162 2496 208 327

1137 299 1452 341 ARTICULUS
1481 298 1688 341 SEXTUS

662 391 818 422 UTRUM
841 390 1105 423 scANDALUM
1129 390 1328 422 ACTIVUM
1351 372 1497 422 Possm
1522 391 1709 421 INVENIRI
1735 392 1776 421 IN
1801 391 1909 422 vims
1931 390 2164 422 PERFECTIS

1080 467 1113 492 IV
1133 468 1215 498 Sent„
1238 469 1296 494 di.st
1315 476 1416 497 xxxvm,
1435 475 1481 500 qu.
1499 475 1526 498 11,
1545 473 1592 492 art.
1613 467 1635 498 3,
1655 468 1704 500 qu·
1725 475 1748 493 2.

376 572 415 595 „
450 580 451 583 Ἴ
512 562 515 568 ·
539 550 562 575 D
586 551 728 576 sssxrum
755 551 808 576 stc
833 549 1074 576 pnocssnrrun.
1103 538 1263 575 Videtur
1280 539 1389 598 quod

359 574 421 650 ’ΞΡ
421 569 515 652 fc}
540 592 764 629 scandalum
802 591 966 628 activum
1007 590 1126 639 possit
1160 591 1322 628 inveniri
1349 591 1387 628 in

349 674 369 690 ,x
454 664 458 667 -
482 642 630 685 'f'viris
656 644 843 703 perfectis.
871 642 1004 680 Passio
1026 642 1127 680 enim
1158 652 1212 680 est
1232 644 1388 680 effectus

350 689 357 698 ’
384 691 473 731 Ul'ss‘
496 689 712 735 &actionis
753 697 830 734 Sed
860 708 904 732 ex
933 695 1039 732 dictis
1076 697 1138 732 vel
1167 697 1272 733 factis
1304 709 1388 746 per-

329 749 516 786 fectorum
536 749 649 799 aliqui
667 750 818 799 passive
838 748 1155 786 scandalizantur:
1175 750 1387 786 secundum

329 802 420 839 illud
448 803 581 840 Matth.
601 815 649 840 xv
667 802 704 839 *ε
734 802 814 839 Scis
841 802 928 850 quia
947 802 1153 848 Pharisaei,
1172 802 1298 838 audito
1317 803 1388 839 hoc

327 855 455 901 verbo,
482 855 726 904 scandalizati
748 854 863 892 sunt?
899 854 1002 901 Ergo
1032 854 1070 890 in
1097 855 1270 902 perfectis
1297 855 1388 891 viris

324 913 454 956 'potest
481 907 643 944 inveniri
671 908 895 944 scandalum
925 907 1104 943 activum.

384 972 419 996 2.
454 961 686 1006 ΡΒΑΕΤΕΚΕΑ,
707 961 841 997 Petrus
868 968 956 1008 post
975 967 1174 1008 acceptum
1205 959 1386 1007 Spiritum

330 1013 511 1050 Sanctum
539 1012 579 1049 in
607 1020 704 1050 statu
730 1014 986 1062 perfectorum
1017 1019 1106 1049 erat.
1150 1012 1227 1048 Sed
1255 1020 1389 1060 postea

327 1065 484 1114 gentiles
512 1065 796 1104 scandalizavit:
826 1066 961 1104 dicitur
980 1065 1081 1102 enim
1109 1064 1160 1101 ad
1191 1065 1274 1102 Gal.
1305 1078 1328 1102 11
1346 1064 1386 1102 *ε

333 1119 428 1156 Cum
454 1118 629 1156 vidissem
656 1120 758 1168 quod
783 1132 858 1157 non
877 1124 976 1156 recte
1002 1118 1241 1155 ambularent
1258 1119 1310 1155 ad
1326 1131 1386 1155 ve—

327 1171 474 1208 ritatem
501 1172 701 1222 evangelii,
730 1173 813 1210 dixi
842 1173 1010 1220 Cephae,
1047 1171 1144 1208 idest
1171 1173 1296 1218 Petro,
1325 1184 1386 1209 co-

327 1235 412 1263 ram
441 1225 635 1262 omnihus.-
662 1226 706 1262 Si
729 1231 780 1272 tu,
809 1237 894 1262 cum
922 1225 1087 1262 Iudaeus
1112 1225 1173 1270 sis,
1201 1225 1388 1275 gentiliter

327 1282 363 1314 et
387 1289 463 1329 non
491 1278 638 1316 iudaice
662 1279 769 1325 vivis,
788 1278 974 1327 quomodo
992 1284 1122 1327 gentes
1146 1279 1250 1328 cogis
1269 1278 1386 1316 iudai—

275 1340 281 1342 *
326 1320 448 1390 zare?
482 1331 584 1379 Ergo
622 1332 844 1369 scandalum
882 1331 1050 1368 activum
1084 1339 1210 1380 potest
1239 1344 1321 1369 esse
1348 1332 1387 1370 in

84 2189 97 2200 ⁴
111 2187 178 2212 νει-ι.
190 2193 232 2216 ⁴⁰-

87 3187 203 3214 ἨΒ-ΙΙΙ,
212 3193 263 3216 cap.
271 3193 298 3209 11.
327 3202 329 3204 -

219 2156 225 2166 ,
321 2124 485 2176 pertinet
513 2139 559 2164 ea
587 2138 687 2175 quae
706 2134 823 2174 agunt
850 2127 1064 2163 secundum
1085 2128 1257 2174 regulam
1278 2128 1386 2165 ratio—

326 1382 417 1421 viris
444 1384 630 1432 perfectiS.

383 1437 417 1473 3.
448 1437 682 1484 PRAETEREA,
709 1438 934 1474 scandalum
960 1436 1125 1474 activum
1153 1437 1386 1486 quandoque

327 1496 384 1526 est
409 1497 611 1539 peccatum
629 1490 794 1527 veniale.
825 1490 901 1527 Sed
928 1498 1085 1539 peccata
1107 1490 1272 1528 venialia
1299 1504 1388 1540 pos-

326 1550 414 1579 sunt
442 1543 555 1579 etiam
586 1548 603 1564 ²
632 1555 716 1580 esse
743 1543 782 1580 in
808 1543 898 1581 viris
926 1543 1112 1592 perfectis.
1149 1543 1250 1591 Ergo
1280 1557 1387 1582 scan-

327 1596 457 1644 dalum
486 1596 654 1633 activum
681 1603 807 1644 potest
835 1609 918 1634 esse
947 1596 985 1633 in
1011 1596 1101 1633 viris
1129 1597 1316 1645 perfectis.

379 1649 456 1689 SED
493 1661 660 1696 CONTRA,
689 1650 775 1698 plus
810 1657 996 1698 repugnat
1022 1650 1246 1698 perfectioni
1282 1663 1385 1688 scan-

326 1692 457 1742 datum
485 1702 654 1751 activum
686 1715 803 1750 quarn
841 1702 1039 1761 passivum
1067 1701 1094 1739 β.
1125 1703 1201 1740 Sed
1229 1704 1387 1741 scanda-

322 1755 403 1800 lum
430 1756 628 1804 passivum
646 1767 725 1792 non
752 1763 878 1804 potest
905 1768 988 1792 esse
1016 1755 1054 1792 in
1083 1755 1173 1792 viris
1201 1756 1387 1804 perfectis.

325 1808 428 1855 Ergo
457 1809 577 1846 multo
606 1808 733 1846 minus
761 1809 984 1846 scandalum
1012 1807 1193 1846 activum.

377 1862 606 1900 Respounzo
630 1874 817 1899 montinum
836 1863 941 1910 quod
970 1861 1192 1898 scandalum
1222 1862 1388 1899 activum

323 1914 478 1963 proprie
498 1924 555 1953 est
574 1927 662 1952 cum
690 1914 823 1963 aliquis
841 1916 915 1952 tale
943 1914 1086 1963 aliquid
1106 1914 1195 1952 dicit
1222 1916 1284 1951 vel
1303 1915 1389 1952 facit

322 1968 429 2016 quod
458 1969 505 2005 de
534 1980 574 2005 se
603 1969 687 2005 tale·
706 1975 761 2005 est
788 1975 829 2004 ut
857 1969 1016 2005 alterum
1046 1974 1179 2004 natum
1208 1968 1254 2005 sit
1281 1969 1388 2005 indu-

324 2032 411 2060 cere
429 2021 479 2058 ad
497 2021 664 2058 ruinam:
694 2021 800 2070 quod
819 2021 977 2070 quidem
1007 2028 1062 2057 est
1081 2022 1205 2058 solum
1226 2021 1264 2058 id
1284 2022 1389 2070 quod

322 2071 534 2111 inordinate
571 2074 614 2111 fit
648 2075 710 2111 vel
748 2073 893 2111 dicitur.
935 2075 996 2110 Ad
1033 2074 1222 2122 perfectos
1258 2083 1387 2112 autern

322 2179 382 2219 nis
410 2180 605 2218 ordinare·
645 2179 859 2216 secundum
894 2179 986 2216 illud
1016 2181 1029 2215 I
1059 2181 1110 2216 ad
1141 2181 1228 2216 Cor.
1258 2192 1319 2217 xiv
1346 2180 1384 2217 *ε

373 2295 403 2328 α)
422 2294 512 2320 etiam.
530 2307 548 2313 -
567 2293 628 2318 Om.
648 2292 709 2323 PG;
728 2293 749 2317 L
768 2301 822 2318 om.
840 2293 889 2317 hoc
908 2298 1099 2326 argumentum.
1411 2302 1415 2330 Ι

1446 538 1581 575 Omnia
1595 540 1745 575 honeste
1764 544 1799 575 et
1810 539 2012 575 secundum
2028 539 2197 576 ordinem
2205 539 2309 587 fiant
2327 539 2364 575 in
2384 539 2498 575 vobis.

1442 592 1490 628 Et
1517 591 1718 639 praecipue
1756 591 1854 627 hanc
1883 592 2068 628 cautelam
2102 591 2285 628 adhibent
2311 591 2348 628 in
2376 591 2433 628 his
2461 591 2498 627 in

1442 643 1581 692 quibus
1601 656 1679 680 non
1699 645 1822 681 solum
1844 644 1915 692 ipsi
1935 645 2182 691 offenderent,
2200 645 2267 681 sed
2287 644 2399 681 etiam
2421 643 2500 680 aliis

1442 697 1696 734 offensionem
1734 706 1922 745 pararent.
1962 698 2010 734 Et
2037 697 2066 734 si
2096 697 2250 746 quidem
2288 697 2325 733 in
2364 709 2500 733 eorum

1442 749 1650 786 manifestis
1679 749 1785 786 dictis
1813 751 1875 787 vel
1902 750 2010 786 factis
2030 750 2171 798 aliquid
2199 751 2247 787 ab
2275 751 2348 787 hac
2367 750 2500 786 mode-

1442 803 1587 839 ratione
1608 802 1715 850 desit,
1734 803 1809 839 hoc
1828 803 2004 851 provenit
2019 815 2063 840 ex
2083 803 2499 849 infirmitatehurnana,

1442 856 1653 892 secundum
1692 867 1810 902 quam
1847 868 1868 891 a
1904 856 2134 903 perfectione
2173 856 2364 893 deficiunt.
2408 856 2499 892 Non

1441 916 1571 944 tamen
1604 908 1788 944 intantum
1823 909 2004 945 deficiunt
2032 917 2071 945 ut
2099 909 2261 946 multum
2290 910 2336 946 ab
2367 908 2500 945 ordine

1442 960 1596 996 rationis
1618 960 1825 1002 recedatur,
1848 962 1914 997 sed
1943 961 2138 998 modicum
2161 970 2196 998 et
2218 962 2361 1009 leviter:
2396 962 2500 1011 quod

1442 1025 1520 1050 non
1549 1020 1604 1049 est
1637 1021 1716 1049 tam
1754 1025 1936 1061 magnum
1973 1022 2014 1050 ut
2049 1026 2094 1050 ex
2125 1015 2199 1051 hoc
2232 1014 2502 1052 rationabiliter

1441 1065 1560 1114 possit
1589 1065 1636 1102 ab
1666 1066 1739 1102 alio
1768 1066 1866 1102 sumi
1893 1066 2078 1115 peccandi
2106 1068 2270 1104 occasio.

1494 1121 1553 1156 AD
1573 1130 1709 1155 PRIMUM
1728 1130 1826 1156 ERGO
1845 1131 2029 1156 montinum
2051 1120 2155 1167 quod
2176 1121 2396 1158 scandalum
2416 1133 2501 1169 pas-

1441 1172 1567 1209 sivum
1605 1184 1758 1219 semper
1792 1173 1840 1209 ab
1874 1172 2000 1220 aliquo
2038 1172 2163 1209 activo
2203 1181 2395 1210 causatur:
2434 1174 2500 1210 sed

1442 1238 1520 1263 non
1547 1237 1700 1273 semper
1729 1226 1776 1261 ab
1805 1225 1931 1273 aliquo
1970 1226 2150 1262 scandalo
2179 1226 2303 1262 activo
2336 1226 2498 1273 alterius,

1441 1280 1507 1316 sed
1538 1278 1708 1315 eiusdem
1737 1278 1800 1327 qui
1829 1278 2116 1325 scandalizatum
2145 1279 2235 1328 quia
2263 1279 2403 1316 scilieet
2420 1280 2500 1328 ipse

1442 1332 1610 1381 seipsum
1640 1331 1881 1368 scandalizat.

1493 1387 1552 1422 An
1581 1396 1770 1422 SECUNDUM
1807 1395 1991 1421 mci-:NDUM
2024 1384 2127 1432 quod
2163 1384 2296 1421 Petrus
2329 1385 2502 1433 peccavit

1441 1439 1609 1497 quidem,
1631 1445 1668 1474 et
1685 1436 1986 1511 reprehensibilis
2014 1437 2092 1482 fuit,
2113 1438 2324 1474 secundum
2353 1446 2500 1475 senten-

1440 1491 1531 1528 tiam
1547 1489 1782 1538 Augustini*
1801 1498 1838 1526 et
1856 1490 1972 1538 ipsius
1991 1489 2163 1537 Pau1i**‚
2180 1491 2404 1528 subtrahens
2424 1504 2464 1528 se
2480 1504 2501 1528 a

1441 1543 1643 1592 gentilibus
1670 1551 1712 1580 ut
1738 1542 1873 1579 vitaret
1892 1543 2114 1580 scandalum
2135 1544 2383 1580 Iudaeorum:
2414 1545 2535 1597 quia

1441 1650 1597 1699 gentiles
1615 1649 1664 1686 ad
1682 1649 1801 1686 fidem
1823 1649 1996 1686 conversi
2020 1649 2380 1687 scandalizabantur.
2410 1651 2500 1688 Non

1442 1711 1572 1740 tamen
1606 1702 1746 1739 factum
1785 1701 1886 1738 Petri
1923 1710 2000 1739 erat
2037 1710 2114 1739 tam
2147 1715 2263 1750 grave
2299 1712 2500 1751 peccatum

1442 1756 1547 1804 quod
1576 1755 1710 1792 merito
1739 1763 1895 1803 possent
1923 1754 1985 1791 alii
2014 1756 2266 1792 scandalizari.
2297 1756 2406 1794 Unde
2435 1769 2501 1806 pa-

1442 1810 1632 1846 tiebantur
1659 1808 1881 1846 scandalum
1907 1807 2119 1856 passivum:
2153 1821 2232 1846 non
2260 1817 2388 1846 autem
2424 1818 2502 1847 erat

1443 1863 1480 1900 in
1508 1863 1622 1898 Petro
1652 1861 1874 1898 scandalum
1902 1861 2084 1898 activum.

1493 1917 1553 1952 AD
1580 1926 1741 1952 TERTltJM
1773 1926 1956 1951 morannum
1994 1914 2099 1962 quod
2140 1923 2297 1964 peccata
2337 1915 2501 1952 venialia

1442 1969 1699 2017 perfectorum
1724 1967 1927 2016 praecipue
1957 1968 2166 2005 consistunt
2193 1967 2231 2005 in
2258 1968 2390 2005 subitis
2419 1981 2502 2006 mo-

1442 2021 1561 2068 tibus,
1592 2021 1674 2069 qui,
1704 2028 1791 2057 cum
1826 2020 1899 2058 sint
1936 2020 2093 2066 occulti,
2131 2022 2386 2058 scandalizare
2423 2035 2501 2059 non

1442 2083 1613 2122 possunt.
1644 2074 1682 2110 Si
1701 2086 1777 2123 qua
1795 2086 1889 2116 vero
1919 2074 2032 2111 etiam
2060 2074 2099 2111 in
2119 2074 2366 2112 exterioribus
2394 2075 2501 2113 dictis

1441 2128 1502 2164 vel
1529 2127 1635 2164 factis
1661 2126 1825 2164 venialia
1844 2135 1999 2175 peccata
2028 2127 2276 2174 committant,
2295 2136 2375 2165 tam
2402 2128 2501 2165 levia

1441 2189 1527 2217 sunt
1545 2187 1586 2216 ut
1605 2180 1652 2217 de
1672 2192 1711 2216 se
1731 2180 2008 2217 scandalizandi
2026 2180 2204 2217 virtutem
2225 2193 2303 2218 non
2322 2182 2500 2220 habeant.

1495 2292 1520 2326 β)
1536 2294 1683 2325 passivum.
1701 2307 1720 2312 -
1737 2294 1892 2318 scandalum
1907 2294 2044 2326 passivum
2065 2294 2130 2319 an.

997 2372 1331 2405 Commentaria
1353 2372 1606 2406 Cardinalis
1627 2373 1832 2405 Caietani

325 2464 374 2528 In
395 2453 528 2484 articulo
557 2452 672 2493 quinto
695 2458 726 2482 et
748 2459 835 2483 sexto
867 2451 928 2482 hoc
958 2451 1099 2487 adverte,
1129 2452 1220 2492 quod
1251 2462 1325 2482 cum
1348 2452 1381 2482 in
1436 2452 1469 2482 id
1491 2452 1576 2492 quod
1598 2453 1780 2482 inordinate
1792 2453 1837 2493 fit
1852 2458 1910 2483 aut
1931 2453 2051 2483 dicitur
2073 2447 2219 2494 ititelligit
2242 2464 2307 2485 non
2329 2455 2435 2486 solum
2453 2466 2499 2486 se·

354 2498 431 2529 sexti
455 2506 587 2537 corpore
606 2496 720 2527 dicitur
740 2496 830 2536 quod
857 2509 871 2523 «
890 2495 1075 2526 scandalum
1099 2496 1237 2526 activum
1257 2495 1383 2536 proprie

323 2550 369 2574 est
391 2551 466 2573 cum
482 2541 553 2582 quis
568 2541 630 2572 tale
645 2540 765 2582 aliquid
789 2540 862 2570 dicit
877 2540 927 2570 vel
943 2539 1016 2570 facit
1039 2540 1126 2580 quod
1148 2541 1186 2570 de
1209 2550 1242 2570 se
1258 2540 1319 2570 tale
1339 2546 1384 2570 est

322 2593 360 2617 ut
382 2586 516 2617 alterum
538 2591 650 2616 natum
673 2584 712 2615 sit
739 2584 887 2615 inducere
911 2584 949 2614 ad
973 2583 1114 2620 ruinam,
1135 2584 1223 2624 quod
1254 2584 1383 2625 quidem

323 2637 370 2662 est
391 2630 499 2661 solum
521 2629 553 2659 id
577 2629 666 2670 quod
688 2628 865 2659 inordinate
881 2628 916 2659 fit
929 2628 979 2658 vel
1003 2628 1116 2659 dicitur
1133 2640 1161 2665 »‚
1186 2631 1308 2659 Auctor
1330 2638 1386 2668 per

1437 2497 1579 2526 cundum
1603 2506 1635 2526 se
1659 2496 1797 2532 malum,
1821 2497 1876 2527 sed
1906 2496 2025 2527 habens
2058 2497 2196 2537 speciem
2218 2499 2302 2530 mati.
2335 2499 2499 2536 Quoniam

1438 2547 1610 2581 utrumque
1633 2540 1808 2571 inordinate
1832 2540 1867 2571 fit
1896 2547 1927 2571 et
1949 2547 1996 2571 est
2018 2548 2198 2581 peccatum:
2224 2550 2259 2573 ut
2282 2550 2367 2583 patet
2389 2543 2420 2574 in
2451 2554 2499 2574 ar-

1437 2583 1535 2614 ticulo
1559 2584 1710 2615 secundo.

1102 2782 1422 2824 ARTICULUS
1451 2781 1718 2823 SEPTIMUS

650 2874 807 2906 UTRUM
829 2874 948 2906 BONA
971 2875 1240 2906 SPIRITUALIA
1263 2874 1360 2906 smT
1382 2875 1584 2906 PROPTER
1607 2875 1871 2906 scANDALUM
1894 2875 2168 2907 DIMITTENDA

464 2952 533 2977 Part.
551 2952 592 2983 111,
609 2959 654 2985 qu.
672 2960 732 2983 xtu,
751 2957 799 2978 art.
819 2960 848 2983 2·
867 2953 902 2977 IV
921 2953 1004 2983 Sem„
1025 2953 1084 2978 di.st
1103 2961 1204 2984 xxxvm‚
1223 2961 1267 2986 qu.
1286 2961 1313 2984 11,
1333 2958 1380 2978 art.
1398 2961 1423 2985 4,
1443 2953 1493 2986 qu⁸
1516 2961 1537 2984 ι,
1558 2961 1587 2984 2;
1608 2954 1637 2978 In
1657 2953 1766 2983 Matth.,
1787 2962 1844 2986 cap.
1861 2961 1908 2983 xv;
1926 2954 1970 2979 Ad
1987 2954 2078 2984 Rom„
2098 2962 2153 2987 cap.
2172 2963 2221 2986 ην,
2241 2956 2299 2981 lect.
2317 2963 2355 2981 m.

372 3039 446 3077 25¹5

472 3044 510 3085 <
536 3034 556 3059 o
577 3033 756 3060 seminum
775 3034 829 3060 sic
843 3035 1083 3061 PRocnnirun.
1103 3023 1263 3061 Videtur
1277 3024 1384 3072 quod

350 3056 504 3134 ’νῖἱι
535 3075 639 3112 bona
664 3075 872 3123 spiritualia
895 3077 968 3113 sint
986 3086 1143 3125 propter
1162 3077 1383 3115 scandalum

341 3116 421 3205 >in
400 3142 459 3181 j'
482 3124 772 3166 &dimittenda
801 3129 1035 3177 Augustinus
1065 3129 1190 3177 enim,
1217 3130 1255 3167 in
1287 3129 1383 3168 libro

344 3171 355 3181 „
456 3172 521 3213 ’Χ
535 3186 667 3218 contra
679 3181 887 3230 Epistolam
906 3183 1083 3219 Parmen.
1099 3182 1130 3230 ²⁸⁸,
1148 3182 1261 3220 docet
1271 3182 1384 3242 qpod

323 3154 421 3268 ubi
425 3232 638 3271 schismatis
675 3234 890 3282 periculum
926 3234 1099 3281 timetur,
1137 3248 1160 3272 a
1183 3235 1385 3295 punitione

322 3293 570 3333 peccatorum
598 3287 829 3324 cessandum
859 3295 924 3324 est.
965 3288 1043 3325 Sed
1071 3288 1232 3337 punitio
1239 3301 1385 3338 pecca-

322 3345 450 3374 torum
483 3346 538 3375 est
571 3339 767 3388 quoddam
801 3340 991 3388 spirituale
1011 3347 1046 3378 ⁴²:
1085 3354 1172 3378 cum
1206 3342 1252 3380 sit
1279 3351 1383 3380 actus

1438 3023 1609 3061 iustitiae.
1640 3025 1740 3072 Ergo
1761 3025 1908 3061 bonum
1929 3025 2118 3074 spirituale
2138 3034 2194 3062 est
2217 3034 2373 3075 propter
2390 3039 2495 3064 scan-

1439 3078 1568 3115 dalum
1599 3077 1879 3114 dimittendum.

1493 3142 1528 3168 2.
1557 3131 1793 3178 PRAETEREA,
1823 3142 1930 3167 sacra
1959 3130 2130 3168 doctrina
2158 3131 2321 3168 maxime
2345 3131 2495 3169 videtur

1440 3195 1521 3220 esse
1550 3183 1762 3232 spiritualis.
1802 3183 1880 3221 Sed
1908 3184 1956 3220 ab
1987 3196 2031 3221 ea
2060 3192 2115 3221 est
2148 3184 2373 3222 cessandum
2406 3197 2495 3234 pro-

1438 3244 1521 3285 pter
1540 3236 1777 3274 scandalum:
1798 3237 2010 3274 secundum
2034 3237 2125 3275 illud
2145 3238 2277 3274 Matth.
2293 3237 2391 3274 vll-*z
2411 3238 2494 3275 No·
2523 3245 2532 3253 ·

1439 3290 1499 3326 lite
1525 3296 1695 3326 sanctum
1723 3290 1816 3326 dare
1843 3290 2019 3327 canibus:
2047 3302 2166 3338 neque
2184 3290 2415 3339 margaritas
2433 3302 2494 3328 ve-

1437 3349 1534 3379 stras
1551 3343 1738 3392 spargatis
1758 3349 1844 3380 ante
1857 3355 2007 3392 porcos,
2024 3356 2070 3380 ne
2089 3343 2261 3380 conversi
2279 3343 2496 3391 dirumpant

377 3455 404 3488 α)
423 3456 570 3488 spirituale.
588 3471 608 3477 -
626 3458 722 3484 bonum
740 3458 880 3490 spirituale
898 3459 928 3484 E.

2528 1497 2618 1544 ἑΕξΙΠῐ.
2622 1497 2737 1551 XXV1¹1¹13

2528 1549 2580 1597 Χ,μί
2587 1551 2617 1571 ³¹
2584 1530 2738 1600 v-1¹}·xx1‘i'.

1441 1599 1516 1634 hoe
1543 1597 1692 1634 incaute
1722 1595 1930 1644 aliqualiter
1957 1595 2130 1643 faciebat,
2150 1596 2199 1634 ita
2227 1597 2331 1646 quod
2361 1610 2404 1634 ex
2427 1592 2715 1650 hoc³¹X1xccg31=

2529 1661 2586 1682 arg„
2591 1635 2653 1676 overs
2678 1662 2693 1676 ιι

2546 3242 2613 3265 Vei-⁸.

2629 3243 2651 3265 6.

2714 1629 2737 1650 in
