2892 4056
75 484 115 506 ¹1·
119 484 172 510 11⁸⁸,
179 489 219 512 qu.
224 489 281 510 ινιι,

71 514 113 533 m.
132 516 158 536 ις
178 516 218 538 qu.
238 516 281 536 ιιις

71 543 110 575 2⁰·
124 542 181 563 un,
195 539 238 558 art.
251 542 274 564 3.

86 562 281 590 1¹11w,qu.1.v,

70 593 149 611 “hm

925 140 1191 187 QUAESTIO
1220 141 1398 188 XXVIII,
1427 140 1722 178 ARTICULUS
1751 141 1803 178 lv

314 217 481 255 Gaudete
506 216 544 253 in
572 218 739 254 Domino
766 229 924 266 semper.
959 219 1061 266 Ergo
1097 218 1280 266 gaudium
1314 225 1370 255 est

309 270 441 309 virtus.

364 323 438 360 SED
457 333 603 359 CONTRA
622 334 688 359 EST
715 324 820 371 quod
846 337 971 372 neque
999 331 1296 361 connumeratur
1314 324 1370 361 in-

308 383 365 413 ter
381 375 539 412 virtutes
567 375 811 423 theologicas,
832 389 958 426 neque
986 376 1082 413 inter
1107 377 1265 414 virtutes
1288 388 1371 413 mo-

309 429 425 475 rales,
455 440 581 476 neque
618 428 714 465 inter
739 429 896 467 virtutes
930 429 1218 475 intellectuales,
1255 437 1296 466 ut
1325 441 1369 466 ex

309 480 535 530 supradictis
553 480 574 502 ’⁸‘
592 489 706 530 patet.

363 534 589 570 Responnro
609 546 793 571 DICENDUM
821 535 927 582 quod
945 534 1076 580 virtus,
1097 534 1194 571 sicut
1217 547 1332 583 supra
1350 533 1371 556 *

308 586 481 623 habitum
511 594 585 633 est,
615 594 671 624 est
703 587 852 624 habitus
885 586 1040 635 quidam
1065 587 1304 635 operativus3
1335 594 1371 623 et

308 639 396 676 ideo
425 639 636 676 secundum
669 639 865 688 propriam
902 639 1088 676 rationem
1126 639 1242 676 habet
1267 640 1371 677 incli-

309 692 505 729 nationem
533 692 583 729 ad
610 692 776 741 aliquem
805 699 944 728 actum.
973 692 1042 728 Est
1070 699 1198 728 autem
1225 692 1371 729 contin-

309 757 401 794 gens
422 758 467 782 ex
485 757 564 782 uno
584 745 716 782 habitu
741 744 870 793 plures
895 751 1001 781 actus
1025 744 1196 781 eiusdem
1218 745 1371 782 rationis

309 798 505 836 ordinatos
533 798 756 846 provenire,
786 809 952 846 quorum
985 809 1085 833 unus
1117 805 1298 846 sequatur
1326 810 1371 834 ex

310 852 427 888 altero
442 851 474 888 ²⁸.
495 852 544 887 Et
571 850 658 899 quia
679 849 908 899 posteriores
928 857 1032 886 actus
1061 861 1140 886 non
1159 852 1372 898 procedunt

310 905 358 941 ab
386 904 516 942 habitu
543 903 690 940 virtutis
717 903 788 939 nisi
815 915 885 951 per
912 909 1041 939 actum
1067 902 1254 952 priorem,
1283 903 1371 941 inde

311 964 367 994 est
393 956 499 1005 quod
525 956 646 993 virtus
673 967 752 992 non
783 954 963 992 definitur
995 967 1066 992 nec
1105 955 1373 992 denominatur

310 1009 381 1047 nisi
408 1010 458 1047 ab
485 1017 571 1046 actu
598 1008 726 1057 priori,
751 1008 928 1057 quamvis
956 1007 1070 1045 etiam
1098 1008 1160 1045 alii
1188 1015 1295 1045 actus
1323 1009 1372 1045 ab

311 1074 356 1100 ea
384 1069 676 1111 consequantur.
715 1061 962 1099 Manifestum
991 1068 1047 1098 est
1074 1069 1203 1098 autem
1241 1074 1287 1098 ex
1314 1062 1373 1098 liis

277 1139 284 1150 ,
310 1126 411 1164 quae
447 1126 562 1165 supra
579 1113 602 1136 '¹'
621 1115 670 1152 de
706 1113 948 1164 passionibus
985 1113 1084 1151 dicta
1122 1121 1229 1161 sunt,
1266 1114 1372 1164 quod

310 1173 422 1206 amor
440 1174 495 1205 est
513 1167 637 1216 prima
665 1166 816 1204 affectio
844 1167 1076 1216 appetitivae
1103 1167 1307 1215 potentiae,
1329 1179 1374 1204 ex

310 1231 387 1273 qua
405 1220 576 1269 sequitur
604 1227 640 1258 et
668 1220 899 1267 desiderium
929 1228 965 1257 et
991 1219 1187 1268 gaudium.
1217 1221 1266 1257 Et
1283 1221 1372 1258 ideo

309 1273 462 1321 habitus
479 1274 628 1313 virtutis
655 1272 759 1311 idem
789 1281 845 1310 est
873 1273 937 1322 qui
965 1272 1120 1310 inclinat
1147 1274 1202 1310 ad
1221 1273 1376 1321 diligen-

309 1314 447 1374 istim,
454 1334 491 1364 et
517 1327 568 1364 ad
596 1326 893 1364 desiderandum
929 1326 1078 1363 bonum
1107 1325 1308 1373 dilectum,
1339 1334 1376 1363 et

310 1380 361 1418 ad
386 1379 636 1428 gaudendum
666 1378 712 1416 de
741 1391 789 1416 eo
809 1384 838 1416 α.
869 1379 947 1415 Sed
975 1378 1065 1427 quia
1093 1378 1242 1415 dilectio
1279 1379 1376 1416 inter

310 1432 522 1471 liosactus
559 1439 615 1470 est
641 1432 764 1481 prior,
793 1431 883 1468 inde
913 1437 968 1468 est
1004 1431 1110 1479 quod
1138 1431 1258 1468 virtus
1295 1444 1375 1468 non

313 1485 585 1524 denominatur
619 1497 642 1522 a
667 1484 807 1533 gaudio
841 1495 914 1521 nec
941 1496 964 1520 a
998 1483 1210 1531 desiderio,
1248 1484 1316 1521 sed
1353 1497 1375 1521 a

364 1615 393 1649 e)
411 1623 452 1641 eo.
469 1629 489 1635 -
509 1615 567 1640 Deo
585 1614 614 1640 P.

2405 142 2478 178 235

1424 219 1644 265 dilectione,
1679 226 1715 255 et
1744 219 1876 256 dicitur
1904 217 2048 255 caritas.
2088 217 2150 254 Sic
2179 229 2268 265 ergo
2301 218 2482 266 gaudium

1424 283 1502 308 non
1536 279 1591 308 est
1627 271 1751 319 aliqua
1786 271 1905 309 virtus
1942 283 1964 308 a
2006 270 2156 307 caritate
2195 270 2387 317 distincta,
2417 270 2483 308 sed

1424 332 1480 361 est
1507 324 1663 373 quidam
1693 324 1853 362 caritatis
1881 332 1986 362 actus
2014 323 2096 360 sive
2133 323 2300 360 effectus.
2330 324 2379 360 Et
2397 336 2485 371 pro-

1423 384 1507 426 pter
1541 378 1616 413 hoc
1654 385 1950 414 connumeratur
1982 376 2079 413 inter
2112 377 2272 423 fructus,
2305 384 2347 413 ut
2382 383 2486 424 patet

1428 430 1512 467 Gal.
1533 441 1558 466 v
1575 429 1607 466 ²⁸.

1477 484 1536 519 An
1565 494 1702 519 PRIMUM
1730 494 1829 519 ERGO
1857 494 2042 519 DICENDUM
2074 483 2181 530 quod
2214 481 2359 519 tristitia
2388 493 2485 529 quae

1425 543 1482 572 est
1516 535 1651 572 vitium
1693 543 1868 571 causatur
1905 547 1949 572 ex
1982 535 2198 572 inordinato
2237 546 2387 576 amore¹
2406 534 2484 580 sui,

1425 587 1531 637 quod
1551 600 1630 624 non
1654 595 1710 624 est
1737 588 1892 636 aliquod
1916 588 2079 636 speciale
2106 588 2254 634 vitium,
2276 588 2342 624 sed
2372 599 2487 634 quae-

1425 641 1515 678 dam
1543 640 1728 689 generalis
1757 641 1861 677 radix
1887 641 2082 688 vitiorum,
2101 648 2143 677 ut
2161 651 2275 688 supra
2293 641 2314 662 *
2342 639 2486 677 dictum

1425 701 1491 730 est.
1529 695 1578 730 Et
1604 693 1691 730 ideo
1721 693 1891 742 oportuit
1917 693 2080 730 tristitias
2109 693 2295 742 quasdam
2323 691 2486 742 particu-

1425 747 1523 783 lares
1542 757 1685 794 ponere
1714 746 1892 794 specialia
1919 746 2030 783 vitia:
2061 747 2150 794 quia
2169 759 2248 783 non
2269 746 2488 783 derivantur

1426 800 1474 835 ab
1495 799 1623 847 aliquo
1648 799 1801 847 speciali
1819 799 1926 846 vitio,
1947 800 2015 836 sed
2035 812 2056 836 a
2075 799 2250 847 generali.
2281 799 2358 835 Sed
2378 811 2488 835 amor

1425 851 1498 887 Dei
1526 851 1680 899 ponitur
1699 851 1871 899 specialis
1898 851 2031 899 virtus,
2052 864 2150 899 quae
2181 859 2237 888 est
2266 851 2410 897 caritas,
2441 852 2487 888 ad

1426 916 1544 952 quam
1572 903 1763 940 reducitur
1782 904 1963 951 gaudium
1983 903 2009 952 β,
2030 912 2072 941 ut
2099 905 2241 941 dictum
2269 911 2324 941 est
2342 904 2372 950 ¹⁸,
2393 904 2489 940 sicut

1424 955 1601 1005 proprius
1629 963 1735 992 actus
1764 956 1856 993 eius.

1479 1011 1539 1045 An
1567 1019 1758 1045 SECUNDUM
1786 1020 1971 1046 DICENDUM
1998 1009 2103 1057 quod
2131 1022 2219 1058 spes
2243 1009 2489 1056 consequitur

1427 1074 1473 1098 ex
1501 1074 1634 1098 amore
1662 1061 1758 1098 sieut
1795 1069 1832 1098 et
1858 1061 2063 1109 gaudium:
2101 1062 2169 1098 sed
2197 1074 2284 1110 spes
2312 1062 2416 1099 addit
2444 1074 2489 1099 ex

1426 1123 1533 1164 parte
1562 1114 1700 1151 obiecti
1728 1114 1924 1163 quandam
1953 1114 2158 1163 specialem
2189 1114 2391 1161 rationem,
2421 1115 2490 1151 sci-

1427 1167 1513 1205 licet
1537 1167 1702 1205 arduum
1728 1175 1765 1204 et
1787 1167 1969 1216 possibile
1999 1167 2170 1217 adipisci;
2200 1175 2236 1204 et
2263 1167 2352 1206 ideo
2380 1167 2489 1215 poni-

1426 1229 1487 1258 tur
1505 1220 1678 1269 specialis
1695 1220 1828 1257 virtus.
1858 1220 1935 1257 Sed
1953 1220 2135 1268 gaudium
2157 1232 2202 1257 ex
2226 1228 2331 1269 parte
2352 1219 2491 1257 obiecti

1426 1274 1569 1311 nullam
1595 1274 1782 1310 rationem
1811 1273 2015 1322 specialem
2045 1273 2149 1311 addit
2177 1285 2291 1322 supra
2313 1285 2488 1310 amorem

1426 1339 1526 1375 quae
1554 1327 1675 1375 possit
1703 1338 1860 1363 causare
1888 1327 2091 1375 specialem
2118 1326 2311 1364 virtutem.

1479 1381 1538 1416 An
1579 1391 1739 1416 TERTmM
1780 1391 1964 1417 nicENDUM
2005 1379 2110 1427 quod
2152 1379 2338 1416 intantum
2380 1378 2490 1415 datur

1426 1439 1674 1481 praeceptum
1703 1432 1794 1479 legis
1815 1432 1861 1468 de
1885 1431 2026 1480 gaudio
2053 1432 2279 1491 inquantum
2309 1439 2365 1468 est
2383 1439 2489 1491 actus

1427 1484 1610 1530 caritatis;
1639 1484 1725 1520 licet
1753 1496 1831 1521 non
1859 1484 1906 1521 sit
1931 1484 2079 1533 primus
2106 1492 2211 1521 actus
2238 1484 2329 1521 eius.

1483 1615 1509 1649 β)
1527 1616 1668 1650 gaudium.
1685 1629 1705 1635 -
1722 1616 1783 1641 Om.
1803 1616 2004 1649 BEFHKLpAC
2023 1621 2049 1640 et
2066 1623 2111 1642 xa.

989 1692 1319 1726 Commentariis
1341 1694 1589 1727 Oardjnalis
1610 1694 1810 1727 Caietam·

341 1784 364 1807 ιι
377 1773 512 1806 articulo
523 1779 638 1815 quarto
651 1772 794 1804 eiusdem
805 1772 1003 1814 quaestionis
1017 1773 1331 1813 vigesimaeoctavae,
1342 1773 1376 1803 in

310 1785 552 1870 Iresponsione
574 1817 614 1848 ad
637 1817 789 1857 primum,
813 1817 939 1848 adverte
962 1818 1051 1858 quod
1075 1817 1242 1858 dupliciter
1268 1824 1378 1868 posset

310 1859 460 1904 impediri
481 1862 571 1903 quod
593 1860 716 1892 tristitia
739 1871 806 1892 non
829 1868 910 1892 esset
931 1862 1066 1902 speciale
1095 1862 1227 1913 aliquod
1249 1861 1374 1893 vitium.

312 1906 434 1946 Primo,
458 1906 484 1937 si
507 1907 633 1937 daretur
664 1906 796 1947 aliquod
813 1905 954 1957 speciale
982 1906 1095 1937 vitium
1128 1906 1209 1936 circa
1233 1915 1375 1936 amorem

312 1951 354 1983 nd
376 1960 474 1993 quem
495 1950 638 1991 sequitur
666 1950 720 1980 illa
743 1949 876 1982 tristitia.
907 1950 949 1981 Et
970 1950 1033 1981 hoc
1053 1950 1320 1991 impedimentum
1342 1950 1376 1980 in

311 1995 416 2029 littera
437 1995 561 2027 tollitur
582 2004 620 2026 ex
642 1995 704 2026 hoc
727 1995 818 2046 quod
846 2004 939 2026 amor
961 1994 1024 2031 sui,
1048 2002 1086 2026 ex
1107 2004 1174 2035 quo
1197 2001 1376 2035 sequuntur

313 2040 471 2081 quaedam
493 2038 648 2086 specialia
660 2038 736 2070 vitia
759 2038 909 2075 tristitiae,
934 2049 1000 2069 non
1024 2045 1071 2070 est
1086 2039 1230 2079 speciale,
1251 2039 1306 2069 sed
1323 2049 1376 2079 ge-

295 2083 418 2125 ·nerale
439 2083 564 2120 vitium,
588 2089 619 2114 et
640 2076 728 2119 radix
750 2083 914 2114 vitiorum.
931 2100 950 2106 -
968 2083 1043 2114 Alio
1067 2083 1177 2119 modo,
1201 2083 1228 2114 si
1250 2084 1376 2113 daretur

313 2122 444 2170 aliquod
467 2127 601 2169 speciale
623 2127 738 2158 vitium
755 2127 836 2158 circa
859 2126 972 2158 odium
987 2127 1064 2158 boni
1087 2127 1229 2158 eiusdem
1244 2127 1375 2158 rationis

1427 1783 1502 1804 cum
1525 1773 1701 1804 delectabili
1733 1773 1784 1804 cui
1812 1773 1988 1814 opponitur
2017 1773 2140 1804 tristitia
2163 1774 2215 1804 illa
2239 1784 2321 1815 quae
2351 1781 2398 1805 est
2420 1784 2489 1815 spe-

1427 1818 1504 1848 ciale
1526 1817 1651 1849 vitium.
1676 1818 1770 1848 Tunc
1802 1818 1888 1848 enim
1910 1817 1990 1848 illud
2011 1818 2125 1848 vitium
2153 1818 2233 1849 circa
2261 1818 2373 1848 odium
2395 1818 2490 1849 habe-

1426 1868 1474 1893 ret
1496 1871 1529 1892 se
1551 1862 1591 1892 ad
1610 1862 1768 1892 tristitiam
1798 1861 1879 1893 sicut
1902 1861 2037 1892 caritatis
2066 1861 2166 1892 virtus
2189 1862 2228 1892 ad
2251 1862 2418 1902 gaudium:
2443 1872 2490 1892 se-

1427 1906 1536 1946 quitur
1558 1907 1643 1937 enim
1659 1906 1783 1937 tristitia
1811 1906 1851 1936 ad
1870 1906 1983 1936 odium
1998 1906 2079 1936 sicut
2092 1906 2247 1946 gaudium
2262 1907 2302 1936 ad
2318 1906 2488 1939 caritatem.

1427 1951 1468 1981 Et
1490 1950 1564 1982 licet
1585 1950 1618 1980 in
1636 1950 1739 1981 littera
1762 1950 1824 1980 hoc
1846 1950 2112 1991 impedimentum
2137 1960 2204 1981 non
2226 1950 2407 1991 explicetur,
2430 1950 2490 1981 im-

1427 1994 1533 2035 plicite
1564 2001 1672 2025 tamen
1701 1994 1741 2025 in*
1763 1994 1869 2035 primo
1903 1994 2135 2035 impedimento
2166 1994 2289 2025 dictum
2325 2001 2389 2025 est:
2414 1995 2489 2036 quia

1427 2046 1502 2070 sunt
1523 2038 1750 2079 impedimenta
1780 2038 1922 2070 eiusdem
1945 2039 2085 2070 rationis.
2118 2038 2250 2076 Scilicet,
2275 2039 2301 2069 si
2323 2038 2490 2070 haberetur

1425 2083 1540 2114 vitium
1555 2083 1690 2123 speciale
1713 2083 1794 2113 circa
1808 2083 1948 2123 priorem
1963 2090 2070 2114 actum
2093 2083 2235 2114 eiusdem
2249 2082 2388 2120 rationis,
2412 2090 2489 2114 tunc

1427 2127 1550 2158 tristitia
1573 2137 1640 2158 non
1662 2134 1835 2168 poneretur
1856 2127 1991 2167 speciale
2013 2127 2137 2158 vitium.

2512 424 2721 478 perflasti:

2512 642 2523 654 ⁸
2534 641 2557 663 1⁵
2566 641 2620 668 11¹0,
2634 646 2724 670 quaest.

2511 674 2599 694 cxxvii,
2614 672 2655 690 art.
2669 675 2694 695 4.

2514 936 2524 946 ⁸
2538 935 2563 956 In
2578 940 2684 961 corpore.
