2892 4056
107 1694 179 1717 ’vide
183 1676 315 1718 comment.

107 1721 180 1744 cniet.
198 1724 253 1750 post

107 1753 182 1776 praec.

106 2278 118 2288 ⁸
129 2277 189 2299 thid.

107 2966 116 2974 ⁸
128 2952 164 2986 (Ξῖ
179 2964 248 2986 Ρνον.
266 2969 316 2992 etp.

106 2997 138 3016 vt
153 2996 212 3012 vers.
226 2996 263 3019 3⁰·

107 3065 175 3092 Qu.
191 3070 261 3090 xtvtt,
274 3068 316 3086 art.

107 3097 127 3115 2
143 3090 316 3119 adt;art.13.

1053 178 1317 224 QUAESTIO
1347 179 1428 227 LV,
1458 179 1751 216 ARTICULUS
1780 180 1811 216 11

2434 182 2508 228 399

1016 292 1344 326 commentaria.
1367 292 1614 326 cardinalis
1636 294 1834 327 Caietam

351 377 401 441 IN
424 375 490 400 tota
520 370 704 410 quaestione
734 370 1128 411 quinquagesimaquinta‚
1153 371 1307 411 quoniam
1331 371 1405 401 vitia

379 419 507 444 traetatfl
537 421 611 444 sunt
631 413 801 453 generalia}
826 421 856 444 et
883 414 1058 444 secundum
1089 415 1252 444 materiam
1280 424 1313 444 ln
1342 424 1406 454 qua
1430 410 1432 440 i

347 455 428 487 fiunt
449 457 632 496 gravitatem
651 464 833 494 assumunt,
857 458 976 498 eritque
996 458 1034 487 de
1057 458 1194 488 materiis
1210 458 1405 497 singularum

347 499 500 530 virtutum
530 507 560 531 et
581 500 732 531 vitiorum
762 501 904 541 specialis
932 509 1053 531 sermo.
1085 511 1170 532 nunc
1193 508 1239 532 sat
1262 501 1301 532 sit
1329 501 1405 531 scire

347 544 436 584 quod
458 542 532 574 vitia
555 544 613 575 ista
635 544 866 585 imprudentiae
889 545 1007 584 species
1027 551 1110 580 sunt,
1128 552 1157 574 et
1171 554 1207 575 ex
1226 554 1259 574 se
1275 544 1405 585 quidem

346 587 463 617 habent
485 587 718 618 deformitatem
733 588 767 618 in
782 588 915 623 ratione;
941 594 975 618 ut
996 588 1028 617 in
1051 587 1152 618 littera
1168 588 1351 628 explanatur
1366 589 1405 618 de

346 631 513 671 prudentia
545 631 644 662 carnis
667 638 697 662 et
720 632 833 662 astutia
850 631 876 667 ¹⁸,
902 631 942 660 ad
965 641 1062 671 quam
1085 638 1226 671 spectant
1257 632 1349 662 dolus
1375 640 1405 663 et

346 673 441 710 fraus,
466 682 497 705 et
512 675 551 705 de
574 675 785 705 sollicitudine
807 674 1032 714 temporalium
1046 674 1073 704 *.

402 719 463 748 Pro
480 719 616 749 claritate
638 725 744 749 tamen
768 718 898 749 secundi
921 718 1041 748 articuli
1065 725 1226 748 memento
1250 717 1334 748 illius
1358 719 1403 748 di-

346 761 531 798 stinctionis,
549 762 665 792 scilicet
691 762 729 792 de
751 761 813 796 fine
827 761 909 792 vitae
933 768 964 791 et
987 762 1024 791 de
1041 760 1102 791 fine
1122 761 1309 800 particulari,
1325 761 1405 792 idest

347 806 386 835 de
409 804 471 835 fine
502 805 615 836 ultimo
639 812 669 836 et
693 806 730 836 de
757 805 820 835 fine
849 804 995 845 proximo
1025 804 1140 835 harum
1169 805 1402 844 operationum.

346 849 431 879 Finis
464 849 548 879 enim
578 849 709 879 ultimus
732 855 858 888 oportet
889 849 978 888 quod
1007 847 1048 878 sit
1079 849 1166 878 solus
1195 849 1300 878 Deus:
1332 847 1403 878 finis

345 899 452 923 autem
484 893 649 934 proximus
679 892 795 923 harum
826 892 1068 932 operationum,
1102 899 1180 931 puta
1217 891 1403 931 emptionis,

345 935 600 976 praeparationis,
625 935 703 970 ludi,
727 943 796 971 etc„
819 941 926 975 potest
947 944 1013 965 esse
1042 934 1160 975 aliquid
1187 934 1404 965 inordinatum

346 979 540 1018 convivium,
563 980 613 1010 vel
635 978 755 1020 aliquid
777 977 973 1014 huiusmodi,
998 978 1086 1019 quod
1110 987 1175 1008 non
1200 978 1406 1008 contrariatur

345 1023 474 1054 caritati.
1050 1055 1053 1058 .

383 1099 386 1102 Δ
399 1067 436 1098 In
450 1066 582 1097 articulo
597 1072 696 1102 sexto,
711 1065 737 1096 si
753 1066 848 1096 verba
862 1064 1052 1106 Hieronymi
1067 1065 1085 1084 *
1103 1071 1204 1101 notes,
1223 1065 1405 1096 sollicitudo

343 1109 597 1151 inquietudinem
620 1119 729 1141 secum
743 1109 851 1146 defert,
875 1119 974 1150 quam
995 1109 1155 1139 Dominus
1177 1109 1332 1140 malitiam
1348 1118 1403 1139 vo-

264 1169 271 1176 ·
310 1170 317 1180 ³
344 1152 430 1190 cast,
447 1160 478 1184 et
495 1153 528 1184 in
544 1154 661 1184 malam
677 1160 799 1194 partem
813 1160 957 1194 respectu
981 1153 1206 1192 temporalium
1229 1162 1340 1183 sonare
1358 1152 1404 1182 vi-

343 1197 443 1228 detur.
468 1200 589 1228 Auctor
611 1204 716 1227 tamen
739 1207 798 1237 pro
822 1196 958 1228 claritate
980 1197 1234 1238 superfluitatem
1258 1195 1399 1236 apponit,

341 1240 386 1271 ita
409 1248 445 1272 ut
467 1250 533 1272 non
552 1241 743 1278 sollicitudo,
769 1241 823 1271 sed
842 1241 1023 1272 sollicitudo
1047 1240 1206 1287 superflua
1225 1240 1400 1270 damnetur.

344 1285 386 1316 Et
405 1285 443 1319 in
460 1285 559 1317 idem
564 1285 659 1315 redit.

1514 371 1549 401 ln
1572 372 1706 411 septimo
1730 382 1804 402 vero
1828 373 1958 402 articulo
1983 383 2019 403 ex
2041 373 2245 414 responsione
2271 374 2312 403 ad
2335 376 2508 405 secundum

1458 415 1553 444 habes
1572 425 1700 445 sensum
1718 415 1810 451 tituli,
1830 426 1888 455 pro
1903 426 1969 458 quo
1985 417 2138 457 supponit
2152 417 2184 457 ly
2196 417 2391 457 futurorum
2404 417 2431 453 *,
2451 418 2508 448 sci—

1457 458 1528 488 licet
1550 468 1609 497 pro
1633 459 1875 498 temporalibus:
1899 460 2053 499 quoniam
2074 460 2107 490 in
2129 461 2356 499 temporalibus
2385 467 2508 491 tantum

1458 502 1573 532 habent
1596 512 1632 532 ex
1655 502 1784 542 proprio
1807 512 1919 542 genere
1941 503 2049 534 locum
2072 503 2273 543 praeteritum
2295 510 2326 534 et
2348 503 2508 540 futurum;

1458 545 1617 585 spirituale
1641 555 1778 586 namque
1801 555 1837 576 ex
1853 556 1912 576 suo
1935 556 2047 586 genere
2063 557 2157 586 supra
2176 554 2302 587 tempus
2321 554 2377 577 est.
2402 547 2509 588 Itaque

1457 598 1566 618 sensus
1581 595 1636 625 est,
1661 599 1700 619 an
1724 589 1836 629 aliquis
1853 590 1963 620 debeat
1978 600 2043 620 esse
2059 591 2210 621 sollicitus
2233 591 2413 621 futurorum
2432 598 2509 621 tem-

1457 633 1624 672 poralium.
1649 633 1702 663 Ee
1711 633 1773 662 hoc
1797 633 1938 672 oportuit
1960 634 2132 673 specialiter
2154 634 2269 674 inquiri
2292 641 2365 674 post
2387 644 2510 674 praece-

1457 676 1584 706 dentem
1613 676 1780 706 articulum
1804 677 1842 706 de
1865 677 2074 707 sollicitudine
2104 678 2326 717 temporalium
2356 677 2508 714 absolute,

1457 719 1531 759 quia
1553 719 1646 749 habet
1669 719 1811 760 proprias
1835 719 2041 756 difficultates,
2065 728 2100 751 ut
2122 727 2207 760 patet
2228 721 2261 751 in
2283 721 2392 752 littera.

1512 762 1547 792 In
1570 763 1684 793 ultimo
1708 770 1814 793 autem
1837 764 1968 794 articulo
1992 764 2115 794 adverte
2130 765 2217 804 quod
2237 765 2509 805 quemadmodum

1456 805 1489 835 in
1511 806 1624 836 virtute
1654 806 1876 846 temperantiae
1900 807 2034 837 maxime
2057 808 2174 838 relucet
2206 808 2370 839 refrenatio
2394 818 2509 839 concu-

1456 849 1635 887 piscentiae,
1660 856 1690 879 et
1712 850 1744 879 in
1768 850 1951 880 fortitudine
1981 850 2110 881 firmitas
2142 851 2252 887 animi;
2276 852 2318 881 ita
2341 852 2374 881 in
2392 852 2509 882 iustitia

1457 892 1611 922 rectitudo
1634 893 1773 929 rationis,
1803 894 1882 924 dum
1911 894 2081 934 aequalitas
2109 902 2247 925 servatur
2276 903 2306 926 et
2334 895 2384 925 ius
2414 905 2509 926 suum

1457 936 1570 984 cuique
1594 935 1749 966 tribuitur.
1773 936 1814 966 Et
1828 944 1993 976 propterea
2009 939 2284 977 proportionaliter
2301 939 2333 968 in
2348 939 2509 970 contrariis

1455 978 1538 1008 vitiis
1561 979 1733 1008 earundem
1756 980 1978 1018 operationum
2001 981 2212 1012 deformitates
2231 982 2378 1018 relucent,
2395 982 2511 1013 scilicet

1457 1021 1730 1061 concupiscentiae
1758 1022 1995 1059 immoderatio,
2020 1025 2117 1054 animi
2145 1025 2259 1060 vilitas,
2288 1025 2416 1056 rationis
2438 1036 2508 1066 per-

1456 1065 1593 1096 versitas.
1623 1066 1664 1096 Et
1682 1073 1847 1105 propterea
1863 1067 1936 1096 vitia
1950 1067 2018 1103 ista,
2035 1078 2116 1117 quae
2136 1069 2255 1098 ratione
2271 1069 2399 1119 quidem
2414 1077 2511 1100 utun-

1456 1116 1507 1139 tur
1529 1109 1583 1139 sed
1606 1109 1705 1145 male,
1733 1119 1770 1139 ex
1793 1110 1952 1140 contrariis
1974 1110 2110 1141 iustitiae
2133 1112 2298 1152 praecipue
2321 1112 2394 1143 oriri
2417 1113 2510 1144 docet

1456 1155 1587 1183 Auctor.

1510 1196 1551 1226 Et
1565 1196 1642 1226 haec
1658 1195 1813 1227 sufficiant
1829 1207 1887 1236 pro
1906 1197 1964 1227 hac
1983 1204 2013 1228 et
2027 1207 2086 1238 pro
2102 1205 2168 1228 tota
2187 1198 2337 1238 sequenti,
2355 1199 2510 1240 quinqua·

1455 1239 1659 1279 gesimasexta
1682 1239 1798 1270 scilicet
1820 1241 2022 1281 quaestione;
2054 1251 2089 1271 ac
2117 1252 2172 1281 per
2194 1242 2255 1272 hoc
2279 1252 2336 1282 pro
2360 1250 2428 1273 toto
2451 1250 2510 1273 tra-

1457 1290 1540 1314 ctatu
1564 1284 1759 1323 prudentiae.

1110 1435 1426 1478 ARTICULUS
1455 1436 1753 1478 SECUNDUS

834 1537 989 1568 UTRUM
1012 1536 1260 1567 PRUDENTIA
1284 1535 1438 1566 CARNIS
1462 1535 1528 1566 εῖτ
1552 1535 1789 1566 PECCATUM
1812 1537 2021 1568 MORTALE

1198 1621 1242 1646 Ad
1259 1621 1346 1650 Rom„
1366 1629 1422 1653 cap.
1440 1628 1494 1652 vm,
1513 1621 1571 1646 lect.
1589 1629 1606 1652 1,
1626 1629 1654 1646 11.

374 1711 380 1720 κ
424 1714 432 1735 2
475 1716 525 1738 ,ν
552 1705 776 1731 nst-:cunnum
786 1705 840 1730 sic
851 1692 1113 1730 PRocantrun*.
1124 1692 1286 1729 Videtur
1296 1693 1400 1741 quod

434 1774 452 1794 ῃ
472 1746 750 1795 prudentia
779 1745 900 1782 carnis
927 1745 973 1782 sit
1000 1752 1199 1794 peccatum
1227 1746 1398 1781 mortale.

403 1812 407 1821 ‘
449 1797 460 1800 ”
502 1791 511 1836 ι’
534 1797 754 1836 Rebellare
782 1798 884 1835 enim
905 1798 1057 1835 divinae
1085 1798 1156 1846 legi
1185 1805 1240 1834 est
1266 1810 1401 1845 pecca-

527 1859 635 1888 tum
663 1851 845 1888 mortale:
875 1850 962 1899 quia
982 1862 1052 1899 per
1068 1851 1144 1887 hoc
1171 1850 1363 1887 Dominus
1383 1855 1401 1871 ‘²

343 1902 607 1941 contemnitur.
655 1904 733 1941 Sed
757 1903 955 1952 prudentia
983 1903 1108 1940 carnis
1135 1915 1209 1939 non
1238 1908 1292 1939 est
1315 1903 1400 1939 sub-

343 1957 451 1998 iecta,
467 1956 547 2005 legi
571 1957 646 1994 Dei
677 1955 712 2002 β,
742 1964 783 1993 ut
809 1957 970 1994 habetur
995 1957 1108 1993 Rom.
1135 1967 1197 1992 vm
1228 1954 1260 1992 ²¹⁸.
1297 1956 1399 2003 Ergo

342 2009 541 2058 prudentia
569 2009 690 2046 carnis
718 2016 775 2046 est
800 2017 1001 2058 peccatum
1030 2009 1203 2045 mortale.

397 2073 432 2098 2.
449 2062 680 2108 PRAETEREA,
698 2074 811 2097 omne
831 2069 1030 2110 peccatum
1048 2061 1087 2098 in
1107 2060 1286 2108 Spiritum
1307 2061 1400 2096 San-

344 2122 447 2153 ctum
467 2122 524 2151 est
537 2122 740 2163 peccatum
760 2115 932 2151 mortale.
963 2114 1040 2150 Sed
1058 2113 1260 2161 prudentia
1279 2113 1399 2149 carnis

341 2167 494 2208 videtur
513 2179 595 2207 esse
613 2173 811 2215 peccatum
831 2166 869 2203 in
889 2166 1071 2214 Spiritum
1092 2166 1294 2202 Sanctum:
1324 2177 1398 2202 non

343 2219 578 2267 enimpotest
594 2227 672 2257 esse
688 2219 852 2256 subiecta
871 2219 949 2268 legi
964 2218 1049 2263 Dei,
1074 2226 1115 2254 ut
1135 2217 1268 2254 dicitur
1285 2219 1398 2254 Rom.

342 2272 466 2317 vlu-’²3
494 2280 530 2309 et
557 2273 607 2311 ita
625 2271 775 2309 videtur
795 2283 877 2308 esse
904 2279 1103 2320 peccatum
1132 2270 1398 2316 irremissibile,

343 2324 448 2373 quod
475 2332 532 2363 est
549 2324 745 2374 proprium
771 2324 915 2372 peccati
938 2323 977 2360 in
997 2322 1178 2371 Spiritum
1203 2323 1398 2360 Sanctum.

342 2378 444 2424 Ergo
469 2377 673 2425 prudentia
699 2377 820 2413 carnis
849 2384 904 2413 est
931 2383 1130 2424 peccatum
1159 2376 1330 2412 mortale.

346 2460 348 2462 .
397 2430 433 2467 3.
461 2430 702 2476 PRAETEREA,
741 2429 908 2466 maximo
945 2429 1048 2464 bono
1078 2427 1285 2476 opponitur
1319 2439 1400 2464 ma-

183 2503 189 2510 ·
245 2503 262 2537 ⁴·
341 2482 485 2525 simum
503 2483 672 2527 malum;
700 2489 742 2518 ut
759 2489 862 2530 patet
879 2481 918 2518 in
932 2481 1019 2518 VIII
1033 2481 1152 2517 Ethic.
1168 2480 1188 2502 ’¹‘
1217 2480 1295 2517 Sed
1313 2492 1400 2528 pru-

343 2535 468 2572 dentia
489 2535 610 2572 carnis
630 2535 836 2583 opponitur
853 2533 1088 2582 prudentiae,
1109 2545 1207 2582 quae
1223 2541 1280 2570 est
1293 2545 1400 2581 prae-

343 2587 453 2636 cipua
467 2587 563 2624 inter
575 2587 730 2624 virtutes
746 2588 921 2623 morales.
943 2587 1044 2633 Ergo
1064 2586 1264 2635 prudentia
1279 2585 1400 2622 carnis

344 2648 399 2678 est
425 2640 673 2689 praecipuum
707 2640 804 2677 inter
830 2647 986 2688 peccata
1022 2638 1182 2675 moralia
1199 2643 1226 2675 Υ.
1269 2639 1320 2675 Et
1350 2638 1400 2674 ita

344 2701 399 2730 est
426 2701 624 2741 peccatum
654 2694 825 2729 mortale.

396 2746 470 2782 SED
490 2757 646 2791 CONTRA,
667 2745 757 2783 illud
778 2745 881 2793 quod
902 2743 1077 2781 diminuit
1100 2751 1297 2791 peccatum
1322 2755 1399 2780 non

342 2797 520 2847 importat
531 2799 578 2835 de
588 2811 628 2835 se
641 2798 826 2835 rationem
842 2797 986 2846 peccati
1001 2796 1180 2833 mortalis.
1203 2796 1278 2832 Sed
1292 2804 1399 2832 caute

341 2851 520 2899 prosequi
541 2863 586 2888 ea
601 2863 699 2900 quae
718 2851 905 2899 pertinent
924 2850 972 2886 ad
993 2861 1124 2886 curam
1145 2848 1277 2894 carnis,
1294 2849 1399 2896 quod

340 2903 493 2940 videtur
512 2904 559 2940 ad
583 2904 823 2951 prudentiam
853 2902 974 2939 carnis
1002 2901 1201 2950 pertinere,
1227 2901 1400 2937 diminuit

342 2964 542 3005 peccatum
561 2956 591 2992 ²⁸.
622 2957 723 3004 Ergo
747 2954 947 3004 prudentia
966 2954 1087 2991 carnis
1112 2954 1158 2990 de
1179 2954 1235 2990 sui
1256 2954 1399 2990 ratione

343 3021 423 3047 non
449 3009 627 3057 importat
652 3016 855 3057 peccatum
883 3008 1054 3044 mortale.

397 3062 621 3101 Rsssrounsso
640 3073 823 3099 mesanum
843 3060 960 3109 quod,
976 3060 1071 3096 sicut
1089 3071 1203 3107 supra
1218 3058 1238 3080 '¹‘
1257 3059 1399 3096 dictum

345 3120 410 3160 est,
430 3114 598 3162 prudens
618 3114 753 3151 dicitur
771 3113 904 3160 aliquis
926 3111 1139 3160 dupliciter;
1169 3123 1246 3147 uno
1267 3112 1398 3158 modo,

343 3166 572 3215 simpliciter,
591 3167 730 3204 scilicet
748 3167 786 3204 in
806 3166 938 3202 ordine
953 3166 1000 3202 ad
1020 3165 1139 3201 finem
1153 3163 1266 3200 totius
1282 3163 1398 3207 vitae;

344 3218 417 3256 alio
444 3220 575 3266 modO,
602 3220 814 3256 secundum
844 3218 944 3267 quid,
975 3217 1114 3254 scilicet
1142 3216 1179 3252 in
1200 3215 1332 3252 ordine
1352 3216 1399 3253 ad

398 3349 424 3380 α)
445 3348 584 3373 Dominus.
602 3361 621 3366 -
642 3347 712 3372 Deus
731 3347 856 3372 PD1Lsx.

398 3382 423 3416 β)
443 3383 504 3408 Dei.
516 3396 536 3402 -
554 3383 660 3408 divinae
678 3383 773 3408 PCDa.

397 3418 424 3451 γ)
443 3418 565 3443 moralia.
583 3431 602 3436 -
620 3418 745 3443 mortalia
764 3415 964 3449 PADFGKLpC
983 3421 1008 3440 et
1026 3422 1087 3439 xna.

396 3452 421 3485 ὃ)
435 3456 506 3485 puta
523 3453 600 3478 sicut.
617 3466 636 3472 -
652 3452 677 3478 si
691 3455 760 3484 puta
778 3453 808 3482 A,
827 3452 851 3477 si
865 3454 933 3484 puta
951 3451 1019 3476 sicut
1038 3450 1066 3475 F.

1424 3345 1427 3362 l

1453 1691 1572 1728 finem
1601 1691 1765 1740 aliquem
1793 1693 2075 1740 particularem,
2105 1701 2196 1742 puta
2223 1694 2317 1730 sicut
2335 1693 2348 1716 δ
2377 1695 2510 1733 dicitur

1454 1743 1586 1791 aliquis
1613 1745 1780 1792 prudens
1808 1745 1846 1781 in
1865 1745 2116 1792 negotiatione
2135 1747 2196 1782 vel
2223 1746 2261 1783 in
2290 1747 2417 1794 aliquo
2438 1750 2508 1785 hu-

1453 1796 1630 1833 iusmodi.
1662 1797 1701 1833 Si
1731 1809 1819 1844 ergo
1847 1798 2046 1846 prudentia
2074 1799 2195 1835 carnis
2223 1799 2426 1848 accipiatur
2450 1813 2508 1838 se-

1454 1849 1622 1886 cundum
1642 1850 1854 1886 absolutam
1877 1850 2099 1898 prudentiae
2125 1851 2322 1898 rationem,
2343 1852 2392 1889 ita
2415 1853 2509 1890 scili-

1453 1910 1511 1938 cet
1530 1902 1633 1949 quod
1659 1902 1699 1938 in
1717 1914 1807 1939 cura
1826 1903 1948 1939 carnis
1972 1903 2217 1940 constituatur
2243 1905 2396 1941 ultimus
2423 1907 2510 1943 finis

1452 1954 1566 1991 totius
1589 1954 1703 2002 vitae,
1727 1955 1781 1991 sic
1806 1962 1862 1991 est
1883 1963 2083 2003 peccatum
2106 1957 2286 1993 mortale:
2325 1957 2414 2005 quia
2441 1971 2510 2006 per

1452 2007 1527 2043 hoc
1553 2007 1672 2043 homo
1701 2007 1880 2044 avertitur
1907 2020 1929 2044 a
1954 2009 2056 2055 Deo,
2086 2021 2174 2045 cum
2202 2009 2435 2058 impossibile
2463 2011 2509 2047 sit

1453 2071 1536 2096 esse
1562 2059 1689 2107 plures
1707 2060 1804 2096 fines
1823 2060 1988 2107 ultimos,
2011 2069 2052 2098 ut
2071 2059 2184 2110 supra
2200 2062 2220 2083 *
2246 2062 2415 2099 habitum
2441 2071 2506 2100 est.

1507 2112 1546 2148 Si
1565 2124 1659 2148 vero
1688 2112 1887 2160 prudentia
1916 2113 2036 2150 carnis
2064 2114 2267 2162 accipiatur
2297 2115 2507 2152 secundum

1453 2164 1637 2201 rationem
1675 2165 1906 2212 particularis
1939 2166 2181 2214 prudentiae,
2217 2167 2270 2203 sic
2309 2168 2508 2215 prudentia

1453 2217 1575 2254 carnis
1623 2224 1678 2253 est
1717 2225 1916 2265 peccatum
1953 2219 2112 2255 veniale.
2175 2219 2365 2267 Contingit
2406 2221 2507 2257 enim

1453 2269 1685 2317 quandoque
1717 2270 1823 2317 quod
1853 2270 1987 2318 aliquis
2025 2271 2237 2308 inordinate
2269 2272 2428 2309 afficitur
2459 2274 2508 2310 ad

1453 2321 1608 2370 aliquod
1636 2321 1853 2358 delectabile
1873 2322 1993 2359 carnis
2017 2324 2160 2371 absque
2186 2324 2260 2360 hoc
2280 2325 2383 2372 quod
2403 2338 2509 2362 aver-

1452 2382 1551 2411 tatur
1578 2386 1601 2410 a
1626 2374 1712 2410 Deo
1748 2387 1817 2422 per
1843 2382 2042 2422 peccatum
2070 2377 2250 2412 mortale:
2296 2377 2398 2413 unde
2431 2390 2509 2414 non

1454 2426 1643 2463 constituit
1661 2426 1780 2463 finem
1799 2427 1912 2463 totius
1927 2428 2028 2464 vitae
2053 2428 2356 2465 in0de1ectatione
2377 2431 2508 2467 carnis.

1453 2481 1502 2516 Et
1529 2478 1581 2515 sic
1609 2478 1790 2516 adhibere
1819 2479 1984 2516 studium
2014 2481 2063 2517 ad
2093 2481 2192 2517 hanc
2221 2481 2508 2519 delectationem

1453 2531 1762 2580 consequendam
1778 2539 1832 2568 est
1846 2540 2044 2580 peccatum
2057 2533 2219 2580 veniale,
2231 2534 2333 2581 quod
2352 2535 2511 2582 pertinet

1452 2586 1500 2622 ad
1529 2584 1769 2633 prudentiam
1800 2584 1933 2620 carnis.

1506 2637 1546 2673 Si
1564 2649 1656 2673 vero
1686 2636 1817 2684 aliquis
1850 2644 1935 2672 actu
1954 2641 1966 2657 ⁵
1995 2649 2124 2673 curam
2158 2637 2279 2674 carnis
2317 2639 2451 2675 referat
2470 2639 2508 2676 in

1452 2690 1569 2726 finem
1598 2690 1812 2735 honestum,
1842 2697 1932 2737 puta
1961 2701 2047 2726 curn
2077 2690 2208 2738 aliquis
2237 2690 2359 2727 studet
2379 2703 2505 2728 come-

1453 2743 1563 2779 stioni
1582 2749 1736 2790 propter
1761 2742 1928 2789 corporis
1949 2743 2271 2788 sustentationem,
2293 2755 2370 2779 non
2393 2756 2507 2781 voca-

1452 2803 1511 2831 tur
1537 2794 1734 2843 prudentia
1755 2794 1891 2830 carnis:
1921 2794 2008 2843 quia
2041 2794 2093 2830 sic
2121 2795 2234 2831 utitur
2265 2796 2384 2832 homo
2418 2809 2507 2834 cura

1453 2847 1572 2884 carnis
1600 2855 1642 2883 ut
1669 2847 1716 2883 ad
1745 2847 1874 2883 finem.

1505 2903 1562 2936 AD
1591 2911 1726 2935 PRIMUM
1754 2910 1850 2935 ERGO
1877 2910 2059 2935 DICENDUM
2088 2899 2191 2947 quod
2219 2901 2424 2948 Apostolus
2453 2902 2506 2938 lo-

1450 2953 1575 3001 quitur
1604 2953 1649 2988 de
1678 2950 1875 2999 prudentia
1903 2954 2024 2987 carnis
2053 2952 2265 2989 secundum
2286 2954 2389 3001 quod
2418 2953 2506 2990 finis

1451 3005 1563 3043 totius
1582 3004 1681 3040 vitae
1708 3002 1931 3040 humanae*
1959 3003 2194 3041 constituitur
2217 3004 2255 3042 in
2284 3005 2394 3042 bonis
2427 3019 2505 3043 car-

1453 3059 1520 3095 nis.
1551 3058 1600 3094 Et
1627 3057 1678 3093 sic
1708 3064 1762 3092 est
1788 3064 1986 3104 peccatum
2015 3058 2185 3093 mortale.

1504 3112 1563 3146 An
1592 3120 1779 3146 SECUNDUM
1806 3120 1990 3146 mcennum
2018 3109 2123 3156 quod
2160 3110 2357 3158 prudentia
2386 3110 2506 3147 carnis

1453 3175 1530 3199 non
1567 3162 1745 3209 importat
1781 3169 1978 3208 peccatum
2018 3161 2055 3198 in
2093 3162 2272 3210 Spiritum
2311 3163 2504 3199 Sanctum.

1453 3215 1569 3262 Quod
1589 3214 1689 3250 enim
1716 3213 1847 3250 dicitur
1866 3214 1970 3261 quod
1999 3226 2071 3251 non
2094 3220 2216 3262 potest
2240 3227 2317 3251 esse
2343 3215 2504 3252 subiecta

1506 3345 1528 3375 ε)
1547 3346 1617 3368 actu.
1634 3356 1654 3362 -
1671 3345 1746 3367 actus
1764 3339 1794 3366 L.

1505 3378 1530 3410 ζ)
1550 3378 1630 3403 totius
1650 3378 1720 3402 vitae
1738 3378 1879 3403 humanae.
1895 3391 1914 3397 -
1928 3378 1990 3403 Post
2009 3386 2121 3411 sequens
2140 3379 2228 3404 carnis
2247 3384 2345 3412 ponunt
2364 3379 2401 3403 Pa
2420 3385 2445 3404 et
2463 3387 2506 3404 co-

1454 3414 1530 3438 dices.

2534 424 2544 432 ⁸
2559 422 2594 443 (Ξῖ.
2610 427 2658 444 not.
2675 431 2700 444 α.

2535 2077 2544 2085 ·
2559 2075 2582 2096 1⁴²
2596 2074 2649 2098 11²⁰.
2670 2082 2707 2103 qu.
2729 2082 2744 2099 ι.

2535 2105 2576 2123 art.
2591 2107 2610 2129 5.
