2892 4056
192 762 200 769 ⁸
212 759 248 780 Cf.
261 766 300 787 qu.
315 766 345 780 xx

191 786 251 807 trod.

440 217 509 253 156

1137 214 1403 260 QUAESTIO
1432 215 1532 261 XXI,
1561 213 1856 250 ARTICULUS
1886 215 1899 249 I

960 438 1370 514 QUAESTIO
1407 437 2067 492 VIGESIMAPRIMA

1161 552 1251 591 DE
1293 534 1879 591 PRAESUMPTIONE

1210 665 1243 689 IN
1273 664 1445 695 QUATUOR
1473 663 1675 689 ARTICULOS
1702 664 1819 688 DIVISA

348 760 402 786 ‚111-
432 763 619 844 Damna
644 750 964 787 considerandum
988 757 1043 786 est
1063 750 1109 786 de
1129 750 1440 798 praesumptione
1455 749 1485 785 ³¹⁶.

513 806 561 840 Et
589 804 687 840 circa
715 804 790 840 hoe
819 810 1053 850 quaeruntur
1081 810 1258 850 quatuor.

1514 845 1516 853 v

481 858 631 893 Primo:
662 856 754 905 quid
782 856 827 892 sit
861 856 1054 892 obiectum
1082 855 1404 904 praesumptionis
1429 855 1488 891 cui
1514 856 1516 889 ἒ

536 909 714 946 innititur.

1597 749 1796 785 Secundo:
1826 757 1953 785 utrum
1983 749 2028 786 sit
2055 757 2266 798 peccatum.

1595 801 1748 838 Tertio:
1780 802 1839 850 cui
1868 810 2094 850 opponatur.

1596 854 1761 900 Quarto:
1791 867 1837 891 ex
1865 867 1942 903 quo
1970 855 2063 892 vitio
2093 855 2245 892 oriatur.

1238 1019 1554 1076 ARTICULUS
1585 1020 1789 1062 PRIMUS

830 1109 985 1140 UTRUM
1008 1107 1311 1139 PRAESUMPTIO
1335 1108 1582 1147 INNITATUR
1598 1107 1698 1144 DEO,
1722 1109 1781 1138 AN
1803 1108 2015 1139 PROPRIAE
2039 1109 2217 1140 VIRTUTI

462 1214 527 1246 ΝΛΜ
551 1230 603 1246 ,Μ
641 1212 664 1236 ι)
684 1211 821 1236 PRIMUM
840 1211 893 1236 Slc
923 1210 1162 1236 nocam-run.
1199 1197 1358 1234 Videtur
1387 1197 1491 1245 quod

456 1230 608 1311 {Ji}
642 1252 901 1302 praesumptio
931 1263 1030 1300 quae
1052 1259 1107 1287 est
1129 1257 1330 1299 peccatum
1350 1250 1387 1286 in
1410 1249 1492 1298 Spi-

448 1288 570 1366 'ffssn
581 1291 755 1347 'f'ritum
781 1307 963 1342 Sanctum
990 1317 1069 1341 non
1098 1303 1277 1340 innitatur
1305 1304 1403 1349 Deo,
1424 1302 1491 1339 sed

488 1334 586 1392 ᾆξ’»
603 1352 818 1408 &propriae
852 1357 992 1395 virtuti.
1032 1357 1187 1404 Quanto
1226 1356 1328 1393 enim
1367 1355 1493 1392 minor

430 1419 484 1448 est
511 1411 646 1459 virtus,
676 1420 781 1448 tanto
811 1411 929 1459 magis
958 1417 1091 1459 peccat
1118 1410 1182 1457 qui
1204 1409 1236 1445 ei
1257 1409 1369 1446 nimis
1397 1408 1492 1454 inni—

428 1465 525 1501 titur.
558 1464 634 1500 Sed
653 1465 779 1502 minor
807 1472 862 1501 est
885 1465 1005 1501 virtus
1025 1464 1194 1500 humana
1214 1475 1330 1510 quam
1350 1461 1490 1499 divina.

429 1519 530 1565 Ergo
569 1518 722 1564 gravius
758 1525 891 1567 peccat
928 1517 993 1565 qui
1025 1515 1234 1565 praesumit
1272 1515 1318 1552 de
1355 1515 1491 1551 virtute

429 1572 598 1607 humana
627 1584 743 1619 quarn
777 1572 841 1619 qui
869 1569 1076 1619 praesumit
1109 1569 1155 1606 de
1183 1569 1320 1605 virtute
1350 1568 1490 1605 divina.
1517 1581 1519 1598 ι

431 1625 507 1660 Sed
537 1633 736 1672 peccatum
772 1624 810 1660 in
840 1623 1020 1672 Spiritum
1051 1623 1234 1659 Sanctum
1270 1629 1325 1658 est
1352 1621 1491 1668 gravis·
1517 1651 1518 1654 ,

429 1677 582 1714 simum.
617 1679 719 1725 Ergo
748 1676 1007 1725 praesumptio
1037 1688 1136 1722 quae
1165 1675 1319 1723 ponitur
1347 1674 1492 1722 species

428 1730 573 1779 peccati
602 1730 639 1766 in
669 1730 849 1778 Spiritum
875 1731 1057 1766 Sanctum
1082 1729 1253 1765 inhaeret
1271 1727 1399 1764 virtuti
1422 1727 1491 1764 hu·
1517 1723 1519 1732 '

430 1795 566 1819 manae
596 1783 717 1830 magis
746 1795 862 1831 quam
893 1782 1058 1819 divinae.

483 1848 517 1872 2.
548 1836 785 1882 PRAETEREA,
807 1848 852 1872 ex
872 1843 1029 1883 peccato
1050 1834 1087 1870 in
1109 1833 1290 1881 Spiritum
1307 1833 1490 1869 Sanctum

429 1889 502 1925 alia
520 1897 676 1937 peccata
696 1889 883 1925 oriuntur:
906 1895 1108 1937 peccatum
1130 1886 1230 1922 enim
1251 1885 1289 1921 in
1309 1885 1490 1933 Spiritum

431 1942 612 1978 Sanctum
642 1942 774 1979 dicitur
801 1941 942 1978 malitia
963 1953 1007 1977 ex
1028 1952 1102 1989 qua
1131 1939 1214 1988 quis
1240 1946 1382 1987 peccat.
1416 1938 1491 1974 Sed

430 1995 550 2042 magis
577 1995 757 2032 videntur
794 1995 865 2031 alia
892 2001 1048 2043 peccata
1086 1993 1175 2029 oriri
1214 2003 1258 2028 ex
1295 2003 1492 2040 praesum-

429 2048 559 2096 ptione
586 2060 662 2096 qua
689 2049 808 2085 homo
839 2046 1047 2096 praesumit
1075 2047 1121 2083 de
1151 2045 1276 2093 seipso
1301 2057 1418 2093 quarn
1448 2056 1492 2080 ex

430 2101 740 2149 praesumptione
761 2113 836 2149 qua
854 2101 974 2137 homo
995 2098 1200 2148 praesumit
1216 2098 1262 2135 de
1279 2098 1381 2135 Deo:
1403 2097 1492 2145 quia

431 2166 540 2190 amor
569 2154 625 2190 sui
655 2162 710 2190 est
738 2154 966 2202 principium
996 2151 1197 2201 peccandi,
1229 2159 1268 2188 ut
1296 2158 1398 2200 patet
1425 2163 1494 2199 per

290 2223 371 2238 xxvm-
430 2207 706 2254 Augustinum,
741 2208 828 2244 XIV
857 2208 902 2243 de
935 2207 1014 2244 Cz'v.
1044 2206 1118 2242 Dei
1143 2204 1174 2240 ³⁸.
1205 2205 1307 2251 Ergo
1343 2204 1494 2240 videtur

432 2260 535 2308 quod
555 2260 815 2308 praesumptio
836 2272 933 2308 quae
964 2266 1019 2295 est
1037 2265 1235 2306 peccatum
1257 2258 1294 2294 in
1314 2256 1493 2305 Spiritum

433 2313 615 2349 Sanctum
645 2313 810 2349 maxime
839 2312 1017 2349 innitatur
1045 2310 1172 2347 virtuti
1200 2311 1403 2346 humanae.

489 2367 521 2402 3.
544 2367 780 2411 PRAETEREA,
809 2373 1007 2414 peccatum
1030 2363 1212 2411 contingit
1232 2367 1249 2383 ²
1269 2375 1312 2398 ex
1334 2374 1493 2398 conver-

433 2419 540 2455 sione
578 2418 791 2455 inordinata
827 2418 875 2454 ad
909 2419 1055 2454 bonurn
1095 2415 1376 2452 commutabile.
1416 2415 1493 2451 Sed

433 2471 692 2520 praesumptio
714 2480 768 2508 est
788 2471 983 2519 quoddam
1009 2477 1222 2518 peccatum.
1253 2469 1354 2515 Ergo
1375 2468 1494 2515 magis

434 2524 616 2571 contingit
642 2536 686 2560 ex
707 2523 958 2561 conversione
987 2524 1033 2560 ad
1062 2522 1239 2558 virtutem
1270 2521 1492 2566 humanam,

434 2589 533 2626 quae
562 2584 617 2614 est
644 2578 789 2614 bonurn
819 2575 1102 2620 commutabile,
1132 2586 1249 2622 quam
1271 2586 1315 2610 ex
1336 2586 1494 2610 conver-

434 2631 541 2667 sione
562 2631 609 2667 ad
632 2630 809 2666 virtutem
840 2630 1021 2675 divinam,
1053 2640 1151 2676 quae
1182 2635 1236 2663 est
1263 2627 1410 2663 bonum
1439 2626 1492 2662 in-

435 2683 718 2720 commutabile.

490 2738 563 2773 SED
596 2747 740 2772 CONTRA
774 2747 839 2771 EST
873 2735 977 2782 quod
1014 2734 1109 2770 sicut
1147 2745 1188 2769 ex
1229 2731 1492 2779 desperatione

436 2789 569 2837 aliquis
606 2788 814 2825 contemnit
856 2787 1037 2824 divinaml
1062 2785 1388 2830 misericordiam,
1433 2784 1492 2820 cui

436 2855 522 2890 spes
555 2842 742 2886 innititur,
777 2841 826 2877 ita
861 2853 905 2877 ex
938 2838 1247 2888 praesumptione
1286 2837 1493 2874 contemnit

438 2895 607 2932 divinam
641 2893 838 2939 iustitiam,
877 2905 975 2941 quae
1008 2900 1227 2941 peccatores
1259 2890 1377 2938 punit.
1417 2891 1493 2926 Sed

437 2948 533 2985 sicut
570 2946 827 2983 misericordia
866 2953 921 2982 est
948 2946 985 2982 in
1014 2947 1119 2990 Deo,
1149 2944 1199 2980 ita
1227 2943 1339 2980 etiam
1377 2950 1413 2979 et
1441 2943 1494 2979 iu-

438 3001 534 3037 stitia
554 2998 568 3028 β
589 3007 643 3035 est
671 2999 708 3035 in
735 2999 831 3047 ipSO.
863 3000 964 3045 Ergo
985 2998 1080 3034 sicut
1108 2996 1320 3045 desperatio
1346 3003 1401 3032 est
1427 3008 1495 3044 per

439 3053 679 3090 aversionem
710 3064 732 3088 a
759 3052 863 3097 Deo,
898 3051 947 3088 ita
976 3049 1233 3099 praesumptio
1263 3057 1318 3085 est
1344 3061 1413 3097 per
1440 3048 1494 3085 in-

439 3106 653 3143 ordinatam
682 3104 973 3140 conversionem
1002 3103 1050 3140 ad
1078 3103 1216 3151 ipsum.

492 3160 717 3195 RESPONDEO
742 3168 924 3193 DICENDUM
945 3157 1048 3204 quod
1068 3154 1325 3204 praesumptio
1345 3154 1496 3191 videtur

439 3212 645 3260 importare
661 3209 855 3257 quandam
871 3208 1200 3246 immoderantiam
1217 3208 1308 3256 spei.
1327 3207 1415 3255 Spei
1430 3220 1494 3244 au-

439 3272 515 3301 tem
541 3263 735 3300 obiectum
756 3269 811 3298 est
834 3263 979 3298 bonum
998 3261 1161 3298 arduum
1181 3260 1372 3309 possibile.
1402 3261 1494 3296 Pos-

1545 1197 1650 1233 sibile
1679 1205 1807 1234 autem
1838 1205 1893 1234 est
1920 1198 2062 1247 aliquid
2098 1199 2244 1236 homini
2279 1200 2494 1249 dupliciter:
2522 1213 2601 1238 uno

1545 1250 1681 1296 modo,
1710 1262 1780 1299 per
1806 1251 2002 1300 propriam
2030 1251 2229 1298 virtutem;
2260 1253 2334 1289 alio
2362 1253 2495 1301 modo,
2523 1265 2602 1291 non

1545 1301 1614 1339 nisi
1635 1314 1704 1351 per
1721 1302 1900 1340 virtutem
1922 1303 2103 1341 divinam.
2126 1304 2235 1342 Circa
2254 1309 2455 1355 utramque
2475 1313 2603 1346 autem

1545 1367 1654 1404 spem
1669 1368 1737 1404 per
1752 1356 2084 1395 immoderantiam
2095 1365 2221 1406 potest
2237 1369 2318 1395 esse
2329 1359 2603 1407 praesumptio.

1545 1410 1647 1445 Nam
1669 1409 1767 1446 circa
1785 1421 1894 1458 spem
1914 1422 1983 1458 per
2002 1422 2118 1458 quam
2139 1410 2272 1459 aliquis
2293 1412 2340 1448 de
2359 1412 2512 1460 propria
2530 1411 2605 1448 vix*

1517 1496 1518 1506 ,
1545 1469 1621 1498 tute
1648 1462 1816 1508 confidit,
1838 1462 2041 1500 attenditur
2059 1464 2320 1512 praesumptio
2341 1476 2386 1501 ex
2405 1465 2480 1501 hoc
2499 1464 2603 1513 quod

1517 1542 1519 1559 =
1554 1515 1685 1563 aliquis
1712 1515 1830 1552 tendit
1856 1516 1894 1552 in
1922 1516 2063 1564 aliquid
2086 1521 2100 1544 Ὺ
2129 1524 2169 1553 ut
2198 1516 2267 1554 sibi
2295 1517 2474 1566 possibile
2498 1518 2604 1566 quod

1545 1580 1654 1605 suam
1675 1568 1891 1605 facultatem
1912 1569 2078 1606 excedit:
2107 1569 2319 1606 secundum
2344 1571 2449 1619 quod
2473 1570 2605 1608 dicitur

1544 1622 1668 1657 Iudith
1688 1633 1723 1657 vi
1742 1622 1762 1642 *
1772 1635 1780 1657 :
1810 1623 2094 1659 Praesumentes
2113 1623 2158 1659 de
2175 1635 2214 1659 se
2238 1623 2424 1660 humilias.
2455 1624 2504 1659 Et
2521 1623 2603 1660 talis

1544 1675 1805 1723 praesumptio
1850 1675 2056 1723 opponitur
2096 1675 2223 1712 virtuti
2256 1676 2602 1723 magnanimitatis,

1545 1739 1642 1776 quae
1672 1727 1844 1764 medium
1872 1735 1975 1764 tenet
2002 1728 2040 1765 in
2063 1728 2283 1766 huiusmodi
2311 1741 2390 1777 spe.

1599 1780 1709 1816 Circa
1729 1792 1838 1828 spem
1858 1789 1986 1817 autem
2005 1793 2081 1829 qua
2101 1781 2236 1829 aliquis
2260 1781 2430 1818 inhaeret
2449 1781 2604 1818 divinae

1543 1832 1748 1881 potentiae,
1773 1840 1899 1881 potest
1925 1846 1994 1881 per
2021 1834 2355 1871 immoderantiam
2385 1846 2466 1871 esse
2496 1846 2604 1883 prae—

1545 1885 1711 1934 sumptio
1740 1885 1777 1922 in
1806 1887 1881 1922 hoc
1919 1886 2024 1934 quod
2061 1886 2192 1935 aliquis
2228 1887 2348 1924 tendit
2381 1887 2420 1924 in
2449 1887 2605 1935 aliquod

1545 1939 1691 1975 bonum
1723 1946 1762 1975 ut
1788 1939 1968 1987 possibile
2006 1951 2075 1988 per
2107 1939 2286 1976 virtutem
2325 1947 2360 1976 et
2392 1940 2605 1978 misericor-

1546 1991 1647 2028 diam
1672 1991 1842 2028 divinam
1867 1992 1971 2040 quod
1991 1992 2170 2040 possibile
2195 2005 2272 2030 non
2297 2000 2372 2029 est:
2402 1992 2497 2030 sieut
2516 2005 2603 2031 cum

1517 2082 1518 2086 ,
1545 2044 1678 2093 aliquis
1698 2053 1823 2093 sperat
1842 2057 1882 2081 se
1901 2045 2056 2082 veniam
2077 2045 2248 2083 obtinere
2267 2045 2347 2083 sine
2360 2045 2603 2094 poenitentia,

1544 2098 1605 2133 vel
1621 2097 1779 2145 gloriam
1800 2097 1878 2134 sine
1898 2098 2051 2136 meritis.
2073 2099 2180 2136 Haec
2198 2106 2326 2136 autern
2346 2099 2604 2148 praesumptio

1546 2159 1600 2187 est
1620 2151 1770 2199 proprie
1792 2151 1937 2199 species
1963 2151 2106 2199 peccati
2134 2152 2172 2188 in
2201 2151 2382 2200 Spiritum
2403 2152 2602 2189 Sanctum:

1545 2204 1634 2252 quia
1654 2203 1791 2239 scilicet
1818 2216 1886 2251 per
1914 2204 2134 2241 huiusmodi
2162 2204 2515 2253 praesumptionem
2535 2205 2604 2242 tol-

1545 2257 1630 2293 litur
1657 2257 1719 2292 vel
1747 2256 2002 2293 contemnitur
2030 2257 2259 2294 adiutorium
2289 2257 2447 2305 Spiritus
2477 2257 2604 2295 Sancti

1496 2315 1498 2317 ’
1545 2321 1613 2358 per
1641 2309 1746 2357 quod
1773 2309 1893 2346 homo
1923 2317 2124 2346 revocatur
2152 2322 2174 2346 a
2202 2317 2373 2359 peccato.

1598 2363 1657 2399 An
1686 2373 1821 2399 PRIMUM
1850 2374 1948 2399 ERGO
1977 2374 2161 2399 οιοΕΝυυΜ
2189 2363 2307 2411 quod,
2329 2362 2425 2398 sicut
2453 2362 2605 2411 supra‘
2631 2372 2642 2383 ·

1547 2414 1688 2451 dictum
1728 2423 1802 2460 est,
1842 2423 2041 2463 peccatum
2081 2415 2186 2462 quod
2225 2423 2279 2460 est
2317 2422 2448 2452 contra
2478 2416 2603 2453 Deum

1546 2468 1757 2504 secundum
1789 2480 1901 2504 suum
1934 2480 2053 2515 genus
2086 2476 2142 2504 est
2173 2468 2325 2515 gravius
2358 2468 2490 2505 ceteris
2517 2480 2605 2517 pee-

1546 2521 1647 2557 catis.
1677 2520 1788 2557 Unde
1816 2520 2076 2569 praesumptio
2106 2533 2181 2569 qua
2209 2521 2293 2569 quis
2321 2520 2531 2558 inordinate
2550 2521 2605 2559 in—

1546 2573 1674 2609 nititur
1701 2574 1786 2609 Deo
1824 2573 1975 2620 gravius
2014 2581 2213 2622 peccatum
2252 2581 2308 2610 est
2343 2585 2460 2621 quam
2497 2585 2604 2622 prae-

1546 2626 1713 2674 sumptio
1734 2638 1809 2674 qua
1829 2626 1911 2674 quis
1940 2626 2104 2663 innititur
2122 2626 2298 2675 propriae
2317 2626 2457 2663 virtuti.
2487 2626 2605 2673 Quod

1547 2679 1648 2715 enim
1678 2678 1811 2727 aliquis
1840 2679 2019 2716 innitatur
2046 2679 2198 2716 divinae
2226 2679 2352 2716 virtuti
2389 2680 2438 2716 ad
2474 2691 2606 2717 conse-

1545 2732 1741 2779 quendum
1780 2731 1816 2767 id
1846 2733 1950 2779 quod
1978 2733 2063 2768 Deo
2104 2744 2182 2769 non
2211 2731 2408 2778 convenit,
2447 2732 2522 2768 hoc
2550 2739 2606 2769 est

1546 2784 1759 2821 diminuere
1789 2783 1957 2820 divinam
1987 2784 2178 2820 virtutem.
2209 2785 2316 2821 Patet
2343 2792 2471 2820 autem
2500 2785 2604 2832 quod

1545 2837 1695 2884 gravius
1734 2844 1865 2884 peccat
1908 2836 1972 2885 qui
2010 2836 2184 2874 diminuit
2220 2837 2389 2874 divinam
2426 2836 2604 2874 virtutem

1547 2902 1664 2937 quam
1695 2889 1758 2936 qui
1786 2889 1978 2937 propriam
2009 2889 2187 2926 virtutem
2216 2890 2484 2938 superextollit.

1599 2944 1657 2979 Ao
1686 2953 1875 2979 SECUNDUM
1903 2954 2087 2979 DICENDUM
2110 2942 2213 2990 quod
2231 2942 2313 2991 ipsa
2333 2942 2447 2980 etiam
2465 2941 2479 2964 ὃ
2497 2954 2605 2991 prae-

1547 2995 1713 3043 sumptio
1743 3007 1818 3043 qua
1851 2995 1933 3043 quis
1963 2995 2009 3031 de
2039 2996 2123 3031 Deo
2155 2995 2366 3032 inordinate
2398 2995 2607 3044 praesumit

1547 3060 1718 3085 amorem
1744 3047 1802 3084 sui
1821 3047 1986 3094 includit,
2017 3060 2092 3096 quo
2122 3048 2203 3096 quis
2231 3049 2430 3097 proprium
2459 3049 2605 3085 bonum

1548 3101 1759 3138 inordinate
1792 3100 1992 3140 desiderat.
2028 3100 2145 3147 Quod
2179 3101 2281 3138 enim
2314 3102 2476 3138 multum
2511 3101 2607 3139 desi-

1549 3156 1747 3200 deramus,
1786 3153 2029 3190 aestimamus
2059 3154 2168 3190 nobis
2199 3154 2244 3191 de
2274 3154 2371 3191 facili
2406 3165 2476 3203 per
2512 3153 2606 3191 alios

1549 3220 1661 3256 posse
1690 3206 1904 3255 provenire,
1935 3206 2049 3243 etiarn
2078 3206 2107 3243 si
2137 3219 2215 3243 non
2243 3206 2363 3255 possit
2380 3211 2404 3243 ².

1600 3262 1657 3296 Αι)
1677 3271 1836 3297 TERTlUM
1855 3271 2039 3297 mcizNDUM
2068 3259 2171 3308 quod
2199 3260 2459 3308 praesumptio
2484 3259 2532 3296 de
2551 3259 2606 3297 di-

493 3404 520 3436 α)
536 3406 674 3434 peccatum
693 3400 832 3434 contingit.
847 3415 864 3419 -
874 3403 986 3432 peccata
1004 3401 1162 3433 contingunt
1179 3401 1210 3431 A,
1220 3403 1359 3432 peccatum
1370 3400 1496 3431 provenit

441 3439 505 3462 ΡΜ.

495 3472 519 3505 β)
538 3476 564 3498 et
582 3472 693 3497 iustitia.
707 3485 726 3490 -
739 3474 764 3495 et
785 3471 836 3496 Dei
853 3470 956 3495 iustitia
975 3471 1074 3501 ABHL,
1090 3474 1116 3495 et
1134 3471 1166 3495 de
1185 3470 1287 3495 iustitia
1305 3470 1333 3501 F,
1353 3470 1455 3495 iustitia
1475 3470 1495 3494 C
1520 3470 1522 3486 ³

441 3508 555 3539 DEGlx;
574 3516 621 3540 pro
640 3507 705 3539 ipso,
724 3507 809 3539 seipso
828 3506 861 3531 Η.

1601 3400 1628 3432 γ)
1647 3399 1758 3431 aliquid.
1776 3413 1796 3419 -
1808 3399 1884 3424 aliud
1900 3399 1932 3430 K,
1950 3399 2060 3431 aliquod
2078 3399 2174 3424 bonum
2194 3399 2239 3426 Pa.

1601 3433 1625 3466 ὃ)
1645 3435 1734 3459 etiam.
1748 3448 1767 3453 -
1780 3434 1842 3459 Orn.
1861 3435 1966 3467 PDGpn
1984 3440 2009 3459 et
2026 3442 2052 3459 a.

1602 3469 1623 3501 ε)
1639 3470 1733 3501 possit.
1746 3483 1766 3488 —
1775 3469 1881 3501 possint
1900 3469 2048 3502 PABEch
2067 3475 2092 3494 et
2110 3477 2134 3499 a,
2151 3472 2264 3501 possunt
2281 3469 2331 3493 Dn.

2630 1632 2641 1643 ⁶
2656 1631 2723 1653 Vero.
2739 1637 2768 1659 ¹5.
