2892 4056
1017 155 1284 202 QUAESTIO
1313 155 1418 202 vm,

1448 155 1744 191 ARTICULUS
1776 155 1826 191 lV
2434 154 2484 200 69

983 273 1315 306 Commentariis
1336 271 1586 305 Cardinalis
1606 272 1806 304 Caietam

341 363 360 383 u
384 351 515 383 articulo
539 352 630 382 tertio
654 358 730 383 nota
753 352 991 392 diligentissime
1014 352 1190 383 doctrinam
1220 351 1315 388 hanc,
1340 357 1370 382 et
1424 360 1521 390 quam
1545 351 1623 380 bene
1640 350 1770 381 dixerim
1785 351 1802 370 '⁴‘
1826 351 1913 391 quod
1930 349 2007 381 fides
2027 356 2057 380 et
2075 349 2236 390 theologia
2252 349 2344 379 altior
2360 348 2484 379 habitus

314 364 336 425 Ι
355 395 600 435 singularissime
627 396 783 427 rationem
814 396 968 427 redditam
990 396 1024 426 in
1047 395 1131 426 calce
1154 394 1370 435 responsionis
1426 400 1471 425 est
1486 404 1583 434 quam
1600 394 1772 434 practicum
1787 401 1817 425 et
1832 394 2071 435 speculativum.
2096 394 2194 431 Quod
2211 393 2304 424 etiam
2328 391 2485 423 inferius*

311 440 350 471 ad
373 439 558 476 secundum,
576 439 708 470 scilicet;
732 441 807 480 quia
827 445 946 480 quanto
970 440 1072 470 virtus
1094 440 1309 479 cognoscitiva
1329 439 1371 469 ad

304 483 406 524 plura
428 493 463 514 se
485 483 641 521 extendit,
667 489 756 514 tanto
784 489 831 514 est
858 483 1001 514 nobilior.
1033 482 1074 513 Et
1096 482 1259 513 considera
1282 482 1370 523 quod

309 527 452 568 loquitur
469 527 510 557 ad
527 527 663 558 litteram
685 528 725 558 de
747 527 885 568 practico
909 533 940 557 et
961 526 1171 566 speculativo:
1192 532 1223 557 et
1245 526 1370 566 percipe

1425 437 1638 474 confirmatur,
1664 445 1694 468 et
1717 438 1829 469 clarius
1853 438 2046 479 exprimitur,
2064 447 2138 469 cum
2153 438 2191 468 de
2209 438 2294 467 dono
2315 436 2485 477 sapientiae

1425 487 1581 512 tractatur.

1090 669 1406 711 ARTICULUS
1436 669 1707 720 QUARTUS

630 765 784 796 UTRUM
808 763 965 795 DONUM
990 764 1290 796 INTELLECTUS
1315 765 1426 796 INSIT
1449 765 1639 796 OMNIBUS
1663 764 1934 795 HABENTIBUS
1957 764 2154 795 GRATIAM

341 857 405 899 24,ss
426 863 493 901 »ἢ
522 856 545 882 D
565 855 737 887 QUARTUM
757 855 810 880 sm
825 855 1066 880 PROCEDlTUR.
1087 843 1247 880 Videtur
1265 844 1371 891 quod

338 885 491 955 ἱέᾼὲᾓ
523 897 669 934 donum
707 896 916 933 intellectus
953 907 1031 932 non
1069 895 1155 932 insit
1192 896 1372 933 omnibus

328 949 447 996 ,raa
469 946 508 988 (Γ
520 949 742 987 hominibus
763 953 780 969 ²
798 948 1026 985 habentibus
1063 948 1234 997 gratiam.
1273 948 1372 986 Dicit

332 996 337 1000 ’
366 995 463 1031 ⁴¹¹³*
479 993 509 1032 *x*
521 1001 624 1039 enim
653 1000 872 1049 Gregorius,
893 1002 924 1038 II
944 1001 1089 1038 Moral.
1110 1002 1140 1048 *,
1167 1001 1271 1049 quod
1305 1001 1372 1038 do-

148 1031 154 1038 .
171 1022 238 1043 xux,
253 1016 273 1037 al

70 1015 151 1091 ιιίῗ.
183 1042 207 1064 ¹¹¹
237 1045 281 1063 m
307 1066 403 1093 num
430 1054 641 1092 intellectus
670 1053 780 1091 datur
799 1062 930 1092 contra
948 1054 1203 1091 hebetudinem
1227 1054 1370 1090 mentis.

252 1122 255 1124 ’
308 1106 388 1197 1³⁶³
381 1106 1014 1196 hssfflssssciissffl‘eirg‘ssfiffissssh?
1017 1119 1041 1196 ἰ
1055 1119 1105 1196 ῗῗ
1106 1107 1247 1197 Ῐίἓῗω
1266 1119 1373 1196 men}

308 1213 347 1250 in
375 1212 554 1250 omnibus
582 1171 809 1249 habentibgus
837 1172 1026 1260 gratiam.n
1044 1172 1062 1196 e
1092 1172 1134 1196 ec
1178 1173 1195 1196 S
1219 1172 1297 1196 non
1318 1171 1357 1196 es

319 1309 325 1311 ⁴
352 1277 398 1306 v2.
425 1266 668 1312 Parmam,
703 1265 798 1301 inter
832 1277 876 1302 ea
904 1277 1002 1314 quae
1036 1265 1084 1302 ad
1115 1265 1371 1313 cognitionem

309 1318 498 1368 pertinent
535 1318 616 1354 sola
650 1318 748 1354 fides
784 1317 935 1354 videtur
967 1330 1049 1354 esse
1083 1318 1296 1354 necessaria
1324 1318 1373 1354 ad

309 1371 489 1408 salutem:
518 1370 607 1419 quia
628 1382 702 1418 per
718 1371 840 1418 fidem
875 1371 1042 1406 Christus
1068 1370 1213 1407 habitat
1232 1371 1270 1406 in
1288 1381 1371 1407 cor-

18 1427 19 1430 ’
69 1426 79 1437 ·
96 1425 208 1453 ’Μ’-’7-
308 1423 416 1461 dibus
444 1424 578 1460 nostris
587 1451 598 1469 ,
627 1430 668 1460 ut
697 1422 830 1459 dicitur
855 1423 908 1459 ad
923 1423 1059 1471 Ephes.
1081 1434 1116 1459 111
1135 1422 1165 1458 ²¹².
1190 1423 1265 1459 Sed
1283 1434 1373 1469 Xnon

84 1507 134 1530 s
308 1488 444 1513 omnes
463 1476 648 1512 habentes
667 1475 788 1512 fidem
808 1475 951 1511 habent
971 1476 1117 1512 donum
1140 1474 1371 1512 intellectus:

20 1571 25 1583 x
66 1581 278 1636 mame-2⁹}
306 1527 1065 1629 330A322s32³5fflfcff12²¹{nss’rssarje
1081 1527 1372 1628 “2352thssssss

266 1648 269 1653 ’
306 1633 455 1672 donum
483 1633 692 1670 intellectus
720 1645 799 1671 non
828 1640 885 1670 est
911 1632 1168 1670 necessarium
1198 1633 1246 1670 ad
1275 1634 1372 1670 salu-

305 1694 397 1724 tem.
427 1686 519 1724 Non
549 1696 639 1734 ergo
669 1693 730 1729 est
751 1685 790 1723 in
818 1686 998 1723 omnibus
1033 1685 1263 1723 habentibus
1290 1698 1371 1734 gra-

303 1739 410 1778 tiam.

362 1787 396 1830 3.
417 1792 652 1839 Pugnan,
680 1803 728 1828 ea
754 1803 854 1840 quae
883 1798 970 1828 sunt
998 1790 1220 1828 communia
1249 1791 1371 1828 omni—

304 1845 378 1882 bus
405 1844 633 1882 habentibus
660 1844 818 1892 gratiam
847 1855 1046 1894 nunquam
1074 1845 1122 1881 ab
1143 1844 1371 1881 habentibus

306 1897 465 1948 gratiam
501 1898 783 1934 subtrahuntur.
823 1897 900 1934 Sed
937 1897 1054 1945 gratia
1090 1897 1298 1934 intellectus
1335 1905 1371 1934 et

162 1994 168 1997 ,
306 1950 469 1989 afiorum
497 1951 691 1988 donorum
719 1950 923 1998 aliquando
949 1962 990 1987 se
1017 1942 1154 1987 utiliter
1171 1951 1371 1988 subtrahit.-

165 2001 182 2036 β
304 2002 556 2053 ῃααηᾱοᾳιιεβ
569 2003 685 2050 enim,
695 2003 786 2040 dum
800 2003 974 2040 sublimia
988 2003 1228 2053 intelligendo
1243 2004 1280 2041 in
1296 2003 1370 2040 ela-

304 2057 442 2095 &onem
469 2067 510 2093 se
534 2056 686 2093 animus
713 2056 836 2106 erigit,
858 2056 895 2093 in
922 2057 1033 2093 rebus
1060 2057 1144 2093 imis
1176 2062 1213 2094 et
1237 2056 1370 2093 vilibus

303 2110 421 2160 gravi
453 2109 673 2146 hebetudine
697 2109 898 2159 pigrescit,
936 2117 978 2146 ut
1016 2109 1221 2157 Gregorius
1259 2109 1368 2156 dicit,

304 2162 343 2200 in
371 2163 403 2200 11
432 2162 577 2199 Mor-al.
600 2161 622 2184 '¹'
651 2161 753 2210 Ergo
782 2162 929 2199 donum
966 2162 1173 2199 intellectus
1207 2174 1286 2199 non
1315 2170 1371 2200 est

303 2214 344 2252 in
372 2215 552 2252 omnibus
580 2214 810 2252 habentibus
838 2215 1007 2264 gratiam.

357 2267 435 2304 San
463 2279 611 2305 cosma
637 2279 704 2305 EST
722 2268 826 2317 quod
853 2268 990 2306 dicitur
1015 2268 1054 2304 in
1078 2268 1219 2305 Psalm.
1234 2268 1270 2304 *ε
1291 2268 1370 2305 Ne-

304 2320 471 2358 scierunt
496 2331 615 2369 neque
633 2321 905 2367 intellexerunt,
926 2322 963 2358 in
984 2321 1143 2358 tenebris
1162 2321 1367 2358 ambulant.

306 2373 384 2410 Sed
413 2373 538 2410 nullus
562 2373 711 2410 <habens
740 2374 898 2421 gratiam
927 2374 1098 2410 ambulat
1116 2374 1154 2410 in
1182 2373 1368 2412 tenebris:

307 2426 521 2464 secundum
549 2426 642 2462 illud
670 2427 775 2462 ioan.
795 2426 905 2463 vm*:
930 2426 1004 2467 Qui
1021 2427 1187 2474 sequitur
1204 2438 1266 2463 me
1293 2439 1367 2463 non

306 2479 478 2517 ambulat
503 2479 540 2515 in
569 2479 739 2516 tenebris.
770 2480 871 2527 Ergo
901 2479 1024 2515 nullus
1043 2479 1190 2515 habens
1209 2479 1368 2526 gratiam

306 2539 409 2570 caret
438 2532 542 2569 dono
571 2531 790 2568 intellectus.

69 2168 203 2191 'Loe.cit.

67 2274 124 2329 's-Pe.
134 2279 276 2300 amavere.

68 2433 78 2442 ·
92 2431 159 2454 Vere.
173 2437 203 2454 ιε.

358 2664 386 2696 α)
405 2662 565 2688 hominibus.
584 2677 603 2681 -
621 2662 683 2688 Om.
702 2662 771 2687 PEa.
1396 2662 1398 2679 ¹

358 2697 384 2732 β)
403 2698 569 2730 quandoque.
586 2711 606 2716 -
623 2697 843 2730 quandocumque
862 2696 1059 2721 ABCDFGKsE
1077 2700 1103 2720 et
1128 2703 1153 2727 a,
1172 2695 1319 2727 aliquando
1338 2703 1370 2726 x;

304 2741 354 2767 pro
368 2734 493 2759 sublimia
512 2733 692 2766 intelligendo,
713 2731 760 2766 (ad
778 2732 914 2764 BHpCsK)
938 2731 1061 2757 sublimia
1084 2731 1284 2764 intelligendum
1302 2731 1369 2756 ABE

304 2768 464 2802 FHKLan,
483 2768 606 2794 sublimia
631 2767 804 2801 intelligimus
822 2767 855 2798 G,
875 2767 907 2792 de
929 2766 1053 2792 sublimia
1078 2767 1252 2799 intelligendo
1271 2766 1307 2796 lx,
1326 2773 1370 2791 su—

304 2803 396 2829 blimia
415 2804 561 2829 intellectus
579 2811 626 2834 em
645 2811 694 2836 pro
714 2803 740 2828 in
760 2802 910 2832 elationem,
929 2802 991 2835 (per
1007 2802 1064 2831 BH,
1082 2802 1120 2827 ad
1137 2802 1172 2834 G)
1191 2801 1331 2826 elationem
1347 2803 1369 2826 Α

303 2839 502 2873 woupcxn
520 2844 546 2864 et
563 2846 589 2868 ι,
606 2839 723 2865 elatione
740 2838 778 2870 D;
798 2846 846 2870 pro
864 2838 933 2867 imis,
953 2838 1024 2862 raris
1042 2838 1074 2862 D.

1479 845 1705 880 Respormso
1734 855 1918 880 mcaunum
1936 843 2041 892 quod
2070 843 2109 879 in
2137 842 2314 879 omnibus
2341 843 2483 880 haben—

1426 896 1524 932 tibus
1553 896 1710 944 gratiam
1739 908 1894 932 necesse
1924 903 1979 932 est
2008 907 2088 932 esse
2125 895 2387 932 rectitudinem
2415 908 2484 932 vo-

1427 949 1592 985 luntatis:
1623 949 1711 997 quia
1733 960 1806 996 per
1831 949 1999 998 gratiam
2030 953 2287 996 praeparatur
2314 947 2486 984 voluntas

1425 1001 1585 1038 hominis
1612 1001 1664 1038 ad
1689 1002 1841 1046 bonum,
1870 1010 1911 1038 ut
1929 1000 2161 1048 Augustinus
2186 1000 2274 1037 dicit
2290 999 2321 1037 ³¹⁵.
2341 1001 2485 1037 Volun-

1427 1062 1482 1091 tas
1511 1061 1639 1091 autem
1668 1066 1747 1090 non
1775 1062 1900 1102 potest
1932 1061 2031 1090 recte
2069 1053 2234 1090 ordinari
2268 1053 2304 1090 in
2338 1054 2485 1091 bonum

1427 1107 1495 1143 nisi
1521 1106 1795 1155 praeexistente
1815 1106 1938 1155 aliqua
1958 1105 2172 1153 cognitione
2191 1105 2375 1142 veritatis:
2397 1106 2486 1154 quia

1427 1160 1620 1196 obiectum
1635 1159 1839 1197 voluntatis
1855 1166 1910 1196 est
1923 1160 2069 1196 bonum
2088 1158 2319 1195 intellectum
2330 1163 2358 1205 Υ,
2374 1166 2415 1194 ut
2433 1159 2487 1195 di-

1428 1213 1520 1249 citur
1546 1212 1584 1249 in
1613 1213 1663 1248 III
1692 1212 1738 1248 de
1755 1212 1896 1248 Anima
1914 1212 1946 1248 *.
1978 1211 2081 1248 Sicut
2100 1218 2228 1247 autem
2247 1223 2316 1259 per
2339 1210 2484 1247 donum

1428 1265 1586 1303 caritatis
1616 1264 1775 1313 Spiritus
1805 1265 1965 1301 Sanctus
1994 1264 2144 1301 ordinat
2162 1264 2398 1300 voluntatem
2418 1263 2485 1300 ho-

1427 1318 1538 1354 minis
1576 1325 1616 1354 ut
1645 1317 1784 1354 directe
1816 1325 2018 1354 moveatur
2045 1317 2083 1353 in
2111 1317 2257 1353 bonum
2290 1316 2487 1363 quoddam

1426 1370 1731 1418 supernaturale,
1762 1370 1812 1406 ita
1841 1370 1954 1406 etiam
1991 1382 2060 1418 per
2096 1369 2242 1406 donum
2281 1369 2487 1405 intellectus

1427 1423 1583 1460 illustrat
1610 1429 1779 1459 mentem
1806 1422 1972 1460 hominis
1999 1430 2040 1459 ut
2067 1428 2271 1469 cognoscat
2288 1421 2487 1459 veritatem

1428 1475 1621 1523 quandam
1651 1474 1993 1522 supernaturalem,
2023 1474 2061 1510 in
2089 1486 2206 1522 quam
2235 1481 2383 1522 oportet
2408 1482 2488 1510 ten-

1429 1527 1519 1564 dere
1546 1528 1784 1564 voluntatem
1813 1534 1967 1564 rectam.
2006 1527 2055 1563 Et
2082 1526 2190 1573 ideo,
2221 1526 2315 1562 sicut
2343 1526 2488 1563 donum

1429 1580 1588 1617 caritatis
1617 1586 1672 1616 est
1699 1579 1737 1616 in
1765 1580 1941 1616 omnibus
1968 1579 2195 1616 habentibus
2224 1579 2381 1627 gratiam
2406 1590 2489 1627 gra-

1427 1641 1508 1670 tum
1537 1632 1750 1680 facientem,
1780 1632 1830 1669 ita
1859 1632 1971 1669 etiarn
1999 1632 2145 1669 donum
2174 1631 2394 1670 intellectus.

1480 1688 1539 1723 AD
1559 1697 1696 1722 Panium
1715 1697 1814 1722 ERGO
1834 1696 2017 1723 mcENDUM
2045 1685 2151 1733 quod
2171 1684 2285 1732 aliqui
2304 1685 2488 1723 habentes

1427 1738 1583 1787 gratiam
1613 1746 1760 1786 gratum
1788 1738 1989 1775 facientem
2018 1745 2177 1786 possunt
2195 1737 2271 1786 pati
2291 1737 2488 1774 hebetudi-

1427 1804 1516 1828 nem
1547 1792 1646 1828 circa
1673 1791 1797 1840 aliqua
1825 1803 1923 1840 quae
1952 1798 2038 1827 sunt
2056 1797 2205 1839 praeter
2224 1790 2487 1827 necessitatem

1427 1844 1564 1881 salutis.
1595 1844 1671 1881 Sed
1699 1844 1798 1881 circa
1826 1855 1872 1880 ea
1890 1856 1988 1893 quae
2008 1851 2095 1881 sunt
2113 1844 2161 1881 de
2190 1844 2411 1880 necessitate
2431 1855 2488 1879 sa-

1426 1896 1510 1934 lutis
1537 1897 1769 1934 sufficienter
1791 1896 2023 1935 instruuntur
2043 1909 2065 1933 a
2085 1896 2224 1945 Spiritu
2245 1897 2406 1933 Sancto:
2431 1907 2488 1933 se-

1428 1950 1596 1987 cundum
1625 1949 1717 1987 illud
1747 1951 1885 1986 IIoan.
1917 1961 1939 1986 11
1958 1948 1994 1985 *z
2029 1949 2160 1987 Unctio
2189 1947 2325 1986 docet⁶
2348 1960 2415 1986 vos
2443 1949 2488 1986 de

1426 2004 1609 2040 omnibus.

1478 2058 1537 2092 An
1566 2066 1756 2092 SECUNDUM
1784 2066 1968 2092 mcENDUM
2001 2054 2106 2103 quod
2143 2054 2212 2091 etsi
2238 2066 2317 2091 non
2350 2066 2486 2091 omnes

1425 2109 1609 2146 habentes
1637 2107 1755 2145 fidem
1784 2108 1896 2156 plene
1924 2107 2130 2155 intelligant
2156 2119 2201 2144 ea
2219 2118 2318 2155 quae
2345 2119 2487 2157 propo-

1425 2169 1565 2198 nuntur
1597 2160 1799 2207 credenda,
1828 2159 2035 2208 intelligunt
2060 2167 2190 2197 tamen
2218 2172 2263 2196 ea
2292 2172 2373 2196 esse
2407 2172 2486 2196 cre-

1426 2214 1563 2262 denda,
1586 2221 1623 2250 et
1639 2213 1747 2262 quod
1766 2214 1815 2250 ab
1835 2213 1888 2251 eis
1906 2225 1977 2261 pro
1998 2213 2101 2249 nullo
2127 2221 2184 2250 est
2210 2212 2444 2250 deviandum
2459 2217 2484 2250 ⁸.

1478 2269 1537 2304 An
1570 2278 1730 2303 manum
1758 2277 1941 2303 morannum
1970 2265 2075 2314 quod
2103 2265 2250 2303 donum
2278 2265 2486 2302 intellectus

1425 2331 1623 2369 nunquam
1652 2331 1693 2356 se
1721 2318 1905 2357 subtrahit
1931 2318 2068 2356 sanctis
2097 2318 2194 2356 circa
2217 2330 2262 2355 ea
2281 2330 2379 2367 quae
2399 2325 2487 2355 sunt

1425 2372 1637 2409 necessaria
1657 2373 1706 2409 ad
1730 2373 1901 2408 salutem.
1933 2372 2010 2408 Sed
2030 2371 2128 2408 circa
2147 2371 2218 2408 alia
2236 2372 2424 2408 interdum
2445 2383 2485 2407 se

1424 2425 1619 2471 subtrahit,
1641 2432 1682 2461 ut
1708 2437 1787 2461 non
1815 2424 1944 2461 omnia
1968 2425 2017 2461 ad
2035 2424 2219 2472 liquidum
2248 2436 2318 2473 per
2345 2424 2486 2460 intelle-

1424 2485 1527 2514 ctum
1555 2485 1754 2525 penetrare
1782 2476 1942 2525 possint,
1973 2477 2022 2514 ad
2050 2478 2124 2514 hoc
2153 2477 2257 2525 quod
2285 2477 2484 2525 superbiae

1423 2530 1579 2566 materia
1603 2530 1854 2566 subtrahatur.

1478 2661 1504 2694 γ)
1524 2660 1694 2685 intellectum.
1711 2673 1730 2678 -
1748 2662 1778 2683 ut
1795 2666 1878 2691 supra
1895 2659 1996 2684 dictum
2015 2662 2066 2690 est,
2085 2659 2232 2684 intellectus
2250 2663 2340 2684 autem
2354 2659 2483 2685 obiectum

1424 2699 1464 2720 est
1482 2702 1574 2721 verum
1587 2695 1625 2725 G;
1641 2695 1788 2720 intellectus
1801 2694 1839 2718 Pa
1853 2699 1879 2719 et
1893 2694 1969 2719 ceteri
1983 2699 2090 2726 excepto
2102 2702 2152 2727 piu
2172 2694 2204 2719 cf.
2218 2702 2263 2727 qu.
2277 2702 2320 2724 vn.
2335 2699 2383 2719 art.
2397 2702 2420 2726 2,
2434 2693 2457 2719 8.
2466 2708 2485 2714 -

1424 2731 1473 2756 Pro
1486 2731 1594 2760 dicitur,
1605 2737 1688 2763 supra
1702 2730 1802 2755 dicitur
1815 2730 1947 2761 AEFHpc
1959 2734 1984 2754 et
1997 2737 2024 2760 rr,
2034 2730 2146 2755 habetur
2159 2730 2189 2760 L,
2199 2737 2282 2763 supra
2296 2730 2396 2756 dictum
2407 2733 2482 2755 esta.

1474 2765 1499 2798 δ)
1523 2766 1617 2791 Unctio
1637 2765 1722 2790 docet.
1738 2779 1758 2784 —
1777 2765 1888 2790 Docebit
1906 2765 1939 2796 G,
1961 2765 2054 2790 Unctio
2072 2765 2129 2790 eius
2147 2765 2224 2790 docet
2241 2765 2300 2790 Pla.

1476 2802 1497 2834 ε)
1512 2809 1566 2833 pro
1586 2801 1657 2826 nullo
1676 2804 1715 2825 est
1733 2800 1903 2825 deviandum.
1920 2813 1939 2819 -
1957 2800 2030 2825 nuno
2053 2800 2132 2825 mdo
2149 2803 2189 2825 est
2207 2800 2265 2831 (est
2281 2800 2362 2825 modo
2379 2799 2419 2832 D)
2438 2799 2483 2825 de-

1422 2837 1550 2862 viandum
1569 2836 1637 2865 PDa,
1655 2843 1709 2868 pm
1728 2842 1791 2860 vero
1809 2838 1850 2861 ert
1867 2835 2100 2861 detes-minandum
2118 2835 2151 2862 G.

984 2916 1316 2949 Commentariis.
1338 2915 1587 2948 Oardjnalis
1611 2915 1810 2948 Caietam

336 3007 357 3029 n
380 2996 513 3028 articulo
537 3002 650 3036 quarto
668 2996 803 3028 dubium
822 2996 958 3029 occurrit
973 2996 1054 3027 circa
1070 2995 1226 3026 rationem
1240 2995 1368 3028 allatam

335 3041 370 3072 in
391 3040 494 3071 littera
509 3040 550 3071 ad
564 3040 794 3072 ostendendam
817 3040 1033 3072 necessitatem
1050 3040 1128 3070 doni
1142 3039 1320 3071 intellectus
1334 3040 1368 3071 in

304 3084 494 3116 habentibus
511 3084 654 3125 gratiam,
675 3084 750 3126 quia
772 3094 898 3116 necesse
921 3091 967 3115 est
989 3084 1022 3114 in
1037 3083 1197 3115 intellectu
1215 3083 1368 3124 cognitio-

305 3138 380 3159 nem
395 3127 532 3159 veritatis
548 3127 793 3168 supernaturalis
812 3127 952 3160 existere.
971 3127 1104 3159 Videtur
1119 3127 1278 3169 siquidem
1291 3128 1368 3158 haec

304 3172 385 3203 rano
407 3172 514 3203 nulla:
539 3171 613 3212 quia
636 3171 697 3202 dici
720 3178 826 3213 potest
840 3172 930 3213 quod
946 3171 1162 3212 cognitionem
1180 3179 1368 3213 supernatu-

304 3217 404 3247 ralem
420 3215 627 3246 necessariam
642 3216 681 3246 ad
696 3222 814 3247 rectam
829 3216 1027 3247 voluntatem
1042 3215 1119 3246 fides
1143 3215 1231 3252 facit;
1255 3222 1287 3247 et
1301 3225 1368 3246 non

306 3267 352 3291 est
375 3270 458 3300 opus
482 3259 544 3290 alio
569 3260 666 3290 dono.

358 3305 409 3334 Ad
431 3303 494 3334 hoc
517 3303 631 3334 dicitur
653 3304 742 3344 quod
765 3303 803 3333 ad
828 3310 945 3334 rectam
960 3303 1156 3334 voluntatem
1173 3313 1239 3334 non
1255 3302 1370 3334 sufficit

304 3348 460 3379 rectitudo
484 3347 556 3378 fidei
576 3357 632 3388 per
651 3347 803 3388 seipsam:
828 3347 883 3378 sed
907 3347 1039 3388 exigitur
1054 3347 1208 3378 rectitudo
1223 3346 1296 3378 fidei
1313 3358 1369 3388 per

73 3396 81 3405 ”
94 3400 138 3422 per
151 3394 203 3417 add.
219 3401 255 3417 ⁴⁸-
305 3391 442 3432 seipsam
458 3391 515 3423 et*
527 3391 723 3423 subserviens
738 3391 796 3422 sibi
813 3391 945 3422 donum.
960 3391 1058 3422 Addit
1073 3391 1231 3432 siquidem
1245 3391 1369 3422 donum

305 3435 481 3467 intellectus
505 3446 599 3476 supra
627 3435 723 3466 fidem
747 3442 863 3466 rectam
891 3435 1143 3466 aestimationem
1172 3435 1304 3475 praefice
1328 3435 1367 3466 de

1422 2996 1492 3027 Deo
1514 3005 1553 3027 ex
1575 2995 1700 3027 caritate
1724 2995 1872 3030 amando,
1895 3000 1932 3027 ut
1954 2994 1987 3025 in
2010 2994 2154 3034 sequenti
2173 2993 2305 3026 articulo
2322 2993 2444 3027 dicitur.
2461 3010 2482 3017 -

1423 3040 1463 3071 Et
1484 3039 1512 3071 si
1535 3039 1655 3071 dicatur
1673 3039 1762 3080 quod
1780 3038 1843 3069 hoc
1858 3038 1931 3069 facit
1945 3037 2032 3075 fides,
2049 3038 2106 3070 etsi
2121 3047 2189 3069 non
2204 3037 2360 3073 informis,
2377 3044 2482 3068 tamen

1423 3083 1573 3114 formata:
1599 3083 1770 3114 dicendum
1793 3089 1840 3113 est
1862 3083 1951 3124 quod
1974 3082 2036 3112 hoc
2063 3081 2136 3112 facit
2158 3081 2235 3112 fides
2259 3081 2403 3118 formata,
2427 3081 2483 3112 sed

1424 3137 1488 3158 non
1513 3137 1568 3168 per
1591 3127 1726 3168 seipsam
1741 3125 1932 3163 immediate,
1949 3126 2003 3157 sed
2019 3125 2176 3156 mediante
2192 3126 2279 3156 dono
2294 3125 2480 3156 intellectus.

1477 3171 1519 3202 Et
1541 3171 1567 3202 si
1590 3171 1721 3202 ulterius
1751 3177 1920 3211 quaeratur
1947 3170 2026 3200 ratio
2049 3180 2146 3210 quare
2169 3169 2246 3200 fides
2270 3169 2404 3200 formata
2426 3178 2482 3209 per

1423 3216 1559 3256 seipsam
1590 3216 1628 3245 ad
1652 3215 1714 3245 hoc
1737 3225 1802 3245 non
1829 3214 1958 3245 sufficit:
1983 3214 2153 3245 dicendum
2172 3221 2218 3244 est
2241 3213 2329 3254 quod
2352 3212 2413 3242 hoc
2434 3218 2483 3243 est

1423 3266 1552 3300 propter
1575 3258 1790 3299 imperfectam
1814 3258 2087 3299 participationem
2109 3257 2206 3288 divini
2229 3257 2358 3287 luminis
2381 3256 2414 3286 in
2432 3256 2481 3286 lu-

1423 3303 1508 3334 mine
1531 3303 1614 3334 fidei.
1639 3303 1685 3333 Ex
1709 3313 1747 3333 eo
1764 3313 1902 3344 namque
1918 3302 2007 3343 quod
2023 3312 2125 3332 unum
2140 3301 2171 3331 in
2189 3300 2342 3341 superiori
2358 3300 2481 3340 partici-

1423 3354 1515 3387 patur
1538 3347 1662 3377 divisim
1685 3346 1824 3383 inferius,
1840 3353 1967 3387 oportet
1982 3346 2071 3387 quod
2092 3346 2202 3376 lumen
2225 3344 2307 3381 fidei,
2323 3344 2348 3374 si
2364 3344 2403 3374 ad
2419 3343 2481 3374 hoc

1422 3401 1454 3422 se
1478 3391 1615 3422 extendit
1638 3398 1672 3422 ut
1695 3397 1811 3421 rectam
1834 3390 2086 3421 aestimationem
2110 3389 2242 3429 practice
2265 3388 2298 3419 in
2320 3387 2479 3419 intellectu

1423 3442 1511 3466 moto
1530 3446 1546 3465 a
1563 3435 1698 3475 perfecta
1715 3435 1876 3465 voluntate
1891 3434 1992 3470 faciat,
2011 3441 2046 3464 ut
2060 3433 2145 3464 velut
2163 3432 2408 3473 multiplicatum
2424 3441 2481 3472 per

2511 356 2520 364 ·
2536 355 2584 382 Qu.
2595 361 2628 381 iv,
2643 358 2688 376 art.
2701 361 2721 381 2,

2512 380 2642 402 comment.
2653 387 2676 402 n.
2685 386 2721 406 tn:

2511 407 2572 428 Part.
2592 407 2616 433 1,
2639 413 2677 434 qu.
2699 413 2707 428 ι
2716 423 2722 432 ,

2512 437 2552 454 art.
2559 440 2581 460 4,
2588 433 2722 454 Comment.

2511 465 2575 480 num.
2588 465 2629 485 vn,
2644 465 2695 480 vui.

2510 485 2580 532 'Bm
2589 492 2641 512 ην,
2651 489 2693 507 art.
2701 491 2721 513 3,

2511 517 2523 533 a
2554 518 2568 532 1.

2514 1012 2523 1021 ⁹
2535 1010 2623 1031 Contra
2639 1009 2723 1031 Iulian.

2512 1036 2594 1064 Pelag.
2619 1036 2659 1058 lib.
2683 1035 2724 1062 1v,

2514 1069 2564 1090 cap.
2580 1068 2613 1084 ιιι.

2611 1168 2627 1192 Υ

2515 1220 2526 1230 ⁸
2541 1220 2597 1247 Cap.
2612 1225 2684 1245 vn,n.
2699 1225 2724 1246 3:

2514 1251 2670 1320 geg-,333²
2677 1252 2724 1298 21'1]

2512 1963 2521 1972 ·
2538 1962 2559 1983 V
2562 1968 2606 1984 ers.
2621 1968 2656 1990 27·

2612 1990 2626 2015 ὃ
