2892 4056
55 1708 157 1766 ’ἔτ
148 1714 270 1739 ’,σι’-*ΙΙ

55 2110 197 2162 ,gffluoz
212 2109 262 2133 'm

50 2147 63 2163 τ.
129 2147 136 2154 .
164 2148 171 2155 .

161 2659 176 2690 t

65 2837 118 2862 001.
122 2838 184 2868 nug.
190 2839 278 2863 aS-Vi-

67 2865 277 2922 Μᾶω·
357 2866 582 2903 Rmponneo
610 2879 794 2904 montinum
822 2867 947 2915 quod,
981 2866 1066 2903 licet
1092 2866 1248 2915 quidam
1268 2865 1288 2887 ’³
1307 2865 1398 2911 dif-

67 2895 269 2966 quam-⁰⁸⁹
166 2935 278 2973 „Um
306 2925 391 2954 cant
418 2918 610 2966 praedicta
630 2920 801 2968 Apostoli
828 2920 948 2956 verba
975 2931 1053 2956 non
1082 2931 1163 2955 esse
1187 2918 1276 2955 fidei
1297 2916 1361 2954 de-

68 2975 188 2998 mmm
166 2949 278 2994 “⁶⁸¹⁶
305 2969 517 3007 finitionem
536 2976 566 3010 η.
586 2979 727 3018 tamen,
757 2972 787 3009 si
812 2972 895 3021 quis
914 2979 1013 3008 recte
1035 2971 1258 3017 consideret,
1276 2976 1361 3007 o'm-

65 2999 91 3024 V,
141 3003 182 3019 ..2

166 3034 182 3057 η

237 1535 241 1542 ,
292 1487 478 1542 ’,ν’ἲῖ
451 1480 719 1548 &Apostolus
746 1492 873 1542 ponit,
902 1492 1179 1539 adHeb.x1‘,*
1210 1492 1356 1529 dicens:

180 1611 190 1622 Δ
236 1591 238 1593 ’
282 1609 384 1639 ,rum
398 1608 544 1647 rerum,
564 1601 832 1654 argumentum
853 1609 927 1635 non
946 1598 1218 1647 apparentium.
1244 1599 1359 1635 Nulla

1013 186 1278 232 QUAESTIO
1308 186 1374 233 IV,
1404 187 1698 223 ARTICULUS
1729 188 1741 222 1

984 338 1394 426 QUAESTIO
1433 349 1771 425 QUARTA

927 469 1018 508 DE
1061 468 1222 509 IPSA
1268 469 1465 509 FIDEI
1506 468 1829 509 VIRTUTE

1116 582 1149 607 IN

377 686 484 714 emm:
522 675 841 714 considerandum
869 682 926 711 est
963 675 1010 711 de
1038 675 1119 724 ipsa
1151 676 1240 712 fidei
1277 676 1351 712 vir-

377 736 454 765 tute
477 727 507 765 ²¹⁸.
538 729 588 766 Et
622 728 748 777 primo
776 727 946 774 quidem,
981 727 1028 764 de
1063 727 1143 777 ipsa
1171 729 1264 773 fide;
1295 740 1350 765 se-

296 782 442 827 cundo„
456 781 504 818 de
532 781 758 821 habentibus
785 780 903 817 fidem
924 786 939 800 ²
959 780 995 824 *;
1025 780 1145 827 tertio,
1168 781 1215 818 de
1239 794 1353 819 causa
1378 783 1380 806 l

294 834 387 872 fidei
405 835 440 878 *ς
469 841 618 882 quarto,
647 834 694 871 de
724 832 918 869 effectibus
947 832 1027 869 eius
1046 833 1096 869 **.
1378 809 1381 865 ⁴·

297 887 407 924 Circa
434 887 601 935 primurn
630 893 862 945 quaeruntur
890 893 988 922 octo.
1379 871 1382 921 4

350 939 502 979 Primo:
530 939 622 987 quid
649 939 696 975 sit
722 938 831 975 fides.

351 993 551 1032 Secundo:
579 991 617 1028 in
637 1003 712 1039 qua
730 991 770 1028 vi
789 989 804 1020 β
828 990 978 1028 animae
1006 991 1052 1028 sit
1079 990 1173 1028 sicut
1202 990 1239 1027 in
1268 991 1356 1027 sub·
1381 1013 1384 1064 1

402 1044 513 1081 ieeto.

1179 582 1278 608 OCTO
1306 582 1507 608 ARTICULOS
1537 583 1652 607 DlVlSA

1457 675 1607 712 Tertio:
1637 683 1763 712 utrum
1793 676 1916 712 forma
1945 676 2025 712 eius
2053 676 2099 712 sit
2127 675 2270 712 caritas.

1459 729 1626 775 Quarto:
1665 736 1792 765 utrum
1821 729 1956 766 eadem
1985 741 2144 765 numero
2183 728 2228 765 sit
2263 728 2358 765 fides
2387 727 2460 764 for-

1511 789 1611 818 mata
1641 790 1677 817 et
1704 781 1887 818 informis.

1460 833 1622 880 Quinto:
1651 841 1776 870 utrum
1805 833 1901 870 fides
1929 833 1974 870 sit
2001 833 2131 870 virtus.

1460 887 1598 923 Sexto:
1626 893 1754 922 utrum
1783 885 1828 921 sit
1856 898 1933 922 una
1960 885 2092 922 virtus.

1463 938 1654 987 Septimo:
1685 938 1732 975 de
1761 938 1894 974 ordine
1925 938 2004 975 eius
2032 938 2080 975 ad
2109 938 2198 974 alias
2226 938 2391 975 virtutes.

1463 991 1630 1027 Octavo:
1662 991 1708 1027 de
1738 991 2022 1039 comparatione
2052 990 2279 1028 certitudinis
2308 991 2387 1028 eius
2415 991 2464 1028 ad

1515 1043 1775 1080 certitudinem
1802 1043 1983 1080 virtutum
2013 1043 2332 1080 intellectualium.

1108 1152 1423 1196 ARTICULUS
1454 1152 1659 1194 PRIMUS

848 1243 1003 1276 UTRUM
1025 1243 1144 1275 HAEC
1168 1244 1234 1275 SIT
1259 1243 1654 1289 COMPETENS-FIDEI
1678 1243 1916 1287 DEFINITIO:

306 1322 334 1332 2.
359 1320 365 1322 >
395 1316 402 1318 >
426 1298 559 1337 FIDES
579 1301 669 1332 EST
686 1301 965 1332 SUBSTANTIA
988 1301 1325 1332 SPERANDARUM
1348 1301 1517 1339 RERUM,
1542 1300 1870 1332 ARGUMENTUM
1890 1300 1991 1331 NON
2010 1301 2338 1332 APPARENTIUM.

306 1396 359 1435 21„
364 1408 393 1444 ε
416 1406 489 1447 w·
510 1400 533 1426 n
552 1399 689 1426 PanuM
716 1399 770 1426 stc
798 1398 1037 1425 PRocEmTUR.
1065 1387 1226 1424 Videtur
1252 1388 1358 1437 quod

307 1451 417 1490 §.772
432 1433 484 1489 ‘q
511 1441 557 1478 sit
593 1436 855 1500 incompetens
895 1439 987 1477 fidei
1027 1440 1197 1477 definitio
1239 1450 1356 1487 quam

447 1560 455 1575 2
483 1564 502 1582 s
545 1552 581 1583 st
603 1547 727 1595 autem
753 1545 855 1598 fides
880 1550 895 1573 Υ
919 1545 1124 1582 substantia
1155 1545 1359 1594 speranda-

294 1646 401 1689 euim
427 1651 589 1712 qualitas
618 1659 674 1689 est
701 1651 921 1691 substantia.
957 1651 1032 1688 Sed
1062 1650 1158 1688 fides
1186 1659 1243 1688 est
1269 1663 1359 1699 qua-

292 1693 400 1742 litas:
429 1715 518 1742 cum
538 1704 585 1742 sit
602 1705 721 1742 virtus
739 1704 962 1752 theologica,
983 1713 1025 1741 ut
1044 1715 1158 1752 supra
1177 1703 1197 1725 ’¹‘
1216 1704 1358 1741 dictum

297 1750 380 1796 est
396 1753 500 1806 Ergo
528 1770 607 1795 non
636 1763 692 1796 est
715 1757 934 1795 substantia.

297 1819 299 1824 ’
331 1810 672 1858 ¹2.PRA1·:·1·EREA,
716 1811 951 1849 diversarum
988 1810 1171 1846 virtutum
1211 1809 1360 1847 diversa

299 1871 386 1900 sunt
413 1863 561 1901 obiecta
587 1860 613 1901 ⁸.
653 1864 730 1901 Sed
759 1876 818 1901 res
851 1863 1039 1913 speranda
1075 1869 1131 1898 est
1167 1862 1358 1899 obiectum

299 1912 390 1966 spei.
437 1917 529 1954 Non
559 1927 648 1965 ergo
677 1917 789 1954 debet
821 1916 912 1965 poni
942 1917 980 1952 in
1018 1914 1238 1981 definitione
1271 1916 1360 1952 fidei

298 1971 493 2030 tanquam
511 1969 590 2006 eius
619 1969 822 2007 obiectum.

344 2021 389 2061 3.
420 2023 652 2070 PRAETEREA,
672 2020 770 2060 fides
790 2022 911 2071 magis
929 2021 1124 2070 perficitur
1141 2033 1210 2070 per
1230 2021 1360 2058 carita-

294 2072 376 2112 tem
396 2084 514 2129 quam
533 2072 603 2126 per
621 2087 750 2126 spern·
779 2074 867 2124 quia
887 2074 1020 2112 caritas
1041 2081 1096 2111 est
1114 2074 1238 2111 forma
1256 2074 1358 2121 fidei,

296 2135 356 2171 ut
365 2120 461 2165 infra
481 2128 501 2150 '¹‘
521 2127 674 2165 dicetur.
713 2122 835 2176 Magis
858 2135 952 2176 ergo
972 2127 1064 2176 poni
1084 2127 1241 2164 debuit
1233 2138 1271 2164 m
1300 2127 1361 2164 de-

294 2178 468 2218 finitione
497 2180 588 2219 fidei
615 2193 676 2219 res
705 2181 892 2230 diligenda
920 2190 1036 2229 quarn
1072 2192 1131 2216 res
1160 2180 1359 2228 speranda.

338 2244 389 2280 4.
408 2232 651 2282 Pmmm,
678 2234 788 2272 idem
801 2245 881 2272 non
900 2234 1014 2271 debet
1032 2233 1124 2283 p'oni
1143 2229 1182 2270 ir¹1
1202 2233 1360 2270 diversis

299 2283 512 2344 generibus.
552 2287 630 2326 Sed
661 2284 869 2341 substantia
905 2293 942 2324 et
978 2294 1246 2334 argumentum
1275 2294 1362 2323 sunt

301 2335 452 2379 diversa
478 2339 618 2387 genera
655 2337 734 2377 non
769 2339 1056 2377 subalternatim
1084 2338 1218 2396 posita.
1257 2339 1359 2396 Ergo

293 2388 612 2429 inconvenienter
646 2392 748 2429 fides
782 2392 917 2429 dicitur
957 2397 1066 2428 esse
1063 2388 1307 2462 substantia
1326 2400 1362 2454 et

301 2452 612 2492 argumentum.
588 2449 600 2465 ⁸

358 2498 391 2534 5.
420 2498 658 2544 PRAETEREA,
686 2508 755 2545 per
783 2504 1047 2544 argumentum
1075 2496 1214 2533 veritas
1241 2497 1362 2533 mani-

301 2550 455 2587 festatur
475 2550 554 2588 eius
576 2550 623 2587 ad
645 2549 750 2599 quod
769 2549 959 2587 inducitur
977 2555 1253 2608 argumentum.
1284 2550 1360 2586 Sed
1386 2564 1388 2571 ¹

301 2603 393 2640 illud
416 2603 551 2640 dicitur
570 2615 652 2639 esse
678 2615 866 2651 apparens
886 2602 991 2639 cuius
1010 2601 1147 2638 veritas
1167 2609 1223 2638 est
1241 2602 1360 2638 mani·
1385 2628 1390 2674 ¹

301 2656 433 2693 festata
452 2654 476 2692 ζ.
515 2657 617 2703 Ergo
632 2656 783 2693 videtur
801 2655 983 2704 implicari
1007 2654 1197 2703 oppositio
1220 2654 1259 2690 in
1286 2655 1388 2695 hoc

301 2709 407 2757 quod
436 2708 570 2746 dicitur
596 2713 863 2758 argumentum
893 2720 966 2745 non
996 2707 1270 2756 apparentium.
1301 2709 1358 2744 In-

303 2761 574 2798 convenienter
601 2773 690 2809 ergo
720 2761 942 2798 describitur
969 2761 1077 2798 fides.
1386 2753 1388 2783 Ι

355 2814 395 2850 ΙΝ
425 2825 659 2852 CONTRARRJM
687 2814 824 2851 sufficit
851 2814 1051 2851 auctoritas
1078 2812 1264 2862 Apostoli.

307 3023 368 3059 nia
397 3035 442 3059 ex
469 3023 605 3072 quibus
637 3024 733 3062 fides
764 3032 889 3073 potest
922 3024 1069 3062 definiri
1102 3024 1139 3061 in
1171 3022 1363 3073 praedicta

1409 1387 1661 1436 descriptione
1680 1396 1896 1435 tanguntur,
1913 1388 1997 1424 licet
2011 1389 2129 1424 verba
2149 1401 2226 1425 non
2247 1389 2468 1426 ordinentur

1410 1440 1481 1476 sub
1509 1440 1633 1477 forma
1662 1440 1910 1477 definitionis:
1945 1441 2040 1477 sicut
2068 1441 2180 1477 etiam
2214 1442 2316 1489 apud
2346 1441 2468 1489 philo-

1411 1493 1555 1541 sophos
1589 1493 1851 1541 praetermissa
1879 1493 2105 1541 syllogistica
2125 1491 2138 1514 θ
2169 1494 2293 1530 forma
2322 1494 2470 1542 syllogi-

1413 1557 1584 1582 smorum
1614 1545 1795 1594 principia
1823 1554 2036 1593 tanguntur.

1465 1599 1526 1635 Ad
1547 1599 1653 1635 cuius
1683 1598 1912 1636 evidentiam
1942 1599 2257 1636 considerandum
2279 1606 2334 1635 est
2352 1600 2468 1648 quod,

1413 1663 1502 1688 cum
1520 1652 1672 1688 habitus
1701 1659 1978 1699 cognoscantur
2005 1663 2073 1700 per
2101 1660 2205 1688 actus
2225 1659 2261 1688 et
2280 1660 2384 1688 actus
2402 1665 2471 1701 per

1414 1704 1582 1750 obiecta,
1620 1704 1737 1750 fides,
1776 1717 1862 1741 curn
1893 1704 1938 1741 sit
1965 1704 2115 1741 habitus
2143 1705 2319 1752 quidam,
2359 1705 2472 1742 debet

1415 1756 1562 1794 definiri
1590 1769 1658 1805 per
1676 1757 1873 1806 proprium
1901 1765 2026 1794 actum
2057 1757 2094 1794 in
2115 1757 2400 1805 comparatione
2422 1758 2471 1795 ad

1413 1811 1612 1869 proprium
1648 1810 1852 1847 obiectum.
1891 1813 2007 1847 Actus
2037 1818 2163 1847 autem
2192 1810 2282 1847 fidei
2311 1818 2366 1847 est
2394 1823 2471 1847 cre-

1415 1863 1515 1910 dere,
1537 1863 1640 1912 qui,
1668 1863 1763 1900 sicut
1791 1875 1904 1911 supra
1923 1863 1943 1884 ‘⁶
1963 1863 2104 1899 dictum
2134 1871 2200 1910 est,
2221 1871 2326 1900 actus
2345 1871 2399 1900 est
2418 1864 2472 1900 in-

1413 1916 1582 1952 tellectus
1612 1916 1850 1952 determinati
1868 1917 1916 1952 ad
1936 1927 2056 1952 unum
2087 1928 2131 1951 ex
2159 1916 2318 1964 imperio
2338 1917 2472 1953 volun-

1414 1969 1509 2005 tatis.
1559 1969 1620 2005 Sic
1650 1980 1738 2016 ergo
1768 1975 1872 2005 actus
1899 1969 1988 2005 fidei
2016 1968 2130 2005 habet
2158 1969 2331 2005 ordinem
2361 1977 2397 2005 et
2425 1970 2473 2006 ad

1415 2021 1606 2058 obiectum
1635 2022 1861 2068 voluntatis,
1899 2021 2005 2070 quod
2035 2030 2089 2058 est
2120 2022 2266 2058 bonum
2304 2029 2340 2058 et
2365 2022 2471 2067 finis3

1416 2082 1452 2110 et
1471 2074 1518 2111 ad
1539 2074 1729 2111 obiectum
1757 2074 1976 2133 intellectus,
2002 2075 2106 2122 quod
2135 2082 2192 2111 est
2209 2087 2344 2111 verum
2364 2075 2405 2111 *.
2425 2075 2510 2111 Et
2525 2083 2553 2104 D
2568 2089 2613 2110 752

2501 1907 2572 1934 ·u.Q

2596 1505 2609 1529 θ

2615 1912 2675 1933 ,art-

2500 1913 2708 1962 213d3art.2‚9¹’

1415 2127 1504 2176 quia
1523 2127 1632 2174 fides,
1654 2139 1742 2164 cum
1762 2127 1808 2163 sit
1825 2127 1944 2164 virtus
1963 2127 2187 2174 theologica,
2209 2126 2303 2163 sicut
2322 2139 2435 2176 supra
2454 2129 2473 2149 ⁸⁶
2502 2134 2540 2155 ‘1
2548 2135 2593 2155 11²²
2596 2140 2642 2161 qu-
2652 2140 2707 2156 un

1387 2211 1388 2220 ,
1415 2180 1557 2217 dictum
1588 2187 1653 2226 est,
1676 2181 1790 2216 habet
1817 2180 1918 2216 idem
1946 2193 2016 2228 pro
2045 2180 2195 2216 obiecto
2226 2188 2262 2216 et
2288 2180 2378 2225 fine,
2407 2192 2471 2216 ne-

1416 2245 1520 2270 cesse
1554 2241 1610 2270 est
1641 2232 1745 2281 quod
1782 2233 1974 2269 obiectum
2003 2232 2093 2270 fidei
2130 2241 2167 2269 et
2201 2233 2287 2269 finis
2315 2245 2472 2281 propor-

1414 2285 1602 2322 tionaliter
1629 2286 1699 2322 sibi
1727 2287 2060 2335 correspondeant.
2090 2285 2241 2322 Dictum
2273 2293 2329 2322 est
2347 2293 2473 2322 autem

1415 2351 1530 2387 supra
1557 2339 1577 2361 ’¹‘
1605 2339 1709 2387 quod
1741 2339 1881 2375 veritas
1913 2339 2036 2387 prima
2065 2346 2119 2374 est
2156 2338 2347 2375 obiectum
2383 2338 2473 2375 fidei

1416 2391 1626 2428 secundum
1655 2391 1760 2439 quod
1789 2391 1870 2440 ipsa
1899 2399 1954 2428 est
1982 2403 2061 2428 non
2088 2391 2170 2428 visa
2199 2399 2235 2428 et
2262 2403 2306 2427 ea
2335 2391 2472 2440 quibus

1387 2462 1389 2470 ν
1414 2452 1571 2493 propter
1588 2445 1709 2492 ipsam
1730 2444 1956 2481 inhaeretur.
1977 2445 2026 2480 Et
2041 2444 2251 2480 seeundum
2266 2444 2341 2480 hoc
2361 2456 2473 2492 opor-

1387 2523 1388 2531 .
1413 2504 1466 2532 tet
1484 2497 1589 2544 quod
1616 2497 1698 2544 ipsa
1725 2497 1862 2533 veritas
1890 2497 2011 2544 prima
2039 2508 2080 2533 se
2103 2497 2240 2532 habeat
2269 2497 2316 2533 ad
2345 2505 2471 2533 actum

1414 2549 1503 2585 fidei
1534 2561 1604 2607 per
1635 2548 1795 2585 modum
1829 2549 1915 2585 finis
1954 2549 2165 2585 secundum
2203 2549 2386 2585 rationem
2420 2549 2471 2585 rei

1414 2607 1491 2637 non
1511 2601 1627 2637 visae.
1659 2601 1774 2647 Quod
1802 2601 1964 2649 pertinet
1991 2601 2039 2637 ad
2059 2601 2244 2638 rationem
2274 2601 2326 2638 rei
2346 2613 2471 2650 spera-

1414 2661 1495 2701 tae,
1533 2654 1745 2690 secundum
1782 2653 1872 2690 illud
1900 2654 2094 2702 Apostoli,
2133 2654 2185 2690 ad
2209 2655 2321 2691 Rom.
2341 2666 2402 2691 vin
2429 2655 2468 2690 *ε

1386 2702 1528 2748 'Quod
1546 2719 1619 2743 non
1639 2707 1806 2743 videmus
1832 2718 2048 2754 speramus.-
2075 2705 2273 2743 veritatem
2295 2706 2395 2743 enim
2415 2707 2470 2743 vi-

1416 2760 1505 2796 dere
1526 2767 1582 2796 est
1605 2760 1726 2818 ipsam
1746 2760 1907 2803 habere;
1938 2771 2015 2795 non
2039 2767 2165 2796 autern
2193 2768 2317 2807 sperat
2340 2759 2472 2807 aliquis

1415 2812 1453 2849 id
1482 2813 1586 2860 quod
1614 2812 1690 2848 iarn
1718 2812 1852 2857 habet,
1892 2812 1958 2848 sed
1988 2823 2073 2860 spes
2103 2821 2157 2848 est
2190 2812 2237 2849 de
2266 2812 2340 2848 hoc
2367 2813 2471 2861 quod

1415 2876 1493 2902 non
1521 2866 1693 2911 habetur,
1722 2872 1763 2901 ut
1791 2877 1904 2912 supra
1923 2865 1942 2885 *
1963 2864 2104 2900 dictum
2134 2872 2201 2901 est.

1470 2918 1532 2954 Sic
1560 2917 1669 2965 igitur
1695 2917 1878 2954 habitudo
1907 2924 2011 2954 actus
2039 2917 2129 2954 fidei
2158 2917 2206 2954 ad
2234 2917 2373 2964 finem,
2409 2918 2473 2965 qui

1417 2978 1472 3006 est
1500 2970 1692 3007 obiectum
1719 2970 1936 3016 voluntatis,
1965 2970 2194 3017 significatur
2212 2970 2250 3007 in
2269 2971 2342 3006 hoc
2370 2971 2473 3019 quod

1418 3023 1571 3060 dicitur:
1600 3023 1709 3060 Fides
1728 3029 1782 3059 est
1802 3023 2005 3060 substantia
2034 3034 2161 3059 rerum
2188 3024 2473 3070 sperandarum.

360 3157 387 3188 a)
407 3156 562 3182 habentibus
585 3154 720 3190 fideni—
703 3160 705 3164 ’

405 3193 443 3216 vi
456 3195 572 3224 -parte
589 3193 639 3220 H..
685 3207 688 3209 —

407 3226 456 3252 Est
474 3231 562 3253 autem
574 3227 691 3260 fldes.-
709 3227 789 3253 Fides
806 3211 846 3253 est
864 3224 910 3253 Pa.
1104 3250 1118 3262 ,Ι

375 3257 551 3295 >obiectam
568 3262 686 3288 subiecta
703 3260 869 3296 Auefflpo.
1103 3267 1105 3270 ⁴
1388 3263 1390 3295 Ι

359 3298 382 3330 ε)
402 3305 454 3322 nou
473 3298 693 3324 subalternatim.
695 3300 954 3333 ,ίανςιιιηεηεαηιπ
973 3298 1047 3333 Engo
1064 3273 1118 3329 etc.
1133 3299 1157 3333 l·
1177 3278 1362 3337 Imaona-nien-

307 3336 349 3358 ter
367 3340 431 3366 ergo
450 3332 609 3358 describitur
620 3332 692 3365 fides
711 3330 781 3357 addit
799 3332 826 3357 Ρ.

358 3368 384 3399 ζ)
404 3368 583 3401 manifestata.
601 3382 620 3387 -
639 3369 780 3401 manifesta
798 3363 1029 3400 BDFGHLpere
1039 3373 1070 3399 113
1091 3371 1147 3399 pro
1162 3368 1306 3401 implicari
1317 3369 1363 3401 bp-
1387 3349 1390 3382 ἱ

301 3403 412 3436 posin'o,
431 3404 580 3445 oppositum
600 3403 734 3436 implicari
751 3404 797 3428 Pa.
817 3404 873 3428 Hoc
891 3409 1073 3444 argumentum
1092 3404 1103 3439 l
1121 3404 1182 3436 leffi't
1205 3405 1254 3430 sic:
1273 3405 1362 3437 Argu-

307 3442 424 3464 mentum
455 3434 510 3467 act‘t
532 3446 588 3464 rem
609 3447 660 3463 non
681 3442 854 3471 apparentem
870 3438 949 3471 prius
962 3442 1057 3471 postea
1075 3442 1262 3479 apparentem,
1287 3438 1345 3473 Erg
1346 3447 1362 3464 ο

300 3474 521 3500 inconvenienter
539 3472 649 3503 dfe-itur,
670 3481 759 3499 rerum
779 3482 830 3499 non
855 3474 1054 3506 apparentium
1074 3474 1149 3499 istud
1160 3470 1204 3498 Ra
1223 3447 1345 3499 adduntgl
1338 3483 1361 3499 m

715 3157 875 3184 habitibus
896 3158 967 3192 fide?
994 3150 1239 3191 PABEF‘GHchK
1267 3159 1294 3183 elz
1318 3159 1361 3183 aa.

1389 3157 1467 3183 tine
1486 3158 1601 3183 lectionis
1620 3159 1769 3190 adoptatae,
1788 3158 1910 3190 legendoz
1929 3157 1992 3190 quia
2015 3161 2204 3190 argumentum
2222 3159 2295 3191 facit
2319 3165 2375 3183 rem
2396 3158 2474 3190 prius

1388 3177 1391 3240 Ξ
1409 3201 1468 3229 non
1488 3196 1661 3226 apparentem
1677 3197 1774 3225 postea
1790 3199 1929 3227 apparere,
1946 3193 2022 3226 Fsgo
2041 3194 2110 3219 male
2122 3194 2236 3222 dicitur,
2256 3200 2345 3218 rernm
2359 3200 2413 3218 non
2426 3200 2474 3225 ap-

1388 3223 1696 3295 Ρανῧῖἲὶέιᾬοηάεο...
1715 3263 1941 3295 definitionem.-
1922 3262 2114 3294 -Raepondeo
2128 3267 2154 3288 et
2173 3264 2231 3288 dico
2250 3264 2321 3294 quod
2338 3263 2399 3288 Ii'cet
2415 3264 2473 3296 qui-

1387 3304 1390 3341 1
1416 3299 1478 3325 dam
1497 3299 1590 3324 dicant
1608 3299 1662 3324 ista
1679 3298 1854 3330 (Respondet)
1864 3298 2004 3323 dicendum
2021 3299 2092 3330 quod
2110 3302 2136 3323 et
2151 3299 2210 3323 dico
2229 3298 2274 3322 illa
2291 3306 2336 3331 p,x
2354 3297 2474 3330 Respon—

1416 3330 1465 3360 deo
1484 3333 1622 3359 ascendum
1644 3334 1688 3358 illa
1713 3333 1760 3367 sk)
1780 3333 1860 3358 verba
1878 3340 1929 3365 n9n
1948 3340 2003 3358 2332
2027 3333 2189 3358 ostendenda
2205 3333 2275 3366 fidei
2296 3333 2473 3366 definitionem

1410 3369 1478 3402 quin
1504 3369 1621 3403 definitio
1640 3369 1740 3394 indicat
1760 3369 1799 3393 rei
1823 3368 2000 3401 quiaditaem
2024 3372 2052 3394 et
2074 3369 2214 3394 essentiam
2239 3371 2268 3393 ut
2291 3368 2403 3394 habetur
2425 3369 2478 3394 VJ!

1388 3403 1509 3437 'apMet
1510 3405 1535 3429 h.
1555 3405 1597 3434 133
1617 3405 1695 3429 verba
1708 3404 1799 3436 quia..
1808 3376 1953 3436 „qutapIu
1973 3404 2042 3429 addit
2060 3405 2136 3428 etiam
2157 3404 2184 3428 Ρ.

1471 3438 1495 3470 θ)
1515 3438 1726 3472 syllogistica.-
1741 3438 1923 3470 philosophica
1942 3439 1998 3463 codi
1991 3446 2052 3464 1.ces

1471 3476 1488 3505 ι)
1510 3475 1562 3506 qui.
1581 3489 1598 3493 -
1619 3476 1657 3498 An
1660 3481 1684 3498 te
1703 3482 1801 3506 sneque
1786 3482 1816 3498 ns
1835 3482 1863 3499 αι
1861 3478 1910 3498 ·tus
1928 3479 2027 3506 ponunt
2046 3474 2091 3498 Pa.

2535 2167 2576 2188 3·

2501 2352 2509 2359 ·
2521 2349 2568 2376 Qu.
2581 2354 2596 2375 ι,
2607 2353 2639 2370 art

2497 2664 2507 2675 ⁸
2525 2664 2592 2686 Vers.
2607 2670 2618 2685 2
2634 2680 2639 2685 .

2641 2355 2710 2375 -1-4·

2499 2874 2595 2900 '1³11ss,
2603 2880 2712 2901 qua-xvii,

2501 2905 2542 2922 art.
2556 2908 2579 2926 ⁴·
