2892 4056
388 155 459 179 XXX

390 223 466 263 erit
487 223 570 262 hoc
592 228 765 276 propter
786 221 1079 274 antiquitatem
1104 219 1378 260 correctionis
1400 221 1478 261 sed
1500 226 1673 275 propter
1696 221 2040 262 convenientiam
2064 236 2160 263 cum
2192 224 2361 279 legibus
2391 227 2555 268 criticis.

389 284 520 335 Quod
561 284 684 337 primi
718 288 979 322 correctores
1023 281 1338 335 autographum
1371 282 1500 330 forte,
1535 283 1605 322 vel
1637 287 1877 330 auctorem,
1913 283 2135 324 consulere
2174 292 2419 339 potuerunt,
2460 302 2557 330 cum

388 345 600 384 nesciatur
631 357 685 383 an
719 342 1019 389 consuluerint,
1054 341 1169 381 idem
1203 348 1267 382 est
1299 356 1348 382 ac
1380 343 1416 383 si
1449 356 1536 383 non
1570 343 1898 383 consuluissent.
1938 344 2172 385 Authentia
2204 346 2332 402 igitur
2363 349 2556 390 lectionis

388 411 601 446 correctae
635 404 689 444 ab
723 404 896 443 internis
930 402 1054 450 notis,
1088 403 1170 443 hoc
1204 409 1278 451 est,
1313 404 1355 443 ni
1377 404 1568 452 fallimur,
1593 418 1619 444 a
1648 404 1819 445 duobus
1853 405 2028 445 criteriis
2062 419 2191 460 supra
2222 409 2374 461 positis
2402 410 2556 451 diiudi-

387 466 523 506 canda
565 471 638 506 est.
673 489 691 495 -
725 465 766 504 A
802 463 1068 504 discussione
1107 464 1325 504 variorum
1359 471 1400 505 et
1432 465 1755 514 correctionum,
1779 480 1805 506 a
1837 467 2119 521 suggestione
2152 469 2376 510 meliorum
2410 472 2556 512 lectio-

386 541 499 575 num,
525 527 566 567 in
600 531 804 580 apparatu
842 525 1118 565 abstinemus.
1153 525 1257 565 Ideo
1293 526 1375 577 Qu.
1400 527 1541 567 XLIX
1564 533 1638 567 art.
1664 526 1689 567 5
1714 527 1753 580 (α
1756 528 1788 581 ):
1836 547 1848 563 ‹
1875 529 1930 568 Et
1963 528 2064 582 quia
2098 541 2148 568 ea
2182 542 2293 583 quae
2327 532 2556 587 exiguntur

385 588 439 628 ad
473 588 775 642 perfectionem
801 586 1063 640 prudentiae,
1089 586 1285 627 dicuntur
1305 588 1536 640 engz'tz'vae
1555 589 1628 628 vel
1655 589 1777 642 quasi
1810 589 2039 644 integrales
2073 596 2214 644 partes
2248 592 2555 645 prudentiae,
2523 613 2535 630 ›

386 655 426 688 et
460 649 541 701 Qu.
566 649 666 688 LIV
689 654 763 687 art.
795 661 809 687 1
839 661 927 702 arg.
959 660 972 687 1
1004 647 1082 701 (α);
1126 667 1137 683 ‹
1165 648 1255 688 Sed
1289 648 1508 703 diligentia
1540 650 1766 703 requiritur
1799 650 1841 690 in
1874 651 2065 704 qualibet
2097 652 2252 695 virtute
2284 653 2398 694 sicut
2419 658 2463 695 et
2481 656 2556 696 elz-

377 710 527 762 gentz‘a
550 727 583 757 »,
619 710 751 749 lector
782 708 883 748 nihil
917 714 1111 749 notatum
1143 709 1308 750 videbit
1330 723 1460 763 quarn
1482 711 1546 751 Pa
1570 711 1765 751 omittere
1788 712 1908 765 quod
1930 713 2069 766 primo
2103 714 2200 754 loco
2229 713 2297 754 hic
2320 715 2555 758 iacentibus

383 772 494 825 typis
528 770 820 824 imprimimus,
856 775 897 810 et
928 771 962 810 P
996 770 1115 824 quod
1149 771 1303 819 altero;
1339 771 1538 825 quamvis
1571 772 1731 826 aliquid
1765 774 1867 813 novi
1901 787 2002 827 prae
2035 787 2081 814 se
2114 775 2221 815 ferre
2248 775 2458 826 videntur,
2491 778 2555 818 in-

382 838 589 886 quantum
622 833 664 872 in
693 832 809 871 nullo
843 832 1005 871 Lexico
1029 832 1309 880 Thomistico,
1336 833 1455 886 quod
1488 834 1659 882 scimus,
1695 834 1945 876 obveniunt.
1980 836 2123 877 Unam
2158 838 2456 892 exceptionem
2478 839 2555 879 ad-

382 894 593 942 misimus;
650 893 732 946 Qu.
767 893 930 933 XLVII
963 899 1037 933 art.
1080 895 1131 934 13
1166 893 1221 934 ad
1255 896 1281 934 3
1316 893 1357 934 in
1391 900 1494 934 nota
1526 898 1545 941 ζ
1586 901 1686 949 post
1717 897 1952 945 variantes,
1993 898 2062 938 vel
2096 899 2238 951 potius
2277 899 2555 942 titubationes

380 955 648 995 librariorum
681 955 736 994 ad
769 954 951 1003 verbum
985 954 1193 996 dez‘notica
1225 956 1498 1009 parenthesin
1531 956 1750 998 addimus:
1801 957 1862 1011 (ἢν
1891 964 2045 1000 καλοῦσι
2073 962 2290 1013 &wama-oq
2327 961 2427 1002 vide
2459 962 2556 1002 loca

381 1016 541 1071 citata);
575 1017 670 1056 loca
702 1022 845 1056 autem
879 1016 1004 1056 citata
1036 1022 1136 1056 sunt
1167 1016 1228 1056 VI
1262 1017 1512 1057 Ethicorum
1546 1031 1635 1072 cap.
1659 1031 1719 1058 ΧΠ
1753 1033 1790 1058 n.
1815 1032 1843 1071 9
1878 1019 2033 1073 (1144a
2067 1022 2123 1060 23
2153 1021 2195 1060 in
2219 1022 2406 1063 editione
2439 1024 2554 1064 Aca-

381 1078 546 1118 demiae
579 1077 744 1132 Regiae
767 1077 1037 1131 Borussicae)
1073 1084 1114 1118 et
1136 1078 1305 1119 Comm.
1330 1079 1375 1119 S.
1395 1079 1590 1119 Thomae
1623 1080 1716 1120 lect.
1740 1093 1781 1120 X.
1815 1081 1890 1120 Illa
1917 1087 2018 1121 nota
2040 1083 2319 1124 attentionem
2347 1085 2554 1126 lectorum

379 1140 433 1180 ad
466 1139 648 1179 Verbum
680 1138 888 1179 dez'notz'ca
921 1139 1054 1194 figere
1094 1139 1440 1188 intendebamus,
1477 1141 1596 1193 quod
1635 1141 1677 1180 in
1713 1142 1879 1182 Graeco
1923 1155 2011 1182 non
2051 1149 2166 1183 extat
2208 1150 2249 1184 et
2282 1146 2410 1186 nobis
2455 1147 2553 1187 inde

379 1201 478 1242 oriri
510 1201 691 1248 videtur,
727 1200 847 1254 quod
879 1201 1098 1241 translatio
1132 1201 1271 1248 latina,
1307 1214 1393 1269 qua
1420 1201 1546 1241 etiam
1581 1201 1625 1242 S.
1649 1202 1842 1242 Thomas
1875 1205 2208 1245 commentando
2241 1207 2451 1256 utebatur,
2483 1221 2553 1248 ac-

379 1262 617 1303 cusativum
651 1275 798 1302 casum
831 1261 951 1301 verbi
985 1264 1146 1314 δεινότης
1178 1267 1306 1315 prout
1327 1262 1368 1302 in
1393 1262 1561 1302 Graeco
1597 1263 1762 1303 iacebat
1784 1277 1862 1303 nec
1884 1264 2125 1305 traductum
2149 1266 2335 1315 inseruit,
2365 1269 2552 1323 legendo

377 1337 507 1377 quam
540 1326 697 1364 vocant
724 1323 954 1370 demolitas
986 1322 1089 1362 illud
1111 1336 1216 1363 vero
1240 1336 1370 1377 quam
1392 1323 1513 1364 facile
1545 1323 1755 1365 dez'notzca
1787 1325 1964 1380 legatur,
1990 1326 2143 1367 doctos
2173 1341 2261 1368 non
2285 1329 2551 1371 docebimus.

378 1386 450 1426 Sic
472 1385 628 1425 factum
663 1397 758 1424 esse
787 1384 1079 1424 existimamus
1113 1390 1160 1424 ut
1193 1385 1237 1425 S.
1260 1385 1455 1425 Thomas
1488 1385 1695 1427 demetata
1728 1392 1933 1440 tanquam
1967 1388 2141 1429 nomine
2169 1390 2383 1431 adiectivo
2413 1397 2555 1432 utatur

376 1447 701 1501 subintelligens
725 1447 932 1500 potentia.
965 1445 1193 1486 Editorum
1228 1447 1534 1488 Commentarii
1565 1447 1610 1491 ,in
1644 1448 1840 1489 Ethicam
1874 1449 1952 1489 erit
1984 1450 2148 1491 nodum
2180 1452 2363 1493 solvere.
2411 1453 2552 1494 Nobis

376 1508 531 1549 sufficit
568 1508 635 1548 hic
677 1507 837 1548 addere
877 1508 919 1547 in
953 1508 1260 1548 commentario
1295 1509 1477 1549 verbum
1519 1508 1746 1550 dez'notz'cos
1778 1511 1847 1551 vel
1880 1510 2104 1560 dz‘notz‘cos‚
2148 1513 2268 1566 quod
2309 1514 2343 1554 P
2377 1514 2492 1569 legit,
2527 1529 2553 1556 a

376 1570 625 1611 melioribus
658 1575 704 1609 ut
735 1569 906 1609 videtur
939 1569 1162 1610 codicibus
1196 1570 1281 1625 legi
1314 1569 1460 1611 dez'nos
1492 1571 1561 1611 vel
1594 1571 1727 1612 dz'nos.

500 1631 707 1685 Superest
739 1637 785 1671 ut
816 1631 964 1684 paucis
997 1630 1235 1671 indicemus
1270 1631 1311 1671 in
1345 1632 1502 1685 quibus
1535 1633 1664 1673 rebus
1698 1639 1845 1673 nostra
1878 1634 1985 1674 ratio
2019 1640 2159 1675 textus
2193 1637 2444 1677 recensendi
2473 1638 2552 1678 dif-

374 1693 479 1733 ferat
512 1693 566 1733 ab
601 1706 672 1741 ea,
708 1705 839 1746 quam
872 1693 1008 1732 Effius
1043 1692 1281 1733 Cardinalis
1314 1693 1499 1748 Zigliara
1532 1700 1574 1734 et
1606 1694 1743 1735 Rmus
1785 1695 1911 1735 Pater
1944 1696 2212 1749 Hyacinthus
2251 1698 2369 1739 Frati
2401 1712 2551 1754 seque-

375 1755 540 1795 bantur.
574 1754 826 1794 Doctissimi
859 1754 939 1794 viri
972 1760 1090 1794 textu
1123 1754 1259 1795 Piano
1293 1755 1350 1795 ita
1383 1761 1429 1795 ut
1450 1755 1728 1796 fundamento
1762 1757 2000 1806 utebantur,
2035 1764 2082 1798 ut
2108 1760 2343 1813 generatim
2377 1767 2553 1815 propter

374 1817 512 1856 solam
546 1815 874 1869 discrepantiam
907 1829 933 1855 a
966 1815 1188 1856 codicibus
1223 1829 1320 1856 eum
1354 1830 1442 1857 non
1475 1823 1704 1866 mutarent;
1739 1831 1912 1859 causam
1946 1819 2154 1860 internam
2188 1821 2392 1862 accedere
2420 1835 2551 1876 opor-

373 1878 491 1918 tebat
523 1883 752 1931 antequam
786 1877 963 1917 Pianam
997 1877 1294 1931 relinquerent.
1349 1878 1451 1919 Non
1483 1884 1710 1932 propterea
1736 1879 1797 1920 sic
1825 1879 2006 1935 egei-,unt
2029 1881 2129 1934 quia
2151 1882 2306 1923 Pianas
2345 1883 2551 1925 lectiones

374 1937 522 1979 cOntra
554 1939 876 1979 unanimitatem
911 1938 1108 1979 codicum
1142 1953 1312 1994 semper
1333 1940 1476 1980 valere
1500 1941 1800 1990 credidissent;
1835 1955 1934 1983 nam
1967 1942 2050 1983 hoc
2076 1956 2137 1983 vne
2165 1945 2433 1986 somniarunt
2455 1946 2550 1999 qui—

374 2001 485 2049 dem,
521 2001 719 2054 quamvis
754 2007 795 2041 et
816 2001 897 2054 ipsi
931 2001 1167 2042 bonitatem
1200 2007 1341 2042 textus
1374 2002 1494 2042 Piani
1517 2016 1646 2056 supra
1667 2003 1863 2057 singulos
1887 2004 2058 2047 codices
2089 2005 2256 2060 integre
2285 2006 2340 2047 ad
2369 2020 2550 2049 examen

372 2068 553 2102 vocatos
588 2062 749 2116 optime
782 2062 1108 2116 perspiciebant.
1144 2063 1233 2103 Sed
1257 2063 1358 2117 quia
1380 2063 1422 2103 id
1445 2064 1566 2117 quod
1598 2064 1876 2105 fundamento
1910 2072 2144 2119 posuerant
2170 2080 2300 2120 quam
2327 2069 2549 2110 minimum

372 2124 491 2178 tangi
525 2123 682 2164 debere
715 2130 991 2177 putaverunt,
1027 2124 1184 2165 idcirco
1219 2125 1292 2165 ubi
1326 2125 1459 2166 Piana
1497 2125 1748 2166 intrinsecus
1793 2139 1971 2167 erronea
2005 2141 2092 2168 non
2127 2135 2234 2177 erat,
2269 2129 2355 2171 fere
2388 2130 2550 2185 ubique

371 2185 585 2226 variantes
621 2185 817 2226 codicum
849 2186 892 2225 in
924 2192 1130 2240 apparatu
1154 2186 1435 2227 collocabant.
1479 2187 1551 2228 Ad
1585 2187 1820 2228 difficiliora
1853 2189 1959 2237 loca,
1989 2189 2063 2229 ubi
2097 2190 2295 2231 meliores
2330 2192 2502 2233 codices
2525 2206 2550 2233 a

372 2248 505 2287 Piana
538 2261 626 2287 non
660 2247 933 2296 differebant,
959 2260 1110 2288 omnes
1144 2248 1367 2297 lectiones,
1404 2249 1530 2289 etiam
1564 2250 1797 2290 recentium
1831 2250 2028 2291 codicum
2067 2257 2108 2291 et
2140 2252 2425 2294 secundarum
2459 2268 2550 2294 ma-

373 2322 505 2349 nuum
530 2309 839 2350 exscribebant.
874 2308 946 2349 Sic
969 2309 1121 2350 criticis
1143 2310 1375 2351 lectoribus
1399 2311 1567 2351 salvum
1589 2311 1793 2352 iudicium
1816 2324 1912 2352 esse
1933 2313 2173 2361 voluerunt,
2199 2319 2240 2354 et
2267 2314 2368 2355 nihil
2392 2315 2549 2357 iudicio

372 2370 599 2410 formando
629 2370 832 2411 idoneum
855 2371 1196 2412 subtrahebatur.
1233 2372 1364 2424 Quod
1398 2373 1480 2412 hoc
1513 2373 1567 2413 ab
1602 2373 1815 2426 aliquibus
1849 2387 1936 2413 non
1959 2374 2218 2415 intellectum
2253 2381 2295 2416 et
2317 2377 2550 2430 aliquando

372 2433 482 2472 male
516 2445 689 2472 versum
724 2432 794 2479 sit,
840 2432 966 2472 nobis
1006 2433 1060 2473 ab
1095 2433 1175 2473 illis
1209 2434 1278 2473 vel
1320 2434 1536 2488 paulisper
1569 2434 1817 2475 discedendi
1859 2435 2074 2476 sufficiens
2114 2437 2220 2477 ratio
2262 2451 2350 2478 non
2388 2438 2548 2480 fuisset.

371 2495 609 2546 Postquam
643 2506 746 2533 vero
783 2493 1009 2534 relationes
1043 2494 1174 2535 totius
1207 2495 1292 2535 fere
1326 2495 1514 2549 reliquae
1548 2496 1786 2536 traditionis
1820 2497 2056 2550 praesentis
2091 2498 2232 2552 operis
2266 2499 2549 2550 innotuerant,

371 2561 535 2595 textum
569 2555 792 2608 antiquum
826 2569 852 2594 a
885 2569 972 2609 quo
1008 2569 1159 2596 omnes
1195 2556 1366 2597 codices
1401 2563 1442 2597 et
1464 2556 1675 2598 editiones
1699 2557 1961 2598 descendere
1984 2565 2250 2613 compertum
2282 2566 2357 2609 est,
2381 2562 2549 2603 mendis

372 2617 571 2657 correctis
607 2622 794 2657 ceterum
836 2617 1081 2671 simpliciter
1115 2618 1444 2659 describendum
1479 2619 1666 2672 arbitrati
1706 2633 1872 2667 sumus,
1915 2626 1957 2659 et
1988 2621 2143 2661 Pianas
2184 2621 2406 2670 lectiones,
2446 2637 2549 2678 sup-

371 2679 529 2732 pressis
563 2678 713 2718 leviter
746 2678 895 2726 variis,
937 2679 1045 2719 inter
1077 2680 1290 2720 variantes
1325 2680 1522 2720 codicum
1556 2680 1810 2720 referendas.
1867 2681 1964 2720 Hoc
1997 2683 2343 2724 antecessoribus
2378 2685 2546 2734 nostris,

373 2753 483 2793 quos
517 2746 784 2793 praematura
819 2753 936 2780 mors
969 2741 1169 2794 abripuit,
1205 2741 1378 2781 minime
1413 2741 1717 2795 displicuisset;
1762 2755 1861 2782 nam
1895 2742 1997 2797 ipsis
2031 2742 2278 2784 videntibus
2317 2751 2358 2785 et
2391 2759 2547 2800 appro-

372 2801 573 2841 bantibus
607 2802 649 2841 in
678 2802 862 2855 septimo
886 2802 1118 2850 volumine,
1154 2808 1195 2842 et
1216 2803 1300 2842 iam
1334 2809 1459 2843 antea
1491 2803 1533 2843 in
1556 2804 1686 2843 altera
1719 2810 1837 2857 parte
1872 2805 1993 2852 sexti,
2028 2805 2125 2844 loco
2158 2805 2317 2846 Pianae
2346 2807 2547 2849 familiam

373 2862 570 2903 codicum
604 2863 659 2903 ad
693 2877 822 2916 quam
856 2863 983 2904 etiam
1017 2863 1194 2904 Pianam
1227 2864 1436 2918 pertinere
1469 2870 1674 2918 patuerat,
1709 2878 1787 2918 pro
1821 2865 2100 2906 fundamento
2134 2867 2374 2908 habuimus.

497 2924 620 2964 Circa
653 2925 889 2964 bonitatem
924 2925 1117 2965 lectionis
1151 2926 1275 2979 primi
1307 2926 1544 2981 apographi
1574 2927 1615 2966 in
1637 2926 1809 2980 speciali
1845 2926 1986 2968 dicere
2014 2941 2101 2968 non
2131 2942 2241 2982 opus
2271 2936 2346 2970 est.
2381 2930 2546 2972 Textus

372 2990 519 3025 noster
553 2998 650 3025 eum
683 2986 875 3034 fideliter,
911 2993 1118 3039 quantum
1151 2987 1338 3027 humana
1370 2994 1519 3028 natura
1551 2988 1717 3041 patitur,
1753 2994 1850 3028 ante
1871 2989 2078 3034 ,omnium
2112 2991 2263 3031 oculos
2298 2992 2430 3045 ponit,
2465 2993 2547 3034 nisi

373 3046 492 3100 quod
527 3059 690 3086 errores
726 3047 963 3088 materiales
996 3048 1152 3088 librarii
1187 3048 1228 3088 in
1262 3055 1467 3102 apparatu
1501 3049 1733 3103 quaerendi
1767 3055 1876 3090 sunt.
1912 3051 2003 3091 Eos
2038 3058 2258 3105 comparet
2290 3053 2426 3094 lector
2449 3066 2546 3095 cum

373 3107 530 3161 quovis
565 3108 713 3148 codice
747 3109 816 3148 illa
848 3114 986 3149 aetate
1019 3110 1176 3163 scripto
1213 3116 1254 3150 et
1284 3110 1430 3151 videat
1461 3124 1515 3151 an
1549 3111 1657 3152 inter
1690 3111 1878 3165 optimos
1913 3125 2000 3152 non
2034 3112 2088 3152 sit
2120 3115 2421 3156 recensendus.

498 3169 739 3217 Guberniis‚
765 3183 874 3223 quae
901 3170 1143 3211 facultatem
1170 3171 1376 3212 librorum
1399 3173 1762 3213 consulendorum
1785 3173 1911 3214 nobis
1935 3182 2252 3224 concesserunt,
2277 3176 2399 3217 Rmis
2423 3177 2546 3231 Capi-

371 3230 480 3279 tulis,
505 3230 684 3286 singulis
718 3231 1069 3281 Bibliothecariis‚
1094 3232 1256 3286 ubique
1278 3247 1447 3274 summa
1479 3234 1739 3274 humanitate
1771 3248 1851 3275 nos
1880 3236 2119 3289 prosecutis
2153 3238 2360 3278 maximas
2381 3238 2544 3294 gratias

372 3292 553 3347 agimus.

497 3415 732 3456 Citationes
756 3415 966 3470 quasdam
999 3416 1299 3472 subjungimus
1324 3431 1431 3471 quas
1455 3419 1737 3472 comprobare
1772 3420 2062 3496 nequivimus;
2097 3420 2306 3474 quasdam
2340 3420 2466 3461 etiam
2500 3421 2543 3461 in

374 3476 514 3529 operis
550 3476 730 3518 decursu
765 3478 959 3518 inventas
994 3483 1205 3518 notamus.
