<?xml version="1.0" encoding="UTF-8"?>
<!DOCTYPE html PUBLIC "-//W3C//DTD XHTML 1.0 Transitional//EN"
    "http://www.w3.org/TR/xhtml1/DTD/xhtml1-transitional.dtd">
<html xmlns="http://www.w3.org/1999/xhtml" xml:lang="en" lang="en">
 <head>
  <title>
</title>
<meta http-equiv="Content-Type" content="text/html;charset=utf-8" />
  <meta name='ocr-system' content='tesseract 3.04.00' />
  <meta name='ocr-capabilities' content='ocr_page ocr_carea ocr_par ocr_line ocrx_word'/>
</head>
<body>
  <div class='ocr_page' id='page_1' title='image "./operaomniaiussui08thom/operaomniaiussui08thom_0449.png"; bbox 0 0 2892 4056; ppageno 0'>
   <div class='ocr_carea' id='block_1_1' title="bbox 87 421 281 449">
    <p class='ocr_par' dir='ltr' id='par_1_1' title="bbox 87 421 281 449">
     <span class='ocr_line' id='line_1_1' title="bbox 87 421 281 449; baseline -0.005 -5"><span class='ocrx_word' id='word_1_1' title='bbox 87 425 96 435; x_wconf 78' lang='lat'>⁸</span> <span class='ocrx_word' id='word_1_2' title='bbox 111 425 162 444; x_wconf 80' lang='lat' dir='ltr'>Art.</span> <span class='ocrx_word' id='word_1_3' title='bbox 178 421 281 449; x_wconf 73' lang='lat' dir='ltr'>praeced.</span> 
     </span>
    </p>
   </div>
   <div class='ocr_carea' id='block_1_2' title="bbox 109 2706 244 2729">
    <p class='ocr_par' dir='ltr' id='par_1_2' title="bbox 109 2706 244 2729">
     <span class='ocr_line' id='line_1_2' title="bbox 109 2706 244 2729; baseline 0 -1"><span class='ocrx_word' id='word_1_4' title='bbox 109 2708 118 2717; x_wconf 90' lang='grc'><em>“</em></span> <span class='ocrx_word' id='word_1_5' title='bbox 131 2706 198 2729; x_wconf 71' lang='lat' dir='ltr'>Vei-1.</span> <span class='ocrx_word' id='word_1_6' title='bbox 211 2706 244 2728; x_wconf 81' lang='lat'>18.</span> 
     </span>
    </p>
   </div>
   <div class='ocr_carea' id='block_1_3' title="bbox 110 2915 237 2944">
    <p class='ocr_par' dir='ltr' id='par_1_3' title="bbox 110 2915 237 2944">
     <span class='ocr_line' id='line_1_3' title="bbox 110 2915 237 2944; baseline 0 -7"><span class='ocrx_word' id='word_1_7' title='bbox 110 2917 119 2927; x_wconf 79' lang='lat'>⁸</span> <span class='ocrx_word' id='word_1_8' title='bbox 135 2915 200 2937; x_wconf 73' lang='lat' dir='ltr'>Vers-</span> <span class='ocrx_word' id='word_1_9' title='bbox 215 2922 237 2944; x_wconf 87' lang='lat'>9.</span> 
     </span>
    </p>
   </div>
   <div class='ocr_carea' id='block_1_4' title="bbox 1020 182 1781 230">
    <p class='ocr_par' dir='ltr' id='par_1_4' title="bbox 1020 182 1781 230">
     <span class='ocr_line' id='line_1_4' title="bbox 1020 182 1781 230; baseline 0.004 -13"><span class='ocrx_word' id='word_1_10' title='bbox 1020 182 1283 228; x_wconf 88' lang='lat' dir='ltr'>QUAESTIO</span> <span class='ocrx_word' id='word_1_11' title='bbox 1314 182 1396 230; x_wconf 87' lang='lat' dir='ltr'>LV,</span> <span class='ocrx_word' id='word_1_12' title='bbox 1425 183 1718 220; x_wconf 93' lang='lat' dir='ltr'>ARTICULUS</span> <span class='ocrx_word' id='word_1_13' title='bbox 1746 184 1781 220; x_wconf 90' lang='lat' dir='ltr'>V</span> 
     </span>
    </p>
   </div>
   <div class='ocr_carea' id='block_1_5' title="bbox 321 257 1389 1351">
    <p class='ocr_par' dir='ltr' id='par_1_5' title="bbox 321 257 1378 410">
     <span class='ocr_line' id='line_1_5' title="bbox 321 257 1378 306; baseline 0.001 -11"><span class='ocrx_word' id='word_1_14' title='bbox 321 258 456 306; x_wconf 83' lang='lat' dir='ltr'>Ephes.</span> <span class='ocrx_word' id='word_1_15' title='bbox 486 269 521 293; x_wconf 84' lang='grc' dir='ltr'>ιν</span> <span class='ocrx_word' id='word_1_16' title='bbox 539 257 579 293; x_wconf 71' lang='lat' dir='ltr'>*z</span> <span class='ocrx_word' id='word_1_17' title='bbox 607 259 654 293; x_wconf 88' lang='lat' dir='ltr'>In</span> <span class='ocrx_word' id='word_1_18' title='bbox 682 259 816 294; x_wconf 85' lang='lat' dir='ltr'>astutia</span> <span class='ocrx_word' id='word_1_19' title='bbox 836 259 887 295; x_wconf 85' lang='lat' dir='ltr'>ad</span> <span class='ocrx_word' id='word_1_20' title='bbox 904 260 1256 296; x_wconf 79' lang='lat' dir='ltr'><em>circumventionem</em></span> <span class='ocrx_word' id='word_1_21' title='bbox 1275 272 1378 296; x_wconf 91' lang='lat' dir='ltr'>erro-</span> 
     </span>
     <span class='ocr_line' id='line_1_6' title="bbox 322 309 1378 359; baseline 0.002 -13"><span class='ocrx_word' id='word_1_22' title='bbox 322 311 384 346; x_wconf 83' lang='lat' dir='ltr'>ris.</span> <span class='ocrx_word' id='word_1_23' title='bbox 413 309 475 346; x_wconf 93' lang='lat' dir='ltr'>Ad</span> <span class='ocrx_word' id='word_1_24' title='bbox 503 309 606 358; x_wconf 91' lang='lat' dir='ltr'>quod</span> <span class='ocrx_word' id='word_1_25' title='bbox 635 310 748 347; x_wconf 89' lang='lat' dir='ltr'>etiam</span> <span class='ocrx_word' id='word_1_26' title='bbox 769 311 878 347; x_wconf 91' lang='lat' dir='ltr'>dolus</span> <span class='ocrx_word' id='word_1_27' title='bbox 907 311 1110 348; x_wconf 90' lang='lat' dir='ltr'>ordinatur.</span> <span class='ocrx_word' id='word_1_28' title='bbox 1142 313 1242 359; x_wconf 86' lang='lat' dir='ltr'>Ergo</span> <span class='ocrx_word' id='word_1_29' title='bbox 1269 312 1378 349; x_wconf 89' lang='lat' dir='ltr'>dolus</span> 
     </span>
     <span class='ocr_line' id='line_1_7' title="bbox 323 361 1074 410; baseline 0.003 -12"><span class='ocrx_word' id='word_1_30' title='bbox 323 361 483 410; x_wconf 86' lang='lat' dir='ltr'>pertinet</span> <span class='ocrx_word' id='word_1_31' title='bbox 510 362 558 399; x_wconf 89' lang='lat' dir='ltr'>ad</span> <span class='ocrx_word' id='word_1_32' title='bbox 586 363 773 399; x_wconf 87' lang='lat' dir='ltr'>astutiam.</span> <span class='ocrx_word' id='word_1_33' title='bbox 1072 390 1074 393; x_wconf 87' lang='lat'><em>-</em></span> 
     </span>
    </p>

    <p class='ocr_par' dir='ltr' id='par_1_6' title="bbox 323 415 1388 1140">
     <span class='ocr_line' id='line_1_8' title="bbox 377 415 1379 463; baseline 0.002 -13"><span class='ocrx_word' id='word_1_34' title='bbox 377 415 601 451; x_wconf 64' lang='lat' dir='ltr'>Responmzo</span> <span class='ocrx_word' id='word_1_35' title='bbox 621 426 803 451; x_wconf 80' lang='lat' dir='ltr'>mCENDUM</span> <span class='ocrx_word' id='word_1_36' title='bbox 822 415 938 463; x_wconf 84' lang='lat' dir='ltr'>quod,</span> <span class='ocrx_word' id='word_1_37' title='bbox 959 415 1053 452; x_wconf 91' lang='lat' dir='ltr'>sicut</span> <span class='ocrx_word' id='word_1_38' title='bbox 1072 428 1185 463; x_wconf 91' lang='lat' dir='ltr'>supra</span> <span class='ocrx_word' id='word_1_39' title='bbox 1199 416 1219 438; x_wconf 76' lang='lat'>’⁸‘</span> <span class='ocrx_word' id='word_1_40' title='bbox 1238 416 1379 452; x_wconf 90' lang='lat' dir='ltr'>dictum</span> 
     </span>
     <span class='ocr_line' id='line_1_9' title="bbox 325 466 1381 515; baseline 0.002 -13"><span class='ocrx_word' id='word_1_41' title='bbox 325 474 391 513; x_wconf 89' lang='lat' dir='ltr'>est,</span> <span class='ocrx_word' id='word_1_42' title='bbox 420 467 470 503; x_wconf 92' lang='lat' dir='ltr'>ad</span> <span class='ocrx_word' id='word_1_43' title='bbox 497 466 672 503; x_wconf 88' lang='lat' dir='ltr'>astutiam</span> <span class='ocrx_word' id='word_1_44' title='bbox 699 467 860 515; x_wconf 88' lang='lat' dir='ltr'>pertinet</span> <span class='ocrx_word' id='word_1_45' title='bbox 887 479 1082 504; x_wconf 86' lang='lat' dir='ltr'>assumere</span> <span class='ocrx_word' id='word_1_46' title='bbox 1111 468 1192 504; x_wconf 91' lang='lat' dir='ltr'>vias</span> <span class='ocrx_word' id='word_1_47' title='bbox 1220 480 1297 504; x_wconf 92' lang='lat' dir='ltr'>non</span> <span class='ocrx_word' id='word_1_48' title='bbox 1315 480 1381 504; x_wconf 91' lang='lat' dir='ltr'>ve-</span> 
     </span>
     <span class='ocr_line' id='line_1_10' title="bbox 324 518 1380 568; baseline 0.001 -13"><span class='ocrx_word' id='word_1_49' title='bbox 324 531 397 566; x_wconf 90' lang='lat' dir='ltr'>ras,</span> <span class='ocrx_word' id='word_1_50' title='bbox 413 519 480 555; x_wconf 91' lang='lat' dir='ltr'>sed</span> <span class='ocrx_word' id='word_1_51' title='bbox 496 518 688 555; x_wconf 86' lang='lat' dir='ltr'>simulatas</span> <span class='ocrx_word' id='word_1_52' title='bbox 704 527 740 555; x_wconf 90' lang='lat' dir='ltr'>et</span> <span class='ocrx_word' id='word_1_53' title='bbox 755 527 994 567; x_wconf 83' lang='lat' dir='ltr'>apparentes,</span> <span class='ocrx_word' id='word_1_54' title='bbox 1015 520 1062 556; x_wconf 88' lang='lat' dir='ltr'>ad</span> <span class='ocrx_word' id='word_1_55' title='bbox 1078 520 1243 568; x_wconf 87' lang='lat' dir='ltr'>aliquem</span> <span class='ocrx_word' id='word_1_56' title='bbox 1262 520 1380 556; x_wconf 89' lang='lat' dir='ltr'>finem</span> 
     </span>
     <span class='ocr_line' id='line_1_11' title="bbox 323 571 1380 620; baseline 0.001 -13"><span class='ocrx_word' id='word_1_57' title='bbox 323 571 634 620; x_wconf 88' lang='lat' dir='ltr'>prosequendum</span> <span class='ocrx_word' id='word_1_58' title='bbox 652 572 714 608; x_wconf 92' lang='lat' dir='ltr'>vel</span> <span class='ocrx_word' id='word_1_59' title='bbox 733 572 879 608; x_wconf 91' lang='lat' dir='ltr'>bonum</span> <span class='ocrx_word' id='word_1_60' title='bbox 898 572 960 608; x_wconf 91' lang='lat' dir='ltr'>vel</span> <span class='ocrx_word' id='word_1_61' title='bbox 980 572 1135 608; x_wconf 90' lang='lat' dir='ltr'>malum.</span> <span class='ocrx_word' id='word_1_62' title='bbox 1161 572 1380 620; x_wconf 90' lang='lat' dir='ltr'>Assumptio</span> 
     </span>
     <span class='ocr_line' id='line_1_12' title="bbox 325 623 1381 672; baseline 0.001 -13"><span class='ocrx_word' id='word_1_63' title='bbox 325 630 453 660; x_wconf 88' lang='lat' dir='ltr'>autem</span> <span class='ocrx_word' id='word_1_64' title='bbox 467 623 603 660; x_wconf 88' lang='lat' dir='ltr'>harum</span> <span class='ocrx_word' id='word_1_65' title='bbox 621 623 770 660; x_wconf 83' lang='lat' dir='ltr'>viarum</span> <span class='ocrx_word' id='word_1_66' title='bbox 788 631 913 672; x_wconf 89' lang='lat' dir='ltr'>potest</span> <span class='ocrx_word' id='word_1_67' title='bbox 932 623 1127 672; x_wconf 87' lang='lat' dir='ltr'>dupliciter</span> <span class='ocrx_word' id='word_1_68' title='bbox 1142 624 1381 661; x_wconf 88' lang='lat' dir='ltr'>considerari.</span> 
     </span>
     <span class='ocr_line' id='line_1_13' title="bbox 325 675 1382 735; baseline 0 -23"><span class='ocrx_word' id='word_1_69' title='bbox 325 675 411 712; x_wconf 93' lang='lat' dir='ltr'>Uno</span> <span class='ocrx_word' id='word_1_70' title='bbox 441 675 596 723; x_wconf 90' lang='lat' dir='ltr'>quidem</span> <span class='ocrx_word' id='word_1_71' title='bbox 625 675 758 723; x_wconf 88' lang='lat' dir='ltr'>modo,</span> <span class='ocrx_word' id='word_1_72' title='bbox 778 675 815 712; x_wconf 91' lang='lat' dir='ltr'>in</span> <span class='ocrx_word' id='word_1_73' title='bbox 834 675 915 734; x_wconf 83' lang='lat' dir='ltr'>ipsa</span> <span class='ocrx_word' id='word_1_74' title='bbox 944 676 1215 735; x_wconf 86' lang='lat' dir='ltr'>excogitatione</span> <span class='ocrx_word' id='word_1_75' title='bbox 1233 676 1382 713; x_wconf 88' lang='lat' dir='ltr'>viarum</span> 
     </span>
     <span class='ocr_line' id='line_1_14' title="bbox 325 727 1383 787; baseline 0 -23"><span class='ocrx_word' id='word_1_76' title='bbox 325 727 566 764; x_wconf 89' lang='lat' dir='ltr'>huiusmodi:</span> <span class='ocrx_word' id='word_1_77' title='bbox 596 734 632 763; x_wconf 89' lang='lat' dir='ltr'>et</span> <span class='ocrx_word' id='word_1_78' title='bbox 658 727 733 764; x_wconf 91' lang='grc'><strong>1106</strong></span> <span class='ocrx_word' id='word_1_79' title='bbox 759 728 912 787; x_wconf 86' lang='lat' dir='ltr'>proprie</span> <span class='ocrx_word' id='word_1_80' title='bbox 940 728 1100 787; x_wconf 89' lang='lat' dir='ltr'>pertinet</span> <span class='ocrx_word' id='word_1_81' title='bbox 1127 729 1175 765; x_wconf 90' lang='lat' dir='ltr'>ad</span> <span class='ocrx_word' id='word_1_82' title='bbox 1195 728 1383 774; x_wconf 89' lang='lat' dir='ltr'>astutiam,</span> 
     </span>
     <span class='ocr_line' id='line_1_15' title="bbox 327 780 1384 827; baseline 0 -11"><span class='ocrx_word' id='word_1_83' title='bbox 327 780 422 816; x_wconf 90' lang='lat' dir='ltr'>sicut</span> <span class='ocrx_word' id='word_1_84' title='bbox 449 780 561 817; x_wconf 89' lang='lat' dir='ltr'>etiam</span> <span class='ocrx_word' id='word_1_85' title='bbox 583 780 803 827; x_wconf 86' lang='lat' dir='ltr'>excogitatio</span> <span class='ocrx_word' id='word_1_86' title='bbox 831 787 1018 817; x_wconf 90' lang='lat' dir='ltr'>rectarum</span> <span class='ocrx_word' id='word_1_87' title='bbox 1036 781 1186 818; x_wconf 85' lang='lat' dir='ltr'>viarum</span> <span class='ocrx_word' id='word_1_88' title='bbox 1214 781 1262 817; x_wconf 92' lang='lat' dir='ltr'>ad</span> <span class='ocrx_word' id='word_1_89' title='bbox 1282 780 1384 816; x_wconf 91' lang='lat' dir='ltr'>debi-</span> 
     </span>
     <span class='ocr_line' id='line_1_16' title="bbox 326 831 1384 880; baseline 0 -12"><span class='ocrx_word' id='word_1_90' title='bbox 326 839 407 868; x_wconf 83' lang='lat' dir='ltr'>tum</span> <span class='ocrx_word' id='word_1_91' title='bbox 443 831 563 868; x_wconf 89' lang='lat' dir='ltr'>finem</span> <span class='ocrx_word' id='word_1_92' title='bbox 599 831 762 880; x_wconf 88' lang='lat' dir='ltr'>pertinet</span> <span class='ocrx_word' id='word_1_93' title='bbox 788 831 837 868; x_wconf 91' lang='lat' dir='ltr'>ad</span> <span class='ocrx_word' id='word_1_94' title='bbox 865 832 1118 880; x_wconf 87' lang='lat' dir='ltr'>prudentiam.</span> <span class='ocrx_word' id='word_1_95' title='bbox 1152 833 1235 868; x_wconf 92' lang='lat' dir='ltr'>Alio</span> <span class='ocrx_word' id='word_1_96' title='bbox 1265 833 1384 870; x_wconf 88' lang='lat' dir='ltr'>modo</span> 
     </span>
     <span class='ocr_line' id='line_1_17' title="bbox 326 883 1385 932; baseline 0 -12"><span class='ocrx_word' id='word_1_97' title='bbox 326 891 451 932; x_wconf 93' lang='lat' dir='ltr'>potest</span> <span class='ocrx_word' id='word_1_98' title='bbox 480 883 710 921; x_wconf 90' lang='lat' dir='ltr'>considerari</span> <span class='ocrx_word' id='word_1_99' title='bbox 745 884 877 920; x_wconf 90' lang='lat' dir='ltr'>talium</span> <span class='ocrx_word' id='word_1_100' title='bbox 903 884 1054 921; x_wconf 87' lang='lat' dir='ltr'>viarum</span> <span class='ocrx_word' id='word_1_101' title='bbox 1090 884 1299 931; x_wconf 89' lang='lat' dir='ltr'>assumptio</span> <span class='ocrx_word' id='word_1_102' title='bbox 1329 897 1385 920; x_wconf 89' lang='lat' dir='ltr'>se-</span> 
     </span>
     <span class='ocr_line' id='line_1_18' title="bbox 329 936 1388 983; baseline 0 -11"><span class='ocrx_word' id='word_1_103' title='bbox 329 937 497 973; x_wconf 91' lang='lat' dir='ltr'>cundum</span> <span class='ocrx_word' id='word_1_104' title='bbox 533 936 796 973; x_wconf 85' lang='lat' dir='ltr'>executionem</span> <span class='ocrx_word' id='word_1_105' title='bbox 834 936 979 983; x_wconf 85' lang='lat' dir='ltr'>operis:</span> <span class='ocrx_word' id='word_1_106' title='bbox 1010 943 1046 972; x_wconf 90' lang='lat' dir='ltr'>et</span> <span class='ocrx_word' id='word_1_107' title='bbox 1073 936 1284 972; x_wconf 89' lang='lat' dir='ltr'>secundum</span> <span class='ocrx_word' id='word_1_108' title='bbox 1311 937 1388 972; x_wconf 87' lang='lat' dir='ltr'>hoc</span> 
     </span>
     <span class='ocr_line' id='line_1_19' title="bbox 328 987 1388 1036; baseline 0.001 -12"><span class='ocrx_word' id='word_1_109' title='bbox 328 987 490 1036; x_wconf 85' lang='lat' dir='ltr'>pertinet</span> <span class='ocrx_word' id='word_1_110' title='bbox 516 988 566 1026; x_wconf 91' lang='lat' dir='ltr'>ad</span> <span class='ocrx_word' id='word_1_111' title='bbox 585 988 728 1024; x_wconf 91' lang='lat' dir='ltr'>dolum.</span> <span class='ocrx_word' id='word_1_112' title='bbox 759 988 808 1024; x_wconf 91' lang='lat' dir='ltr'>Et</span> <span class='ocrx_word' id='word_1_113' title='bbox 834 987 922 1024; x_wconf 90' lang='lat' dir='ltr'>ideo</span> <span class='ocrx_word' id='word_1_114' title='bbox 943 987 1054 1024; x_wconf 90' lang='lat' dir='ltr'>dolus</span> <span class='ocrx_word' id='word_1_115' title='bbox 1072 988 1250 1036; x_wconf 86' lang='lat' dir='ltr'>importat</span> <span class='ocrx_word' id='word_1_116' title='bbox 1270 1000 1388 1036; x_wconf 93' lang='lat' dir='ltr'>quan-</span> 
     </span>
     <span class='ocr_line' id='line_1_20' title="bbox 331 1039 1388 1077; baseline 0.001 -1"><span class='ocrx_word' id='word_1_117' title='bbox 331 1040 419 1076; x_wconf 90' lang='lat' dir='ltr'>dam</span> <span class='ocrx_word' id='word_1_118' title='bbox 446 1040 708 1076; x_wconf 86' lang='lat' dir='ltr'>executionem</span> <span class='ocrx_word' id='word_1_119' title='bbox 737 1039 906 1076; x_wconf 88' lang='lat' dir='ltr'>astutiae.</span> <span class='ocrx_word' id='word_1_120' title='bbox 937 1040 985 1076; x_wconf 91' lang='lat' dir='ltr'>Et</span> <span class='ocrx_word' id='word_1_121' title='bbox 1004 1040 1217 1077; x_wconf 90' lang='lat' dir='ltr'>secundum</span> <span class='ocrx_word' id='word_1_122' title='bbox 1245 1041 1320 1076; x_wconf 93' lang='lat' dir='ltr'>hoc</span> <span class='ocrx_word' id='word_1_123' title='bbox 1339 1041 1388 1077; x_wconf 89' lang='lat' dir='ltr'>ad</span> 
     </span>
     <span class='ocr_line' id='line_1_21' title="bbox 329 1092 704 1140; baseline 0 -12"><span class='ocrx_word' id='word_1_124' title='bbox 329 1092 505 1129; x_wconf 89' lang='lat' dir='ltr'>astutiam</span> <span class='ocrx_word' id='word_1_125' title='bbox 532 1092 704 1140; x_wconf 88' lang='lat' dir='ltr'>pertinet.</span> 
     </span>
    </p>

    <p class='ocr_par' dir='ltr' id='par_1_7' title="bbox 328 1144 1389 1298">
     <span class='ocr_line' id='line_1_22' title="bbox 381 1144 1389 1192; baseline 0.001 -12"><span class='ocrx_word' id='word_1_126' title='bbox 381 1144 441 1180; x_wconf 85' lang='lat' dir='ltr'>An</span> <span class='ocrx_word' id='word_1_127' title='bbox 469 1154 606 1182; x_wconf 70' lang='lat' dir='ltr'>PRimuM</span> <span class='ocrx_word' id='word_1_128' title='bbox 633 1155 731 1181; x_wconf 83' lang='lat' dir='ltr'>ERGO</span> <span class='ocrx_word' id='word_1_129' title='bbox 758 1156 942 1181; x_wconf 75' lang='lat' dir='ltr'>DiCENDuM</span> <span class='ocrx_word' id='word_1_130' title='bbox 978 1144 1084 1192; x_wconf 90' lang='lat' dir='ltr'>quod</span> <span class='ocrx_word' id='word_1_131' title='bbox 1121 1145 1218 1181; x_wconf 90' lang='lat' dir='ltr'>sicut</span> <span class='ocrx_word' id='word_1_132' title='bbox 1254 1145 1389 1181; x_wconf 87' lang='lat' dir='ltr'>astutia</span> 
     </span>
     <span class='ocr_line' id='line_1_23' title="bbox 328 1195 1388 1246; baseline 0.001 -14"><span class='ocrx_word' id='word_1_133' title='bbox 328 1195 483 1245; x_wconf 89' lang='lat' dir='ltr'>proprie</span> <span class='ocrx_word' id='word_1_134' title='bbox 503 1197 682 1246; x_wconf 87' lang='lat' dir='ltr'>accipitur</span> <span class='ocrx_word' id='word_1_135' title='bbox 699 1196 738 1234; x_wconf 93' lang='lat' dir='ltr'>in</span> <span class='ocrx_word' id='word_1_136' title='bbox 753 1197 867 1244; x_wconf 88' lang='lat' dir='ltr'>malo,</span> <span class='ocrx_word' id='word_1_137' title='bbox 884 1197 1040 1234; x_wconf 88' lang='lat' dir='ltr'>abusive</span> <span class='ocrx_word' id='word_1_138' title='bbox 1060 1204 1186 1234; x_wconf 91' lang='lat' dir='ltr'>autem</span> <span class='ocrx_word' id='word_1_139' title='bbox 1205 1197 1243 1233; x_wconf 94' lang='lat' dir='ltr'>in</span> <span class='ocrx_word' id='word_1_140' title='bbox 1263 1197 1388 1242; x_wconf 92' lang='lat' dir='ltr'>bono;</span> 
     </span>
     <span class='ocr_line' id='line_1_24' title="bbox 330 1248 1309 1298; baseline 0 -13"><span class='ocrx_word' id='word_1_141' title='bbox 330 1248 381 1286; x_wconf 90' lang='lat' dir='ltr'>ita</span> <span class='ocrx_word' id='word_1_142' title='bbox 409 1249 523 1286; x_wconf 83' lang='lat' dir='ltr'>etiam</span> <span class='ocrx_word' id='word_1_143' title='bbox 551 1256 588 1287; x_wconf 88' lang='lat' dir='ltr'>et</span> <span class='ocrx_word' id='word_1_144' title='bbox 604 1249 737 1295; x_wconf 88' lang='lat' dir='ltr'>dolus,</span> <span class='ocrx_word' id='word_1_145' title='bbox 767 1249 831 1298; x_wconf 91' lang='lat' dir='ltr'>qui</span> <span class='ocrx_word' id='word_1_146' title='bbox 859 1257 915 1286; x_wconf 91' lang='lat' dir='ltr'>est</span> <span class='ocrx_word' id='word_1_147' title='bbox 942 1249 1098 1286; x_wconf 89' lang='lat' dir='ltr'>astutiae</span> <span class='ocrx_word' id='word_1_148' title='bbox 1128 1249 1309 1286; x_wconf 89' lang='lat' dir='ltr'>executio.</span> 
     </span>
    </p>

    <p class='ocr_par' dir='ltr' id='par_1_8' title="bbox 382 1301 1389 1351">
     <span class='ocr_line' id='line_1_25' title="bbox 382 1301 1389 1351; baseline 0 -13"><span class='ocrx_word' id='word_1_149' title='bbox 382 1301 661 1339; x_wconf 43' lang='grc' dir='ltr'><strong>1105εοὺῦὺοΜ</strong></span> <span class='ocrx_word' id='word_1_150' title='bbox 693 1313 877 1339; x_wconf 54' lang='lat' dir='ltr'>montinum</span> <span class='ocrx_word' id='word_1_151' title='bbox 900 1302 1004 1351; x_wconf 92' lang='lat' dir='ltr'>quod</span> <span class='ocrx_word' id='word_1_152' title='bbox 1033 1301 1204 1338; x_wconf 89' lang='lat' dir='ltr'>executio</span> <span class='ocrx_word' id='word_1_153' title='bbox 1234 1301 1389 1338; x_wconf 86' lang='lat' dir='ltr'>astutiae</span> 
     </span>
    </p>
   </div>
   <div class='ocr_carea' id='block_1_6' title="bbox 385 1413 1337 1446">
    <p class='ocr_par' dir='ltr' id='par_1_9' title="bbox 385 1413 1337 1446">
     <span class='ocr_line' id='line_1_26' title="bbox 385 1413 1337 1446; baseline -0.002 -7"><span class='ocrx_word' id='word_1_154' title='bbox 385 1414 412 1446; x_wconf 78' lang='grc' dir='ltr'>α)</span> <span class='ocrx_word' id='word_1_155' title='bbox 430 1416 635 1446; x_wconf 75' lang='lat' dir='ltr'>consequantur.</span> <span class='ocrx_word' id='word_1_156' title='bbox 652 1427 671 1432; x_wconf 97' lang='lat'>-</span> <span class='ocrx_word' id='word_1_157' title='bbox 686 1416 884 1446; x_wconf 78' lang='lat' dir='ltr'>consequuntur</span> <span class='ocrx_word' id='word_1_158' title='bbox 900 1413 1090 1438; x_wconf 84' lang='lat' dir='ltr'>ABCDFGlKa</span> <span class='ocrx_word' id='word_1_159' title='bbox 1111 1419 1136 1438; x_wconf 87' lang='lat' dir='ltr'>et</span> <span class='ocrx_word' id='word_1_160' title='bbox 1153 1421 1171 1438; x_wconf 81' lang='lat' dir='ltr'>R</span> <span class='ocrx_word' id='word_1_161' title='bbox 1190 1421 1269 1446; x_wconf 82' lang='lat' dir='ltr'>super</span> <span class='ocrx_word' id='word_1_162' title='bbox 1286 1421 1337 1438; x_wconf 78' lang='lat' dir='ltr'>ras.</span> 
     </span>
    </p>
   </div>
   <div class='ocr_carea' id='block_1_7' title="bbox 1404 266 1419 1351">
    <p class='ocr_par' dir='ltr' id='par_1_10' title="bbox 1404 266 1419 1351">
     <span class='ocr_line' id='line_1_27' title="bbox 1404 266 1419 1351; baseline 0 0"><span class='ocrx_word' id='word_1_163' title='bbox 1404 266 1419 1351; x_wconf 95' lang='lat' dir='ltr'> </span> 
     </span>
    </p>
   </div>
   <div class='ocr_carea' id='block_1_8' title="bbox 2405 199 2478 234">
    <p class='ocr_par' dir='ltr' id='par_1_11' title="bbox 2405 199 2478 234">
     <span class='ocr_line' id='line_1_28' title="bbox 2405 199 2478 234; baseline 0 -10"><span class='ocrx_word' id='word_1_164' title='bbox 2405 199 2478 234; x_wconf 88' lang='lat'>401</span> 
     </span>
    </p>
   </div>
   <div class='ocr_carea' id='block_1_9' title="bbox 1431 261 2486 426">
    <p class='ocr_par' dir='ltr' id='par_1_12' title="bbox 1431 261 2486 418">
     <span class='ocr_line' id='line_1_29' title="bbox 1432 261 2486 325; baseline 0.007 -29"><span class='ocrx_word' id='word_1_165' title='bbox 1432 261 1479 297; x_wconf 90' lang='lat' dir='ltr'>ad</span> <span class='ocrx_word' id='word_1_166' title='bbox 1499 261 1763 309; x_wconf 92' lang='lat' dir='ltr'>decipiendum</span> <span class='ocrx_word' id='word_1_167' title='bbox 1790 262 1914 310; x_wconf 91' lang='lat' dir='ltr'>primo</span> <span class='ocrx_word' id='word_1_168' title='bbox 1935 262 2089 311; x_wconf 89' lang='lat' dir='ltr'>quidem</span> <span class='ocrx_word' id='word_1_169' title='bbox 2115 272 2150 300; x_wconf 92' lang='lat' dir='ltr'>et</span> <span class='ocrx_word' id='word_1_170' title='bbox 2176 265 2426 325; x_wconf 80' lang='lat' dir='ltr'>principaliter</span> <span class='ocrx_word' id='word_1_171' title='bbox 2443 268 2486 303; x_wconf 88' lang='lat' dir='ltr'>fit</span> 
     </span>
     <span class='ocr_line' id='line_1_30' title="bbox 1431 314 2486 363; baseline 0.007 -15"><span class='ocrx_word' id='word_1_172' title='bbox 1431 325 1500 361; x_wconf 87' lang='lat' dir='ltr'>per</span> <span class='ocrx_word' id='word_1_173' title='bbox 1525 314 1657 360; x_wconf 82' lang='lat' dir='ltr'>verba,</span> <span class='ocrx_word' id='word_1_174' title='bbox 1687 326 1783 361; x_wconf 92' lang='lat' dir='ltr'>quae</span> <span class='ocrx_word' id='word_1_175' title='bbox 1811 315 2058 363; x_wconf 92' lang='lat' dir='ltr'>praecipuum</span> <span class='ocrx_word' id='word_1_176' title='bbox 2085 316 2212 353; x_wconf 91' lang='lat' dir='ltr'>locum</span> <span class='ocrx_word' id='word_1_177' title='bbox 2237 325 2364 354; x_wconf 90' lang='lat' dir='ltr'>tenent</span> <span class='ocrx_word' id='word_1_178' title='bbox 2391 319 2486 355; x_wconf 92' lang='lat' dir='ltr'>inter</span> 
     </span>
     <span class='ocr_line' id='line_1_31' title="bbox 1432 365 2486 426; baseline 0.007 -26"><span class='ocrx_word' id='word_1_179' title='bbox 1432 365 1537 412; x_wconf 85' lang='lat' dir='ltr'>signa</span> <span class='ocrx_word' id='word_1_180' title='bbox 1573 366 1710 414; x_wconf 90' lang='lat' dir='ltr'>quibus</span> <span class='ocrx_word' id='word_1_181' title='bbox 1747 367 1866 403; x_wconf 92' lang='lat' dir='ltr'>homo</span> <span class='ocrx_word' id='word_1_182' title='bbox 1905 368 2088 426; x_wconf 85' lang='lat' dir='ltr'>significat</span> <span class='ocrx_word' id='word_1_183' title='bbox 2125 369 2263 418; x_wconf 92' lang='lat' dir='ltr'>aliquid</span> <span class='ocrx_word' id='word_1_184' title='bbox 2293 370 2416 416; x_wconf 82' lang='lat' dir='ltr'>alteri,</span> <span class='ocrx_word' id='word_1_185' title='bbox 2445 378 2486 407; x_wconf 92' lang='lat' dir='ltr'>ut</span> 
     </span>
    </p>
   </div>
   <div class='ocr_carea' id='block_1_10' title="bbox 1434 469 2488 568">
    <p class='ocr_par' dir='ltr' id='par_1_13' title="bbox 1434 469 2488 568">
     <span class='ocr_line' id='line_1_32' title="bbox 1434 469 2488 511; baseline 0.006 -6"><span class='ocrx_word' id='word_1_186' title='bbox 1434 470 1482 505; x_wconf 93' lang='lat' dir='ltr'>Et</span> <span class='ocrx_word' id='word_1_187' title='bbox 1501 469 1586 506; x_wconf 92' lang='lat' dir='ltr'>ideo</span> <span class='ocrx_word' id='word_1_188' title='bbox 1618 470 1726 506; x_wconf 92' lang='lat' dir='ltr'>dolus</span> <span class='ocrx_word' id='word_1_189' title='bbox 1746 471 1910 507; x_wconf 88' lang='lat' dir='ltr'>maxime</span> <span class='ocrx_word' id='word_1_190' title='bbox 1939 472 2148 509; x_wconf 87' lang='lat' dir='ltr'>attribuitur</span> <span class='ocrx_word' id='word_1_191' title='bbox 2165 474 2357 510; x_wconf 89' lang='lat' dir='ltr'>locutioni.</span> <span class='ocrx_word' id='word_1_192' title='bbox 2389 475 2488 511; x_wconf 91' lang='lat' dir='ltr'>Con-</span> 
     </span>
     <span class='ocr_line' id='line_1_33' title="bbox 1434 521 2488 568; baseline 0.006 -11"><span class='ocrx_word' id='word_1_193' title='bbox 1434 521 1539 568; x_wconf 86' lang='lat' dir='ltr'>tingit</span> <span class='ocrx_word' id='word_1_194' title='bbox 1565 529 1694 558; x_wconf 90' lang='lat' dir='ltr'>tamen</span> <span class='ocrx_word' id='word_1_195' title='bbox 1723 534 1805 559; x_wconf 92' lang='lat' dir='ltr'>esse</span> <span class='ocrx_word' id='word_1_196' title='bbox 1834 523 1964 560; x_wconf 93' lang='lat' dir='ltr'>dolum</span> <span class='ocrx_word' id='word_1_197' title='bbox 1993 532 2028 560; x_wconf 90' lang='lat' dir='ltr'>et</span> <span class='ocrx_word' id='word_1_198' title='bbox 2056 525 2093 560; x_wconf 94' lang='lat' dir='ltr'>in</span> <span class='ocrx_word' id='word_1_199' title='bbox 2122 526 2246 562; x_wconf 88' lang='lat' dir='ltr'>factis:</span> <span class='ocrx_word' id='word_1_200' title='bbox 2277 527 2488 563; x_wconf 91' lang='lat' dir='ltr'>secundum</span> 
     </span>
    </p>
   </div>
   <div class='ocr_carea' id='block_1_11' title="bbox 1436 626 2490 668">
    <p class='ocr_par' dir='ltr' id='par_1_14' title="bbox 1436 626 2490 668">
     <span class='ocr_line' id='line_1_34' title="bbox 1436 626 2490 668; baseline 0.007 -7"><span class='ocrx_word' id='word_1_201' title='bbox 1436 626 1504 662; x_wconf 89' lang='lat' dir='ltr'>Est</span> <span class='ocrx_word' id='word_1_202' title='bbox 1541 626 1653 662; x_wconf 90' lang='lat' dir='ltr'>etiam</span> <span class='ocrx_word' id='word_1_203' title='bbox 1689 634 1725 663; x_wconf 92' lang='lat' dir='ltr'>et</span> <span class='ocrx_word' id='word_1_204' title='bbox 1759 627 1868 663; x_wconf 92' lang='lat' dir='ltr'>dolus</span> <span class='ocrx_word' id='word_1_205' title='bbox 1906 627 1943 664; x_wconf 93' lang='lat' dir='ltr'>in</span> <span class='ocrx_word' id='word_1_206' title='bbox 1981 629 2115 666; x_wconf 90' lang='lat' dir='ltr'>corde:</span> <span class='ocrx_word' id='word_1_207' title='bbox 2154 631 2362 668; x_wconf 89' lang='lat' dir='ltr'>secundum</span> <span class='ocrx_word' id='word_1_208' title='bbox 2398 630 2490 668; x_wconf 91' lang='lat' dir='ltr'>illud</span> 
     </span>
    </p>
   </div>
   <div class='ocr_carea' id='block_1_12' title="bbox 1405 419 2652 466">
    <p class='ocr_par' dir='ltr' id='par_1_15' title="bbox 1405 419 2652 466">
     <span class='ocr_line' id='line_1_35' title="bbox 1405 419 2652 466; baseline 0.006 -14"><span class='ocrx_word' id='word_1_209' title='bbox 1405 445 1408 452; x_wconf 87' lang='lat'>.</span> <span class='ocrx_word' id='word_1_210' title='bbox 1432 424 1534 465; x_wconf 90' lang='lat' dir='ltr'>patet</span> <span class='ocrx_word' id='word_1_211' title='bbox 1561 429 1628 465; x_wconf 91' lang='lat' dir='ltr'>per</span> <span class='ocrx_word' id='word_1_212' title='bbox 1655 419 1948 466; x_wconf 85' lang='lat' dir='ltr'>Augustinum,</span> <span class='ocrx_word' id='word_1_213' title='bbox 1941 432 1978 456; x_wconf 81' lang='lat' dir='ltr'>in</span> <span class='ocrx_word' id='word_1_214' title='bbox 2006 420 2100 456; x_wconf 90' lang='lat' dir='ltr'>libro</span> <span class='ocrx_word' id='word_1_215' title='bbox 2120 422 2165 458; x_wconf 87' lang='lat' dir='ltr'>de</span> <span class='ocrx_word' id='word_1_216' title='bbox 2183 423 2290 458; x_wconf 88' lang='lat' dir='ltr'>Doct.</span> <span class='ocrx_word' id='word_1_217' title='bbox 2316 423 2447 458; x_wconf 84' lang='lat' dir='ltr'>Christ.</span> <span class='ocrx_word' id='word_1_218' title='bbox 2467 423 2487 444; x_wconf 68' lang='lat'>&#39;³‘</span> <span class='ocrx_word' id='word_1_219' title='bbox 2513 435 2522 444; x_wconf 88' lang='lat'><strong>·</strong></span> <span class='ocrx_word' id='word_1_220' title='bbox 2540 434 2580 455; x_wconf 56' lang='lat' dir='ltr'>‹i-</span> <span class='ocrx_word' id='word_1_221' title='bbox 2611 440 2652 459; x_wconf 78' lang='lat' dir='ltr'>‚ca</span> 
     </span>
    </p>
   </div>
   <div class='ocr_carea' id='block_1_13' title="bbox 1407 573 2700 624">
    <p class='ocr_par' dir='ltr' id='par_1_16' title="bbox 1407 573 2700 624">
     <span class='ocr_line' id='line_1_36' title="bbox 1407 573 2700 624; baseline 0.005 -15"><span class='ocrx_word' id='word_1_222' title='bbox 1407 598 1409 613; x_wconf 60' lang='grc'>,</span> <span class='ocrx_word' id='word_1_223' title='bbox 1435 573 1525 610; x_wconf 90' lang='lat' dir='ltr'>illud</span> <span class='ocrx_word' id='word_1_224' title='bbox 1553 575 1692 610; x_wconf 90' lang='lat' dir='ltr'>Psalm.</span> <span class='ocrx_word' id='word_1_225' title='bbox 1712 574 1748 610; x_wconf 76' lang='grc' dir='ltr'>*ε</span> <span class='ocrx_word' id='word_1_226' title='bbox 1775 576 1826 611; x_wconf 90' lang='lat' dir='ltr'>Et</span> <span class='ocrx_word' id='word_1_227' title='bbox 1851 576 1976 612; x_wconf 89' lang='lat' dir='ltr'>dolum</span> <span class='ocrx_word' id='word_1_228' title='bbox 1993 578 2171 624; x_wconf 86' lang='lat' dir='ltr'>facerent</span> <span class='ocrx_word' id='word_1_229' title='bbox 2198 579 2234 614; x_wconf 90' lang='lat' dir='ltr'>in</span> <span class='ocrx_word' id='word_1_230' title='bbox 2253 590 2380 615; x_wconf 80' lang='lat' dir='ltr'>servos</span> <span class='ocrx_word' id='word_1_231' title='bbox 2399 579 2487 615; x_wconf 83' lang='lat' dir='ltr'>eius.</span> <span class='ocrx_word' id='word_1_232' title='bbox 2516 590 2524 598; x_wconf 87' lang='grc'><em>·</em></span> <span class='ocrx_word' id='word_1_233' title='bbox 2548 595 2557 609; x_wconf 86' lang='lat' dir='ltr'>s</span> <span class='ocrx_word' id='word_1_234' title='bbox 2574 594 2610 610; x_wconf 71' lang='lat' dir='ltr'>cxv</span> <span class='ocrx_word' id='word_1_235' title='bbox 2640 595 2674 610; x_wconf 78' lang='lat' dir='ltr'>ers</span> <span class='ocrx_word' id='word_1_236' title='bbox 2690 595 2700 610; x_wconf 81' lang='lat'>2</span> 
     </span>
    </p>
   </div>
   <div class='ocr_carea' id='block_1_14' title="bbox 1435 677 2632 728">
    <p class='ocr_par' dir='ltr' id='par_1_17' title="bbox 1435 677 2632 728">
     <span class='ocr_line' id='line_1_37' title="bbox 1435 677 2632 728; baseline 0.007 -15"><span class='ocrx_word' id='word_1_237' title='bbox 1435 677 1549 714; x_wconf 89' lang='lat' dir='ltr'>Eccli.</span> <span class='ocrx_word' id='word_1_238' title='bbox 1578 690 1638 714; x_wconf 81' lang='lat' dir='ltr'>xlx</span> <span class='ocrx_word' id='word_1_239' title='bbox 1655 678 1686 714; x_wconf 82' lang='lat'>*.</span> <span class='ocrx_word' id='word_1_240' title='bbox 1714 680 1901 716; x_wconf 87' lang='lat' dir='ltr'>Interiora</span> <span class='ocrx_word' id='word_1_241' title='bbox 1930 680 2008 716; x_wconf 81' lang='lat' dir='ltr'>eius</span> <span class='ocrx_word' id='word_1_242' title='bbox 2028 682 2143 728; x_wconf 85' lang='lat' dir='ltr'>plena</span> <span class='ocrx_word' id='word_1_243' title='bbox 2170 689 2255 719; x_wconf 85' lang='lat' dir='ltr'>sunt</span> <span class='ocrx_word' id='word_1_244' title='bbox 2281 683 2377 720; x_wconf 88' lang='lat' dir='ltr'>dolo.</span> <span class='ocrx_word' id='word_1_245' title='bbox 2413 683 2490 720; x_wconf 90' lang='lat' dir='ltr'>Sed</span> <span class='ocrx_word' id='word_1_246' title='bbox 2516 692 2525 701; x_wconf 88' lang='lat'><strong>·</strong></span> <span class='ocrx_word' id='word_1_247' title='bbox 2576 697 2598 712; x_wconf 76' lang='lat' dir='ltr'>rs</span> <span class='ocrx_word' id='word_1_248' title='bbox 2622 698 2632 712; x_wconf 82' lang='lat'><strong>2</strong></span> 
     </span>
    </p>
   </div>
   <div class='ocr_carea' id='block_1_15' title="bbox 1436 730 2488 783">
    <p class='ocr_par' dir='ltr' id='par_1_18' title="bbox 1436 730 2488 783">
     <span class='ocr_line' id='line_1_38' title="bbox 1436 730 2488 783; baseline 0.007 -18"><span class='ocrx_word' id='word_1_249' title='bbox 1436 730 1511 766; x_wconf 88' lang='lat' dir='ltr'>hoc</span> <span class='ocrx_word' id='word_1_250' title='bbox 1545 737 1600 766; x_wconf 92' lang='lat' dir='ltr'>est</span> <span class='ocrx_word' id='word_1_251' title='bbox 1627 731 1838 768; x_wconf 90' lang='lat' dir='ltr'>secundum</span> <span class='ocrx_word' id='word_1_252' title='bbox 1867 732 1972 778; x_wconf 92' lang='lat' dir='ltr'>quod</span> <span class='ocrx_word' id='word_1_253' title='bbox 2000 733 2132 781; x_wconf 90' lang='lat' dir='ltr'>aliquis</span> <span class='ocrx_word' id='word_1_254' title='bbox 2162 734 2270 771; x_wconf 91' lang='lat' dir='ltr'>dolos</span> <span class='ocrx_word' id='word_1_255' title='bbox 2289 735 2488 783; x_wconf 84' lang='lat' dir='ltr'>excogitat:</span> 
     </span>
    </p>
   </div>
   <div class='ocr_carea' id='block_1_16' title="bbox 1439 782 2556 824">
    <p class='ocr_par' dir='ltr' id='par_1_19' title="bbox 1439 782 2556 824">
     <span class='ocr_line' id='line_1_39' title="bbox 1439 782 2556 824; baseline 0.007 -7"><span class='ocrx_word' id='word_1_256' title='bbox 1439 782 1649 818; x_wconf 89' lang='lat' dir='ltr'>secundum</span> <span class='ocrx_word' id='word_1_257' title='bbox 1681 783 1770 820; x_wconf 89' lang='lat' dir='ltr'>illud</span> <span class='ocrx_word' id='word_1_258' title='bbox 1799 784 1938 820; x_wconf 89' lang='lat' dir='ltr'>Psalm.</span> <span class='ocrx_word' id='word_1_259' title='bbox 1959 784 1994 820; x_wconf 83' lang='lat'>*.</span> <span class='ocrx_word' id='word_1_260' title='bbox 2040 786 2159 822; x_wconf 83' lang='lat' dir='ltr'>Dolos</span> <span class='ocrx_word' id='word_1_261' title='bbox 2186 792 2260 823; x_wconf 89' lang='lat' dir='ltr'>tota</span> <span class='ocrx_word' id='word_1_262' title='bbox 2288 788 2347 824; x_wconf 87' lang='lat' dir='ltr'>die</span> <span class='ocrx_word' id='word_1_263' title='bbox 2378 787 2491 824; x_wconf 89' lang='lat' dir='ltr'>medi·</span> <span class='ocrx_word' id='word_1_264' title='bbox 2517 791 2556 810; x_wconf 80' lang='lat'>&#39;⁵</span> 
     </span>
    </p>
   </div>
   <div class='ocr_carea' id='block_1_17' title="bbox 1438 835 1625 870">
    <p class='ocr_par' dir='ltr' id='par_1_20' title="bbox 1438 835 1625 870">
     <span class='ocr_line' id='line_1_40' title="bbox 1438 835 1625 870; baseline -0.006 0"><span class='ocrx_word' id='word_1_265' title='bbox 1438 835 1625 870; x_wconf 86' lang='lat' dir='ltr'>tahantur.</span> 
     </span>
    </p>
   </div>
   <div class='ocr_carea' id='block_1_18' title="bbox 1439 887 2494 1250">
    <p class='ocr_par' dir='ltr' id='par_1_21' title="bbox 1439 887 2494 1250">
     <span class='ocr_line' id='line_1_41' title="bbox 1491 887 2491 938; baseline 0.007 -17"><span class='ocrx_word' id='word_1_266' title='bbox 1491 887 1549 921; x_wconf 83' lang='lat' dir='ltr'>Ao</span> <span class='ocrx_word' id='word_1_267' title='bbox 1581 897 1740 922; x_wconf 79' lang='lat' dir='ltr'>TERTIUM</span> <span class='ocrx_word' id='word_1_268' title='bbox 1767 898 1950 924; x_wconf 62' lang='grc' dir='ltr'><strong>01611ΝοοΜ</strong></span> <span class='ocrx_word' id='word_1_269' title='bbox 1988 889 2093 935; x_wconf 88' lang='lat' dir='ltr'>quod</span> <span class='ocrx_word' id='word_1_270' title='bbox 2130 890 2363 938; x_wconf 91' lang='lat' dir='ltr'>quicumque</span> <span class='ocrx_word' id='word_1_271' title='bbox 2393 891 2491 938; x_wconf 89' lang='lat' dir='ltr'>cogi-</span> 
     </span>
     <span class='ocr_line' id='line_1_42' title="bbox 1439 937 2492 995; baseline 0.009 -24"><span class='ocrx_word' id='word_1_272' title='bbox 1439 944 1518 972; x_wconf 88' lang='lat' dir='ltr'>tant</span> <span class='ocrx_word' id='word_1_273' title='bbox 1554 937 1707 995; x_wconf 80' lang='lat' dir='ltr'>aliquod</span> <span class='ocrx_word' id='word_1_274' title='bbox 1744 939 1889 975; x_wconf 89' lang='lat' dir='ltr'>malurn</span> <span class='ocrx_word' id='word_1_275' title='bbox 1923 939 2066 987; x_wconf 82' lang='lat' dir='ltr'>facere,</span> <span class='ocrx_word' id='word_1_276' title='bbox 2105 953 2259 978; x_wconf 91' lang='lat' dir='ltr'>necesse</span> <span class='ocrx_word' id='word_1_277' title='bbox 2297 951 2352 979; x_wconf 92' lang='lat' dir='ltr'>est</span> <span class='ocrx_word' id='word_1_278' title='bbox 2387 944 2492 990; x_wconf 93' lang='lat' dir='ltr'>quod</span> 
     </span>
     <span class='ocr_line' id='line_1_43' title="bbox 1440 988 2492 1043; baseline 0.009 -20"><span class='ocrx_word' id='word_1_279' title='bbox 1440 988 1651 1036; x_wconf 89' lang='lat' dir='ltr'>excogitent</span> <span class='ocrx_word' id='word_1_280' title='bbox 1678 989 1821 1037; x_wconf 87' lang='lat' dir='ltr'>aliquas</span> <span class='ocrx_word' id='word_1_281' title='bbox 1848 991 1930 1027; x_wconf 87' lang='lat' dir='ltr'>vias</span> <span class='ocrx_word' id='word_1_282' title='bbox 1957 992 2005 1028; x_wconf 92' lang='lat' dir='ltr'>ad</span> <span class='ocrx_word' id='word_1_283' title='bbox 2033 993 2106 1029; x_wconf 88' lang='grc'><strong>1106</strong></span> <span class='ocrx_word' id='word_1_284' title='bbox 2135 994 2239 1041; x_wconf 91' lang='lat' dir='ltr'>quod</span> <span class='ocrx_word' id='word_1_285' title='bbox 2267 1007 2378 1031; x_wconf 92' lang='lat' dir='ltr'>suum</span> <span class='ocrx_word' id='word_1_286' title='bbox 2406 1008 2492 1043; x_wconf 91' lang='lat' dir='ltr'>pro-</span> 
     </span>
     <span class='ocr_line' id='line_1_44' title="bbox 1440 1040 2493 1103; baseline 0.009 -28"><span class='ocrx_word' id='word_1_287' title='bbox 1440 1040 1607 1089; x_wconf 87' lang='lat' dir='ltr'>positum</span> <span class='ocrx_word' id='word_1_288' title='bbox 1627 1040 1827 1088; x_wconf 86' lang='lat' dir='ltr'>impleant.</span> <span class='ocrx_word' id='word_1_289' title='bbox 1848 1049 1884 1078; x_wconf 87' lang='lat' dir='ltr'>et</span> <span class='ocrx_word' id='word_1_290' title='bbox 1902 1051 1943 1078; x_wconf 92' lang='lat' dir='ltr'>ut</span> <span class='ocrx_word' id='word_1_291' title='bbox 1961 1044 2164 1103; x_wconf 81' lang='lat' dir='ltr'>plurimum</span> <span class='ocrx_word' id='word_1_292' title='bbox 2185 1047 2393 1093; x_wconf 89' lang='lat' dir='ltr'>excogitant</span> <span class='ocrx_word' id='word_1_293' title='bbox 2411 1047 2493 1084; x_wconf 91' lang='lat' dir='ltr'>vias</span> 
     </span>
     <span class='ocr_line' id='line_1_45' title="bbox 1442 1093 2493 1147; baseline 0.007 -18"><span class='ocrx_word' id='word_1_294' title='bbox 1442 1093 1614 1139; x_wconf 87' lang='lat' dir='ltr'>dolosas,</span> <span class='ocrx_word' id='word_1_295' title='bbox 1643 1093 1779 1141; x_wconf 92' lang='lat' dir='ltr'>quibus</span> <span class='ocrx_word' id='word_1_296' title='bbox 1814 1094 1957 1130; x_wconf 88' lang='lat' dir='ltr'>facilius</span> <span class='ocrx_word' id='word_1_297' title='bbox 1984 1097 2220 1144; x_wconf 90' lang='lat' dir='ltr'>propositum</span> <span class='ocrx_word' id='word_1_298' title='bbox 2260 1111 2493 1147; x_wconf 91' lang='lat' dir='ltr'>consequan-</span> 
     </span>
     <span class='ocr_line' id='line_1_46' title="bbox 1441 1122 2493 1199; baseline 0.007 -18"><span class='ocrx_word' id='word_1_299' title='bbox 1441 1153 1501 1182; x_wconf 90' lang='lat' dir='ltr'>tur</span> <span class='ocrx_word' id='word_1_300' title='bbox 1515 1150 1544 1181; x_wconf 73' lang='lat'>“.</span> <span class='ocrx_word' id='word_1_301' title='bbox 1570 1122 1756 1191; x_wconf 67' lang='lat' dir='ltr'>Q⁷uamvis</span> <span class='ocrx_word' id='word_1_302' title='bbox 1776 1147 1964 1194; x_wconf 91' lang='lat' dir='ltr'>contingat</span> <span class='ocrx_word' id='word_1_303' title='bbox 1982 1149 2212 1197; x_wconf 90' lang='lat' dir='ltr'>quandoque</span> <span class='ocrx_word' id='word_1_304' title='bbox 2228 1151 2331 1197; x_wconf 91' lang='lat' dir='ltr'>quod</span> <span class='ocrx_word' id='word_1_305' title='bbox 2350 1152 2493 1199; x_wconf 91' lang='lat' dir='ltr'>absque</span> 
     </span>
     <span class='ocr_line' id='line_1_47' title="bbox 1442 1197 2494 1250; baseline 0.007 -17"><span class='ocrx_word' id='word_1_306' title='bbox 1442 1197 1576 1234; x_wconf 87' lang='lat' dir='ltr'>astutia</span> <span class='ocrx_word' id='word_1_307' title='bbox 1614 1205 1649 1234; x_wconf 91' lang='lat' dir='ltr'>et</span> <span class='ocrx_word' id='word_1_308' title='bbox 1677 1198 1766 1234; x_wconf 95' lang='lat' dir='ltr'>dolo</span> <span class='ocrx_word' id='word_1_309' title='bbox 1803 1199 1915 1247; x_wconf 91' lang='lat' dir='ltr'>aliqui</span> <span class='ocrx_word' id='word_1_310' title='bbox 1951 1208 2079 1248; x_wconf 91' lang='lat' dir='ltr'>aperte</span> <span class='ocrx_word' id='word_1_311' title='bbox 2108 1208 2144 1237; x_wconf 93' lang='lat' dir='ltr'>et</span> <span class='ocrx_word' id='word_1_312' title='bbox 2171 1214 2240 1250; x_wconf 91' lang='lat' dir='ltr'>per</span> <span class='ocrx_word' id='word_1_313' title='bbox 2275 1203 2494 1240; x_wconf 90' lang='lat' dir='ltr'>violentiam</span> 
     </span>
    </p>
   </div>
   <div class='ocr_carea' id='block_1_19' title="bbox 1443 1250 2495 1350">
    <p class='ocr_par' dir='ltr' id='par_1_22' title="bbox 1443 1250 2495 1350">
     <span class='ocr_line' id='line_1_48' title="bbox 1443 1250 2495 1303; baseline 0.007 -18"><span class='ocrx_word' id='word_1_314' title='bbox 1443 1250 1586 1286; x_wconf 89' lang='lat' dir='ltr'>malurn</span> <span class='ocrx_word' id='word_1_315' title='bbox 1615 1258 1829 1298; x_wconf 90' lang='lat' dir='ltr'>operentur.</span> <span class='ocrx_word' id='word_1_316' title='bbox 1859 1251 1936 1288; x_wconf 91' lang='lat' dir='ltr'>Sed</span> <span class='ocrx_word' id='word_1_317' title='bbox 1954 1253 2040 1300; x_wconf 87' lang='lat' dir='ltr'>hoc,</span> <span class='ocrx_word' id='word_1_318' title='bbox 2062 1253 2148 1302; x_wconf 90' lang='lat' dir='ltr'>quia</span> <span class='ocrx_word' id='word_1_319' title='bbox 2173 1254 2358 1291; x_wconf 89' lang='lat' dir='ltr'>difficilius</span> <span class='ocrx_word' id='word_1_320' title='bbox 2385 1256 2438 1303; x_wconf 83' lang='lat' dir='ltr'>fit,</span> <span class='ocrx_word' id='word_1_321' title='bbox 2458 1256 2495 1292; x_wconf 91' lang='lat' dir='ltr'>in</span> 
     </span>
     <span class='ocr_line' id='line_1_49' title="bbox 1444 1302 1858 1350; baseline 0.002 -12"><span class='ocrx_word' id='word_1_322' title='bbox 1444 1302 1687 1350; x_wconf 89' lang='lat' dir='ltr'>paucioribus</span> <span class='ocrx_word' id='word_1_323' title='bbox 1714 1303 1858 1339; x_wconf 91' lang='lat' dir='ltr'>accidit.</span> 
     </span>
    </p>
   </div>
   <div class='ocr_carea' id='block_1_20' title="bbox 961 1537 1872 1662">
    <p class='ocr_par' dir='ltr' id='par_1_23' title="bbox 961 1537 1872 1662">
     <span class='ocr_line' id='line_1_50' title="bbox 1118 1537 1719 1596; baseline 0.002 -18"><span class='ocrx_word' id='word_1_324' title='bbox 1118 1537 1432 1596; x_wconf 84' lang='lat' dir='ltr'>ARTICULUS</span> <span class='ocrx_word' id='word_1_325' title='bbox 1462 1538 1719 1587; x_wconf 89' lang='lat' dir='ltr'><strong>QUINTUS</strong></span> 
     </span>
     <span class='ocr_line' id='line_1_51' title="bbox 961 1629 1872 1662; baseline 0.001 -2"><span class='ocrx_word' id='word_1_326' title='bbox 961 1630 1116 1662; x_wconf 81' lang='lat' dir='ltr'>UTRUM</span> <span class='ocrx_word' id='word_1_327' title='bbox 1138 1630 1275 1660; x_wconf 80' lang='lat' dir='ltr'>FRAUS</span> <span class='ocrx_word' id='word_1_328' title='bbox 1298 1630 1356 1660; x_wconf 76' lang='lat' dir='ltr'>An</span> <span class='ocrx_word' id='word_1_329' title='bbox 1379 1629 1603 1661; x_wconf 83' lang='lat' dir='ltr'>ASTUTIAM</span> <span class='ocrx_word' id='word_1_330' title='bbox 1626 1630 1872 1662; x_wconf 81' lang='lat' dir='ltr'>PERTINEAT</span> 
     </span>
    </p>
   </div>
   <div class='ocr_carea' id='block_1_21' title="bbox 337 1712 544 1915">
    <p class='ocr_par' dir='ltr' id='par_1_24' title="bbox 337 1712 544 1915">
     <span class='ocr_line' id='line_1_52' title="bbox 342 1712 544 1780; baseline 0 -46"><span class='ocrx_word' id='word_1_331' title='bbox 342 1712 544 1780; x_wconf 95' lang='lat' dir='ltr'>  </span> 
     </span>
     <span class='ocr_line' id='line_1_53' title="bbox 337 1780 504 1915; baseline 0 -29"><span class='ocrx_word' id='word_1_332' title='bbox 337 1780 504 1915; x_wconf 95' lang='lat' dir='ltr'>   </span> 
     </span>
    </p>
   </div>
   <div class='ocr_carea' id='block_1_22' title="bbox 369 1744 1393 1822">
    <p class='ocr_par' dir='ltr' id='par_1_25' title="bbox 369 1744 1393 1822">
     <span class='ocr_line' id='line_1_54' title="bbox 369 1744 1393 1822; baseline -0.002 -22.968"><span class='ocrx_word' id='word_1_333' title='bbox 369 1744 519 1822; x_wconf 28' lang='lat' dir='ltr'>usas&amp;</span> <span class='ocrx_word' id='word_1_334' title='bbox 546 1761 647 1798; x_wconf 82' lang='lat' dir='ltr'>fraus</span> <span class='ocrx_word' id='word_1_335' title='bbox 676 1761 725 1798; x_wconf 89' lang='lat' dir='ltr'>ad</span> <span class='ocrx_word' id='word_1_336' title='bbox 753 1761 927 1798; x_wconf 82' lang='lat' dir='ltr'>astutiam</span> <span class='ocrx_word' id='word_1_337' title='bbox 961 1773 1040 1798; x_wconf 90' lang='lat' dir='ltr'>non</span> <span class='ocrx_word' id='word_1_338' title='bbox 1066 1761 1261 1809; x_wconf 90' lang='lat' dir='ltr'>pertineat.</span> <span class='ocrx_word' id='word_1_339' title='bbox 1301 1761 1393 1797; x_wconf 94' lang='lat' dir='ltr'>Non</span> 
     </span>
    </p>
   </div>
   <div class='ocr_carea' id='block_1_23' title="bbox 335 1801 1398 2488">
    <p class='ocr_par' dir='ltr' id='par_1_26' title="bbox 335 1801 1395 2114">
     <span class='ocr_line' id='line_1_55' title="bbox 356 1801 1394 1903; baseline -0.001 -52.998"><span class='ocrx_word' id='word_1_340' title='bbox 356 1806 434 1903; x_wconf 68' lang='lat' dir='ltr'><em>l</em></span> <span class='ocrx_word' id='word_1_341' title='bbox 485 1801 534 1855; x_wconf 56' lang='lat' dir='ltr'>&#39;r‘</span> <span class='ocrx_word' id='word_1_342' title='bbox 548 1814 650 1850; x_wconf 92' lang='lat' dir='ltr'>enim</span> <span class='ocrx_word' id='word_1_343' title='bbox 678 1821 733 1850; x_wconf 91' lang='lat' dir='ltr'>est</span> <span class='ocrx_word' id='word_1_344' title='bbox 759 1813 945 1850; x_wconf 89' lang='lat' dir='ltr'>laudabile</span> <span class='ocrx_word' id='word_1_345' title='bbox 973 1814 1078 1862; x_wconf 90' lang='lat' dir='ltr'>quod</span> <span class='ocrx_word' id='word_1_346' title='bbox 1107 1813 1239 1862; x_wconf 87' lang='lat' dir='ltr'>aliquis</span> <span class='ocrx_word' id='word_1_347' title='bbox 1273 1813 1394 1862; x_wconf 90' lang='lat' dir='ltr'>decipi</span> 
     </span>
     <span class='ocr_line' id='line_1_56' title="bbox 356 1832 1395 1916; baseline 0.002 -16"><span class='ocrx_word' id='word_1_348' title='bbox 356 1861 367 1871; x_wconf 77' lang='grc'><em>”</em></span> <span class='ocrx_word' id='word_1_349' title='bbox 393 1832 588 1902; x_wconf 49' lang='grc' dir='ltr'>ζ’έὶῦΧεε</span> <span class='ocrx_word' id='word_1_350' title='bbox 614 1866 787 1916; x_wconf 82' lang='lat' dir='ltr'>patiatur,</span> <span class='ocrx_word' id='word_1_351' title='bbox 808 1866 856 1903; x_wconf 90' lang='lat' dir='ltr'>ad</span> <span class='ocrx_word' id='word_1_352' title='bbox 885 1866 989 1914; x_wconf 90' lang='lat' dir='ltr'>quod</span> <span class='ocrx_word' id='word_1_353' title='bbox 1009 1866 1143 1903; x_wconf 89' lang='lat' dir='ltr'>astutia</span> <span class='ocrx_word' id='word_1_354' title='bbox 1169 1865 1297 1902; x_wconf 93' lang='lat' dir='ltr'>tendit.</span> <span class='ocrx_word' id='word_1_355' title='bbox 1326 1867 1395 1902; x_wconf 92' lang='lat' dir='ltr'>Est</span> 
     </span>
     <span class='ocr_line' id='line_1_57' title="bbox 338 1917 1393 1967; baseline -0.002 -11"><span class='ocrx_word' id='word_1_356' title='bbox 338 1925 465 1956; x_wconf 87' lang='lat' dir='ltr'>autem</span> <span class='ocrx_word' id='word_1_357' title='bbox 492 1917 680 1956; x_wconf 87' lang='lat' dir='ltr'>laudabile</span> <span class='ocrx_word' id='word_1_358' title='bbox 716 1919 820 1967; x_wconf 93' lang='lat' dir='ltr'>quod</span> <span class='ocrx_word' id='word_1_359' title='bbox 856 1918 988 1967; x_wconf 90' lang='lat' dir='ltr'>aliquis</span> <span class='ocrx_word' id='word_1_360' title='bbox 1015 1918 1178 1967; x_wconf 84' lang='lat' dir='ltr'>patiatur</span> <span class='ocrx_word' id='word_1_361' title='bbox 1203 1918 1393 1955; x_wconf 86' lang='lat' dir='ltr'>fraudem:</span> 
     </span>
     <span class='ocr_line' id='line_1_58' title="bbox 338 1970 1393 2012; baseline 0 -5"><span class='ocrx_word' id='word_1_362' title='bbox 338 1971 548 2008; x_wconf 88' lang='lat' dir='ltr'>secundum</span> <span class='ocrx_word' id='word_1_363' title='bbox 574 1970 664 2008; x_wconf 88' lang='lat' dir='ltr'>illud</span> <span class='ocrx_word' id='word_1_364' title='bbox 693 1972 707 2007; x_wconf 93' lang='grc' dir='ltr'>Ι</span> <span class='ocrx_word' id='word_1_365' title='bbox 736 1972 787 2007; x_wconf 89' lang='lat' dir='ltr'>ad</span> <span class='ocrx_word' id='word_1_366' title='bbox 817 1971 903 2008; x_wconf 89' lang='lat' dir='ltr'>Cor.</span> <span class='ocrx_word' id='word_1_367' title='bbox 932 1983 968 2008; x_wconf 78' lang='lat' dir='ltr'>vt</span> <span class='ocrx_word' id='word_1_368' title='bbox 989 1972 1024 2007; x_wconf 76' lang='lat' dir='ltr'>*t</span> <span class='ocrx_word' id='word_1_369' title='bbox 1059 1971 1185 2012; x_wconf 87' lang='lat' dir='ltr'>Quare</span> <span class='ocrx_word' id='word_1_370' title='bbox 1212 1983 1286 2007; x_wconf 91' lang='lat' dir='ltr'>non</span> <span class='ocrx_word' id='word_1_371' title='bbox 1314 1982 1393 2007; x_wconf 89' lang='lat' dir='ltr'>ma-</span> 
     </span>
     <span class='ocr_line' id='line_1_59' title="bbox 335 2022 1395 2073; baseline 0.001 -14"><span class='ocrx_word' id='word_1_372' title='bbox 335 2024 398 2073; x_wconf 72' lang='lat' dir='ltr'>gis&#39;</span> <span class='ocrx_word' id='word_1_373' title='bbox 411 2024 596 2071; x_wconf 86' lang='lat' dir='ltr'>fraudem</span> <span class='ocrx_word' id='word_1_374' title='bbox 624 2022 823 2072; x_wconf 81' lang='lat' dir='ltr'>patimini?</span> <span class='ocrx_word' id='word_1_375' title='bbox 859 2024 960 2071; x_wconf 90' lang='lat' dir='ltr'>Ergo</span> <span class='ocrx_word' id='word_1_376' title='bbox 994 2024 1094 2060; x_wconf 85' lang='lat' dir='ltr'>fraus</span> <span class='ocrx_word' id='word_1_377' title='bbox 1123 2035 1200 2060; x_wconf 91' lang='lat' dir='ltr'>non</span> <span class='ocrx_word' id='word_1_378' title='bbox 1235 2023 1395 2072; x_wconf 87' lang='lat' dir='ltr'>pertinet</span> 
     </span>
     <span class='ocr_line' id='line_1_60' title="bbox 337 2076 602 2114; baseline -0.008 0"><span class='ocrx_word' id='word_1_379' title='bbox 337 2076 386 2114; x_wconf 85' lang='lat' dir='ltr'>ad</span> <span class='ocrx_word' id='word_1_380' title='bbox 414 2076 602 2113; x_wconf 88' lang='lat' dir='ltr'>astutiam.</span> 
     </span>
    </p>

    <p class='ocr_par' dir='ltr' id='par_1_27' title="bbox 337 2127 1398 2488">
     <span class='ocr_line' id='line_1_61' title="bbox 358 2127 1395 2186; baseline -0.002 -21"><span class='ocrx_word' id='word_1_381' title='bbox 358 2140 360 2142; x_wconf 55' lang='lat'><strong><em>¹</em></strong></span> <span class='ocrx_word' id='word_1_382' title='bbox 392 2138 428 2165; x_wconf 89' lang='lat'>2.</span> <span class='ocrx_word' id='word_1_383' title='bbox 450 2128 684 2186; x_wconf 63' lang='lat' dir='ltr'>Pmnm,</span> <span class='ocrx_word' id='word_1_384' title='bbox 708 2128 810 2164; x_wconf 87' lang='lat' dir='ltr'>fraus</span> <span class='ocrx_word' id='word_1_385' title='bbox 836 2127 1023 2176; x_wconf 88' lang='lat' dir='ltr'>pertinere</span> <span class='ocrx_word' id='word_1_386' title='bbox 1050 2127 1200 2164; x_wconf 87' lang='lat' dir='ltr'>videtur</span> <span class='ocrx_word' id='word_1_387' title='bbox 1228 2127 1276 2164; x_wconf 86' lang='lat' dir='ltr'>ad</span> <span class='ocrx_word' id='word_1_388' title='bbox 1296 2127 1395 2163; x_wconf 88' lang='lat' dir='ltr'>illici-</span> 
     </span>
     <span class='ocr_line' id='line_1_62' title="bbox 337 2179 1395 2233; baseline -0.001 -16"><span class='ocrx_word' id='word_1_389' title='bbox 337 2183 416 2217; x_wconf 83' lang='lat' dir='ltr'>tam</span> <span class='ocrx_word' id='word_1_390' title='bbox 445 2180 707 2233; x_wconf 87' lang='lat' dir='ltr'>acceptionem</span> <span class='ocrx_word' id='word_1_391' title='bbox 730 2184 748 2200; x_wconf 80' lang='lat'>‘²</span> <span class='ocrx_word' id='word_1_392' title='bbox 774 2180 836 2216; x_wconf 90' lang='lat' dir='ltr'>vel</span> <span class='ocrx_word' id='word_1_393' title='bbox 874 2180 1131 2228; x_wconf 89' lang='lat' dir='ltr'>receptionem</span> <span class='ocrx_word' id='word_1_394' title='bbox 1169 2179 1395 2216; x_wconf 88' lang='lat' dir='ltr'>exteriorum</span> 
     </span>
     <span class='ocr_line' id='line_1_63' title="bbox 339 2230 1393 2279; baseline -0.002 -9"><span class='ocrx_word' id='word_1_395' title='bbox 339 2230 488 2270; x_wconf 80' lang='lat' dir='ltr'>rerum:</span> <span class='ocrx_word' id='word_1_396' title='bbox 518 2232 652 2269; x_wconf 90' lang='lat' dir='ltr'>dicitur</span> <span class='ocrx_word' id='word_1_397' title='bbox 679 2231 783 2269; x_wconf 88' lang='lat' dir='ltr'>enim</span> <span class='ocrx_word' id='word_1_398' title='bbox 809 2232 891 2268; x_wconf 84' lang='lat' dir='ltr'>Act.</span> <span class='ocrx_word' id='word_1_399' title='bbox 920 2244 944 2268; x_wconf 93' lang='lat' dir='ltr'>v</span> <span class='ocrx_word' id='word_1_400' title='bbox 962 2231 982 2253; x_wconf 67' lang='lat'>²¹³</span> <span class='ocrx_word' id='word_1_401' title='bbox 1010 2231 1116 2279; x_wconf 90' lang='lat' dir='ltr'>quod</span> <span class='ocrx_word' id='word_1_402' title='bbox 1146 2233 1206 2268; x_wconf 75' lang='lat' dir='ltr'>vir</span> <span class='ocrx_word' id='word_1_403' title='bbox 1241 2232 1393 2279; x_wconf 88' lang='lat' dir='ltr'>quidam</span> 
     </span>
     <span class='ocr_line' id='line_1_64' title="bbox 339 2284 1395 2333; baseline -0.002 -11"><span class='ocrx_word' id='word_1_404' title='bbox 339 2284 491 2322; x_wconf 88' lang='lat' dir='ltr'>nomine</span> <span class='ocrx_word' id='word_1_405' title='bbox 522 2284 714 2330; x_wconf 82' lang='lat' dir='ltr'>Ananias,</span> <span class='ocrx_word' id='word_1_406' title='bbox 743 2296 829 2321; x_wconf 91' lang='lat' dir='ltr'>cum</span> <span class='ocrx_word' id='word_1_407' title='bbox 857 2284 1018 2333; x_wconf 81' lang='lat' dir='ltr'>Saphira</span> <span class='ocrx_word' id='word_1_408' title='bbox 1053 2295 1174 2320; x_wconf 89' lang='lat' dir='ltr'>uxore</span> <span class='ocrx_word' id='word_1_409' title='bbox 1198 2295 1280 2328; x_wconf 84' lang='lat' dir='ltr'>sua,</span> <span class='ocrx_word' id='word_1_410' title='bbox 1308 2295 1395 2320; x_wconf 80' lang='lat' dir='ltr'>ven-</span> 
     </span>
     <span class='ocr_line' id='line_1_65' title="bbox 340 2336 1395 2387; baseline -0.002 -13"><span class='ocrx_word' id='word_1_411' title='bbox 340 2337 431 2374; x_wconf 84' lang='lat' dir='ltr'>didit</span> <span class='ocrx_word' id='word_1_412' title='bbox 465 2348 605 2386; x_wconf 86' lang='lat' dir='ltr'>agrum</span> <span class='ocrx_word' id='word_1_413' title='bbox 650 2342 686 2373; x_wconf 89' lang='lat' dir='ltr'>et</span> <span class='ocrx_word' id='word_1_414' title='bbox 706 2336 913 2384; x_wconf 80' lang='lat' dir='ltr'>fraudavit</span> <span class='ocrx_word' id='word_1_415' title='bbox 943 2336 989 2373; x_wconf 88' lang='lat' dir='ltr'>de</span> <span class='ocrx_word' id='word_1_416' title='bbox 1018 2337 1141 2387; x_wconf 81' lang='lat' dir='ltr'>pretio</span> <span class='ocrx_word' id='word_1_417' title='bbox 1175 2336 1274 2385; x_wconf 84' lang='lat' dir='ltr'>agri.</span> <span class='ocrx_word' id='word_1_418' title='bbox 1319 2337 1395 2373; x_wconf 90' lang='lat' dir='ltr'>Sed</span> 
     </span>
     <span class='ocr_line' id='line_1_66' title="bbox 339 2388 1397 2438; baseline -0.003 -11"><span class='ocrx_word' id='word_1_419' title='bbox 339 2388 462 2427; x_wconf 85' lang='lat' dir='ltr'>illicite</span> <span class='ocrx_word' id='word_1_420' title='bbox 489 2401 673 2438; x_wconf 90' lang='lat' dir='ltr'>usurpare</span> <span class='ocrx_word' id='word_1_421' title='bbox 709 2390 772 2426; x_wconf 85' lang='lat' dir='ltr'>vel</span> <span class='ocrx_word' id='word_1_422' title='bbox 800 2389 958 2426; x_wconf 90' lang='lat' dir='ltr'>retinere</span> <span class='ocrx_word' id='word_1_423' title='bbox 992 2401 1052 2425; x_wconf 92' lang='lat' dir='ltr'>res</span> <span class='ocrx_word' id='word_1_424' title='bbox 1079 2388 1281 2425; x_wconf 90' lang='lat' dir='ltr'>exteriores</span> <span class='ocrx_word' id='word_1_425' title='bbox 1312 2400 1397 2436; x_wconf 91' lang='lat' dir='ltr'>per-</span> 
     </span>
     <span class='ocr_line' id='line_1_67' title="bbox 340 2440 1398 2488; baseline -0.002 -9"><span class='ocrx_word' id='word_1_426' title='bbox 340 2442 432 2479; x_wconf 89' lang='lat' dir='ltr'>tinet</span> <span class='ocrx_word' id='word_1_427' title='bbox 451 2442 500 2479; x_wconf 85' lang='lat' dir='ltr'>ad</span> <span class='ocrx_word' id='word_1_428' title='bbox 526 2441 744 2479; x_wconf 88' lang='lat' dir='ltr'>iniustitiam</span> <span class='ocrx_word' id='word_1_429' title='bbox 763 2442 825 2478; x_wconf 90' lang='lat' dir='ltr'>vel</span> <span class='ocrx_word' id='word_1_430' title='bbox 849 2441 1144 2478; x_wconf 88' lang='lat' dir='ltr'>illiberalitatem.</span> <span class='ocrx_word' id='word_1_431' title='bbox 1178 2442 1280 2488; x_wconf 90' lang='lat' dir='ltr'>Ergo</span> <span class='ocrx_word' id='word_1_432' title='bbox 1296 2440 1398 2477; x_wconf 91' lang='lat' dir='ltr'>fraus</span> 
     </span>
    </p>
   </div>
   <div class='ocr_carea' id='block_1_24' title="bbox 341 2493 1398 2584">
    <p class='ocr_par' dir='ltr' id='par_1_28' title="bbox 341 2493 1398 2584">
     <span class='ocr_line' id='line_1_68' title="bbox 341 2493 1398 2564; baseline -0.003 -32"><span class='ocrx_word' id='word_1_433' title='bbox 341 2506 421 2532; x_wconf 89' lang='lat' dir='ltr'>non</span> <span class='ocrx_word' id='word_1_434' title='bbox 447 2494 608 2543; x_wconf 90' lang='lat' dir='ltr'>pertinet</span> <span class='ocrx_word' id='word_1_435' title='bbox 635 2494 684 2531; x_wconf 89' lang='lat' dir='ltr'>ad</span> <span class='ocrx_word' id='word_1_436' title='bbox 718 2493 913 2541; x_wconf 81' lang='lat' dir='ltr'>astutiam,</span> <span class='ocrx_word' id='word_1_437' title='bbox 943 2505 1041 2541; x_wconf 91' lang='lat' dir='ltr'>quae</span> <span class='ocrx_word' id='word_1_438' title='bbox 1079 2493 1284 2564; x_wconf 89' lang='lat' dir='ltr'>opponitur</span> <span class='ocrx_word' id='word_1_439' title='bbox 1310 2505 1398 2541; x_wconf 88' lang='lat' dir='ltr'>pru-</span> 
     </span>
     <span class='ocr_line' id='line_1_69' title="bbox 343 2547 503 2584; baseline -0.007 0"><span class='ocrx_word' id='word_1_440' title='bbox 343 2547 503 2584; x_wconf 91' lang='lat' dir='ltr'>dentiae.</span> 
     </span>
    </p>
   </div>
   <div class='ocr_carea' id='block_1_25' title="bbox 342 2597 1403 3014">
    <p class='ocr_par' dir='ltr' id='par_1_29' title="bbox 342 2597 1402 2858">
     <span class='ocr_line' id='line_1_70' title="bbox 399 2597 1401 2646; baseline -0.002 -10"><span class='ocrx_word' id='word_1_441' title='bbox 399 2600 432 2636; x_wconf 88' lang='lat'>3.</span> <span class='ocrx_word' id='word_1_442' title='bbox 459 2601 692 2646; x_wconf 75' lang='lat' dir='ltr'>PRAETEREA,</span> <span class='ocrx_word' id='word_1_443' title='bbox 722 2598 845 2635; x_wconf 90' lang='lat' dir='ltr'>nullus</span> <span class='ocrx_word' id='word_1_444' title='bbox 873 2597 1006 2634; x_wconf 92' lang='lat' dir='ltr'>astutia</span> <span class='ocrx_word' id='word_1_445' title='bbox 1034 2597 1148 2634; x_wconf 89' lang='lat' dir='ltr'>utitur</span> <span class='ocrx_word' id='word_1_446' title='bbox 1175 2605 1304 2634; x_wconf 88' lang='lat' dir='ltr'>contra</span> <span class='ocrx_word' id='word_1_447' title='bbox 1332 2598 1401 2634; x_wconf 92' lang='lat' dir='ltr'>sei-</span> 
     </span>
     <span class='ocr_line' id='line_1_71' title="bbox 342 2650 1400 2701; baseline -0.003 -12"><span class='ocrx_word' id='word_1_448' title='bbox 342 2664 469 2701; x_wconf 92' lang='lat' dir='ltr'>psum.</span> <span class='ocrx_word' id='word_1_449' title='bbox 491 2651 566 2689; x_wconf 91' lang='lat' dir='ltr'>Sed</span> <span class='ocrx_word' id='word_1_450' title='bbox 582 2651 798 2698; x_wconf 90' lang='lat' dir='ltr'>aliquorum</span> <span class='ocrx_word' id='word_1_451' title='bbox 817 2651 967 2688; x_wconf 90' lang='lat' dir='ltr'>fraudes</span> <span class='ocrx_word' id='word_1_452' title='bbox 983 2657 1068 2687; x_wconf 91' lang='lat' dir='ltr'>sunt</span> <span class='ocrx_word' id='word_1_453' title='bbox 1087 2658 1216 2687; x_wconf 88' lang='lat' dir='ltr'>contra</span> <span class='ocrx_word' id='word_1_454' title='bbox 1235 2650 1400 2698; x_wconf 91' lang='lat' dir='ltr'>seipsos:</span> 
     </span>
     <span class='ocr_line' id='line_1_72' title="bbox 345 2702 1401 2751; baseline -0.002 -10"><span class='ocrx_word' id='word_1_455' title='bbox 345 2704 479 2742; x_wconf 90' lang='lat' dir='ltr'>dicitur</span> <span class='ocrx_word' id='word_1_456' title='bbox 507 2704 610 2740; x_wconf 91' lang='lat' dir='ltr'>enim</span> <span class='ocrx_word' id='word_1_457' title='bbox 637 2705 749 2740; x_wconf 77' lang='lat' dir='ltr'>Prov.</span> <span class='ocrx_word' id='word_1_458' title='bbox 779 2702 828 2739; x_wconf 82' lang='lat'>1*</span> <span class='ocrx_word' id='word_1_459' title='bbox 857 2703 903 2740; x_wconf 94' lang='lat' dir='ltr'>de</span> <span class='ocrx_word' id='word_1_460' title='bbox 933 2702 1161 2751; x_wconf 91' lang='lat' dir='ltr'>quibusdam</span> <span class='ocrx_word' id='word_1_461' title='bbox 1191 2703 1294 2751; x_wconf 94' lang='lat' dir='ltr'>quod</span> <span class='ocrx_word' id='word_1_462' title='bbox 1322 2714 1401 2739; x_wconf 90' lang='lat' dir='ltr'>mo-</span> 
     </span>
     <span class='ocr_line' id='line_1_73' title="bbox 345 2755 1402 2805; baseline -0.003 -11"><span class='ocrx_word' id='word_1_463' title='bbox 345 2757 485 2794; x_wconf 88' lang='lat' dir='ltr'>liuntur</span> <span class='ocrx_word' id='word_1_464' title='bbox 502 2757 664 2805; x_wconf 84' lang='lat' dir='ltr'>fraudes</span> <span class='ocrx_word' id='word_1_465' title='bbox 701 2761 831 2792; x_wconf 88' lang='lat' dir='ltr'>contra</span> <span class='ocrx_word' id='word_1_466' title='bbox 858 2756 1006 2792; x_wconf 83' lang='lat' dir='ltr'>animas</span> <span class='ocrx_word' id='word_1_467' title='bbox 1032 2767 1131 2792; x_wconf 82' lang='lat' dir='ltr'>suas.</span> <span class='ocrx_word' id='word_1_468' title='bbox 1170 2756 1271 2802; x_wconf 88' lang='lat' dir='ltr'>Ergo</span> <span class='ocrx_word' id='word_1_469' title='bbox 1301 2755 1402 2791; x_wconf 89' lang='lat' dir='ltr'>fraus</span> 
     </span>
     <span class='ocr_line' id='line_1_74' title="bbox 345 2808 901 2858; baseline -0.004 -12"><span class='ocrx_word' id='word_1_470' title='bbox 345 2822 424 2846; x_wconf 91' lang='lat' dir='ltr'>non</span> <span class='ocrx_word' id='word_1_471' title='bbox 451 2809 611 2858; x_wconf 89' lang='lat' dir='ltr'>pertinet</span> <span class='ocrx_word' id='word_1_472' title='bbox 637 2808 687 2845; x_wconf 92' lang='lat' dir='ltr'>ad</span> <span class='ocrx_word' id='word_1_473' title='bbox 715 2808 901 2845; x_wconf 86' lang='lat' dir='ltr'>astutiam.</span> 
     </span>
    </p>

    <p class='ocr_par' dir='ltr' id='par_1_30' title="bbox 348 2859 1403 3014">
     <span class='ocr_line' id='line_1_75' title="bbox 401 2859 1400 2908; baseline -0.004 -9"><span class='ocrx_word' id='word_1_474' title='bbox 401 2862 475 2899; x_wconf 75' lang='lat' dir='ltr'>SED</span> <span class='ocrx_word' id='word_1_475' title='bbox 503 2873 659 2908; x_wconf 78' lang='lat' dir='ltr'>CONTRA,</span> <span class='ocrx_word' id='word_1_476' title='bbox 688 2861 789 2898; x_wconf 88' lang='lat' dir='ltr'>fraus</span> <span class='ocrx_word' id='word_1_477' title='bbox 817 2861 866 2897; x_wconf 94' lang='lat' dir='ltr'>ad</span> <span class='ocrx_word' id='word_1_478' title='bbox 894 2860 1159 2908; x_wconf 90' lang='lat' dir='ltr'>deceptionem</span> <span class='ocrx_word' id='word_1_479' title='bbox 1189 2859 1400 2896; x_wconf 91' lang='lat' dir='ltr'>ordinatur:</span> 
     </span>
     <span class='ocr_line' id='line_1_76' title="bbox 348 2912 1403 2960; baseline -0.004 -9"><span class='ocrx_word' id='word_1_480' title='bbox 348 2914 559 2951; x_wconf 87' lang='lat' dir='ltr'>seeundum</span> <span class='ocrx_word' id='word_1_481' title='bbox 593 2913 682 2950; x_wconf 93' lang='lat' dir='ltr'>illud</span> <span class='ocrx_word' id='word_1_482' title='bbox 715 2914 784 2950; x_wconf 84' lang='lat' dir='ltr'>Iob</span> <span class='ocrx_word' id='word_1_483' title='bbox 819 2925 879 2949; x_wconf 88' lang='lat' dir='ltr'>x111</span> <span class='ocrx_word' id='word_1_484' title='bbox 906 2913 943 2948; x_wconf 75' lang='grc' dir='ltr'>*τ</span> <span class='ocrx_word' id='word_1_485' title='bbox 972 2912 1170 2960; x_wconf 85' lang='lat' dir='ltr'>Numquid</span> <span class='ocrx_word' id='word_1_486' title='bbox 1202 2912 1403 2959; x_wconf 81' lang='lat' dir='ltr'>decipietur</span> 
     </span>
     <span class='ocr_line' id='line_1_77' title="bbox 350 2964 1402 3014; baseline -0.003 -11"><span class='ocrx_word' id='word_1_487' title='bbox 350 2972 390 3003; x_wconf 89' lang='lat' dir='ltr'>ut</span> <span class='ocrx_word' id='word_1_488' title='bbox 423 2968 534 3003; x_wconf 88' lang='lat' dir='ltr'>homo</span> <span class='ocrx_word' id='word_1_489' title='bbox 570 2966 700 3003; x_wconf 80' lang='lat' dir='ltr'>vestris</span> <span class='ocrx_word' id='word_1_490' title='bbox 722 2965 1024 3014; x_wconf 82' lang='lat' dir='ltr'>fraudulentiis?</span> <span class='ocrx_word' id='word_1_491' title='bbox 1051 2966 1111 3002; x_wconf 93' lang='lat' dir='ltr'>Ad</span> <span class='ocrx_word' id='word_1_492' title='bbox 1148 2964 1251 3001; x_wconf 89' lang='lat' dir='ltr'>idem</span> <span class='ocrx_word' id='word_1_493' title='bbox 1288 2964 1402 3000; x_wconf 89' lang='lat' dir='ltr'>etiam</span> 
     </span>
    </p>
   </div>
   <div class='ocr_carea' id='block_1_26' title="bbox 400 1708 1421 1766">
    <p class='ocr_par' dir='ltr' id='par_1_31' title="bbox 400 1708 1421 1766">
     <span class='ocr_line' id='line_1_78' title="bbox 400 1708 1421 1766; baseline -0.001 -19.978"><span class='ocrx_word' id='word_1_494' title='bbox 400 1730 428 1766; x_wconf 69' lang='grc'>;</span> <span class='ocrx_word' id='word_1_495' title='bbox 451 1730 516 1765; x_wconf 43' lang='grc' dir='ltr'>»Ὤ</span> <span class='ocrx_word' id='word_1_496' title='bbox 545 1721 568 1746; x_wconf 85' lang='grc' dir='ltr'>ι)</span> <span class='ocrx_word' id='word_1_497' title='bbox 589 1720 750 1752; x_wconf 71' lang='lat' dir='ltr'>Qum‘rum</span> <span class='ocrx_word' id='word_1_498' title='bbox 768 1720 821 1745; x_wconf 78' lang='lat' dir='ltr'>sm</span> <span class='ocrx_word' id='word_1_499' title='bbox 840 1719 1078 1745; x_wconf 72' lang='lat' dir='ltr'>PRocnnlruR.</span> <span class='ocrx_word' id='word_1_500' title='bbox 1111 1708 1271 1745; x_wconf 88' lang='lat' dir='ltr'>Videtur</span> <span class='ocrx_word' id='word_1_501' title='bbox 1288 1709 1394 1756; x_wconf 89' lang='lat' dir='ltr'>quod</span> <span class='ocrx_word' id='word_1_502' title='bbox 1418 1709 1421 1718; x_wconf 83' lang='lat'><em>&#39;</em></span> 
     </span>
    </p>
   </div>
   <div class='ocr_carea' id='block_1_27' title="bbox 1419 2051 1431 2969">
    <p class='ocr_par' dir='ltr' id='par_1_32' title="bbox 1419 2051 1431 2969">
     <span class='ocr_line' id='line_1_79' title="bbox 1419 2051 1431 2969; baseline 0 0"><span class='ocrx_word' id='word_1_503' title='bbox 1419 2051 1431 2969; x_wconf 95' lang='lat' dir='ltr'> </span> 
     </span>
    </p>
   </div>
   <div class='ocr_carea' id='block_1_28' title="bbox 1445 1708 2509 2905">
    <p class='ocr_par' dir='ltr' id='par_1_33' title="bbox 1446 1708 2500 1797">
     <span class='ocr_line' id='line_1_80' title="bbox 1447 1708 2500 1760; baseline 0.005 -16"><span class='ocrx_word' id='word_1_504' title='bbox 1447 1708 1642 1745; x_wconf 91' lang='lat' dir='ltr'>ordinatur</span> <span class='ocrx_word' id='word_1_505' title='bbox 1676 1709 1822 1746; x_wconf 89' lang='lat' dir='ltr'>astutia.</span> <span class='ocrx_word' id='word_1_506' title='bbox 1861 1711 1962 1757; x_wconf 88' lang='lat' dir='ltr'>Ergo</span> <span class='ocrx_word' id='word_1_507' title='bbox 1998 1711 2098 1747; x_wconf 85' lang='lat' dir='ltr'>fraus</span> <span class='ocrx_word' id='word_1_508' title='bbox 2126 1711 2174 1747; x_wconf 92' lang='lat' dir='ltr'>ad</span> <span class='ocrx_word' id='word_1_509' title='bbox 2209 1711 2383 1748; x_wconf 91' lang='lat' dir='ltr'>astutiam</span> <span class='ocrx_word' id='word_1_510' title='bbox 2416 1724 2500 1760; x_wconf 92' lang='lat' dir='ltr'>per-</span> 
     </span>
     <span class='ocr_line' id='line_1_81' title="bbox 1446 1767 1551 1797; baseline 0.01 -1"><span class='ocrx_word' id='word_1_511' title='bbox 1446 1767 1551 1797; x_wconf 80' lang='lat' dir='ltr'>tinet.</span> 
     </span>
    </p>

    <p class='ocr_par' dir='ltr' id='par_1_34' title="bbox 1445 1814 2502 2175">
     <span class='ocr_line' id='line_1_82' title="bbox 1499 1814 2502 1863; baseline 0.004 -14"><span class='ocrx_word' id='word_1_512' title='bbox 1499 1814 1723 1849; x_wconf 80' lang='lat' dir='ltr'><strong>RESPONDEO</strong></span> <span class='ocrx_word' id='word_1_513' title='bbox 1742 1825 1924 1851; x_wconf 82' lang='lat' dir='ltr'>DlCENDUM</span> <span class='ocrx_word' id='word_1_514' title='bbox 1948 1815 2051 1863; x_wconf 90' lang='lat' dir='ltr'>quod</span> <span class='ocrx_word' id='word_1_515' title='bbox 2081 1814 2174 1851; x_wconf 91' lang='lat' dir='ltr'>sicut</span> <span class='ocrx_word' id='word_1_516' title='bbox 2201 1816 2310 1852; x_wconf 91' lang='lat' dir='ltr'>dolus</span> <span class='ocrx_word' id='word_1_517' title='bbox 2334 1816 2502 1853; x_wconf 90' lang='lat' dir='ltr'>consistit</span> 
     </span>
     <span class='ocr_line' id='line_1_83' title="bbox 1446 1865 2501 1913; baseline 0.004 -12"><span class='ocrx_word' id='word_1_518' title='bbox 1446 1865 1485 1902; x_wconf 92' lang='lat' dir='ltr'>in</span> <span class='ocrx_word' id='word_1_519' title='bbox 1513 1865 1733 1902; x_wconf 92' lang='lat' dir='ltr'>executione</span> <span class='ocrx_word' id='word_1_520' title='bbox 1761 1866 1929 1913; x_wconf 84' lang='lat' dir='ltr'>astutiae,</span> <span class='ocrx_word' id='word_1_521' title='bbox 1950 1866 1999 1903; x_wconf 92' lang='lat' dir='ltr'>ita</span> <span class='ocrx_word' id='word_1_522' title='bbox 2019 1867 2130 1903; x_wconf 90' lang='lat' dir='ltr'>etiam</span> <span class='ocrx_word' id='word_1_523' title='bbox 2161 1875 2195 1903; x_wconf 91' lang='lat' dir='ltr'>et</span> <span class='ocrx_word' id='word_1_524' title='bbox 2222 1868 2339 1904; x_wconf 88' lang='lat' dir='ltr'>fraus:</span> <span class='ocrx_word' id='word_1_525' title='bbox 2369 1870 2436 1906; x_wconf 93' lang='lat' dir='ltr'>sed</span> <span class='ocrx_word' id='word_1_526' title='bbox 2463 1869 2501 1906; x_wconf 91' lang='lat' dir='ltr'>in</span> 
     </span>
     <span class='ocr_line' id='line_1_84' title="bbox 1446 1917 2499 1967; baseline 0.003 -13"><span class='ocrx_word' id='word_1_527' title='bbox 1446 1918 1520 1954; x_wconf 92' lang='lat' dir='ltr'>hoc</span> <span class='ocrx_word' id='word_1_528' title='bbox 1548 1917 1698 1954; x_wconf 88' lang='lat' dir='ltr'>differre</span> <span class='ocrx_word' id='word_1_529' title='bbox 1715 1917 1893 1955; x_wconf 87' lang='lat' dir='ltr'>videntur</span> <span class='ocrx_word' id='word_1_530' title='bbox 1913 1919 2017 1967; x_wconf 91' lang='lat' dir='ltr'>quod</span> <span class='ocrx_word' id='word_1_531' title='bbox 2038 1919 2146 1955; x_wconf 89' lang='lat' dir='ltr'>dolus</span> <span class='ocrx_word' id='word_1_532' title='bbox 2173 1919 2332 1967; x_wconf 88' lang='lat' dir='ltr'>pertinet</span> <span class='ocrx_word' id='word_1_533' title='bbox 2350 1920 2499 1957; x_wconf 90' lang='lat' dir='ltr'>univer-</span> 
     </span>
     <span class='ocr_line' id='line_1_85' title="bbox 1447 1969 2502 2021; baseline 0.004 -15"><span class='ocrx_word' id='word_1_534' title='bbox 1447 1969 1570 2007; x_wconf 91' lang='lat' dir='ltr'>saliter</span> <span class='ocrx_word' id='word_1_535' title='bbox 1589 1971 1637 2007; x_wconf 91' lang='lat' dir='ltr'>ad</span> <span class='ocrx_word' id='word_1_536' title='bbox 1657 1970 1917 2007; x_wconf 90' lang='lat' dir='ltr'>executionem</span> <span class='ocrx_word' id='word_1_537' title='bbox 1933 1971 2098 2018; x_wconf 85' lang='lat' dir='ltr'>astutiae,</span> <span class='ocrx_word' id='word_1_538' title='bbox 2114 1972 2194 2008; x_wconf 86' lang='lat' dir='ltr'>sive</span> <span class='ocrx_word' id='word_1_539' title='bbox 2214 1972 2280 2009; x_wconf 91' lang='lat' dir='ltr'>fiat</span> <span class='ocrx_word' id='word_1_540' title='bbox 2297 1985 2366 2021; x_wconf 93' lang='lat' dir='ltr'>per</span> <span class='ocrx_word' id='word_1_541' title='bbox 2383 1974 2502 2010; x_wconf 89' lang='lat' dir='ltr'>verba</span> 
     </span>
     <span class='ocr_line' id='line_1_86' title="bbox 1447 2022 2501 2074; baseline 0.003 -16"><span class='ocrx_word' id='word_1_542' title='bbox 1447 2022 1527 2059; x_wconf 89' lang='lat' dir='ltr'>sive</span> <span class='ocrx_word' id='word_1_543' title='bbox 1554 2034 1624 2070; x_wconf 93' lang='lat' dir='ltr'>per</span> <span class='ocrx_word' id='word_1_544' title='bbox 1651 2023 1764 2068; x_wconf 91' lang='lat' dir='ltr'>facta;</span> <span class='ocrx_word' id='word_1_545' title='bbox 1803 2024 1902 2060; x_wconf 89' lang='lat' dir='ltr'>fraus</span> <span class='ocrx_word' id='word_1_546' title='bbox 1931 2031 2058 2060; x_wconf 87' lang='lat' dir='ltr'>autem</span> <span class='ocrx_word' id='word_1_547' title='bbox 2086 2023 2206 2071; x_wconf 87' lang='lat' dir='ltr'>magis</span> <span class='ocrx_word' id='word_1_548' title='bbox 2236 2024 2389 2073; x_wconf 91' lang='lat' dir='ltr'>proprie</span> <span class='ocrx_word' id='word_1_549' title='bbox 2416 2037 2501 2074; x_wconf 92' lang='lat' dir='ltr'>per-</span> 
     </span>
     <span class='ocr_line' id='line_1_87' title="bbox 1446 2075 2502 2124; baseline 0.003 -13"><span class='ocrx_word' id='word_1_550' title='bbox 1446 2075 1538 2111; x_wconf 93' lang='lat' dir='ltr'>tinet</span> <span class='ocrx_word' id='word_1_551' title='bbox 1564 2075 1614 2111; x_wconf 86' lang='lat' dir='ltr'>ad</span> <span class='ocrx_word' id='word_1_552' title='bbox 1643 2075 1903 2112; x_wconf 86' lang='lat' dir='ltr'>executionem</span> <span class='ocrx_word' id='word_1_553' title='bbox 1922 2075 2078 2112; x_wconf 89' lang='lat' dir='ltr'>astutiae</span> <span class='ocrx_word' id='word_1_554' title='bbox 2106 2077 2316 2113; x_wconf 90' lang='lat' dir='ltr'>secundum</span> <span class='ocrx_word' id='word_1_555' title='bbox 2336 2078 2441 2124; x_wconf 91' lang='lat' dir='ltr'>quod</span> <span class='ocrx_word' id='word_1_556' title='bbox 2459 2078 2502 2114; x_wconf 91' lang='lat' dir='ltr'>fit</span> 
     </span>
     <span class='ocr_line' id='line_1_88' title="bbox 1445 2127 1650 2175; baseline 0 -12"><span class='ocrx_word' id='word_1_557' title='bbox 1445 2139 1515 2175; x_wconf 91' lang='lat' dir='ltr'>per</span> <span class='ocrx_word' id='word_1_558' title='bbox 1541 2127 1650 2163; x_wconf 89' lang='lat' dir='ltr'>facta.</span> 
     </span>
    </p>

    <p class='ocr_par' dir='ltr' id='par_1_35' title="bbox 1447 2180 2505 2424">
     <span class='ocr_line' id='line_1_89' title="bbox 1499 2180 2502 2229; baseline 0.002 -14"><span class='ocrx_word' id='word_1_559' title='bbox 1499 2181 1558 2216; x_wconf 80' lang='lat' dir='ltr'>An</span> <span class='ocrx_word' id='word_1_560' title='bbox 1586 2191 1723 2216; x_wconf 70' lang='lat' dir='ltr'>ptumum</span> <span class='ocrx_word' id='word_1_561' title='bbox 1750 2190 1848 2216; x_wconf 82' lang='lat' dir='ltr'>ERGO</span> <span class='ocrx_word' id='word_1_562' title='bbox 1868 2191 2052 2216; x_wconf 79' lang='lat' dir='ltr'>mcENDUM</span> <span class='ocrx_word' id='word_1_563' title='bbox 2077 2180 2182 2229; x_wconf 91' lang='lat' dir='ltr'>quod</span> <span class='ocrx_word' id='word_1_564' title='bbox 2200 2182 2406 2228; x_wconf 91' lang='lat' dir='ltr'>Apostolus</span> <span class='ocrx_word' id='word_1_565' title='bbox 2425 2193 2502 2217; x_wconf 91' lang='lat' dir='ltr'>non</span> 
     </span>
     <span class='ocr_line' id='line_1_90' title="bbox 1447 2231 2501 2280; baseline 0.003 -13"><span class='ocrx_word' id='word_1_566' title='bbox 1447 2231 1589 2268; x_wconf 90' lang='lat' dir='ltr'>inducit</span> <span class='ocrx_word' id='word_1_567' title='bbox 1622 2231 1754 2268; x_wconf 91' lang='lat' dir='ltr'>fideles</span> <span class='ocrx_word' id='word_1_568' title='bbox 1782 2232 1831 2268; x_wconf 90' lang='lat' dir='ltr'>ad</span> <span class='ocrx_word' id='word_1_569' title='bbox 1858 2232 1932 2268; x_wconf 93' lang='lat' dir='ltr'>hoc</span> <span class='ocrx_word' id='word_1_570' title='bbox 1969 2232 2072 2280; x_wconf 92' lang='lat' dir='ltr'>quod</span> <span class='ocrx_word' id='word_1_571' title='bbox 2109 2233 2342 2280; x_wconf 91' lang='lat' dir='ltr'>decipiantur</span> <span class='ocrx_word' id='word_1_572' title='bbox 2373 2233 2411 2270; x_wconf 91' lang='lat' dir='ltr'>in</span> <span class='ocrx_word' id='word_1_573' title='bbox 2440 2245 2501 2270; x_wconf 89' lang='lat' dir='ltr'>co-</span> 
     </span>
     <span class='ocr_line' id='line_1_91' title="bbox 1448 2283 2503 2334; baseline 0.002 -15"><span class='ocrx_word' id='word_1_574' title='bbox 1448 2283 1688 2330; x_wconf 86' lang='lat' dir='ltr'>gnoscendo:</span> <span class='ocrx_word' id='word_1_575' title='bbox 1718 2283 1785 2319; x_wconf 91' lang='lat' dir='ltr'>sed</span> <span class='ocrx_word' id='word_1_576' title='bbox 1804 2283 1852 2320; x_wconf 92' lang='lat' dir='ltr'>ad</span> <span class='ocrx_word' id='word_1_577' title='bbox 1872 2285 1945 2320; x_wconf 93' lang='lat' dir='ltr'>hoc</span> <span class='ocrx_word' id='word_1_578' title='bbox 1964 2285 2067 2332; x_wconf 92' lang='lat' dir='ltr'>quod</span> <span class='ocrx_word' id='word_1_579' title='bbox 2088 2284 2266 2321; x_wconf 88' lang='lat' dir='ltr'>effectum</span> <span class='ocrx_word' id='word_1_580' title='bbox 2280 2284 2295 2314; x_wconf 70' lang='grc' dir='ltr'><strong>β</strong></span> <span class='ocrx_word' id='word_1_581' title='bbox 2315 2285 2503 2334; x_wconf 90' lang='lat' dir='ltr'>deceptio-</span> 
     </span>
     <span class='ocr_line' id='line_1_92' title="bbox 1449 2335 2505 2383; baseline 0.003 -12"><span class='ocrx_word' id='word_1_582' title='bbox 1449 2335 1506 2372; x_wconf 91' lang='lat' dir='ltr'>nis</span> <span class='ocrx_word' id='word_1_583' title='bbox 1533 2335 1717 2383; x_wconf 89' lang='lat' dir='ltr'>patienter</span> <span class='ocrx_word' id='word_1_584' title='bbox 1740 2335 1899 2372; x_wconf 88' lang='lat' dir='ltr'>tolerent</span> <span class='ocrx_word' id='word_1_585' title='bbox 1927 2336 1964 2372; x_wconf 94' lang='lat' dir='ltr'>in</span> <span class='ocrx_word' id='word_1_586' title='bbox 1993 2335 2217 2373; x_wconf 91' lang='lat' dir='ltr'>sustinendis</span> <span class='ocrx_word' id='word_1_587' title='bbox 2240 2336 2380 2373; x_wconf 90' lang='lat' dir='ltr'>iniuriis</span> <span class='ocrx_word' id='word_1_588' title='bbox 2407 2338 2505 2374; x_wconf 83' lang='lat' dir='ltr'>frau-</span> 
     </span>
     <span class='ocr_line' id='line_1_93' title="bbox 1450 2387 1766 2424; baseline -0.003 0"><span class='ocrx_word' id='word_1_589' title='bbox 1450 2388 1620 2424; x_wconf 90' lang='lat' dir='ltr'>dulenter</span> <span class='ocrx_word' id='word_1_590' title='bbox 1648 2387 1766 2424; x_wconf 90' lang='lat' dir='ltr'>illatis.</span> 
     </span>
    </p>

    <p class='ocr_par' dir='ltr' id='par_1_36' title="bbox 1451 2440 2507 2686">
     <span class='ocr_line' id='line_1_94' title="bbox 1502 2440 2506 2488; baseline 0.003 -13"><span class='ocrx_word' id='word_1_591' title='bbox 1502 2442 1561 2476; x_wconf 90' lang='lat' dir='ltr'>AD</span> <span class='ocrx_word' id='word_1_592' title='bbox 1589 2451 1778 2476; x_wconf 74' lang='lat' dir='ltr'>SECUNDUM</span> <span class='ocrx_word' id='word_1_593' title='bbox 1807 2451 1990 2476; x_wconf 76' lang='lat' dir='ltr'>DICENDUM</span> <span class='ocrx_word' id='word_1_594' title='bbox 2023 2440 2127 2488; x_wconf 74' lang='lat' dir='ltr'>quo‘d</span> <span class='ocrx_word' id='word_1_595' title='bbox 2153 2441 2322 2477; x_wconf 90' lang='lat' dir='ltr'>executio</span> <span class='ocrx_word' id='word_1_596' title='bbox 2350 2441 2506 2478; x_wconf 89' lang='lat' dir='ltr'>astutiae</span> 
     </span>
     <span class='ocr_line' id='line_1_95' title="bbox 1451 2491 2507 2540; baseline 0.003 -13"><span class='ocrx_word' id='word_1_597' title='bbox 1451 2499 1576 2540; x_wconf 89' lang='lat' dir='ltr'>potest</span> <span class='ocrx_word' id='word_1_598' title='bbox 1594 2492 1676 2528; x_wconf 91' lang='lat' dir='ltr'>fieri</span> <span class='ocrx_word' id='word_1_599' title='bbox 1703 2503 1771 2539; x_wconf 92' lang='lat' dir='ltr'>per</span> <span class='ocrx_word' id='word_1_600' title='bbox 1790 2491 1944 2539; x_wconf 90' lang='lat' dir='ltr'>aliquod</span> <span class='ocrx_word' id='word_1_601' title='bbox 1963 2491 2063 2529; x_wconf 89' lang='lat' dir='ltr'>aliud</span> <span class='ocrx_word' id='word_1_602' title='bbox 2086 2492 2233 2538; x_wconf 84' lang='lat' dir='ltr'>vitium,</span> <span class='ocrx_word' id='word_1_603' title='bbox 2254 2493 2349 2529; x_wconf 90' lang='lat' dir='ltr'>sicut</span> <span class='ocrx_word' id='word_1_604' title='bbox 2369 2501 2404 2529; x_wconf 91' lang='lat' dir='ltr'>et</span> <span class='ocrx_word' id='word_1_605' title='bbox 2423 2505 2507 2531; x_wconf 89' lang='lat' dir='ltr'>exe-</span> 
     </span>
     <span class='ocr_line' id='line_1_96' title="bbox 1453 2543 2506 2592; baseline 0.001 -12"><span class='ocrx_word' id='word_1_606' title='bbox 1453 2544 1552 2581; x_wconf 92' lang='lat' dir='ltr'>cutio</span> <span class='ocrx_word' id='word_1_607' title='bbox 1580 2543 1800 2592; x_wconf 89' lang='lat' dir='ltr'>prudentiae</span> <span class='ocrx_word' id='word_1_608' title='bbox 1835 2544 1878 2580; x_wconf 87' lang='lat' dir='ltr'>fit</span> <span class='ocrx_word' id='word_1_609' title='bbox 1904 2556 1972 2592; x_wconf 91' lang='lat' dir='ltr'>per</span> <span class='ocrx_word' id='word_1_610' title='bbox 2003 2544 2171 2581; x_wconf 88' lang='lat' dir='ltr'>virtutes.</span> <span class='ocrx_word' id='word_1_611' title='bbox 2209 2545 2258 2580; x_wconf 92' lang='lat' dir='ltr'>Et</span> <span class='ocrx_word' id='word_1_612' title='bbox 2285 2546 2358 2581; x_wconf 92' lang='lat' dir='ltr'>hoc</span> <span class='ocrx_word' id='word_1_613' title='bbox 2389 2545 2506 2582; x_wconf 89' lang='lat' dir='ltr'>modo</span> 
     </span>
     <span class='ocr_line' id='line_1_97' title="bbox 1452 2595 2505 2645; baseline 0.001 -12"><span class='ocrx_word' id='word_1_614' title='bbox 1452 2597 1542 2634; x_wconf 89' lang='lat' dir='ltr'>nihil</span> <span class='ocrx_word' id='word_1_615' title='bbox 1569 2597 1745 2645; x_wconf 91' lang='lat' dir='ltr'>prohibet</span> <span class='ocrx_word' id='word_1_616' title='bbox 1774 2595 2099 2633; x_wconf 88' lang='lat' dir='ltr'>defraudationem</span> <span class='ocrx_word' id='word_1_617' title='bbox 2126 2597 2312 2645; x_wconf 89' lang='lat' dir='ltr'>pertinere</span> <span class='ocrx_word' id='word_1_618' title='bbox 2341 2598 2389 2633; x_wconf 91' lang='lat' dir='ltr'>ad</span> <span class='ocrx_word' id='word_1_619' title='bbox 2417 2610 2505 2634; x_wconf 89' lang='lat' dir='ltr'>ava-</span> 
     </span>
     <span class='ocr_line' id='line_1_98' title="bbox 1454 2648 1987 2686; baseline -0.004 0"><span class='ocrx_word' id='word_1_620' title='bbox 1454 2650 1575 2686; x_wconf 91' lang='lat' dir='ltr'>ritiam</span> <span class='ocrx_word' id='word_1_621' title='bbox 1603 2650 1665 2685; x_wconf 89' lang='lat' dir='ltr'>vel</span> <span class='ocrx_word' id='word_1_622' title='bbox 1693 2648 1987 2685; x_wconf 91' lang='lat' dir='ltr'>illiberalitatem.</span> 
     </span>
    </p>

    <p class='ocr_par' dir='ltr' id='par_1_37' title="bbox 1454 2700 2509 2905">
     <span class='ocr_line' id='line_1_99' title="bbox 1506 2700 2509 2748; baseline -0.001 -10"><span class='ocrx_word' id='word_1_623' title='bbox 1506 2704 1564 2738; x_wconf 78' lang='lat' dir='ltr'>Ao</span> <span class='ocrx_word' id='word_1_624' title='bbox 1592 2712 1750 2737; x_wconf 78' lang='lat' dir='ltr'>TERTmM</span> <span class='ocrx_word' id='word_1_625' title='bbox 1777 2712 1963 2737; x_wconf 78' lang='lat' dir='ltr'>DICENDUM</span> <span class='ocrx_word' id='word_1_626' title='bbox 1983 2701 2086 2748; x_wconf 93' lang='lat' dir='ltr'>quod</span> <span class='ocrx_word' id='word_1_627' title='bbox 2112 2700 2163 2737; x_wconf 89' lang='lat' dir='ltr'>illi</span> <span class='ocrx_word' id='word_1_628' title='bbox 2191 2701 2255 2748; x_wconf 89' lang='lat' dir='ltr'>qui</span> <span class='ocrx_word' id='word_1_629' title='bbox 2278 2701 2428 2738; x_wconf 82' lang='lat' dir='ltr'>fraudes</span> <span class='ocrx_word' id='word_1_630' title='bbox 2457 2702 2509 2737; x_wconf 90' lang='lat' dir='ltr'>fa-</span> 
     </span>
     <span class='ocr_line' id='line_1_100' title="bbox 1455 2752 2508 2801; baseline -0.001 -11"><span class='ocrx_word' id='word_1_631' title='bbox 1455 2754 1555 2791; x_wconf 92' lang='lat' dir='ltr'>ciunt</span> <span class='ocrx_word' id='word_1_632' title='bbox 1585 2765 1629 2789; x_wconf 90' lang='lat' dir='ltr'>ex</span> <span class='ocrx_word' id='word_1_633' title='bbox 1649 2765 1781 2789; x_wconf 91' lang='lat' dir='ltr'>eorum</span> <span class='ocrx_word' id='word_1_634' title='bbox 1810 2752 2014 2789; x_wconf 92' lang='lat' dir='ltr'>intentione</span> <span class='ocrx_word' id='word_1_635' title='bbox 2033 2765 2111 2789; x_wconf 91' lang='lat' dir='ltr'>non</span> <span class='ocrx_word' id='word_1_636' title='bbox 2138 2753 2346 2789; x_wconf 90' lang='lat' dir='ltr'>moliuntur</span> <span class='ocrx_word' id='word_1_637' title='bbox 2368 2753 2508 2801; x_wconf 91' lang='lat' dir='ltr'>aliquid</span> 
     </span>
     <span class='ocr_line' id='line_1_101' title="bbox 1456 2805 2509 2854; baseline -0.002 -11"><span class='ocrx_word' id='word_1_638' title='bbox 1456 2814 1585 2843; x_wconf 90' lang='lat' dir='ltr'>contra</span> <span class='ocrx_word' id='word_1_639' title='bbox 1621 2805 1765 2854; x_wconf 89' lang='lat' dir='ltr'>seipsos</span> <span class='ocrx_word' id='word_1_640' title='bbox 1797 2806 1859 2841; x_wconf 91' lang='lat' dir='ltr'>vel</span> <span class='ocrx_word' id='word_1_641' title='bbox 1887 2812 2018 2841; x_wconf 88' lang='lat' dir='ltr'>contra</span> <span class='ocrx_word' id='word_1_642' title='bbox 2055 2805 2200 2841; x_wconf 90' lang='lat' dir='ltr'>animas</span> <span class='ocrx_word' id='word_1_643' title='bbox 2231 2818 2339 2842; x_wconf 88' lang='lat' dir='ltr'>suas:</span> <span class='ocrx_word' id='word_1_644' title='bbox 2369 2807 2434 2842; x_wconf 90' lang='lat' dir='ltr'>sed</span> <span class='ocrx_word' id='word_1_645' title='bbox 2463 2817 2509 2841; x_wconf 91' lang='lat' dir='ltr'>ex</span> 
     </span>
     <span class='ocr_line' id='line_1_102' title="bbox 1454 2857 2509 2905; baseline -0.002 -10"><span class='ocrx_word' id='word_1_646' title='bbox 1454 2859 1551 2895; x_wconf 91' lang='lat' dir='ltr'>iusto</span> <span class='ocrx_word' id='word_1_647' title='bbox 1570 2857 1643 2894; x_wconf 90' lang='lat' dir='ltr'>Dei</span> <span class='ocrx_word' id='word_1_648' title='bbox 1671 2857 1808 2894; x_wconf 90' lang='lat' dir='ltr'>iudicio</span> <span class='ocrx_word' id='word_1_649' title='bbox 1828 2857 2003 2905; x_wconf 87' lang='lat' dir='ltr'>provenit</span> <span class='ocrx_word' id='word_1_650' title='bbox 2021 2864 2062 2892; x_wconf 90' lang='lat' dir='ltr'>ut</span> <span class='ocrx_word' id='word_1_651' title='bbox 2089 2857 2126 2894; x_wconf 92' lang='lat' dir='ltr'>id</span> <span class='ocrx_word' id='word_1_652' title='bbox 2146 2858 2248 2905; x_wconf 94' lang='lat' dir='ltr'>quod</span> <span class='ocrx_word' id='word_1_653' title='bbox 2269 2864 2397 2894; x_wconf 90' lang='lat' dir='ltr'>contra</span> <span class='ocrx_word' id='word_1_654' title='bbox 2416 2857 2509 2894; x_wconf 88' lang='lat' dir='ltr'>alios</span> 
     </span>
    </p>
   </div>
   <div class='ocr_carea' id='block_1_29' title="bbox 1446 2910 2508 2957">
    <p class='ocr_par' dir='ltr' id='par_1_38' title="bbox 1446 2910 2508 2957">
     <span class='ocr_line' id='line_1_103' title="bbox 1446 2910 2508 2957; baseline -0.001 -10"><span class='ocrx_word' id='word_1_655' title='bbox 1446 2910 1661 2947; x_wconf 86' lang='lat' dir='ltr'>moliuntur</span> <span class='ocrx_word' id='word_1_656' title='bbox 1689 2916 1819 2946; x_wconf 91' lang='lat' dir='ltr'>contra</span> <span class='ocrx_word' id='word_1_657' title='bbox 1847 2921 1912 2945; x_wconf 93' lang='lat' dir='ltr'>eos</span> <span class='ocrx_word' id='word_1_658' title='bbox 1932 2917 2204 2957; x_wconf 78' lang='lat' dir='ltr'>retorqueatur3</span> <span class='ocrx_word' id='word_1_659' title='bbox 2233 2910 2443 2946; x_wconf 91' lang='lat' dir='ltr'>secundum</span> <span class='ocrx_word' id='word_1_660' title='bbox 2469 2910 2508 2946; x_wconf 92' lang='lat' dir='ltr'>il-</span> 
     </span>
    </p>
   </div>
   <div class='ocr_carea' id='block_1_30' title="bbox 1454 2962 2409 3009">
    <p class='ocr_par' dir='ltr' id='par_1_39' title="bbox 1454 2962 2409 3009">
     <span class='ocr_line' id='line_1_104' title="bbox 1454 2962 2409 3009; baseline -0.002 -9"><span class='ocrx_word' id='word_1_661' title='bbox 1454 2964 1519 3000; x_wconf 93' lang='lat' dir='ltr'>lud</span> <span class='ocrx_word' id='word_1_662' title='bbox 1546 2963 1685 2999; x_wconf 91' lang='lat' dir='ltr'>Psalm.</span> <span class='ocrx_word' id='word_1_663' title='bbox 1705 2962 1741 2998; x_wconf 77' lang='lat' dir='ltr'>*z</span> <span class='ocrx_word' id='word_1_664' title='bbox 1770 2962 1906 2998; x_wconf 86' lang='lat' dir='ltr'>Incidit</span> <span class='ocrx_word' id='word_1_665' title='bbox 1931 2962 1967 2998; x_wconf 90' lang='lat' dir='ltr'>in</span> <span class='ocrx_word' id='word_1_666' title='bbox 1991 2963 2145 3007; x_wconf 82' lang='lat' dir='ltr'>foveam</span> <span class='ocrx_word' id='word_1_667' title='bbox 2173 2973 2286 3009; x_wconf 86' lang='lat' dir='ltr'>quam</span> <span class='ocrx_word' id='word_1_668' title='bbox 2310 2962 2409 3009; x_wconf 87' lang='lat' dir='ltr'>fecit.</span> 
     </span>
    </p>
   </div>
   <div class='ocr_carea' id='block_1_31' title="bbox 403 3076 1406 3113">
    <p class='ocr_par' dir='ltr' id='par_1_40' title="bbox 403 3076 1406 3113">
     <span class='ocr_line' id='line_1_105' title="bbox 403 3076 1406 3113; baseline -0.003 -9"><span class='ocrx_word' id='word_1_669' title='bbox 403 3080 429 3113; x_wconf 85' lang='grc' dir='ltr'>α)</span> <span class='ocrx_word' id='word_1_670' title='bbox 447 3078 636 3112; x_wconf 72' lang='lat' dir='ltr'>acceptionem.</span> <span class='ocrx_word' id='word_1_671' title='bbox 652 3093 671 3098; x_wconf 98' lang='lat'>-</span> <span class='ocrx_word' id='word_1_672' title='bbox 689 3079 870 3111; x_wconf 83' lang='lat' dir='ltr'>exceptionem</span> <span class='ocrx_word' id='word_1_673' title='bbox 890 3078 922 3108; x_wconf 89' lang='lat' dir='ltr'>P;</span> <span class='ocrx_word' id='word_1_674' title='bbox 941 3086 989 3110; x_wconf 84' lang='lat' dir='ltr'>pro</span> <span class='ocrx_word' id='word_1_675' title='bbox 1009 3078 1049 3102; x_wconf 80' lang='lat' dir='ltr'>vel</span> <span class='ocrx_word' id='word_1_676' title='bbox 1067 3078 1253 3109; x_wconf 78' lang='lat' dir='ltr'>receptionem,</span> <span class='ocrx_word' id='word_1_677' title='bbox 1274 3077 1315 3101; x_wconf 79' lang='lat' dir='ltr'>vel</span> <span class='ocrx_word' id='word_1_678' title='bbox 1333 3076 1406 3101; x_wconf 87' lang='lat' dir='ltr'>dece-</span> 
     </span>
    </p>
   </div>
   <div class='ocr_carea' id='block_1_32' title="bbox 345 3113 1055 3148">
    <p class='ocr_par' dir='ltr' id='par_1_41' title="bbox 345 3113 1055 3148">
     <span class='ocr_line' id='line_1_106' title="bbox 345 3113 1055 3148; baseline -0.004 -8"><span class='ocrx_word' id='word_1_679' title='bbox 345 3115 465 3148; x_wconf 64' lang='lat' dir='ltr'>ptionem</span> <span class='ocrx_word' id='word_1_680' title='bbox 482 3113 514 3146; x_wconf 82' lang='lat' dir='ltr'>E,</span> <span class='ocrx_word' id='word_1_681' title='bbox 532 3115 574 3139; x_wconf 72' lang='lat' dir='ltr'>vel</span> <span class='ocrx_word' id='word_1_682' title='bbox 590 3122 650 3139; x_wconf 86' lang='lat' dir='ltr'>cum</span> <span class='ocrx_word' id='word_1_683' title='bbox 668 3114 752 3147; x_wconf 73' lang='lat' dir='ltr'>spatio</span> <span class='ocrx_word' id='word_1_684' title='bbox 770 3121 852 3138; x_wconf 83' lang='lat' dir='ltr'>vacuo</span> <span class='ocrx_word' id='word_1_685' title='bbox 871 3113 899 3143; x_wconf 80' lang='lat' dir='ltr'>F,</span> <span class='ocrx_word' id='word_1_686' title='bbox 918 3120 970 3137; x_wconf 86' lang='lat' dir='ltr'>om.</span> <span class='ocrx_word' id='word_1_687' title='bbox 990 3113 1055 3145; x_wconf 71' lang='lat' dir='ltr'>pr.</span> 
     </span>
    </p>
   </div>
   <div class='ocr_carea' id='block_1_33' title="bbox 495 3498 998 3524">
    <p class='ocr_par' dir='ltr' id='par_1_42' title="bbox 495 3498 998 3524">
     <span class='ocr_line' id='line_1_107' title="bbox 495 3498 998 3524; baseline -0.004 0"><span class='ocrx_word' id='word_1_688' title='bbox 495 3500 604 3524; x_wconf 67' lang='lat' dir='ltr'>Summa</span> <span class='ocrx_word' id='word_1_689' title='bbox 623 3499 723 3523; x_wconf 72' lang='grc' dir='ltr'>Τιηῑοι.</span> <span class='ocrx_word' id='word_1_690' title='bbox 743 3499 774 3523; x_wconf 88' lang='lat' dir='ltr'>D.</span> <span class='ocrx_word' id='word_1_691' title='bbox 793 3498 907 3523; x_wconf 69' lang='grc' dir='ltr'><strong>ΤηοΜΑε</strong></span> <span class='ocrx_word' id='word_1_692' title='bbox 922 3498 953 3522; x_wconf 92' lang='grc' dir='ltr'>Τ.</span> <span class='ocrx_word' id='word_1_693' title='bbox 967 3498 998 3522; x_wconf 92' lang='lat' dir='ltr'>V.</span> 
     </span>
    </p>
   </div>
   <div class='ocr_carea' id='block_1_34' title="bbox 1514 3074 1978 3108">
    <p class='ocr_par' dir='ltr' id='par_1_43' title="bbox 1514 3074 1978 3108">
     <span class='ocr_line' id='line_1_108' title="bbox 1514 3074 1978 3108; baseline -0.004 -8"><span class='ocrx_word' id='word_1_694' title='bbox 1514 3075 1540 3108; x_wconf 80' lang='grc' dir='ltr'>β)</span> <span class='ocrx_word' id='word_1_695' title='bbox 1559 3076 1687 3108; x_wconf 70' lang='lat' dir='ltr'>effectum.</span> <span class='ocrx_word' id='word_1_696' title='bbox 1704 3088 1723 3092; x_wconf 98' lang='lat'>—</span> <span class='ocrx_word' id='word_1_697' title='bbox 1742 3074 1870 3107; x_wconf 85' lang='lat' dir='ltr'>desectum</span> <span class='ocrx_word' id='word_1_698' title='bbox 1889 3074 1978 3098; x_wconf 82' lang='lat' dir='ltr'>PDRa.</span> 
     </span>
    </p>
   </div>
   <div class='ocr_carea' id='block_1_35' title="bbox 2537 2967 2717 2992">
    <p class='ocr_par' dir='ltr' id='par_1_44' title="bbox 2537 2967 2717 2992">
     <span class='ocr_line' id='line_1_109' title="bbox 2537 2967 2717 2992; baseline -0.006 -4"><span class='ocrx_word' id='word_1_699' title='bbox 2537 2967 2545 2975; x_wconf 78' lang='lat'>⁸</span> <span class='ocrx_word' id='word_1_700' title='bbox 2552 2968 2587 2988; x_wconf 76' lang='lat' dir='ltr'>Ps.</span> <span class='ocrx_word' id='word_1_701' title='bbox 2596 2973 2635 2992; x_wconf 84' lang='lat' dir='ltr'>vn,</span> <span class='ocrx_word' id='word_1_702' title='bbox 2645 2973 2694 2988; x_wconf 72' lang='lat' dir='ltr'>vers</span> <span class='ocrx_word' id='word_1_703' title='bbox 2712 2973 2717 2987; x_wconf 91' lang='lat'>1</span> 
     </span>
    </p>
   </div>
  </div>
 </body>
</html>
