2892 4056
61 659 141 708 §.eft
155 664 271 707 1222·ae

61 1125 73 1138 ⁸
85 1125 162 1146 neem
175 1123 230 1146 Pu.

61 1206 188 1229 'ven-2.

73 2771 82 2780 '
97 2767 164 2790 Vero.
178 2773 198 2796 5.

73 2979 148 3000 ἈΙ-1.

974 121 1239 168 QUAESTIO
1269 121 1408 168 XXIII,
1438 121 1732 158 ARTICULUS
1760 120 1796 157 V

296 201 430 239 tialiter
457 200 582 237 omnis
609 200 748 237 virtus:
778 200 846 237 sed
874 200 964 248 quia
988 201 1035 236 ab
1065 212 1110 236 ea
1138 199 1354 248 dependent

297 252 506 302 aliqualiter
524 265 660 289 omnes
679 253 847 300 virtutes,
863 261 904 289 ut
922 253 1016 289 infra
1029 252 1050 274 '¹‘
1065 252 1220 290 dicetur.
1250 251 1355 289 Sicut

298 307 411 344 etiam
443 305 643 355 prudentia
675 306 829 354 ponitur
861 305 898 342 in
923 305 1140 342 definitione
1173 305 1353 342 virtutum

259 373 269 378 ·
297 359 514 405 moralium,
530 366 572 394 ut
590 366 693 406 patet
706 359 743 394 in
764 360 794 394 II
811 357 831 379 ’¹‘
850 366 887 394 et
904 359 954 394 VI
971 357 1011 379 ²¹³*
1028 358 1162 403 Ethic„
1184 370 1230 394 eo
1251 356 1355 406 quod
1380 357 1382 369 ¹

259 425 271 430 ·
297 412 453 453 virtutes
481 412 645 448 morales
674 411 891 459 dependent
920 423 941 446 a
969 410 1181 458 prudentia.

350 467 409 501 An
451 469 640 501 s‘EcunnuM
676 475 860 500 mcENDUM
901 463 1005 512 quod
1042 463 1160 499 virtus
1197 464 1259 499 vel
1296 474 1356 499 ars

299 517 347 555 ad
375 529 492 565 quam
521 516 683 565 pertinet
718 516 803 553 finis
836 515 1011 561 ultimus,
1049 515 1209 563 imperat
1241 515 1357 551 virtu-

298 570 397 607 tibus
424 570 487 606 vel
515 569 657 606 artibus
685 569 735 606 ad
754 580 850 616 quas
871 566 1063 616 pertinent
1086 567 1146 604 alii
1174 567 1271 604 fines
1299 579 1357 604 se-

299 621 480 670 cundarii,
510 622 605 659 sicut
633 621 800 658 militaris
831 619 994 669 imperat
1031 620 1214 669 equestri,
1243 628 1284 657 ut
1304 619 1356 656 di-

299 675 394 712 citur
421 675 459 712 in
488 675 502 711 Ι
531 675 650 712 Ethi.c
677 673 698 696 ¹⁵
731 674 780 710 Et
809 672 917 720 ideo,
956 672 1046 720 quia
1075 673 1207 709 caritas
1241 673 1358 709 habet

2395 122 2464 168 169

1408 211 1476 247 pro
1505 199 1654 235 obiecto
1684 199 1859 235 ultimum
1889 199 2007 235 finem
2039 199 2231 234 humanae
2259 198 2371 244 vitae,
2399 199 2469 234 sci-

1406 251 1492 288 licet
1524 251 1798 289 beatitudinem
1818 259 2026 298 aeternam,
2052 251 2138 287 ideo
2169 251 2334 287 extendit
2358 263 2398 286 se
2419 251 2468 287 ad

1409 312 1514 340 actus
1542 304 1654 341 totius
1673 305 1866 341 humanae
1893 304 1994 341 vitae
2013 316 2082 352 per
2110 303 2270 340 modum
2300 303 2467 351 imperii,

1409 369 1486 393 non
1515 357 1623 404 quasi
1652 357 1872 394 immediate
1911 356 2061 393 eliciens
2100 368 2235 392 omnes
2264 363 2368 392 actus
2395 355 2470 392 vir-

1409 417 1546 446 tutum.

1462 464 1521 498 An
1540 473 1699 498 TERTmM
1719 473 1903 499 mcizNDUM
1933 462 2038 510 quod
2065 468 2311 510 praeceptum
2341 461 2387 497 de
2417 460 2470 498 di-

1409 514 1560 562 ligendo
1586 513 1719 550 dicitur
1747 527 1830 551 esse
1858 514 1973 551 iussio
2003 513 2199 562 generalis,
2221 514 2310 562 quia
2329 514 2379 550 ad
2397 514 2471 550 hoc

1411 567 1643 605 reducuntur
1671 567 1801 604 omnia
1819 567 1892 604 alia
1919 574 2123 615 praecepta
2151 567 2246 603 sicut
2265 566 2315 603 ad
2333 567 2469 603 finem:

1382 617 1384 638 ³
1411 620 1624 657 secundum
1667 619 1757 656 illud
1786 621 1799 656 I
1829 621 1880 657 ad
1910 620 2005 657 Tim.
2035 619 2106 656 1²⁸:
2144 619 2249 656 Finis
2280 619 2474 668 praecepti

1411 673 1548 710 caritas
1575 678 1638 709 est.

968 775 1303 810 Commentaria
1325 776 1578 811 Gar-dinalis
1602 776 1805 810 Caietam

329 869 350 889 n
373 858 504 889 articulo
529 864 642 898 quarto
669 856 747 887 scito
774 855 863 896 quod
886 856 1010 886 bonum
1035 855 1196 891 divinum,
1225 855 1359 895 inquan-

303 871 400 934 Itum
429 900 629 933 beatitudinis
659 900 835 936 obiectum,
859 899 973 930 habere
1001 899 1170 940 specialem
1203 899 1359 929 rationem

299 946 385 983 boni,
409 952 515 986 potest
535 943 667 984 intelligi
690 943 866 984 dupliciter.
888 943 1007 979 Primo,
1025 950 1060 974 ut
1083 953 1147 974 una
1165 942 1360 983 particularis
1384 941 1386 966 i

298 990 378 1021 ratio
401 987 604 1029 distinguitur
625 995 734 1019 contra
756 987 851 1018 aliam
874 987 1107 1028 particularem.
1138 986 1226 1019 verbi
1251 985 1360 1026 gratia,

299 1040 335 1065 ut
357 1031 509 1074 sapientia
532 1031 735 1072 distinguitur
756 1042 774 1062 a
797 1030 949 1071 potentia.
973 1031 1013 1062 Et
1028 1031 1072 1062 sic
1095 1040 1162 1061 non
1186 1037 1232 1061 est
1248 1040 1360 1061 verum

299 1078 388 1119 quod
417 1078 541 1108 bonum
564 1076 725 1113 divinum,
750 1082 786 1106 ut
815 1075 977 1106 obiectum
1006 1075 1223 1111 beatitudinis,
1248 1075 1361 1105 habeat

299 1121 467 1163 specialem
490 1120 646 1157 rationem
665 1120 752 1151 boni.
778 1120 866 1151 Deus
890 1120 976 1151 enim
989 1119 1007 1139 *
1029 1129 1096 1150 non
1111 1097 1288 1150 secundum
1307 1119 1362 1150 ali-

299 1175 397 1207 quam
419 1165 589 1206 specialem
611 1164 767 1196 rationem
783 1172 830 1195 est
845 1164 1007 1195 obiectum
1028 1163 1230 1195 beatitudinis
1252 1163 1285 1194 in
1305 1173 1361 1203 pa-

298 1209 366 1246 tria,
382 1209 438 1240 sed
454 1209 631 1240 secundum
650 1208 806 1249 seipsum:
823 1208 976 1249 scriptum
992 1215 1039 1239 est
1058 1208 1143 1239 enim
1162 1207 1174 1238 I
1191 1208 1278 1238 Ioan.
1290 1206 1362 1243 111*,

299 1254 390 1295 quod
413 1254 587 1284 videbimus
609 1262 680 1284 eum
704 1253 799 1284 sicuti
821 1257 877 1283 est.

352 1298 435 1331 Alio
450 1303 526 1337 ergo
548 1296 649 1328 modo
671 1296 856 1336 intelligitur
878 1303 915 1327 ut
937 1296 1122 1326 universalis
1151 1295 1230 1326 ratio
1254 1294 1362 1326 distin·
1388 1294 1389 1308 ¹

300 1342 407 1383 guitur
422 1349 531 1372 contra
545 1341 764 1382 particulares;
781 1350 837 1371 seu
853 1347 890 1371 ut
903 1340 984 1371 ratio
999 1340 1144 1370 absolute
1160 1339 1364 1379 distinguitur

301 1394 410 1418 contra
431 1385 587 1418 rationem
610 1385 787 1416 secundum
806 1384 894 1425 quid.
918 1384 959 1414 Et
980 1384 1042 1414 hoc
1065 1384 1165 1414 modo
1183 1392 1296 1414 verum
1317 1389 1364 1413 est

301 1431 390 1472 quod
420 1431 543 1460 bonum
574 1428 737 1465 divinum,
761 1435 797 1459 ut
828 1428 990 1458 obiectum
1019 1426 1238 1462 beatitudinis,
1269 1426 1364 1457 habet

1413 855 1582 895 specialem
1604 855 1760 885 rationem
1783 855 1870 886 boni.
1907 856 1994 886 Deus
2017 855 2174 896 siquidem
2196 855 2274 895 ipse,
2299 856 2475 886 secundum

1412 899 1563 938 seipsum,
1587 899 1668 929 sicut
1691 906 1746 933 est,
1771 899 1932 929 obiectum
1955 899 2156 929 beatitudinis
2179 899 2211 929 in
2233 899 2331 939 patria
2354 907 2413 930 est:
2445 906 2476 930 et

1413 942 1488 983 quia
1510 942 1587 972 haec
1615 949 1661 972 est
1684 952 1832 982 suprema
1851 949 1881 973 et
1904 943 2168 973 universalissima
2197 943 2276 973 ratio
2300 944 2372 979 Dei,
2397 944 2475 974 aliae

1385 1004 1387 1023 2
1413 985 1550 1017 rationes
1574 985 1671 1016 divini
1694 985 1771 1016 boni
1794 986 2031 1026 distinguuntur
2054 987 2092 1016 ab
2117 986 2175 1017 ista
2198 994 2234 1017 ut
2264 987 2400 1017 rationes
2429 998 2475 1018 se-

1414 1030 1556 1061 cundum
1572 1030 1650 1071 quid
1666 1040 1684 1060 a
1700 1030 1891 1070 simpliciter,
1916 1038 1946 1061 et
1967 1037 2002 1061 ut
2017 1030 2219 1070 particulares
2239 1031 2276 1061 ab
2297 1031 2475 1067 universali,

1414 1084 1480 1105 non
1510 1074 1543 1104 in
1567 1074 1795 1114 praedicando,
1819 1074 1875 1104 sed
1898 1075 1988 1115 quasi
2019 1074 2052 1104 in
2083 1075 2215 1104 essendo
2245 1082 2275 1105 et
2305 1075 2475 1105 causando.

1414 1119 1507 1150 Unde
1529 1119 1617 1149 Deus
1639 1126 1676 1149 ut
1698 1118 1858 1149 obiectum
1881 1118 2083 1149 beatitudinis
2104 1119 2254 1149 naturalis
2275 1119 2478 1158 distinguitur

1416 1173 1433 1193 a
1456 1162 1561 1202 seipso
1592 1169 1628 1193 ut
1650 1162 1811 1193 obiectum
1842 1162 2043 1194 beatitudinis
2074 1163 2335 1203 supernaturalis,
2366 1170 2402 1193 ut
2431 1173 2476 1192 se-

1387 1234 1389 1241 ,
1416 1207 1559 1238 cundum
1575 1207 1653 1248 quid
1667 1217 1684 1237 a
1700 1206 1892 1246 simpliciter.
1917 1207 1958 1237 Et
1981 1207 2084 1237 simile
2100 1213 2146 1237 est
2166 1207 2204 1236 de
2221 1207 2478 1247 quibuscumque

1416 1250 1483 1281 aliis
1512 1250 1696 1282 rationibus.
1734 1250 1775 1280 Et
1798 1251 1837 1281 ad
1867 1250 1953 1281 hunc
1980 1261 2110 1281 sensum
2137 1251 2285 1281 reducere
2316 1257 2477 1282 memento

1388 1368 1390 1380 y
1416 1345 1464 1369 est
1481 1339 1571 1379 quod
1594 1339 1632 1369 de
1651 1339 1744 1369 beato
1771 1339 1923 1380 scriptum
1943 1346 1990 1369 est
2009 1338 2027 1358 *
2042 1339 2130 1379 quod
2146 1349 2244 1379 super
2267 1340 2374 1368 omnia
2397 1339 2478 1369 bona

1415 1392 1475 1413 sua
1492 1384 1660 1413 constituet
1676 1393 1747 1413 eum
1753 1391 1766 1421 ;
1785 1390 1815 1413 et
1833 1383 1923 1423 quod
1943 1383 2052 1413 caritas
2069 1383 2220 1413 omnibus
2236 1383 2385 1423 imperat:
2401 1383 2479 1412 haec

1416 1426 1503 1456 enim
1526 1436 1563 1456 ex
1586 1436 1735 1467 suprema
1758 1426 1990 1457 universalitate
2014 1426 2128 1456 obiecti
2152 1434 2235 1457 sunt.

1091 1574 1408 1617 ARTICULUS
1439 1574 1696 1626 QUINTUS

1017 1659 1173 1691 UTRUM
1197 1659 1382 1690 CARITAS
1406 1659 1472 1690 sn·
1496 1659 1587 1690 UNA
1610 1658 1768 1689 vmrus

862 1737 893 1763 111
913 1738 996 1768 Sent„
1016 1738 1076 1763 dist,
1093 1745 1170 1767 nvn,
1188 1745 1234 1770 qu.
1252 1745 1279 1768 ιι,
1298 1742 1346 1762 art.
1364 1745 1389 1768 4,
1409 1737 1460 1769 qu⁸
1483 1744 1491 1761 1
1502 1745 1510 1768 ;
1530 1737 1572 1761 De
1589 1736 1696 1765 Virtut„
1716 1744 1760 1769 qu.
1778 1744 1806 1766 ιι,
1826 1742 1872 1763 art.
1891 1745 1917 1768 4.

513 1822 537 1847 ι)
557 1821 719 1853 QumTuM
738 1821 792 1847 sm
813 1820 1054 1846 moer-:mrum
1074 1808 1234 1846 Videtur
1257 1808 1363 1867 quod

463 1862 477 1868 ‘
516 1863 650 1900 caritas
669 1875 748 1900 non
768 1863 814 1900 sit
831 1874 909 1900 una
925 1862 1057 1900 virtus.
1078 1861 1241 1898 Habitus
1261 1861 1363 1898 enim

451 1900 796 1966 'ffffidistinguuntur
831 1915 1044 1953 secundum
1081 1915 1244 1952 obiecta.
1288 1914 1364 1951 Sed

381 1963 455 1999 ”’““ν
487 1987 502 2000 -κι
517 1969 595 2006 duo
627 1977 715 2006 sunt
749 1969 898 2006 obiecta
935 1968 1118 2015 caritatis,
1147 1969 1254 2004 Deus
1283 1972 1300 1989 ⁶
1329 1975 1365 2004 et

304 2020 513 2071 proximus,
533 2033 634 2070 quae
658 2021 697 2058 in
725 2021 916 2059 infinitum
944 2022 993 2058 ab
1021 2021 1186 2058 invicem
1215 2020 1364 2058 distant.

306 2075 408 2122 Ergo
437 2074 572 2112 caritas
600 2086 679 2112 non
708 2082 764 2111 est
788 2087 867 2111 una
895 2074 1028 2111 virtus.

362 2139 396 2164 2.
426 2127 659 2175 Pmmm,
689 2127 863 2165 diversae
891 2125 1056 2164 rationes
1084 2126 1222 2163 obiecti
1243 2126 1368 2164 diver-

307 2180 456 2219 sifieant
483 2180 655 2218 habitum
671 2209 680 2227 ‚
719 2180 831 2218 etiarn
863 2180 895 2217 si
926 2180 1120 2217 obiectum
1145 2179 1190 2216 sit
1221 2178 1368 2216 realiter
1392 2191 1393 2230 ᾗ

243 2250 250 2255 ·
273 2251 279 2282 ;
307 2233 423 2280 idem,
443 2240 486 2270 ut
503 2245 549 2271 ex
567 2233 791 2283 supradictis
809 2232 830 2255 *²

274 2303 279 2308 ·
309 2286 474 2324 rationes
501 2285 679 2334 diligendi
705 2287 851 2323 Deum:
877 2286 968 2335 quia
995 2298 1042 2323 ex
1070 2285 1225 2334 singulis
1253 2286 1368 2322 bene-

855 2240 969 2282 patet.
1009 2233 1087 2270 Sed
1116 2233 1258 2270 multae
1281 2239 1369 2269 sunt

309 2338 403 2376 ficiis
432 2338 512 2375 eius
543 2338 730 2387 perceptis
766 2338 956 2376 debitores
993 2351 1126 2375 sumus
1159 2338 1369 2375 dilectionis

310 2391 439 2441 ipsius.
478 2391 581 2439 Ergo
610 2391 742 2428 caritas
770 2403 848 2428 non
877 2399 933 2427 est
959 2403 1036 2427 una
1063 2391 1195 2427 virtus.

365 2444 400 2482 3.
429 2444 668 2490 PRAETEREA,
697 2444 768 2481 sub
798 2443 949 2480 caritate
978 2443 1180 2480 includitur
1206 2443 1370 2479 amicitia
1395 2421 1396 2447 ;

277 2514 284 2520 ·
311 2497 610 2546 adproximum.
640 2496 718 2534 Sed
737 2496 1004 2545 Philosophus,
1030 2496 1069 2532 in
1088 2496 1174 2532 VIII
1193 2495 1312 2532 Ethic.
1333 2494 1370 2541 *,

311 2550 419 2599 ponit
438 2549 608 2587 diversas
627 2549 812 2587 amicitiae
832 2549 990 2598 species.
1015 2550 1118 2596 Ergo
1140 2548 1273 2585 caritas
1292 2559 1372 2584 non

312 2611 368 2640 est
381 2616 458 2640 una
470 2603 600 2650 virtus,
612 2603 679 2640 sed
695 2602 962 2651 multiplicatur
976 2602 1014 2638 in
1030 2601 1198 2638 diversas
1213 2601 1370 2649 species.

366 2656 441 2693 SED
461 2667 618 2702 CONTRA,
639 2655 735 2692 sicut
762 2655 964 2699 obiectum„
975 2654 1066 2691 fidei
1095 2662 1151 2690 est
1175 2655 1293 2700 Deus,
1323 2653 1373 2690 ita
1398 2658 1399 2663 ’

313 2716 349 2746 et
363 2709 535 2746 caritatis.
557 2709 633 2746 Sed
652 2708 749 2745 fides
770 2716 824 2745 est
843 2720 920 2745 una
934 2707 1064 2754 virtus,
1080 2714 1236 2756 propter
1254 2705 1373 2743 unita-

312 2769 389 2799 tem
406 2761 557 2799 divinae
567 2761 750 2798 veritatis:
767 2761 979 2798 secundum
996 2761 1086 2797 illud
1101 2758 1370 2808 adEpheS.1v*:

318 2815 402 2852 Una
428 2814 540 2862 fideS.
582 2815 685 2862 Ergo
724 2814 837 2851 etiarn
867 2814 1000 2850 caritas
1039 2820 1093 2850 est
1127 2825 1205 2849 una
1231 2812 1372 2856 virtus,
1399 2818 1400 2824 ¹

313 2874 469 2916 propter
496 2866 678 2904 unitatem
708 2867 858 2904 divinae
887 2866 1075 2904 bonitatis.

367 2920 592 2956 Responosso
611 2931 796 2957 mCENDUM
825 2919 930 2968 quod
952 2919 1098 2966 caritas,
1119 2918 1214 2955 sicut
1233 2918 1374 2955 dictum

316 2979 372 3008 est
389 2970 430 3018 ²¹²,
467 2978 523 3009 est
549 2972 740 3022 quaedam
770 2972 934 3009 amicitia
961 2971 1127 3008 hominis
1155 2971 1204 3008 ad
1231 2972 1372 3008 Deum.

314 3023 499 3062 Diversae
528 3032 656 3062 autem
684 3024 936 3062 amicitiarum
965 3024 1112 3074 species
1140 3024 1376 3073 accipiuntur

315 3076 472 3127 quidem
501 3089 578 3114 uno
599 3077 719 3114 modo
748 3077 962 3115 secundum
990 3077 1247 3115 diversitatem
1266 3076 1373 3113 finis:

316 3137 354 3167 et
371 3129 584 3168 secundum
612 3130 687 3167 hoc
707 3129 881 3167 dicuntur
908 3138 983 3167 tres
1011 3129 1156 3179 species
1176 3128 1374 3176 amicitiae,

317 3182 457 3220 scilicet
476 3182 639 3219 amicitia
656 3183 768 3230 utilis,
789 3183 1019 3220 delectabilis
1039 3190 1076 3219 et
1094 3182 1254 3219 honesti.
1288 3181 1374 3219 Alio

315 3236 447 3282 modo,
468 3236 681 3274 secundum
702 3235 960 3273 diversitatem
981 3234 1374 3272 communicationum

317 3288 354 3325 in
373 3288 511 3338 quibus
540 3289 726 3326 amicitiae
755 3288 979 3326 fundantur:
1010 3287 1105 3326 sicut
1132 3288 1204 3326 alia
1231 3288 1375 3337 species

371 3423 398 3455 e)
420 3423 501 3448 Deus.
519 3437 537 3442 -
555 3423 654 3449 scih’cet
673 3423 745 3447 Deus
765 3423 835 3447 PDn.

459 3476 568 3500 Sumne
586 3475 687 3499 Τιιιῑοι..
706 3475 738 3499 D.
750 3474 864 3498 Tnoms
883 3474 915 3499 Τ.
934 3474 965 3498 V.

1416 1807 1605 1844 amicitiae
1626 1814 1682 1844 est
1701 1807 2088 1855 consanguineomm,
2110 1815 2146 1844 et
2169 1807 2240 1844 alia
2265 1807 2481 1844 concivium

1417 1868 1482 1897 aut
1509 1860 1843 1910 peregrinantium,
1867 1872 2029 1909 quarum
2057 1872 2135 1897 una
2163 1860 2341 1897 fundatur
2369 1872 2484 1909 super

1418 1913 1768 1950 communicatione
1801 1913 1984 1960 naturali,
2018 1913 2112 1949 aliae
2132 1911 2147 1942 β
2166 1925 2282 1962 super
2310 1925 2482 1950 commu-

1417 1966 1606 2003 nicatione
1636 1965 1735 2003 civili
1761 1966 1824 2003 vel
1851 1965 2185 2015 peregrinationis3
2214 1974 2256 2003 ut
2282 1974 2387 2014 patet
2414 1978 2484 2015 per

1418 2019 1710 2068 Philosophum,
1730 2019 1768 2055 in
1778 2019 1865 2056 VIII
1875 2019 1996 2056 Ethic.
2008 2020 2029 2040 *
2042 2039 2067 2046 -
2089 2019 2236 2056 Neutro
2251 2027 2380 2056 autem
2396 2019 2484 2056 isto-

1419 2085 1506 2109 rum
1525 2072 1732 2109 modorum
1752 2072 1884 2109 caritas
1902 2079 2028 2121 potest
2048 2072 2165 2109 dividi
2183 2072 2222 2109 in
2236 2073 2357 2121 plura.
2379 2073 2483 2109 Nam

1421 2125 1580 2162 caritatis
1599 2125 1686 2162 finis
1710 2133 1767 2162 est
1785 2137 1896 2173 unus,
1917 2125 2058 2162 scilicet
2078 2124 2207 2162 divina
2226 2125 2387 2162 bonitas.
2417 2126 2486 2162 Est

1420 2178 1534 2215 etiarn
1555 2185 1592 2215 et
1611 2189 1689 2215 una
1708 2178 2006 2215 communicatio
2029 2174 2268 2215 beatitudinis
2288 2186 2482 2226 aeternae,

1421 2244 1536 2280 super
1563 2243 1680 2280 quam
1708 2231 1804 2268 haec
1832 2231 1997 2268 amicitia
2024 2231 2214 2268 fundatur.
2246 2232 2356 2269 Unde
2376 2231 2486 2268 relin-

1422 2285 1548 2334 quitur
1584 2284 1690 2333 quod
1728 2284 1862 2321 caritas
1897 2292 1952 2321 est
1980 2284 2196 2333 simpliciter
2231 2297 2308 2321 una
2345 2284 2484 2332 virtus,

1421 2350 1500 2375 non
1528 2337 1704 2374 distincta
1730 2337 1768 2373 in
1797 2338 1925 2386 plures
1954 2337 2113 2385 species.

1475 2393 1534 2426 Αι)
1554 2401 1692 2426 patmum
1707 2401 1805 2426 ERoo
1819 2401 2004 2427 Dici-:nuum
2024 2389 2130 2437 quod
2150 2390 2243 2426 ratio
2263 2390 2325 2426 illa
2345 2390 2484 2426 directe

1422 2442 1650 2490 procederet
1669 2441 1699 2477 si
1718 2443 1824 2478 Deus
1853 2449 1890 2478 et
1916 2437 2112 2490 proximu's
2142 2455 2187 2479 ex
2207 2455 2331 2490 aequo
2362 2450 2487 2479 essent

1425 2493 1586 2531 caritatis
1605 2493 1767 2530 obiecta.
1797 2495 1884 2531 Hoc
1903 2502 2037 2541 autem*
2057 2507 2135 2531 non
2156 2502 2212 2532 est
2228 2507 2388 2531 verum:
2417 2495 2484 2532 sed

1424 2549 1530 2584 Deus
1559 2553 1615 2583 est
1633 2546 1839 2595 principale
1869 2547 2062 2583 obiectum
2091 2547 2264 2594 caritatis,
2290 2547 2486 2595 proximus

1426 2607 1554 2637 autern
1585 2611 1630 2635 ex
1658 2599 1809 2636 caritate
1839 2599 2001 2647 diligitur
2027 2602 2183 2648 propter
2209 2601 2350 2636 Deum.

1482 2654 1540 2688 AD
1570 2664 1760 2689 SECUNDUM
1788 2664 1970 2689 mcENDUM
2004 2654 2108 2701 quod
2142 2652 2293 2689 caritate
2327 2652 2487 2700 diligitur

1426 2706 1531 2742 Deus
1555 2713 1710 2754 propter
1737 2706 1915 2753 seipsum.
1958 2706 2068 2742 Unde
2096 2717 2173 2742 una
2201 2706 2282 2742 sola
2310 2705 2403 2742 ratio
2433 2705 2487 2742 di—

1398 2778 1400 2790 :
1426 2758 1564 2806 ligendi
1592 2758 1848 2807 principaliter
1877 2758 2079 2796 attenditur
2107 2770 2129 2795 a
2158 2758 2321 2805 caritate,
2348 2758 2488 2795 scilicet

1427 2811 1556 2848 divina
1584 2811 1745 2857 bonitas,
1776 2823 1873 2859 quae
1903 2818 1958 2847 est
1986 2811 2066 2848 eius
2094 2811 2323 2848 substantia:
2353 2823 2487 2848 secun-

1428 2918 1530 2955 niam
1551 2918 1679 2954 bonus.
1709 2917 1816 2953 Aliae
1837 2924 1966 2953 autem
1991 2917 2156 2954 rationes
2180 2917 2229 2953 ad
2254 2917 2487 2964 diligendum

1427 2970 1662 3017 inducentes,
1682 2970 1743 3006 vel
1765 2969 1937 3006 debitum
1957 2969 2169 3007 dilectionis
2190 2969 2382 3015 facientes,
2403 2977 2490 3006 sunt

1429 3023 1674 3061 secundariae
1704 3031 1740 3059 et
1769 3030 2044 3071 consequentes
2073 3035 2118 3060 ex
2146 3022 2279 3071 prima.

1481 3078 1540 3113 AD
1554 3087 1713 3113 TERTmM
1734 3087 1919 3113 DICENDUM
1946 3076 2051 3124 quod
2075 3075 2263 3113 amicitiae
2282 3076 2488 3122 humanae,

1429 3129 1476 3167 de
1505 3142 1582 3178 qua
1610 3129 1867 3177 Philosophus
1894 3130 2082 3177 loquitur,
2117 3137 2172 3165 est
2201 3129 2374 3165 diversus
2403 3128 2489 3164 finis

1401 3227 1402 3230 Ἰ
1430 3190 1466 3219 et
1495 3182 1645 3219 diversa
1683 3182 1991 3219 communicatio.
2030 3182 2147 3228 Quod
2184 3181 2221 3218 in
2255 3181 2405 3218 caritate
2435 3181 2489 3217 lo-

1402 3259 1403 3272 1
1430 3247 1518 3272 cum
1556 3247 1634 3272 non
1670 3235 1806 3282 habet,
1835 3242 1876 3272 ut
1905 3235 2045 3272 dictum
2074 3242 2130 3272 est
2147 3235 2178 3271 *.
2219 3235 2267 3271 Et
2294 3234 2381 3271 ideo
2411 3246 2489 3271 non

1429 3295 1486 3325 est
1513 3287 1643 3325 similis
1672 3287 1778 3325 ratio.

1403 3424 1405 3449 ἰ
1484 3421 1510 3456 β)
1529 3423 1607 3448 aliae.
1626 3437 1643 3442 -
1661 3423 1716 3448 alia
1736 3422 1900 3448 PCEGHLR.

1416 1305 1638 1335 quaecumque
1653 1295 1692 1325 de
1711 1294 1897 1325 huiusmodi
1913 1294 2028 1335 scripta
2041 1295 2068 1325 *.
2094 1294 2228 1335 Signum
2251 1302 2358 1325 autem
2381 1294 2478 1325 huius
2507 1299 2515 1306 ⁵

2506 1344 2706 1371 'Matth.cap.xx1v

1427 2864 1522 2901 dum
1550 2864 1641 2901 illud
1669 2865 1810 2901 Psalm.
1830 2863 1870 2900 *ι
1905 2864 2145 2911 Confitemini
2169 2865 2358 2909 Domino,
2396 2875 2487 2911 quo·
2516 2873 2525 2881 ·

2500 629 2508 637 ·
2524 627 2590 648 Vers.
2605 633 2624 654 5.

2529 1295 2647 1317 suntradd.
2665 1295 2687 1315 P.

2507 1377 2564 1392 vers.
2579 1376 2618 1396 47.

2513 2024 2521 2032 ·
2532 2022 2564 2044 Ca
2582 2038 2588 2044 .
2605 2028 2643 2045 ιιι,
2654 2029 2676 2043 ιι.
2687 2028 2703 2043 ι.
2713 2032 2722 2036 -

2512 2029 2590 2071 S.'l'‘lii.
2606 2049 2657 2070 lect.
2672 2055 2714 2069 xu.

2517 3243 2527 3252 ⁸
2542 3243 2566 3263 In
2582 3248 2687 3269 corpore.
