2892 4056
948 152 1214 199 QUAESTIO
1243 152 1418 198 XXXIX,
1446 151 1741 190 ARTICULUS
1771 153 1822 189 lV

66 239 274 267 ·c·n-Qua1¹'n⁰⁸·
300 231 461 269 habetur
488 231 634 278 XXIII,
664 243 727 279 qu.
757 243 781 267 v
798 231 829 278 ³¹⁶,
858 231 924 268 ubi
953 231 1106 268 dicitur:
1135 231 1299 268 Divinae
1327 235 1362 266 et

66 499 76 511 “
90 498 157 520 Vera.
172 498 209 519 26.

66 820 79 832 ⁸
92 818 158 840 Ver·-
173 824 204 846 ¹7-

29 870 173 902 ‘’Art-1.

301 283 516 321 mundanae
543 283 643 332 leges
660 289 869 320 statuerunt
890 290 930 320 ut
946 285 995 320 ab
1012 284 1202 320 Ecclesiae
1222 283 1361 319 unitate

301 336 420 382 divisi,
450 341 486 372 et
511 335 589 372 eius
610 348 746 384 pacem
769 338 1043 385 perturbantes,
1062 348 1087 374 a
1105 335 1360 373 saecularibus

295 388 538 437 potestatibus
572 390 882 437 comprimantur.
930 389 1021 425 Non
1049 400 1139 436 ergo
1174 394 1262 425 sunt
1292 399 1361 437 pu-

303 441 430 478 niendi
457 453 527 490 per
554 441 1003 478 excommunicationem.

357 494 432 531 Sl-:n
466 505 612 531 CONTRA
653 506 719 531 EST
760 494 865 543 quod
904 493 1024 531 Num.
1065 505 1126 530 xvi
1150 493 1170 514 *
1207 492 1360 530 dicitur:

302 546 477 583 Recedite
503 558 527 583 a
555 547 804 584 tabernaculis
831 546 1024 583 hominum
1053 546 1268 594 impiorum,
1298 545 1362 595 qui

303 599 445 636 scilicet
462 599 626 636 schisma
653 600 820 636 fecerant
837 597 864 646 β,
894 604 930 635 et
952 598 1064 635 nolite
1090 604 1248 648 tangere
1266 610 1364 647 quae

303 652 356 689 ad
393 663 456 688 eos
491 652 703 700 pertinent,
745 662 794 689 ne
836 650 1086 688 involvamini
1126 651 1162 687 in
1198 651 1363 699 peccatis

305 715 449 742 eorum.
751 729 755 734 -

358 758 584 795 Responnzo
597 768 781 794 mceunum
797 756 902 805 quod
915 767 986 804 per
1000 766 1098 804 quae
1119 763 1254 804 peccat
1267 755 1363 805 quis,

304 822 374 859 per
401 822 446 847 ea
474 810 589 847 debet
614 809 762 858 puniri,
794 816 837 845 ut
865 807 999 845 dicitur
1026 809 1114 856 Sap.
1133 820 1169 845 xi
1187 808 1218 846 ³⁶.
1258 808 1365 845 Schi-

306 863 486 900 smaticus
513 870 662 909 autem,
690 869 732 898 ut
759 873 806 898 ex
834 860 939 898 dictis
957 860 978 882 ’¹‘
1005 868 1119 909 patet,
1148 861 1185 897 in
1214 860 1365 898 duobus

305 922 449 965 peccat.
479 916 522 952 In
547 927 627 952 uno
646 914 822 962 quidem,
851 913 942 961 quia
969 920 1119 962 separat
1146 925 1186 949 se
1215 925 1238 950 a
1260 925 1366 950 com-

305 967 489 1005 munione
517 967 778 1004 membrorum
806 965 1012 1002 Ecclesiae.
1042 966 1092 1002 Et
1110 972 1296 1014 quantum
1316 966 1366 1003 ad

305 1021 381 1058 hoc
409 1019 639 1063 conveniens
657 1031 784 1068 poena
809 1018 1138 1056 schismaticorum
1162 1025 1218 1054 est
1239 1025 1281 1055 ut
1304 1030 1365 1055 ex-

305 1071 644 1110 communicentur.
663 1073 710 1109 'In
729 1071 804 1108 alio
819 1083 927 1118 vero,
948 1071 1040 1120 quia
1059 1070 1170 1108 subdi
1189 1078 1366 1108 recusant

305 1125 417 1174 capiti
435 1124 642 1162 Ecclesiae.
667 1125 716 1162 Et
734 1124 834 1172 ideo,
855 1124 942 1173 quia
962 1124 1126 1161 coerceri
1145 1124 1280 1161 nolunt
1298 1136 1367 1174 per

305 1178 539 1227 spiritualem
573 1185 800 1226 potestatem
829 1177 1039 1226 Ecclesiae,
1068 1177 1209 1214 iustum
1244 1185 1300 1214 est
1326 1184 1368 1214 ut

303 1234 490 1281 potestate
518 1230 719 1280 temporali
746 1237 1003 1267 coerceantur.

2395 154 2464 190 311

1415 229 1660 266 schismaticis
1698 230 1863 279 recipere
1899 243 1977 267 non
2014 229 2099 267 licet
2135 229 2206 267 nisi
2242 230 2280 266 in
2317 229 2471 266 articulo

1415 281 1666 318 necessitatis:
1710 283 1798 330 quia
1831 283 1968 320 melius
2007 290 2063 319 est
2090 283 2137 319 de
2174 283 2245 319 hac
2272 282 2350 319 vita
2385 294 2472 318 cum

1415 333 1522 382 signo
1552 334 1689 371 Christi
1717 336 1839 383 exire,
1873 348 1896 372 a
1924 347 2168 384 quocumque
2197 335 2323 381 detur,
2359 334 2472 371 etiam

1415 386 1446 424 si
1464 386 1511 423 sit
1537 387 1698 423 Iudaeus
1720 388 1782 424 vel
1810 399 1992 436 paganus,
2014 400 2131 437 quam
2151 387 2230 424 sine
2258 388 2333 424 hoc
2353 387 2472 434 signo,

1415 438 1522 490 quod
1549 451 1618 487 per
1644 439 1876 487 baptismum
1906 441 2098 478 confertur
2115 440 2147 477 *.

1468 493 1527 528 An
1556 502 1749 528 SECUNDUM
1777 504 1958 530 mcENnuM
1987 493 2092 541 quod
2119 505 2188 541 per
2215 491 2475 529 excommuni-

1417 544 1606 581 cationem
1626 555 1704 580 non
1732 544 1963 582 interdicitur
1987 545 2047 582 illa
2082 545 2378 583 communicatio
2407 557 2477 593 per

1417 609 1534 646 quam
1562 596 1695 644 aliquis
1733 597 1946 634 salubribus
1974 598 2126 635 monitis
2155 599 2295 635 divisos
2332 597 2477 634 reducit

1418 650 1465 687 ad
1493 649 1688 686 Ecclesiae
1714 649 1910 686 unitatem.
1936 651 2087 687 Tamen
2117 658 2153 687 et
2179 651 2261 700 ipsa
2288 649 2475 700 separatio

1418 701 1709 751 quodammodo
1748 714 1814 738 eos
1842 702 1986 740 reducit
2003 708 2040 750 Υ,
2070 703 2175 750 dum,
2197 704 2244 740 de
2273 715 2340 740 sua
2368 715 2476 752 sepa·

1419 755 1564 792 ratione
1594 753 1751 802 confusi,
1781 755 2013 804 quandoque
2041 755 2089 792 ad
2117 755 2387 804 poenitentiam
2413 755 2478 792 ad-

1419 808 1620 846 ducuntur.
1903 834 1910 837 ⁴

1471 862 1530 896 An
1558 871 1718 896 ‘reanum
1746 870 1930 896 DtCENDUM
1959 860 2064 908 quod
2091 872 2240 909 poenae
2272 860 2478 909 praesentis

1418 913 1518 951 vitae
1538 919 1626 949 sunt
1644 911 1909 958 medIcinales3
1931 919 1966 948 et
1985 912 2072 950 ideo
2088 913 2243 962 quando
2257 925 2334 950 una
2352 924 2479 962 poena

1420 977 1499 1002 non
1527 964 1665 1002 suffieit
1696 964 1744 1001 ad
1774 964 2029 1001 coercendum
2057 965 2271 1011 hominem,
2300 965 2479 1014 superad-

1422 1017 1521 1055 ditur
1548 1017 1683 1054 altera:
1722 1017 1817 1054 sicut
1846 1025 1881 1054 et
1908 1017 2047 1054 medici
2075 1018 2245 1055 diversas
2272 1017 2479 1055 medicinas

1420 1070 1638 1119 corporales
1659 1077 1860 1119 apponunt
1882 1070 2039 1118 quando
2063 1082 2140 1107 una
2158 1082 2237 1107 non
2257 1078 2313 1108 est
2331 1070 2477 1107 efficax.

1419 1124 1470 1160 Et
1496 1123 1546 1160 ita
1574 1123 1763 1171 Ecclesia,
1793 1122 1949 1171 quando
1977 1123 2092 1172 aliqui
2123 1135 2192 1172 per
2221 1123 2480 1160 excommuni-

1421 1176 1612 1213 cationem
1649 1188 1729 1213 non
1757 1175 1989 1213 sufficienter
2016 1176 2291 1225 reprimuntur,
2328 1175 2482 1213 adhibet

1422 1229 1665 1266 coercionem
1688 1229 1833 1266 brachii
1852 1229 2067 1266 saecularis.
2099 1229 2175 1266 Sed
2203 1228 2233 1265 si
2256 1241 2333 1266 una
2354 1240 2480 1277 poena

307 1285 418 1341 sAD
446 1294 585 1322 Palmam
603 1285 710 1320 'ERGO
738 1295 924 1321 mcrsunum
949 1282 1055 1332 quod
1082 1282 1316 1331 baptismum
1345 1294 1368 1319 a
1392 1280 1396 1333 Ι
1421 1282 1468 1319 sit
1494 1282 1698 1329 sufficienS,
1728 1294 1807 1319 non
1837 1282 1951 1319 debet
1979 1282 2051 1319 alia
2078 1281 2259 1319 adhiberi.

361 1448 388 1483 β)
398 1451 534 1484 secernit.
550 1462 570 1469 -
580 1450 707 1484 fecerunt
724 1449 814 1474 PDxn.

357 1486 387 1520 γ)
409 1485 507 1511 Tamen
524 1488 580 1511 ee...
591 1485 704 1510 nauscit.
714 1498 734 1503 -
748 1485 814 1510 Cum
827 1484 936 1510 etiam...
954 1483 1059 1509 reducit
1076 1484 1118 1509 ed.
1132 1489 1158 1513 a,
1175 1484 1241 1508 Cum
1258 1483 1368 1510 etiam...

1424 1448 1536 1477 reducat
1553 1448 1573 1472 P
1579 1455 1586 1479 3
1605 1447 1643 1473 ad
1661 1447 1823 1473 Ecclesiae...
1842 1447 1947 1472 reducit
1963 1454 2017 1472 om.
2036 1447 2070 1472 G.
2086 1460 2106 1466 -—
2122 1446 2174 1471 Pro
2191 1446 2370 1476 adducuntur,
2385 1445 2483 1470 admit-

1423 1485 1518 1508 tuntur
1535 1483 1567 1515 A,
1585 1483 1751 1508 reducuntur
1769 1483 1852 1508 PDsK
1871 1488 1896 1508 et
1913 1490 1958 1508 aa.

2503 439 2711 461 ’Videcommenn

2503 465 2575 487 Caiet.
2585 470 2637 493 post
2644 470 2685 487 art.
2695 472 2710 492 1,

2503 498 2566 514 num.
2581 498 2631 513 vin.
