2892 4056
179 1509 188 1517 ⁴
203 1506 272 1528 Num.
289 1513 328 1528 vn.

180 1865 387 1885 'Commcnnmm

184 2397 193 2406 ⁸
208 2397 246 2417 via
262 2396 314 2417 ΡΛΒ.

182 2486 191 2495 “
202 2486 211 2506 1
224 2484 256 2505 ad
266 2485 330 2509 Cor„
341 2489 390 2510 cap.

183 2517 224 2537 xit,
240 2517 298 2532 vers.
313 2516 342 2538 3¹·

185 2573 220 2594 ’11
229 2572 262 2594 ad
270 2572 333 2598 Cor„
342 2578 391 2599 cap.

184 2606 204 2624 v.
221 2605 280 2621 vers.
296 2599 317 2624 6
332 2605 353 2626 7.

184 2625 240 2647 ἈΔ
253 2625 332 2651 Helm,
343 2631 392 2652 cap.

183 2659 234 2678 1111,
250 2658 308 2673 vers.
323 2658 353 2678 ¹4-

428 153 496 187 186

420 371 474 401 per
497 362 662 411 speculum
686 369 740 391 aut
755 362 981 401 quodcumque
997 360 1083 389 aliud
1100 361 1407 399 repraesentativum.
1432 360 1477 390 Si-

420 412 472 435 cut
495 405 644 441 amicitia,
670 412 965 445 quantumcumque
989 410 1122 439 crescat,
1147 413 1313 444 nunquam
1337 404 1478 444 pervenit

419 449 457 478 ad
481 448 567 479 illam
591 448 816 489 perfectionem
839 458 935 488 quarn
961 457 998 477 ex
1021 426 1122 477 faciali
1145 448 1382 496 conversatione
1406 455 1477 478 nata

419 500 464 522 est
487 493 610 528 habere,
635 493 676 522 ita
700 499 745 522 est
768 492 799 522 in
824 491 1000 531 proposito.

472 536 523 566 Ad
552 536 679 567 tertium
705 535 816 566 dicitur
847 535 935 575 quod
958 534 1115 575 quantitas
1146 535 1279 566 caritatis
1303 542 1478 575 perseverat

419 580 528 609 eadem
551 590 684 610 numero
709 579 740 609 in
765 579 880 619 patria,
906 585 1109 618 augmentata
1132 586 1207 609 tunc
1230 589 1332 619 usque
1356 580 1395 609 ad
1418 586 1477 610 ter-

418 624 552 654 minum.
573 623 770 653 Rationabile
795 623 914 663 quippe
939 630 984 654 est
1008 630 1042 653 ut
1066 622 1146 652 visio
1170 623 1229 653 Dei
1247 623 1397 662 largiatur
1412 632 1479 652 non

418 667 523 697 solum
551 668 679 697 alteram
707 667 950 706 perfectionem,
976 666 1113 697 totaliter
1143 666 1303 697 actualiter
1332 667 1477 697 faciendo

417 720 535 740 amare:
565 711 619 741 sed
643 711 736 741 etiarn
767 712 854 751 quod
878 711 973 751 longe
1002 711 1102 750 magis
1126 710 1219 741 faciat
1242 720 1348 741 amare
1379 720 1477 751 quam

417 754 503 794 prius
527 765 564 784 ex
586 762 672 794 parte
703 754 835 791 obiecti,
859 754 1138 795 proportionaliter
1161 762 1267 785 tamen
1291 754 1330 784 ad
1353 764 1477 794 praece-

417 842 524 872 caritas
549 842 650 882 prima
679 842 773 872 etiam
795 843 931 873 maxime
955 850 1088 882 augetur
1118 841 1410 884 (proportionaliter
1433 849 1478 873 ta-

417 895 487 915 men
513 886 553 916 ad
575 885 755 928 meritum):
784 886 827 917 ita
851 887 940 927 quod
964 893 1040 918 tunc
1070 887 1180 927 incipit
1209 887 1345 917 maxime
1373 897 1478 917 amare
1504 894 1505 913 ἱ

415 931 520 960 Deum
544 937 574 960 et
598 940 634 961 ex
657 938 744 971 parte
768 931 881 962 obiecti
905 938 935 961 et
958 931 1099 962 subiecti.
1124 932 1189 962 Nec
1213 938 1304 971 putes
1328 931 1385 961 has
1409 941 1477 971 per-

414 1105 623 1137 identificatur
636 1107 759 1138 realiter
773 1107 924 1147 perfectio
939 1107 1097 1148 gradualis
1112 1107 1286 1138 latitudinis
1301 1107 1478 1138 secundum

415 1150 622 1181 attentionem
646 1161 701 1182 seu
726 1151 959 1191 expeditionem
983 1151 1129 1182 subiecti:
1159 1152 1240 1182 sicut
1269 1151 1384 1181 visioni
1407 1160 1477 1180 cor-
1504 1146 1506 1161 '¹

415 1194 515 1234 porali
539 1194 749 1227 identificatur
772 1196 895 1226 realiter
919 1202 949 1226 et
971 1195 1122 1235 perfectio
1150 1205 1248 1236 quam
1273 1205 1309 1225 ex
1332 1194 1479 1234 approxi-

417 1238 556 1269 matione
588 1239 701 1270 obiecti
731 1240 842 1276 habet,
875 1246 905 1270 et
928 1239 1078 1279 perfectio
1112 1249 1210 1279 quam
1239 1249 1276 1269 ex
1306 1237 1479 1268 attentione

416 1326 488 1357 sitas
508 1333 614 1357 autem
638 1328 798 1358 rationum
823 1334 878 1363 est,
903 1337 985 1367 quae
1009 1326 1083 1357 facit
1106 1327 1242 1357 diversas
1266 1326 1410 1366 partiales
1433 1335 1479 1356 ra-

415 1370 517 1401 tiones
542 1370 635 1401 unius
659 1371 775 1410 totalis,
799 1370 950 1411 simplicis
970 1378 1086 1408 tamen,
1104 1370 1305 1411 perfectionis
1329 1380 1479 1401 consum-

415 1422 518 1445 matae
542 1422 685 1445 caritatis.

471 1459 538 1489 XII.
564 1459 604 1489 Et
627 1458 772 1499 quamvis
787 1458 863 1489 haec
883 1459 934 1489 via
949 1458 1116 1498 praedictis
1132 1458 1307 1489 satisfacere
1326 1458 1479 1495 videatur,

417 1503 455 1533 ad
485 1502 618 1533 dubium
649 1511 755 1534 tamen
787 1510 913 1533 motum
943 1502 975 1532 in
999 1503 1206 1543 responsione
1237 1503 1277 1533 ad
1307 1501 1480 1542 primum*

417 1547 592 1577 satisfacere
616 1557 681 1577 non
705 1554 819 1586 potest.
845 1547 1009 1584 Quoniam
1025 1547 1051 1577 si
1074 1554 1282 1587 augmentum
1299 1546 1431 1577 caritatis
1447 1546 1479 1576 in

417 1591 466 1621 via
489 1590 524 1621 fit
547 1600 602 1631 per
624 1591 969 1631 appropinquationem
993 1591 1031 1621 ad
1061 1591 1223 1622 obiectum
1246 1591 1280 1621 in
1302 1589 1479 1626 infinitum;

418 1635 498 1665 sicut
521 1635 674 1675 contingit
698 1635 875 1666 secundum
905 1635 992 1666 illam
1020 1635 1228 1676 quantitatem
1251 1634 1284 1665 in
1307 1635 1358 1664 via
1390 1635 1479 1665 adae-

417 1689 513 1719 quare
537 1685 567 1709 et
590 1679 736 1709 excedere
761 1687 882 1710 certum
906 1677 1054 1715 beatum,
1069 1679 1111 1709 ita
1135 1679 1305 1719 continget,
1322 1685 1480 1719 quantum

418 1730 463 1753 est
487 1733 523 1753 ex
547 1730 657 1753 natura
688 1723 866 1762 augmenti,
898 1723 1072 1763 adaequare
1103 1733 1265 1753 summam
1294 1722 1328 1752 in
1352 1721 1480 1753 Christo

417 1767 575 1797 caritatem
599 1767 775 1798 secundum
797 1766 878 1796 hanc
902 1766 1127 1806 quantitatem:
1152 1767 1242 1807 quod
1265 1773 1311 1796 est
1333 1766 1480 1805 impossi-

417 1811 487 1841 bile.
514 1810 604 1841 Unde
627 1811 700 1842 licet
722 1811 755 1841 in
775 1810 1009 1841 commentariis
1025 1821 1120 1851 super
1135 1811 1241 1841 Prima
1255 1810 1428 1847 Secundae,
1448 1810 1482 1840 in

417 1865 470 1895 qu.
495 1865 589 1890 van,
615 1861 669 1885 art.
696 1855 752 1886 ult.
773 1855 799 1891 *,
814 1855 905 1885 'hanc
935 1854 1028 1885 viam·
1049 1855 1276 1890 inchoaverim,
1301 1854 1481 1894 diligentius

417 1906 522 1930 tamen
546 1899 714 1929 meditatus
738 1899 826 1930 aliter
849 1899 1019 1930 dicendum
1043 1906 1132 1939 puto.

472 1944 522 1973 Ad
547 1943 635 1974 cuius
659 1943 848 1974 evidentiam
879 1943 957 1974 scito
981 1943 1102 1983 primo,
1127 1942 1214 1983 quod
1239 1942 1349 1973 caritas
1379 1942 1482 1982 dupli-

418 1997 486 2018 cem
510 1987 603 2017 habet
626 1994 757 2017 statum:
783 1987 899 2017 scilicet
923 1987 1113 2022 naturalem,
1139 1994 1168 2017 et
1191 1987 1281 2026 quasi
1306 1994 1482 2026 praeterna-

417 2031 560 2062 turalem.
585 2031 689 2061 Status
710 2031 859 2062 naturalis
885 2031 1018 2065 caritatis
1042 2038 1088 2062 est
1114 2041 1182 2062 esse
1200 2031 1255 2061 illo
1276 2031 1375 2060 modo
1401 2037 1430 2060 et
1447 2040 1482 2060 ea

417 2075 607 2116 perfectione
631 2085 694 2115 qua
718 2083 763 2106 est
787 2075 818 2105 in
847 2075 971 2106 caelesti
995 2076 1103 2115 patria.
1136 2075 1240 2106 Status
1271 2082 1378 2105 autem
1402 2084 1483 2115 quo-

417 2120 591 2150 dammodo
615 2119 887 2159 praeternaturalis
911 2126 958 2150 est
981 2130 1047 2150 esse
1063 2120 1144 2150 sicut
1167 2126 1213 2150 est
1236 2119 1268 2150 in
1292 2119 1355 2150 vita
1377 2119 1447 2150 hac.
1462 2135 1481 2142 «-

417 2165 594 2194 Probantur
617 2163 703 2194 haec.
733 2164 773 2194 Et
797 2163 979 2194 naturalitas
1003 2164 1133 2204 quidem
1165 2163 1298 2194 caritatis
1327 2163 1360 2193 in
1384 2162 1483 2202 patria

418 2215 503 2248 patet
526 2218 563 2238 ex
585 2207 653 2247 ipsa
677 2214 788 2238 natura
811 2207 955 2244 caritatis,
973 2218 1036 2248 qua
1061 2215 1106 2238 est
1130 2207 1266 2238 amicitia
1280 2207 1360 2238 inter
1379 2206 1483 2237 homi-

419 2262 491 2284 nem
516 2258 546 2282 et
565 2252 670 2282 Deum
691 2261 887 2292 consequens
908 2251 1232 2284 communicationem
1252 2250 1481 2282 deiformitatis.

418 2297 553 2328 Constat
571 2296 656 2326 enim
672 2296 762 2336 quod
777 2296 955 2326 amicorum
975 2302 1022 2326 est
1038 2295 1201 2327 convivere
1217 2302 1248 2326 et
1263 2294 1482 2332 condelectari,

418 2350 500 2381 quae
523 2340 554 2370 in
569 2340 638 2370 sola
661 2340 761 2380 patria
779 2340 858 2371 inter
873 2340 1040 2371 hominem
1058 2346 1088 2370 et
1104 2340 1209 2380 Deum
1231 2339 1445 2370 inveniuntur.
1462 2356 1483 2362 -

420 2384 518 2422 Quod
537 2393 612 2414 vero
629 2384 672 2416 in.
684 2383 743 2414 hac
759 2384 822 2414 vita
833 2384 850 2403 *
866 2383 1170 2423 praeternaturaliter
1185 2383 1428 2424 quodammodo
1444 2383 1484 2414 sit

420 2428 539 2464 caritas,
564 2434 649 2467 patet
673 2438 709 2458 ex
733 2427 794 2458 hoc
817 2428 905 2468 quod
930 2428 1040 2458 caritas
1063 2427 1113 2458 via
1130 2427 1313 2459 nominatur
1337 2428 1375 2458 ab
1394 2429 1483 2466 Apo-

421 2472 504 2503 stolo
529 2472 651 2502 dicente
666 2471 698 2501 *z
722 2472 836 2503 Adhuc
858 2473 1114 2503 excellentiorem
1139 2473 1222 2502 viam
1246 2471 1332 2502 vobis
1354 2471 1482 2502 demon-

419 2522 498 2554 stro,
523 2523 572 2547 et:
600 2516 750 2553 Quandiu
773 2526 886 2547 sumus
904 2518 936 2546 in
953 2526 1096 2556 corpore,
1107 2516 1363 2556 peregrinamur
1384 2524 1404 2546 a
1420 2515 1485 2545 Do—

422 2562 526 2591 mino:
548 2561 623 2600 quia
632 2570 695 2600 per
707 2560 811 2600 fidem
827 2561 1030 2591 ambulamus
1045 2560 1072 2590 *.
1097 2560 1165 2590 Nec
1187 2559 1340 2590 habemus
1356 2569 1484 2590 manen-

422 2611 482 2636 tem
507 2605 675 2641 civitatem,
703 2605 760 2635 sed
774 2604 929 2645 futuram
955 2605 1147 2645 inquirimus
1165 2603 1191 2634 *.
1219 2603 1353 2634 Constat
1376 2609 1484 2634 autem

421 2649 509 2690 quod
534 2658 599 2678 non
623 2648 729 2679 solum
753 2648 836 2678 cives
860 2649 891 2678 in
916 2648 1166 2688 peregrinatione
1190 2654 1221 2678 et
1243 2647 1303 2683 via,
1320 2647 1375 2677 sed
1390 2647 1484 2678 etiam

422 2692 573 2724 naturalia
597 2702 672 2723 cum
696 2699 864 2723 moventur
887 2693 927 2723 ad
946 2702 1002 2723 sua
1025 2693 1104 2728 loca,
1121 2691 1239 2732 aliquid
1263 2691 1380 2722 habent
1396 2700 1484 2730 prae-

423 2736 674 2768 ternaturalitatis
699 2736 896 2773 adiunctum,
917 2737 1034 2767 scilicet
1056 2746 1123 2767 esse
1142 2743 1226 2767 extra
1250 2735 1359 2765 locum
1378 2745 1484 2765 suum.

477 2781 636 2812 Existente
660 2780 755 2820 igitur
778 2780 897 2821 duplici
921 2781 1054 2812 caritatis
1089 2787 1186 2816 statu,
1218 2789 1416 2819 consequens
1439 2785 1486 2810 est

425 2832 460 2856 ut
483 2825 599 2864 duplex
622 2835 753 2865 quoque
770 2825 809 2855 sit
831 2825 915 2855 illius
940 2824 1106 2865 perfectio:
1132 2831 1288 2864 quatenus
1313 2822 1485 2863 unicuique
1510 2842 1513 2851 ι

425 2869 518 2900 statui
534 2869 661 2908 propria
677 2876 831 2899 consonet
854 2868 1015 2909 perfectio.
1040 2869 1080 2899 Et
1095 2868 1248 2909 quoniam
1265 2867 1407 2898 neutrius
1426 2873 1486 2897 sta-

425 2921 476 2944 tus
499 2912 648 2952 perfectio
673 2913 816 2943 consistit
839 2913 871 2943 in
890 2913 1081 2949 indivisibili,
1102 2912 1158 2943 sed
1171 2911 1372 2947 latitudinem
1394 2911 1488 2941 habet

425 2955 514 2999 (narn
538 2956 646 2987 caritas
670 2956 702 2986 in
726 2957 775 2987 via
798 2964 945 2996 augetur;
970 2964 1001 2987 et
1023 2956 1056 2986 in
1075 2963 1203 2997 paterna
1227 2957 1327 2987 domo
1351 2956 1487 2986 mansio-

426 3010 482 3031 nes
505 3001 623 3031 multas
645 2999 762 3042 habet),
787 3007 914 3040 oportet
937 3000 1062 3041 utrique
1086 3000 1270 3040 perfectioni
1289 2998 1486 3030 latitudinem

427 3054 611 3080 consonam,
636 3045 908 3084 quantitatemque
932 3044 1126 3084 spiritualem
1151 3043 1328 3075 convenire.
1353 3043 1394 3074 Et
1409 3053 1489 3083 quo-

427 3089 513 3119 niam
537 3095 634 3118 status
658 3088 725 3118 viae
749 3095 779 3118 et
802 3089 919 3128 patriae
943 3099 1010 3118 non
1034 3089 1128 3119 unius
1153 3096 1182 3119 et
1202 3088 1354 3123 eiusdem,
1375 3087 1430 3117 sed
1445 3086 1489 3117 di-

426 3142 588 3163 versarum
612 3132 771 3165 rationum
803 3139 863 3169 est;
888 3133 1004 3163 idcirco
1030 3132 1237 3172 perfectiones
1260 3138 1490 3172 consequentes

427 3187 482 3208 eos
506 3183 542 3207 ut
565 3175 800 3216 distinguuntur
828 3177 866 3207 ab
890 3176 1041 3213 invicem,
1069 3177 1263 3207 diversarum
1287 3184 1418 3216 quoque
1441 3185 1488 3205 ra-

428 3221 554 3252 tionum
578 3230 644 3250 esse
664 3227 805 3260 oportet:
831 3221 911 3251 sicut
928 3221 1142 3251 universaliter
1157 3220 1301 3251 videmus
1315 3219 1406 3260 quod
1421 3229 1492 3259 pro-
1516 3225 1518 3231 ⁴

429 3265 574 3305 prietates
590 3271 818 3304 consequentes
838 3275 887 3295 res
904 3265 1098 3295 diversarum
1115 3266 1277 3296 rationum
1300 3270 1336 3294 ut
1352 3263 1405 3300 sic,
1419 3270 1492 3304 sunt

429 3309 623 3339 diversarum
646 3308 816 3339 rationum.

486 3353 568 3383 XIII.
593 3352 678 3383 Scito
701 3353 852 3389 secundo,
870 3352 959 3393 quod
982 3351 1148 3383 difficultas
1164 3351 1260 3383 huius
1282 3352 1326 3382 rei
1350 3350 1493 3382 consistit

430 3397 462 3427 in
475 3396 663 3436 assignando
681 3397 848 3438 quomodo
866 3402 939 3427 sunt
955 3396 1150 3427 diversarum
1166 3396 1326 3427 rationum
1341 3394 1492 3436 perfectio

431 3441 564 3471 caritatis
587 3441 619 3470 in
643 3441 693 3471 via
716 3448 746 3477 et
761 3440 911 3481 perfectio
936 3440 1069 3470 caritatis
1092 3440 1124 3470 in
1149 3440 1257 3480 patria.
1282 3440 1323 3470 Et
1338 3438 1493 3480 quoniam

431 3485 469 3514 de
494 3485 596 3525 patria
615 3485 692 3515 nihil
717 3485 833 3515 scimus
857 3484 915 3515 nisi
940 3491 1097 3524 quantum
1121 3485 1278 3515 Dominus
1298 3484 1445 3514 narravit
1459 3484 1491 3513 in

1083 151 1348 196 QUAESTIO
1378 151 1516 198 XXIV,
1547 151 1841 187 ARTICULUS
1868 152 1936 188 VII

464 230 512 259 Ad
538 229 811 260 confirmationem
835 230 946 260 dicitur
972 230 1061 269 quod
1084 228 1167 258 aliud
1192 235 1238 258 est
1253 228 1342 269 loqui
1367 229 1404 259 de
1421 239 1477 259 no·
1503 230 1505 262 ζ

420 273 486 303 titia
510 273 601 304 amici
624 274 806 314 imperfecta
829 274 878 303 vel
902 273 1037 312 perfecta
1061 272 1202 302 eiusdem
1219 272 1364 308 rationis;
1390 279 1420 303 et
1440 273 1477 303 de
1504 278 1505 282 ’

420 317 538 347 notitiis
562 318 754 348 diversarum
791 318 961 351 rationum,
987 323 1063 356 puta
1096 315 1175 345 visio
1204 315 1322 346 facialis
1346 323 1375 347 et
1398 316 1477 346 visio
1504 309 1505 329 ³

1530 230 1698 269 scripturis
1714 229 1908 268 populorum
1927 234 1958 259 et
1967 231 2151 270 principum
2168 232 2222 271 qui
2228 231 2370 271 ficerunt
2393 233 2426 261 in
2450 240 2488 262 ea
2504 231 2530 267 *,
2549 240 2583 261 ex
2613 236 2622 245 ·

1531 273 1579 303 his
1603 282 1684 312 quae
1708 272 1855 302 audimus
1877 272 2027 303 novimus
2057 275 2146 313 quod
2169 274 2316 313 perfectio
2346 275 2415 305 viae
2437 275 2530 305 habet
2553 284 2585 304 se

1532 317 1571 347 ad
1595 315 1821 356 perfectionem
1852 316 1970 355 patriae
1999 322 2034 346 ut
2056 317 2206 356 perfectio
2235 319 2362 358 puerilis
2392 319 2430 349 ad
2453 318 2585 354 virilem,

1532 361 1653 390 dicente
1676 360 1834 399 Apostolo
1857 359 1874 378 *
1897 360 1936 390 ad
1959 359 2021 390 hoc
2039 361 2256 400 propositum:
2283 363 2364 393 Cum
2388 372 2486 393 essem
2504 372 2585 403 par-

1503 406 1505 437 ,ἶ
1533 406 1645 440 vulus,
1671 404 1823 443 loquebar
1856 409 1892 434 ut
1908 404 2090 444 parvulus,
2116 411 2191 440 etc.;
2224 413 2255 436 et
2282 416 2408 437 rursum
2443 407 2532 447 quod
2553 415 2587 436 se

1531 449 1624 478 habet
1648 454 1683 478 ut
1705 447 1759 478 lux
1782 448 1843 478 diei
1866 447 1898 478 in
1922 455 2003 479 statu
2027 448 2188 487 augmenti
2210 449 2250 479 ad
2273 449 2435 486 diurnam,
2465 450 2587 480 dicente

1503 505 1505 535 j
1532 492 1712 527 Salomone,
1729 492 1877 523 Proverb.
1898 502 1928 521 iv
1943 492 1973 521 *z
1998 492 2160 522 Iustorum
2176 494 2287 523 semita
2302 495 2394 534 quasi
2408 495 2467 524 lux
2481 494 2586 534 splen-

1503 544 1505 574 ]
1531 536 1609 566 dens
1626 535 1772 575 procedit
1801 541 1831 566 et
1854 537 1966 566 crescit
1990 545 2088 576 usque
2103 537 2145 566 ad
2162 536 2342 577 perfectum
2367 538 2461 568 diem.
2486 537 2588 567 Habe-

1532 590 1603 610 mus
1628 579 1785 620 siquidem
1808 589 1846 610 ex
1868 580 1916 610 his
1939 587 2092 620 quatuor:
2116 580 2231 619 primo,
2256 580 2410 612 diversam
2433 581 2588 612 rationem

1503 649 1505 665 e
1532 623 1750 663 perfectionis;
1767 624 1916 660 secundo,
1944 624 2194 664 permanentiam
2209 623 2373 664 utriusque
2388 624 2588 665 perfectionis

1504 670 1505 704 ᾖ
1532 667 1643 703 simul;
1677 667 1785 704 tertio,
1817 675 2024 708 augmentum
2046 668 2078 698 in
2101 667 2262 698 infinitum
2285 669 2460 699 secundum
2488 668 2588 709 perfe-

1533 711 1670 742 ctionem
1683 711 1765 748 viae;
1778 718 1901 751 quarto,
1918 712 2007 752 quod
2023 719 2319 762 quantumcumque
2331 720 2490 752 augeatur,
2507 722 2588 743 sem·

1504 775 1505 798 ἶ
1532 765 1587 795 per
1611 763 1657 786 est
1678 755 1860 806 simpliciter
1883 755 1988 786 minor
2012 756 2135 786 caritate
2160 755 2287 805 patriae.

417 799 492 828 dens
509 798 658 829 meritum
672 798 704 828 in
721 798 779 829 via.
799 799 900 835 Unde,
919 799 1102 829 adveniente
1118 799 1255 829 secunda
1275 798 1476 838 perfectione,
1504 800 1505 812 ³

1587 795 1744 830 Diversa
1737 810 1768 829 in
1791 799 1900 850 primis
1916 799 2115 840 perfectionis
2142 799 2222 830 ratio
2245 806 2331 839 patet
2354 809 2390 830 ex
2412 799 2474 830 hoc
2490 799 2589 839 quod,

1531 844 1602 874 licet
1625 850 1736 874 natura
1766 844 1855 884 pueri
1879 851 1909 874 et
1931 844 2004 880 viri,
2029 851 2059 874 et
2086 843 2228 874 similiter
2254 843 2334 874 lucis
2363 843 2537 874 matutinae
2560 849 2592 872 et

1532 887 1660 928 perfecti
1683 887 1754 924 diei,
1775 898 1839 918 una
1853 895 1884 918 et
1899 888 2009 918 eadem
2033 888 2081 924 sit,
2107 888 2256 927 per-sectio
2285 895 2391 918 tamen
2412 894 2543 917 naturae
2557 885 2591 916 in

1504 961 1505 972 ¹
1533 931 1666 973 pueritia
1680 938 1711 962 et
1723 932 1757 962 in
1772 932 1916 963 virilitate
1929 932 2120 962 diversarum
2136 938 2182 962 est
2197 932 2367 967 rationum,
2381 938 2416 962 ut
2432 930 2591 971 experien-

415 973 565 1005 fectiones
589 984 655 1005 esse
679 975 757 1005 duas
781 985 829 1005 res
852 976 890 1005 ab
914 975 1050 1006 invicem
1075 975 1197 1006 realiter
1221 975 1391 1006 distinctas.
1416 975 1479 1006 Sed
1504 973 1505 995 ἶ

415 1018 495 1048 sicut
519 1018 635 1053 caritati
665 1018 874 1050 identificatur
897 1020 1019 1050 realiter
1047 1019 1197 1060 perfectio
1227 1019 1384 1059 gradualis
1406 1019 1478 1050 lati-
1504 1027 1505 1030 ’

415 1062 533 1092 tudinis
556 1063 733 1093 secundum
749 1073 912 1094 accessum
933 1064 972 1094 ad
988 1063 1159 1100 obiectum,
1174 1064 1217 1094 ita
1240 1063 1343 1094 eidem
1360 1063 1479 1094 caritati
1504 1072 1505 1075 ¹

1531 977 1574 1007 tia
1589 983 1667 1007 teste
1682 976 1795 1016 probat
1811 976 1987 1016 Apostolus
2002 975 2032 1012 *;
2057 983 2088 1006 et
2101 976 2204 1006 simile
2218 983 2304 1016 patet
2319 976 2358 1005 de
2372 975 2451 1005 lucis
2466 974 2590 1005 diverso

1533 1028 1626 1053 statu.
1644 1021 1728 1050 Nam
1742 1020 1831 1060 quod
1845 1019 2030 1060 perfectioni
2046 1020 2159 1060 prioris
2176 1027 2274 1051 status
2290 1026 2462 1055 attestatur,
2475 1018 2591 1058 imper-

1533 1064 1679 1095 fectionis
1695 1071 1775 1094 esset
1797 1064 1831 1094 in
1855 1064 2040 1094 succedente
2064 1070 2156 1099 statu,
2181 1071 2216 1094 ut
2239 1071 2333 1103 patet.

1589 1107 1807 1138 Permanentia
1831 1114 1953 1143 autem,
1985 1107 2141 1138 evacuatis
2163 1107 2212 1138 his
2235 1117 2316 1148 quae
2345 1105 2592 1147 imperfectionis

1532 1158 1615 1187 sunt,
1640 1152 1720 1181 clare
1734 1151 1844 1190 liquet.
1868 1151 1951 1181 Nam
1973 1151 2084 1181 eadem
2099 1159 2221 1189 natura,
2241 1161 2316 1182 cum
2338 1161 2377 1182 eo
2392 1149 2592 1191 perfectionis

1504 1220 1506 1232 ,
1534 1195 1623 1235 quod
1645 1195 1678 1224 in
1702 1194 1836 1234 pueritia
1866 1194 2046 1234 acquisivit,
2071 1201 2234 1234 permanet
2255 1195 2290 1225 in
2313 1195 2398 1231 viro;
2429 1201 2460 1225 et
2482 1195 2594 1225 eadem

1504 1238 1506 1273 ἑ
1532 1240 1596 1275 lux,
1621 1245 1770 1269 evacuata
1793 1238 1929 1268 admixta
1952 1237 2199 1278 imperfectione,
2223 1239 2256 1268 in
2278 1238 2328 1269 die
2350 1238 2489 1278 perfecto
2507 1238 2592 1268 inve-

415 1282 538 1312 animae
554 1283 691 1314 sortitur.
716 1284 756 1314 Et
772 1290 878 1314 tamen
902 1290 948 1313 est
971 1293 1034 1313 una
1057 1283 1189 1322 simplex
1204 1282 1354 1323 qualitas:
1380 1281 1479 1312 diver·
1504 1281 1506 1287 ’

1534 1283 1636 1313 nitur:
1670 1288 1722 1318 ut,
1746 1282 1839 1314 iuxta,
1854 1282 2050 1322 Apostolum
2067 1281 2094 1318 *,
2119 1283 2240 1313 caritas
2261 1291 2424 1322 nunquam
2449 1282 2594 1319 εει-σῶαί,-

1505 1337 1506 1340 ’
1534 1327 1588 1358 sed
1605 1336 1676 1357 cum
1693 1327 1814 1357 venerit
1836 1326 1920 1366 quod
1936 1325 2118 1366 perfectum
2143 1331 2200 1363 est,
2218 1326 2426 1357 evacuabitur·
2447 1325 2532 1366 quod
2553 1334 2596 1356 ex

1505 1396 1506 1405 ³
1527 1376 1636 1411 parte,
1659 1370 1740 1401 idest
1763 1369 2012 1410 imperfectione,
2037 1375 2093 1401 est.
2597 1383 2600 1387 ·

1589 1418 1810 1454 Augmentum
1834 1414 1866 1444 in
1889 1413 2059 1450 infinitum,
2083 1424 2158 1445 sane
2181 1414 2387 1450 intellectum,
2412 1420 2458 1445 ut:
2464 1413 2536 1444 hic
2534 1423 2601 1445 :suo

1534 1459 1640 1495 mitur,
1664 1458 1726 1488 hoc
1749 1465 1796 1489 est
1819 1465 1854 1489 ut
1877 1467 2001 1498 semper
2023 1458 2136 1489 habeat
2159 1468 2225 1499 quo
2247 1465 2367 1490 crescat
2383 1467 2467 1489 non
2470 1457 2601 1497 simpli—

1533 1503 1608 1534 citer
1624 1503 1678 1533 sed
1694 1503 1826 1533 durante
1839 1501 1891 1532 via
1904 1501 1930 1538 *,
1947 1501 2112 1533 manifeste
2127 1512 2257 1543 quoque
2278 1502 2421 1538 habetur,
2441 1501 2470 1533 si
2488 1501 2600 1532 adver-

1534 1547 1630 1578 timus
1650 1547 1748 1587 quod,
1768 1547 1900 1577 durante
1919 1546 2203 1586 pueritia,-semper
2215 1546 2311 1577 habet
2327 1547 2433 1577 homo
2449 1548 2518 1587 quo'
2532 1549 2598 1576 cre-I

1535 1598 1615 1628 scat;
1641 1597 1671 1621 et
1695 1590 1847 1627 similiter,
1872 1590 2004 1622 durante
2027 1597 2108 1621 statu
2139 1590 2333 1626 matutinali,
2357 1600 2482 1630 semper
2502 1589 2602 1621 habet

1535 1636 1589 1667 lux
1612 1644 1679 1675 quo
1708 1641 1841 1666 crescat:
1873 1634 1937 1665 hoc
1959 1634 2045 1665 enim
2076 1642 2122 1665 est
2143 1634 2309 1667 hominem
2336 1633 2598 1674 ina-pueritiaket

1534 1680 1641 1711 lucem
1663 1679 1697 1709 in
1721 1688 1823 1714 mane,
1847 1685 1878 1708 et
1901 1678 2061 1709 caritatem
2083 1678 2117 1708 in
2139 1678 2190 1710 via
2213 1689 2307 1718 posse
2327 1687 2465 1709 crescere
2493 1677 2530 1708 in
2542 1677 2601 1709 ¹*ins

1535 1723 1671 1754 finitum.
1697 1723 1828 1763 Propter
1844 1722 1931 1762 quod
1947 1722 1980 1752 in
1995 1721 2096 1752 littera
2111 1722 2128 1741 *
2143 1729 2190 1752 est
2208 1722 2475 1753 differentiainoer
2491 1721 2603 1753 canitae
2626 1727 2633 1735 ·

1536 1775 1600 1798 tem
1625 1774 1655 1798 et
1670 1766 1789 1797 formas
1813 1765 1943 1802 medias,
1960 1773 2037 1806 puta
2053 1766 2217 1806 pallorem,
2237 1776 2374 1807 quarum
2390 1769 2602 1805 augmentum

1537 1821 1603 1843 non
1636 1817 1682 1842 est
1710 1819 1867 1841 coaevum
1901 1810 2004 1841 motui
2034 1810 2075 1840 ad
2102 1810 2284 1842 terminum.
2319 1810 2524 1842 Declaratum'
2546 1815 2602 1843 aaa

1538 1861 1748 1895 augmentum
1778 1853 1911 1886 caritatis
1940 1853 1973 1884 in
2004 1853 2054 1885 via
2078 1853 2112 1884 in
2139 1853 2320 1890 infinitum,
2350 1864 2387 1885 ac
2415 1853 2603 1887 si2diceret:

1538 1900 1669 1937 Quanto
1693 1905 1837 1938 tempore
1860 1898 1952 1929 durat
1973 1898 2024 1928 via
2047 1898 2087 1928 ad
2109 1898 2255 1938 patriam,
2280 1899 2372 1930 durat
2394 1905 2425 1930 et
2446 1907 2599 1938 augmen-

1539 1951 1611 1974 tum
1633 1942 1782 1973 caritatis:
1807 1941 1887 1973 sicut
1909 1949 2032 1982 quanto
2055 1949 2199 1981 tempore
2218 1943 2313 1974 durat
2341 1941 2486 1982 pueritia,
2507 1942 2603 1974 ditm

1537 1995 1745 2027 augmentum
1762 1986 1903 2018 hominis
1909 1995 1917 2022 ;
1942 1993 1973 2017 et
1987 1993 2107 2027 quanto
2124 1993 2268 2026 tempore
2283 1987 2375 2018 durat
2390 1996 2493 2022 mane,
2506 1987 2603 2018 dum

1538 2037 1748 2072 augmentum
1762 2030 1851 2061 lucis.
1875 2030 1950 2060 Non
1966 2029 2017 2062 sic,
2033 2029 2118 2063 enim
2136 2037 2181 2061 est
2204 2030 2236 2061 in
2260 2030 2370 2063 formis
2398 2030 2524 2062 mediis:
2543 2035 2603 2063 tene

1538 2075 1679 2110 tenditur
1699 2074 1784 2105 enim
1808 2074 1880 2114 plus
1896 2074 1945 2104 via
1964 2082 2063 2115 quam
2080 2081 2289 2125 augmentum
2303 2074 2535 2107 illiusformae.
2559 2074 2602 2107 Et

1539 2119 1818 2162 quemadmodum
1845 2118 1986 2158 implicat
2014 2118 2165 2158 aliquem
2185 2118 2217 2149 in
2241 2119 2310 2150 via
2319 2123 2401 2151 non
2412 2128 2508 2158 posse
2530 2122 2604 2158 pto-

1537 2164 1635 2205 gredi,
1659 2163 1725 2195 iam
1740 2163 1825 2195 enim
1849 2169 1930 2193 esset
1944 2162 1976 2193 in
2001 2162 2152 2198 termium
2175 2169 2206 2194 et
2228 2161 2375 2196 similiter
2386 2162 2575 2195 hominem
2566 2166 2603 2195 ω’

1538 2208 1672 2248 pueritia
1694 2217 1759 2238 non
1785 2216 1878 2247 posse
1901 2206 2038 2256 amplius
2061 2214 2206 2242 crescere,
2231 2214 2261 2238 et
2284 2206 2391 2241 lucem
2418 2216 2511 2237 mane
2527 2215 2602 2239 xum:

1538 2262 1632 2303 posse
1652 2260 1803 2286 crescere;
1823 2251 1866 2280 ita
1884 2250 2042 2281 caritatem
2058 2250 2091 2280 in
2108 2257 2195 2286 statu
2206 2250 2273 2285 viae
2289 2258 2369 2283 non
2365 2261 2466 2290 posse
2479 2250 2603 2291 augerii

1538 2297 1602 2328 iam
1625 2295 1711 2327 enim
1728 2305 1794 2326 non
1813 2301 1899 2325 esset
1907 2294 1941 2327 in
1959 2294 2013 2324 via
2029 2294 2083 2325 sed
2106 2294 2138 2324 iu
2155 2294 2309 2330 termino,
2319 2294 2407 2328 sicut
2425 2303 2495 2326 nec
2500 2294 2601 2327 hemo

1537 2341 1570 2371 in
1595 2339 1728 2380 puer-itia
1751 2348 1808 2369 nec
1830 2339 1885 2372 lux
1908 2338 1941 2368 in
1964 2336 2068 2369 mane.
2552 2344 2603 2372 “J

1593 2385 1635 2415 Et
1649 2394 1687 2415 ex
1698 2383 1762 2414 hoc
1777 2390 1862 2432 patet
1881 2389 2040 2423 quartum,
2056 2382 2189 2413 scilicet
2196 2382 2301 2422 quod
2299 2356 2607 2423 quantumcumquq

1539 2428 1648 2459 caritas
1672 2434 1823 2467 augeatur
1838 2426 1871 2456 in
1894 2426 1954 2462 via,
1971 2435 2148 2466 nunquam
2155 2425 2306 2476 peruenit
2313 2427 2361 2457 ad
2375 2426 2605 2469 ροπὶεοῖὶοῠη

1538 2471 1671 2512 patriae:
1703 2471 1784 2511 quia-
1803 2470 1931 2501 alterius
1956 2477 2031 2501 sunt
2056 2470 2189 2505 rationis
2207 2469 2354 2505 ,ennianae
2382 2469 2602 2511 perfectionne)

1538 2516 1626 2547 Sicut
1648 2525 1736 2555 puer,
1752 2521 2050 2555 quantumcumque
2072 2522 2389 2555 crescannunquam,
2404 2519 2603 2555 stante-pnes

1538 2559 1617 2596 titia,
1635 2558 1776 2599 pervenit
1788 2559 1829 2589 ad
1844 2558 2071 2598 perfectionem
2086 2558 2159 2595 viri;
2177 2569 2235 2590 nec
2247 2559 2303 2593 lux
2314 2558 2485 2595 matutina,
2497 2565 2603 2592 stante

1539 2614 1643 2640 mane,
1664 2604 1703 2634 ad
1727 2602 1955 2642 perfectionem
1979 2602 2041 2632 diei
2057 2602 2195 2642 perfecti.
2216 2603 2300 2637 Sunt
2316 2602 2415 2639 enim,
2431 2610 2467 2634 ut
2481 2602 2604 2636 dictum

1539 2656 1596 2684 est,
1609 2647 1816 2688 perfectiones
1833 2646 1959 2678 alterius
1972 2646 2118 2686 rationis:
2138 2647 2246 2687 quoad
2259 2647 2324 2679 hoc
2334 2647 2481 2687 quadem,
2488 2646 2604 2680 seilicet

1538 2692 1628 2742 quod
1644 2698 1718 2721 sunt
1730 2690 1924 2721 diversarum
1939 2690 2109 2727 rationum,
2121 2690 2328 2734 assimilatae
2319 2700 2352 2721 in
2363 2691 2464 2723 littera
2475 2691 2493 2709 *
2503 2700 2603 2730 quan-

1539 2735 1619 2767 titati
1639 2735 1741 2765 lineae
1763 2741 1794 2764 et
1817 2733 2007 2774 superficiei;
2032 2735 2087 2765 sed
2110 2744 2175 2764 non
2196 2741 2250 2767 est
2279 2735 2472 2765 extendenda
2495 2733 2603 2767 simili-

1540 2780 1619 2811 tudo
1643 2779 1712 2809 ista.
1736 2778 1811 2808 Non
1835 2778 1941 2809 solum
1964 2784 2070 2808 autern
2095 2787 2132 2809 ex
2149 2777 2204 2809 ,his
2226 2778 2360 2809 habetur
2381 2778 2470 2818 quod
2493 2778 2603 2811 caritas

1541 2823 1609 2854 viae
1624 2829 1679 2853 vest
1702 2821 1884 2862 simpliciter
1907 2821 2012 2852 minor
2035 2821 2161 2852 caritate
2184 2822 2312 2862 patriae,
2335 2823 2424 2862 quod
2450 2822 2546 2855 etim
2568 2830 2606 2855 ex

1540 2868 1641 2898 lineae
1665 2873 1695 2898 et
1716 2865 1892 2906 superficiei
1916 2866 2061 2906 exemplo
2085 2866 2274 2897 habebatur:
2305 2867 2360 2897 sed
2383 2867 2472 2906 quod
2496 2866 2605 2899 carim

1542 2912 1610 2942 viae
1634 2910 1810 2942 seeundum
1835 2909 1955 2940 nullam
1978 2910 2187 2950 quantitatem
2211 2917 2314 2950 potest
2334 2910 2509 2950 adaequare
2532 2909 2605 2942 cari·

1542 2962 1638 2986 tatem
1671 2954 1900 2994 cuiuscumque
1930 2953 2025 2990 beati;
2050 2953 2131 2984 sicut
2155 2964 2211 2984 nec
2239 2954 2293 2984 lux
2322 2954 2478 2986 matutina
2501 2959 2606 2994 potest

1542 3000 1717 3039 adaequare
1740 2998 1917 3029 secundum
1939 2997 2079 3038 aliquam
2102 2998 2290 3029 intensivum
2313 2998 2363 3029 sui
2379 2998 2606 3038 perfectionem

1542 3044 1648 3074 lucem
1670 3041 1800 3082 perfecti
1822 3042 1895 3078 diei,
1920 3051 1976 3073 nec
1999 3040 2148 3082 perfectio
2165 3042 2294 3082 puerilis
2311 3042 2538 3082 perfectionem
2559 3042 2605 3075 vi-

1510 3111 1513 3114 >
1543 3088 1643 3118 rilem.
1668 3087 1709 3117 Et
1723 3086 1803 3117 ratio
1818 3094 1864 3117 est
1879 3085 1955 3127 quia
1973 3085 2179 3126 perfectiones
2199 3093 2272 3117 sunt
2291 3096 2356 3117 non
2371 3086 2478 3118 solum
2492 3086 2608 3119 haben·

1544 3139 1589 3162 tes
1606 3130 1751 3170 ordinem
1767 3130 1906 3173 originis,
1924 3130 2004 3161 sicut
2019 3130 2101 3160 linea
2117 3137 2147 3161 et
2162 3129 2356 3170 superficies:
2381 3131 2436 3162 sed
2455 3131 2606 3163 habentes

2644 236 2681 256 ΡΙ.
2703 242 2801 262 mxxvi,

2613 268 2670 283 vers.
2686 261 2709 283 6.

2614 367 2622 375 ⁸
2633 366 2642 386 1
2652 365 2685 386 ad
2695 365 2758 390 Cor„
2772 371 2823 392 cap.

2613 398 2664 418 xm,
2680 398 2737 412 vern.
2754 397 2779 412 ιι.

2614 498 2623 507 ’
2637 496 2703 518 Ver..
2719 497 2749 518 ιὸ.

2619 982 2628 991 ·
2642 981 2698 1003 Loe.
2713 980 2753 1002 cit.

2621 1286 2696 1308 ’1bid.
2705 1292 2763 1308 vers.
2770 1286 2791 1311 ⁸,
2799 1291 2830 1306 10.

2624 1507 2633 1516 ⁸
2649 1505 2688 1527 cf.
2702 1510 2765 1526 num.
2781 1510 2811 1525 vil

2654 1725 2680 1746 ln
2695 1730 2802 1751 corpore.

2631 2697 2680 2718 'In
2700 2703 2760 2724 resp.
2779 2697 2808 2718 ad
2822 2703 2842 2725 3.

1545 3175 1691 3206 ordinem
1709 3175 1777 3205 viae
1801 3175 1841 3206 ad
1864 3174 2045 3210 terminum,
2061 3174 2116 3214 qui
2140 3183 2206 3205 non
2230 3174 2324 3206 estin
2347 3174 2430 3205 linea
2452 3180 2483 3205 et
2497 3183 2606 3214 super-
2655 3170 2658 3174 ’

1545 3219 1626 3250 ficie.
1650 3219 1726 3249 Non
1750 3218 1836 3249 enim
1855 3218 2018 3259 protensio
2041 3218 2143 3249 lineae
2158 3217 2378 3249 terminabitur
2400 3228 2544 3259 unquam
2566 3218 2607 3249 ad

1547 3262 1761 3303 superficiem:
1787 3263 1851 3299 sed,
1873 3262 1953 3293 sicut
1976 3262 2110 3303 pueritia
2130 3263 2169 3292 ad
2192 3262 2380 3299 virilitatem,
2396 3269 2426 3292 et
2443 3262 2498 3294 lux
2513 3271 2606 3293 mne

1547 3308 1586 3337 ad
1611 3306 1786 3347 perfectum
1811 3306 1904 3342 diem,
1929 3306 1971 3338 ita
1995 3313 2202 3346 augmentum
2225 3306 2360 3338 caritatis
2382 3305 2457 3336 viae·
2473 3305 2513 3336 ad
2536 3314 2606 3345 per-

1546 3350 1718 3382 fectionem
1736 3350 1854 3390 patriae
1869 3350 2063 3381 terminatur.
2087 3351 2220 3390 Propter
2235 3350 2467 3391 quodidivinus
2485 3351 2607 3380 Auctor

1545 3395 1578 3425 in
1602 3394 1714 3430 littera,
1737 3394 1770 3424 in
1794 3394 2001 3433 responsione
2030 3395 2070 3425 ad
2092 3394 2251 3434 primum,
2276 3393 2355 3425 dicit
2382 3393 2606 3434 quod'motus

1547 3438 1681 3469 caritatis
1705 3444 1752 3468 est
1774 3438 1814 3468 ad
1838 3438 2009 3469 terminum
2033 3448 2099 3469 nou
2122 3438 2183 3475 hic,
2208 3438 2262 3470 sed
2280 3438 2317 3469 'in
2334 3437 2450 3477 patria.

1602 3483 1643 3513 Et
1666 3482 1740 3523 quia
1757 3492 1823 3513 non
1845 3489 1892 3513 sat
1915 3491 1960 3513 est
1977 3482 2084 3513 multis
2101 3481 2327 3517 manifestasse,
2345 3481 2406 3512 nisi
2419 3480 2506 3512 radix
2522 3480 2607 3513 unde
