2892 4056
416 175 439 198 X

417 244 551 284 cunde
583 245 697 284 beati
725 245 873 284 thome.
908 246 1068 297 scripta
1103 245 1146 283 in
1179 245 1334 285 candia
1370 259 1502 285 manu
1523 244 1689 298 fratris
1714 243 1804 283 luce
1826 243 1877 282 de
1898 242 2036 294 dyano
2069 242 2230 282 ordinis
2250 242 2453 295 fratrum
2476 243 2580 294 pre·
2635 276 2637 279 s

416 304 653 344 dicatorum
685 306 896 344 Mccc.XL1
924 306 967 344 in
1001 305 1068 343 die
1102 305 1218 344 beati
1246 307 1391 346 alexii.
1430 306 1523 345 Deo
1551 305 1724 357 gratias
1755 316 1891 343 amen.
1941 302 2239 343 Correctiones
2274 315 2433 356 paucae
2471 306 2580 341 sunt.

540 365 590 418 F)
625 365 856 404 Vaticanus
893 376 979 417 744
1023 376 1132 405 saec.
1167 377 1259 412 XIV,
1293 366 1493 406 foliorum
1530 376 1638 418 277,
1673 365 1878 418 scriptura
1911 369 1952 402 et
1984 362 2262 403 illustratione
2295 362 2480 416 pulcher.
2536 362 2583 400 In

415 425 549 478 prima
572 425 707 465 littera
728 431 867 465 textus
891 425 1201 465 Dominicanus
1225 439 1320 466 cum
1344 427 1518 466 aureola
1542 426 1781 479 (posteriori
1814 437 1942 465 manu
1965 422 2148 475 addita?)
2172 423 2320 477 legens
2346 423 2482 476 pictus
2506 427 2581 462 est.

414 486 461 525 In
494 485 699 539 principio
733 486 861 525 habet
893 486 1044 525 rubro:
1106 486 1380 526 Continuacio
1412 487 1514 527 libri
1543 487 1811 540 precedentis
1849 485 1911 525 ad
1937 487 2178 536 sequentem
2220 484 2297 535 qui
2325 483 2483 523 dicitur
2515 496 2581 522 se-

413 546 553 586 cunda
575 546 771 587 secunde.
797 547 958 597 Textus
982 546 1123 585 finitur
1143 547 1211 586 fol.
1240 558 1319 599 271
1340 561 1347 595 ;
1383 547 1544 600 reliqua
1564 547 1664 586 folia
1687 547 1888 600 tripartita
1911 550 2091 598 occupat
2112 544 2250 591 index,
2274 544 2391 584 initio
2419 544 2581 584 habens

414 607 564 646 rubro:
607 608 824 660 Incipiunt
852 607 1040 660 capitula
1071 607 1252 647 secunde
1280 609 1437 661 partis.
1482 608 1670 647 Secundi
1699 608 1806 647 libri.
1851 603 2044 647 Summe
2063 605 2170 645 edite
2203 618 2230 644 a
2251 604 2404 657 fratre
2436 605 2582 644 thoma

412 667 464 707 de
504 668 688 719 Aquino.
733 666 894 706 ordinis
931 667 1276 720 predicatorum,·
1323 669 1390 708 hic
1421 668 1594 719 fratre,
1637 667 1714 707 sed
1757 668 1963 724 superiori
2012 666 2203 721 margine
2246 665 2386 705 sexies
2428 666 2581 706 rubro:

418 728 615 780 Capitula
648 727 836 767 Secundi
863 728 990 767 Libri
1018 728 1210 768 Secunde
1242 729 1387 782 partis
1420 729 1573 768 Sancti
1604 729 1644 767 T
1637 729 1760 768 nome
1790 730 1859 769 De
1885 729 2076 781 AquinO,
2115 733 2156 767 et
2188 732 2286 780 post
2322 726 2448 766 finem
2481 726 2581 766 item

413 789 562 828 rubro:
610 788 806 842 Explicit
843 788 945 828 ordo
989 791 1032 828 et
1059 790 1250 842 signacio
1292 790 1578 842 questionum„
1617 790 1805 829 Secundi
1843 790 1950 829 libri.
2001 788 2194 829 Secunde
2225 788 2382 842 partis.
2433 787 2587 827 Sancti

420 849 576 888 Thome
616 849 667 888 de
708 850 894 902 Aquino.
942 850 1196 890 Benedictus
1236 851 1358 890 Deus
1388 851 1543 890 Amen.
1595 850 1894 890 Correctiones
1939 856 2055 890 extra
2099 855 2260 889 textum
2303 848 2582 902 paucissimas

412 910 539 949 habet
561 910 758 963 quamvis
791 911 980 963 plurimis
1016 917 1124 965 eget,
1160 925 1258 951 nam
1292 911 1486 951 librarius
1521 911 1615 964 plus
1639 911 1765 950 solito
1789 917 1948 964 peccat.
1983 911 2084 950 Non
2107 923 2202 950 raro
2239 910 2413 963 (centies
2441 909 2582 949 decies

412 976 452 1010 et
475 971 668 1024 amplius)
703 971 839 1024 spatia
861 971 1024 1024 aliquot
1047 972 1192 1012 litteris
1216 986 1352 1011 vacua
1385 972 1552 1025 reliquit
1574 985 1684 1024 quae
1713 971 1989 1012 solummodo
2014 972 2156 1011 decies
2184 971 2320 1011 aliena
2347 977 2393 1011 ut
2413 970 2583 1010 videtur

410 1045 560 1071 manus
595 1032 805 1085 implevit;
860 1032 1030 1085 saepius
1066 1045 1206 1072 errore
1242 1033 1368 1072 rubra
1414 1033 1524 1072 linea
1557 1032 1688 1072 nitide
1722 1033 1863 1072 deleto
1898 1033 1940 1072 in
1973 1038 2091 1072 textu
2125 1032 2276 1072 melius
2310 1032 2466 1072 scribit.
2515 1032 2582 1072 Ex

410 1098 550 1132 cetero
585 1093 711 1132 etiam
744 1098 862 1132 textu
895 1099 1011 1146 patet
1044 1093 1349 1148 calligraphum
1383 1098 1589 1146 quantum
1622 1094 1808 1146 potuerit
1840 1093 2327 1143 sinceritati-studuisse.

533 1153 587 1206 G)
621 1154 807 1194 Urbinas
848 1155 924 1194 131
978 1167 1086 1194 saec.
1111 1167 1182 1202 XV,
1217 1154 1415 1194 foliorum
1450 1165 1555 1204 419,
1606 1154 1755 1193 ultimo
1803 1155 1902 1194 albo
1947 1167 2033 1193 non
2072 1154 2402 1207 comprehenso;
2451 1155 2581 1195 index

409 1221 589 1268 occupat
621 1215 756 1268 prima
790 1221 887 1254 octo
922 1215 1043 1262 folia;
1087 1215 1128 1254 in
1162 1214 1369 1267 principio
1404 1214 1541 1253 rubris
1576 1214 1840 1253 maiusculis:
1889 1214 2046 1267 Incipit
2074 1214 2223 1254 tabula
2259 1215 2389 1255 huius
2419 1216 2582 1270 operis,·

407 1276 448 1315 in
482 1276 565 1315 fine
599 1276 717 1315 item:
771 1275 968 1329 Explicit
995 1275 1098 1314 ordo
1137 1278 1181 1314 et
1208 1275 1394 1327 signatio
1426 1274 1691 1326 questionum
1729 1273 1908 1314 secundi
1943 1274 2045 1313 libri
2083 1275 2264 1314 secunde
2286 1275 2434 1328 partis
2469 1276 2586 1317 beati

406 1337 546 1376 thome
566 1336 618 1376 de
650 1337 806 1389 aquino
828 1336 990 1376 ordinis
1002 1335 1350 1389 predicatorum,·
1382 1341 1481 1389 post
1514 1349 1676 1375 nonum
1699 1335 1844 1375 album
1878 1335 2091 1375 decimum
2113 1335 2261 1375 solium
2284 1349 2412 1376 verso
2436 1336 2478 1377 in
2502 1336 2580 1376 cir—

407 1398 502 1437 culo
527 1398 741 1452 eleganter
763 1398 969 1437 illustrato
992 1397 1121 1437 habet
1154 1411 1258 1437 auro
1282 1403 1324 1437 et
1347 1397 1515 1437 ceruleo
1539 1402 1775 1436 atramento
1809 1396 2132 1437 alternantibus:
2173 1397 2223 1436 ln
2250 1397 2330 1438 hoc
2361 1411 2408 1438 co
2491 1397 2583 1438 dice

406 1460 589 1499 continet
679 1472 736 1499 ur
764 1458 950 1499 secunda
982 1472 1080 1498 secu
1175 1459 1257 1499 nde
1287 1460 1430 1499 sancti
1447 1461 1600 1498 tomme
1658 1458 1868 1511 deaquino
1895 1458 1993 1498 ordi
2081 1458 2150 1498 nis
2173 1458 2325 1512 predic
2387 1462 2581 1507 aterum,-

406 1521 475 1561 fol.
507 1533 551 1560 11
592 1526 707 1560 recto
741 1521 913 1574 pulchre
953 1520 1158 1560 illustrato
1202 1520 1340 1560 aureis
1375 1520 1636 1560 maiusculis:
1686 1520 1949 1560 sanctissimi
1983 1520 2124 1560 thome
2164 1520 2382 1572 aquinatis
2418 1519 2582 1561 ordinis

398 1581 719 1635 predicatorum
751 1581 938 1622 secunda
969 1581 1151 1622 secunde
1182 1582 1332 1635 incipit
1353 1581 1567 1635 feliciter,·
1603 1581 1644 1620 in
1664 1581 1761 1620 -fine
1795 1581 1888 1621 libri
1921 1581 2058 1621 rubris
2092 1581 2354 1622 maiusculis:
2388 1582 2585 1636 Explicit

404 1643 591 1683 secunda
622 1643 803 1683 secunde
843 1643 986 1683 sancti
1014 1643 1154 1683 thome
1185 1643 1237 1683 de
1269 1643 1426 1696 aquino
1458 1642 1621 1683 ordinis
1639 1641 1842 1696 fratrum
1877 1642 2214 1696 predicatorum.
2262 1643 2356 1683 Deo
2391 1644 2578 1696 gratias.

405 1705 516 1745 Suas
551 1705 739 1744 rubricas
779 1710 820 1744 et
853 1704 1140 1756 Quaestiones
1187 1710 1227 1744 et
1269 1704 1447 1744 Articuli
1491 1704 1660 1744 habent.
1711 1704 2011 1744 Correctiones
2051 1710 2150 1744 sunt
2191 1705 2294 1744 satis
2335 1704 2579 1759 frequentes

405 1772 446 1806 et
478 1766 612 1820 vulgo
646 1780 670 1805 a
703 1765 908 1819 scriptore
942 1771 1071 1805 ortae.

528 1828 584 1880 H)
619 1827 834 1867 Palatinus
868 1825 957 1877 354
991 1839 1255 1880 papyraceus
1295 1839 1404 1866 saec.
1429 1838 1501 1874 XV,
1525 1826 1724 1866 foliorum
1759 1826 1860 1879 559,
1895 1827 1937 1866 in
1972 1840 2059 1880 quo
2099 1840 2278 1867 numero
2311 1826 2398 1867 duo
2432 1827 2580 1869 ultima

404 1891 500 1930 alba
533 1903 619 1929 non
654 1888 1091 1941 comprehenduntur;
1126 1901 1151 1927 a
1182 1888 1251 1928 fol.
1281 1889 1370 1940 309
1398 1901 1526 1928 verso
1562 1888 1705 1942 incipit
1737 1888 1818 1928 alia
1850 1901 2018 1936 manus;
2057 1894 2198 1928 textus
2231 1888 2373 1928 finitur
2393 1888 2463 1928 fol.
2489 1887 2577 1940 545

403 1964 551 1999 verso;
602 1950 793 2003 sequitur
839 1949 922 1989 soll.
960 1948 1162 2000 546-555
1196 1963 1324 1989 verso
1366 1962 1380 1989 1
1423 1949 1501 1990 col.
1536 1949 1685 1998 index,
1721 1949 1763 1989 in
1798 1949 1917 1989 cuius
1950 1950 2034 1990 fine
2068 1950 2214 1990 rubro:
2262 1949 2460 2004 Explicit
2489 1951 2578 1990 Re-

398 2013 586 2066 gistrum
618 2013 749 2065 super
778 2010 1009 2051 secundam
1041 2010 1223 2050 secunde
1254 2011 1384 2051 Beati
1412 2011 1552 2051 tliome
1584 2014 1656 2051 etc.
1706 2011 1911 2064 Sequitur
1941 2011 2089 2051 tabula
2122 2010 2354 2052 secundum
2386 2011 2578 2052 ordinem

404 2068 625 2128 alphabeti
651 2075 782 2126 super
812 2072 988 2112 eandem
1013 2075 1211 2126 partem,·
1244 2073 1387 2112 tabula
1421 2072 1500 2112 ista
1532 2072 1695 2126 reliqua
1726 2072 1827 2112 folia
1860 2078 2006 2113 notata
2039 2079 2231 2127 occupat.
2278 2073 2577 2114 Correctiones

403 2135 638 2176 admodum
671 2147 832 2188 paucae
865 2140 975 2174 sunt.

526 2197 557 2250 I)
591 2195 805 2236 Palatinus
840 2194 927 2235 355
962 2208 1225 2248 papyraceus
1259 2208 1368 2235 sace.
1392 2207 1464 2243 XV,
1488 2195 1686 2235 foliorum
1721 2196 1822 2246 484,
1858 2195 1935 2235 sed
1969 2201 2152 2248 quatuor
2184 2196 2332 2236 ultima
2363 2196 2461 2236 alba
2489 2209 2576 2236 non

404 2256 836 2312 comprehenduntur;
871 2257 993 2310 primi
1016 2257 1103 2296 folii
1127 2269 1277 2311 margo
1301 2257 1495 2310 superior
1516 2257 1646 2297 habet
1666 2257 1818 2296 rubro:
1852 2257 2009 2311 Incipit
2034 2257 2142 2297 liber
2159 2257 2370 2297 secundus
2396 2257 2578 2298 secunde

394 2321 539 2374 partis
570 2331 734 2358 summe
755 2317 862 2357 edite
893 2332 920 2358 a
942 2317 1093 2372 fratre
1125 2319 1270 2358 thoma
1293 2318 1454 2358 ordinis
1477 2318 1800 2372 predicatorum
1810 2334 1827 2365 ,·
1860 2324 2000 2358 textus
2023 2318 2164 2358 finitur
2191 2319 2260 2358 fol.
2286 2329 2374 2371 472
2405 2324 2521 2358 recto
2555 2331 2569 2359 1

404 2382 504 2429 col.;
539 2380 729 2433 sequitur
763 2379 890 2419 index
912 2380 953 2419 in
978 2379 1096 2419 cuius
1131 2380 1214 2419 fine
1236 2379 1306 2419 fol.
1332 2391 1437 2432 479:
1471 2380 1680 2433 Explicit
1696 2379 1799 2420 ordo
1825 2382 1868 2419 et
1888 2380 2080 2432 szgnacio
2107 2380 2372 2432 questionum
2402 2378 2582 2420 secundi
2654 2383 2659 2385 ’

403 2443 505 2483 libri
531 2441 712 2482 secunde
735 2441 881 2494 partis
900 2440 1067 2494 fratris
1099 2442 1239 2481 thome
1261 2440 1312 2480 de
1333 2441 1501 2494 aquino.
1536 2441 1775 2481 benedictus
1796 2440 1901 2480 deus
1932 2453 2068 2480 amen.
2105 2441 2309 2494 Sequitur
2334 2440 2463 2481 index
2485 2454 2575 2482 ma-

402 2504 530 2544 teriae
564 2502 865 2557 alphabeticus.

526 2565 579 2618 K)
614 2564 808 2603 Vaticani
850 2565 936 2616 738
976 2569 1016 2603 et
1052 2562 1137 2615 745
1188 2564 1306 2614 (nam
1347 2569 1411 2603 est
1451 2576 1536 2603 una
1575 2562 1803 2617 descriptio
1838 2563 2036 2616 quamvis
2075 2563 2344 2603 materialiter
2381 2563 2424 2603 in
2464 2563 2574 2604 duos

402 2633 545 2666 tomos
580 2625 730 2678 divisa)
765 2638 874 2665 saec.
906 2637 990 2665 X111.
1027 2625 1193 2664 Primus
1226 2624 1336 2664 soliis
1371 2636 1459 2675 409
1494 2630 1671 2674 constat.
1725 2624 1867 2664 Prima
1899 2624 1977 2663 tria
2010 2623 2110 2663 folia
2148 2630 2189 2663 et
2222 2629 2419 2677 quartum
2457 2630 2574 2665 recto

404 2693 584 2741 occupat
631 2686 758 2726 index
808 2686 1120 2738 Quaestionum
1153 2697 1278 2732 XLv1;
1333 2685 1511 2725 alterum
1555 2685 1663 2724 latus
1697 2684 1784 2724 folii
1819 2685 1955 2738 quarti
2003 2685 2347 2738 prosequebatur
2391 2686 2573 2727 indicem

404 2749 716 2800 Quaestionum
766 2754 807 2787 et
851 2747 1139 2787 Articulorum
1174 2746 1226 2785 de
1261 2746 1502 2799 prudentia,
1537 2745 1613 2785 sed
1647 2746 1814 2799 pumice
1857 2746 2057 2786 abrasum
2097 2752 2181 2794 est;
2216 2746 2285 2787 fol.
2329 2749 2410 2787 188
2444 2759 2572 2788 verso

404 2809 628 2849 resumitur
661 2809 788 2848 index
822 2814 862 2848 et
895 2808 948 2847 ad
982 2807 1290 2859 Quaestionem
1325 2807 1404 2847 CV
1429 2807 1482 2847 de
1510 2807 1767 2847 Obedientia
1799 2807 2052 2861 perducitur,
2079 2821 2131 2847 ex
2160 2821 2247 2861 quo
2282 2808 2462 2862 scriptor
2488 2815 2573 2849 tres

403 2877 546 2910 tomos
579 2870 659 2910 sibi
681 2870 957 2923 proposuisse
991 2875 1174 2923 apparet.
1211 2868 1336 2908 Folio
1376 2881 1390 2908 1
1420 2868 1566 2908 rubro:
1600 2869 1816 2923 Incipiunt
1833 2869 2022 2923 capitula
2053 2869 2232 2909 secundi
2260 2869 2363 2910 libri
2393 2870 2576 2910 secunde

395 2932 541 2986 partis
572 2944 735 2970 summe
771 2930 907 2970 editae
939 2943 966 2970 a
988 2929 1139 2983 fratre
1182 2931 1327 2969 thoma
1368 2929 1420 2969 de
1452 2931 1632 2983 aquino,·
1663 2931 1732 2970 fol.
1770 2929 1795 2970 5
1831 2931 2037 2986 margine,
2060 2931 2267 2985 superiori
2311 2931 2571 2972 maiusculis:

404 2992 590 3032 secunda
614 2995 727 3045 pars
757 2991 937 3031 secunde
960 2992 1107 3044 partis
1137 3004 1302 3031 summe
1320 2990 1487 3044 fratris
1519 2992 1658 3032 thome
1680 2991 1732 3031 de
1752 2993 1910 3045 aquino
1921 3007 1938 3039 ,·
1970 2992 2104 3046 prima
2137 2992 2273 3032 littera
2305 2998 2445 3033 textus
2469 3006 2572 3033 con-

404 3053 509 3093 tinet
551 3053 709 3106 pictum
751 3053 918 3092 fratrem
960 3053 1302 3092 Praedicatorem
1345 3053 1435 3092 sine
1479 3053 1651 3093 aureola
1695 3053 1950 3093 scribentem
1991 3053 2057 3093 cui
2095 3054 2295 3094 columba
2327 3055 2479 3094 volans
2517 3053 2572 3095 ad

405 3127 551 3154 aurem
573 3114 776 3167 loquitur;
800 3114 853 3153 ad
876 3114 985 3153 latus
1009 3114 1116 3154 illius
1139 3114 1299 3154 litterae
1323 3113 1470 3154 rubro:
1501 3114 1774 3155 Continuacio
1803 3115 1905 3155 libri
1913 3115 2181 3169 precedentis
2209 3115 2272 3155 ad
2287 3119 2538 3169 sequentem.
2553 3139 2571 3146 -

406 3175 593 3216 Alterius
626 3175 856 3214 voluminis
889 3175 1024 3228 prima
1056 3175 1191 3215 littera
1224 3174 1514 3228 (Quaestionis
1549 3176 1662 3229 CVI)
1698 3177 1885 3216 continet
1916 3177 2121 3230 picturam
2162 3177 2435 3217 Dominicani
2467 3177 2570 3217 scri-

407 3237 545 3277 bentis
568 3236 658 3276 sine
681 3236 854 3276 aureola
876 3242 917 3275 et
940 3236 1161 3284 columba;
1197 3242 1363 3276 constat
1384 3237 1494 3277 foliis
1517 3239 1623 3286 3203
1652 3243 1792 3277 textus
1815 3238 1956 3278 finitur
1977 3238 2046 3278 fol.
2072 3239 2182 3289 314:
2217 3239 2261 3279 in
2286 3237 2430 3278 secula
2451 3251 2569 3278 secu-

407 3298 555 3338 lorum.
585 3298 751 3345 Amen,·
783 3297 825 3336 in
859 3297 942 3336 fine
977 3298 1219 3338 columnae:
1253 3297 1449 3351 Explicit
1476 3299 1553 3338 iste
1586 3298 1701 3340 liber.
1736 3299 1931 3353 Scriptor
1959 3300 2018 3339 sit
2047 3300 2224 3340 crimine
2255 3299 2371 3339 liber.
2403 3299 2546 3339 Amen
2554 3315 2571 3345 ,-

406 3359 449 3398 in
471 3359 553 3399 fine
586 3358 756 3401 indicis:
791 3358 986 3412 Explicit
1009 3359 1112 3398 ordo
1140 3362 1182 3398 et
1199 3359 1384 3411 signatio
1405 3361 1668 3412 questionum
1699 3361 1877 3400 secundi
1905 3361 2007 3401 libri
2033 3361 2215 3402 secunde
2240 3361 2386 3415 partis
2404 3359 2571 3414 fratris

407 3420 546 3460 thome
578 3420 629 3460 de
650 3420 816 3473 aquino,
842 3419 1080 3459 benedictus
1100 3419 1214 3460 deus.
1240 3420 1394 3461 Amen.
1430 3421 1728 3462 Correctiones
1751 3423 1903 3462 horum
1927 3422 2123 3463 codicum
2146 3427 2244 3462 sunt
2270 3421 2325 3462 ab
2349 3422 2443 3476 ipso
2467 3421 2569 3462 scri-

408 3486 539 3533 ptore,
565 3481 714 3521 eadem
736 3481 886 3536 grandi
919 3481 1053 3520 littera
1081 3494 1129 3520 ac
1162 3487 1301 3521 textus
1334 3482 1524 3536 scriptae,
1549 3483 1705 3536 quibus
1739 3484 1925 3538 parvulis
1958 3484 2103 3524 litteris
2136 3483 2344 3537 praeitum
2379 3489 2453 3524 est.
