2892 4056
215 1850 221 1856 “
237 1848 287 1869 Art.
303 1847 408 1874 praeced.

457 228 530 274 346

1089 228 1353 274 QUAESTIO
1382 229 1520 275 XLVI,
1550 227 1845 264 ARTICULUS
1875 228 1990 274 11,111

1126 357 1457 390 Commentaria
1480 358 1731 390 cardinalis
1753 357 1954 390 Caietani

484 458 503 478 N
534 447 718 488 quaestione
749 445 1070 487 quadragesimasexta
1097 446 1221 476 adverte
1245 447 1334 486 quod
1362 456 1398 477 ea
1427 456 1509 487 quae

458 459 540 531 Iper
559 491 776 530 metaphoram
801 490 1005 529 explanantur
1028 496 1154 529 oportet
1182 499 1255 520 sane
1275 490 1406 530 intelligi
1425 490 1511 521 iuxta

1563 446 1800 486 perceptionem
1819 445 2011 483 divinorum,
2032 444 2238 476 contrariatur
2256 446 2433 478 inteuectus
2453 447 2556 482 dono;
2580 447 2627 476 in-

1564 496 1844 530 quantum-,autem
1859 489 1992 529 impedit
2014 488 2169 520 iudicium
2188 490 2363 520 eorundem
2387 491 2565 521 secundum
2586 491 2628 520 al-

453 535 625 565 subiectam
655 534 827 569 materiam,
852 543 891 563 ne
919 533 1050 573 penuria
1072 533 1302 563 vocabulorum
1331 544 1390 564 nos
1414 534 1508 565 fallat.
1563 533 1719 564 tissimam
1736 543 1874 570 causam,
1895 533 2102 564 contrariatur
2117 533 2203 563 dono
2220 534 2401 573 sapientiae.
2426 535 2467 565 Et
2481 534 2538 564 illo
2561 544 2629 564 mo-

454 578 539 610 Cum
562 579 655 618 igitur
670 577 799 608 stultitia
822 587 917 617 penes
941 577 1166 607 hebetudinem
1189 577 1306 607 attendi
1330 577 1456 613 dicitur;
1482 584 1511 607 et
1537 596 1539 604 ι
1566 577 1607 607 do
1621 577 1785 608 constituit
1800 578 2025 608 hebetudinem
2037 577 2085 608 vel
2098 577 2278 608 caecitatem
2290 578 2418 609 mentis:
2434 578 2496 608 isto
2511 585 2627 614 autem,

452 632 548 663 penes
572 623 633 652 hoc
656 621 740 651 idem
756 621 873 651 attendi
889 620 1009 651 dictum
1032 620 1071 651 sit
1085 620 1199 651 vitium
1216 621 1408 652 contrarium
1424 621 1511 651 dono
1537 605 1540 659 i
1567 621 1732 651 stultitiam
1754 622 1804 652 vel
1827 621 2013 653 fatuitatem.

452 666 637 701 intellectus,
662 672 697 695 ut
720 671 805 705 patet
827 664 860 694 in
883 674 937 705 qu.
960 675 1009 700 xv,
1030 670 1085 694 art.
1104 673 1138 694 2:
1170 664 1248 695 scito
1272 665 1361 705 quod
1384 665 1511 695 obtusio

452 720 562 740 sensus
595 709 783 748 spiritualis,
807 708 863 748 qui
879 715 925 738 est
947 708 1133 744 intellectus,
1160 708 1352 749 inquantum
1381 708 1514 748 impedit

1623 665 1663 695 Et
1686 665 1763 695 haec
1786 675 1845 706 pro
1871 672 1938 696 tota
1961 665 2020 696 hac
2043 664 2229 706 quaestione
2253 664 2426 702 suffician13
2451 675 2486 696 ac
2506 666 2544 696 de
2567 671 2629 695 tra-

1568 715 1652 739 ctatu
1678 709 1823 740 caritatis.

1215 865 1531 908 ARTICULUS
1560 865 1860 909 SECUNDUS

1149 958 1304 989 UTRUM
1328 958 1562 989 STULTITIA
1585 958 1652 989 sn·
1675 957 1914 990 PECCATUM

489 1079 499 1089 l
536 1064 548 1089 ἂ
570 1076 599 1091 ,,
632 1069 638 1079 ι»
662 1057 684 1082 D
698 1044 888 1081 secessum
902 1056 955 1081 stc
970 1056 1211 1083 PRocEmTUR.
1230 1044 1391 1082 Videtur
1405 1045 1510 1093 quod

577 1098 631 1141 ’ἕο
662 1097 814 1135 stultitia
833 1109 911 1134 non
931 1097 975 1134 sit
993 1105 1205 1146 peccatum.
1227 1098 1386 1135 Nullum
1406 1098 1509 1134 enim

606 1158 860 1200 peccatum
892 1150 1068 1198 provenit
1095 1151 1134 1188 in
1170 1150 1282 1187 nobis
1311 1163 1333 1187 a
1363 1159 1510 1188 natura.

538 1206 546 1229 ἵ
583 1238 586 1239 ⁷
618 1197 649 1240 N
662 1205 739 1241 Sed
767 1203 921 1252 quidam
939 1212 1026 1240 sunt
1043 1203 1142 1240 stulti
1161 1203 1387 1240 naturaliter.
1409 1204 1511 1252 Ergo

451 1256 601 1293 stultitia
629 1268 707 1293 non
737 1263 792 1293 est
817 1264 1030 1304 peccatum.

505 1321 540 1346 2.
574 1310 816 1356 Pasa-mam,
855 1321 970 1345 omne
1008 1314 1208 1357 peccatum
1248 1315 1304 1345 est
1338 1309 1540 1345 volunta-⁴

304 1379 331 1394 ra
358 1373 390 1394 er·
408 1388 423 1400 .‚
451 1362 571 1409 rium,
599 1370 640 1399 ut
667 1363 900 1410 Augustinus
921 1361 1010 1398 dicit
1027 1361 1058 1397 ²¹².
1089 1361 1167 1398 Sed
1187 1361 1339 1398 stultitia
1357 1373 1437 1398 non
1458 1369 1514 1398 est

450 1415 676 1452 voluntaria.
705 1417 807 1463 Ergo
836 1427 915 1451 non
943 1422 999 1451 est
1024 1421 1237 1462 peccatum.

452 1521 512 1558 cui
530 1528 733 1570 praecepto
755 1521 897 1559 divino.
928 1521 1006 1558 Sed
1024 1519 1177 1557 stultitia
1196 1519 1288 1556 nulli
1306 1527 1511 1568 praecepto

451 1574 668 1623 opponitur.
697 1575 800 1622 Ergo
829 1573 981 1611 stultitia
1008 1585 1087 1610 non
1116 1580 1172 1609 est
1198 1580 1413 1622 peccatum.

505 1629 579 1664 SED
609 1639 755 1665 CONTRA
783 1639 849 1664 EST
878 1626 985 1675 quod
1005 1626 1138 1663 dicitur
1165 1626 1279 1663 Prov.
1309 1637 1319 1662 1
1347 1625 1386 1662 *ε
1414 1626 1511 1662 Pro-

449 1681 606 1728 speritas
632 1681 829 1717 stultorum
851 1680 984 1728 perdet
1010 1691 1083 1716 eos,
1125 1679 1202 1716 Sed
1229 1679 1354 1715 nunus
1388 1677 1512 1726 perdi·
1537 1694 1538 1700 ¹

450 1741 510 1769 tur
537 1733 606 1770 nisi
635 1746 704 1782 pro
733 1741 902 1782 peccato.
932 1734 1034 1779 Ergo
1051 1731 1202 1768 stultitia
1223 1738 1278 1768 est
1295 1739 1509 1779 peccatum.

503 1786 729 1823 Responmzo
748 1797 931 1823 nicENDUM
947 1785 1051 1833 quod
1071 1784 1234 1830 stultitia,
1255 1783 1351 1820 sicut
1369 1783 1511 1820 dictum

451 1846 507 1875 est
524 1838 556 1883 ³¹⁶,
582 1839 760 1888 importat
780 1838 972 1887 quendam
993 1845 1189 1886 stuporem
1208 1849 1342 1873 sensus
1360 1836 1398 1873 in
1417 1836 1511 1873 iudi-

451 1892 595 1939 cando,
634 1900 670 1928 et
706 1892 911 1940 praecipue
947 1890 1046 1927 circa
1079 1889 1301 1926 altissimam
1336 1901 1509 1936 causam,

450 1957 548 1992 quae
578 1952 633 1981 est
659 1945 746 1982 finis
764 1945 918 1981 ultimus
939 1951 975 1980 et
994 1954 1190 1980 summum
1210 1943 1369 1979 bonum.
1400 1942 1511 1979 Circa

451 1999 555 2046 quod
583 1998 715 2046 aliquis
743 2005 867 2046 potest
902 1997 979 2045 pati
1016 2004 1211 2045 stuporem
1239 1996 1278 2033 in
1306 1995 1510 2033 iudicando

451 2050 658 2099 dupliciter.
689 2051 776 2088 Uno
804 2051 936 2097 mod0‚
967 2062 1012 2086 ex
1040 2048 1331 2097 indispositione
1356 2053 1374 2070 ²
1402 2056 1509 2086 natu-

451 2104 533 2140 rali:
555 2103 650 2140 sicut
663 2111 767 2152 patet
785 2104 823 2140 in
843 2103 1068 2140 amentibus.
1096 2103 1145 2139 Et
1163 2101 1246 2138 talis
1265 2101 1415 2139 stultitia
1433 2113 1512 2139 non

505 2230 531 2263 α)
552 2230 762 2263 indispositione.
779 2244 798 2251 -
816 2230 989 2263 dispositione
1007 2230 1077 2255 poa.

1565 1053 1622 1082 est
1648 1053 1862 1094 peccatum.
1884 1067 1907 1072 -
1927 1045 2012 1082 Alio
2041 1046 2173 1092 modo,
2194 1045 2419 1093 inquantum
2438 1044 2629 1093 immergit

1564 1099 1683 1135 homo
1713 1110 1869 1135 sensum
1898 1110 2010 1135 suum
2041 1099 2154 1135 rebus
2181 1098 2351 1145 terrenis,
2373 1110 2418 1135 ex
2438 1110 2517 1146 quo
2545 1098 2629 1135 red-

1565 1151 1667 1188 ditur
1685 1150 1767 1187 eius
1787 1163 1920 1188 sensus
1938 1150 2091 1199 ineptus
2109 1151 2159 1188 ad
2177 1150 2468 1200 percipiendum
2488 1151 2628 1199 divina,

1565 1203 1778 1240 secundum
1813 1203 1906 1240 illud
1934 1205 1948 1240 I
1977 1203 2029 1241 ad
2059 1204 2146 1240 Cor.
2177 1216 2200 1241 11
2227 1203 2265 1240 *z
2293 1203 2481 1241 Animalis
2514 1204 2628 1242 homo
2656 1214 2667 1225 ⁸

1565 1268 1641 1292 non
1673 1256 1833 1304 percipit
1866 1267 1911 1292 ea
1950 1267 2049 1303 quae
2088 1261 2176 1292 sunt
2210 1256 2368 1304 Spiritus
2405 1257 2503 1306 Deir
2531 1256 2629 1294 sicut

1565 1308 1679 1345 etiam
1708 1308 1855 1346 homini
1874 1308 2030 1346 habenti
2056 1315 2208 1356 gustum
2237 1309 2419 1346 infectum
2436 1309 2541 1353 ,malo
2560 1310 2629 1347 hu-

2681 1213 2747 1236 νει-ο.
2761 1220 2794 1240 ¹4·
2824 1229 2827 1232 ⁴

1565 1374 1674 1398 more
1721 1373 1798 1398 non
1832 1361 1983 1410 sapiunt
2015 1361 2151 1398 dulcia.
2190 1361 2240 1398 Et
2266 1361 2348 1398 talis
2385 1361 2537 1400 stultitia
2572 1370 2631 1401 est
2663 1407 2668 1411 .

1538 1426 1539 1445 ἢ
1563 1422 1780 1463 peccatum.

506 1469 539 1505 3.
574 1468 807 1515 Pmmam,
837 1480 955 1504 omne
982 1473 1183 1516 peccatum
1213 1466 1420 1515 opponitur
1447 1466 1511 1504 ali-
1538 1473 1539 1479 ¹

1617 1468 1667 1504 Et
1692 1479 1763 1516 per
1787 1467 1864 1504 hoc
1890 1474 1995 1516 patet
2021 1466 2221 1515 responsio
2250 1467 2300 1504 ad
2326 1466 2508 1516 primum.

1615 1521 1674 1557 An
1711 1531 1902 1558 SECUNDUM
1940 1531 2125 1557 mensuum
2162 1519 2268 1567 quod
2301 1519 2480 1568 quamvis
2514 1519 2631 1561 stulti-

1537 1586 1538 1590 *
1563 1573 1655 1610 tiam
1684 1574 1809 1610 nullus
1837 1572 1939 1619 velit,
1958 1573 2040 1610 vult
2067 1580 2197 1610 tamen
2226 1585 2271 1609 ea
2299 1573 2347 1610 ad
2376 1585 2476 1621 quae
2496 1585 2629 1615 conse-

1563 1625 1692 1675 quitur
1728 1638 1812 1663 esse
1845 1626 2018 1662 stultum:
2053 1625 2194 1663 scilicet
2221 1626 2440 1663 abstrahere
2472 1638 2651 1669 sensum,

1564 1691 1678 1715 suum
1715 1691 1738 1716 a
1765 1678 2021 1727 spiritualibus
2050 1687 2087 1716 et
2113 1678 2340 1726 immergere
2377 1678 2556 1717 terrenis:>
2579 1679 2630 1717 Et

1563 1731 1667 1768 idem
1696 1731 1810 1768 etiam
1843 1731 2024 1779 contingit
2050 1731 2198 1768 in'aliis
2225 1731 2404 1780 peccatis.
2441 1732 2546 1769 Nam
2573 1732 2630 1769 lu-

1536 1825 1538 1839 >
1562 1784 1739 1822 xuriosus
1758 1784 1840 1821 vult
1858 1783 2148 1821 delectationem
2172 1784 2252 1822 sine
2268 1797 2344 1832 qua
2363 1796 2443 1822 non
2462 1792 2519 1822 est
2540 1797 2630 1834 pee-

1564 1844 1704 1884 catum,
1734 1837 1911 1886 quamvis
1939 1849 2017 1873 non
2045 1836 2264 1890 simpliciter
2290 1837 2381 1874 velit
2407 1845 2628 1886 peccatum:

1562 1890 1679 1927 vellet
1706 1890 1810 1926 enim
1837 1890 1910 1926 frui
1939 1889 2188 1927 delectatione
2215 1890 2297 1927 sine
2323 1897 2495 1939 peccato.

1617 1945 1677 1980 An
1701 1954 1862 1980 Tannum
1895 1954 2080 1981 montinum
2109 1943 2214 1991 quod
2241 1942 2395 1980 stultitia
2422 1941 2630 1992 opponitur

1563 1995 1775 2044 praeceptis
1802 2007 1902 2044 quae
1940 1995 2076 2033 dantur
2104 1995 2151 2033 de
2181 1995 2503 2044 contemplatione
2530 1995 2629 2039 veri?

1564 2048 1649 2087 tatis
1667 2047 1708 2094 *;
1739 2048 1787 2086 de
1815 2048 1955 2097 quibus
1981 2061 2097 2098 supra
2114 2048 2155 2071 ²¹⁸*
2182 2049 2356 2086 habitum
2382 2049 2447 2086 est'
2465 2060 2557 2087 cum
2579 2048 2627 2087 de
2657 2056 2666 2064 '

1565 2101 1718 2139 scientia
1747 2109 1783 2138 et
1810 2101 1998 2140 intellectu
2027 2109 2213 2150 ageretur.

1250 2369 1568 2411 ARTICULUS
1596 2368 1825 2410 TERTIUS

1091 2462 1246 2493 UTRUM
1270 2462 1503 2493 srqutrtA
1526 2461 1593 2492 sn·
1617 2461 1730 2492 FILIA
1753 2461 1974 2492 LuxumAa

1425 2540 1455 2565 In
1477 2540 1530 2570 Iob,
1550 2547 1606 2572 cap.
1625 2547 1650 2565 v.

488 2640 542 2664 fe,
568 2649 619 2668 fl<
662 2633 685 2657 n
704 2631 863 2657 TERTmM
885 2631 938 2656 sm
958 2631 1196 2656 paocemrua.
1226 2618 1385 2656 Videtur
1405 2619 1511 2668 quod

475 2664 638 2731 ’9,αὲ
662 2673 814 2710 stultitia
833 2685 909 2710 non
932 2673 978 2709 sit
995 2673 1074 2709 filia
1093 2672 1273 2710 luxuriae.
1304 2672 1510 2720 Gregorius

467 2709 521 2774 fs
565 2747 580 2757 .-
598 2712 778 2773 ieram,
807 2726 930 2762 XXXI
959 2725 1102 2762 Moral.
1124 2726 1155 2772 ³¹³,
1182 2733 1379 2762 enumerat
1406 2726 1507 2761 luxu-

507 2774 595 2813 ›7‘35
618 2772 651 2815 K
663 2779 737 2816 riae
753 2779 864 2825 filias;
885 2779 979 2815 inter
993 2790 1086 2827 quas
1105 2785 1234 2816 tamen
1249 2790 1330 2816 non
1344 2777 1511 2815 contine-

452 2840 511 2869 tur
530 2832 693 2869 stultitia.
714 2833 815 2880 Ergo
836 2831 985 2869 stultitia
1005 2844 1083 2868 non
1097 2831 1269 2880 procedit
1290 2843 1334 2868 ex
1353 2831 1510 2867 luxuria.

507 2897 542 2922 2.
577 2886 813 2933 PRAETEREA,
843 2885 1050 2934 Apostolus
1075 2884 1209 2931 dicit‚,1
1237 2884 1289 2921 ad
1311 2885 1398 2921 Cor.
1418 2895 1454 2920 111
1473 2883 1509 2920 *ε

453 2938 642 2986 Sapientia
678 2939 787 2975 huius
814 2938 947 2974 mundi
979 2937 1129 2974 stultitia
1164 2943 1219 2974 est
1243 2937 1346 2986 apud
1371 2937 1508 2974 Deum.

455 2992 531 3028 Sed
559 2990 654 3028 sieut
687 2990 892 3039 Gregorius
921 2990 1018 3037 dicit,
1045 2991 1080 3027 X
1098 2990 1242 3027 Moral.
1269 2989 1301 3038 ³¹⁸,
1327 2989 1509 3038 sapientia

453 3044 586 3082 mundi
604 3048 621 3065 ²
639 3049 694 3080 est
709 3055 776 3080 cor
793 3043 1129 3081 machinationibus
1148 3049 1285 3093 tegere,
1302 3041 1406 3092 quod
1424 3054 1509 3091 per-

453 3097 545 3134 tinet
564 3096 612 3133 ad
632 3096 902 3145 duplicitatem.
924 3097 1025 3144 Ergo
1043 3096 1196 3144 stultitia
1222 3102 1276 3133 est
1295 3094 1415 3143 magis
1434 3095 1510 3132 filia

455 3148 680 3198 duplicitatis
709 3161 824 3197 quam
853 3149 1031 3185 luxuriae.

510 3204 544 3240 3.
573 3203 805 3250 PRAETEREA,
835 3213 880 3238 ex
908 3201 961 3238 ira
990 3201 1103 3251 aliqui
1129 3200 1333 3250 praecipue
1357 3208 1508 3237 vertun-

455 3265 514 3293 tur
541 3255 579 3292 in
616 3255 783 3292 furorem
822 3262 857 3291 et
884 3253 1089 3301 insaniam,
1119 3265 1216 3303 quae
1248 3253 1436 3303 pertinent
1464 3254 1512 3290 ad
1538 3251 1540 3275 ¹

456 3308 660 3346 stultitiam.
690 3309 792 3356 Ergo
813 3307 963 3344 stultitia
983 3307 1102 3356 magis
1122 3307 1239 3344 oritur
1259 3319 1303 3343 ex
1322 3306 1377 3343 ira
1395 3319 1511 3355 quarn

457 3374 501 3399 ex
529 3360 684 3398 luxuria.

510 3490 537 3523 α)
556 3491 656 3515 mundi.
674 3504 692 3509 —
710 3490 787 3515 huius
801 3489 894 3514 mundi
910 3489 981 3518 an,·
999 3497 1047 3522 pro
1066 3490 1313 3520 machinationibus,
1329 3489 1513 3515 macerationi-

458 3527 504 3551 bus
524 3526 711 3556 ABCEFKLx5
731 3525 820 3550 abrasa
839 3532 883 3558 pn.

1617 2619 1691 2655 SED
1712 2630 1858 2655 CONTRA
1877 2630 1944 2656 EST
1973 2618 2078 2668 quod
2098 2617 2232 2656 dicitur
2262 2619 2375 2656 Prov.
2403 2631 2453 2656 vu
2479 2619 2518 2657 *ε
2546 2607 2628 2668 Stass
2654 2635 2665 2645 ⁸

2656 2083 2678 2094 ⁸·
2693 2071 2742 2110 ῥυ.
2754 2088 2802 2105 xvn.

2679 2634 2747 2657 ven.
2760 2640 2794 2657 ω.

1563 2672 1627 2708 tim
1656 2683 1741 2708 eam
1769 2671 1948 2720 sequitur,
1987 2671 2126 2709 scilicet
2153 2672 2415 2719 meretricem,
2443 2671 2628 2724 ignorans
2664 2722 2667 2724 Ι

1563 2725 1665 2773 quod
1690 2725 1742 2761 ad
1766 2725 1918 2761 vincula
1945 2724 2076 2762 stultus
2104 2725 2288 2762 trahatur.
2595 2763 2597 2766 ,

1617 2778 1844 2814 ΒΕεΡοΝΒΕο
1865 2789 2051 2815 morannum
2078 2778 2195 2826 quod,
2225 2777 2320 2815 sicut
2338 2777 2415 2814 iam
2433 2776 2455 2798 *
2483 2776 2627 2815 dictum

1565 2837 1632 2876 est,
1662 2829 1825 2878 stultitia,
1855 2829 2069 2868 secundum
2090 2830 2196 2879 quod
2225 2837 2280 2867 est
2305 2837 2520 2879 peccatum,
2538 2842 2627 2880 pro-

1562 2882 1668 2920 venit
1697 2895 1742 2920 ex
1767 2883 1843 2920 hoc
1881 2883 1987 2932 quod
2024 2895 2157 2920 sensus
2195 2882 2395 2932 spiritualis
2428 2883 2627 2921 hebetatus

1565 2943 1633 2983 est,
1661 2944 1702 2972 ut
1729 2947 1809 2973 non
1827 2935 1873 2973 sit
1891 2943 2001 2984 aptus
2029 2936 2079 2974 ad
2098 2935 2304 2986 spiritualia
2340 2934 2581 2979 diiudicanda
2599 2934 2626 2974 β.

1564 2988 1732 3026 Maxime
1751 2996 1878 3026 autem
1898 3001 2031 3027 sensus
2050 2989 2214 3029 hominis
2234 2988 2470 3036 immergitur
2488 2988 2541 3029 ad
2555 2994 2628 3033 ter-

1563 3054 1656 3079 rena
1681 3054 1751 3090 per
1778 3041 1982 3090 luxuriam,
2012 3054 2108 3091 quae
2139 3049 2194 3079 est
2223 3042 2319 3079 circa
2348 3041 2535 3080 maximas·
2563 3041 2629 3091 de,-

1562 3094 1794 3142 lectationes,
1816 3094 1953 3144 quibus
1972 3095 2100 3133 anima
2120 3094 2287 3133 maxime
2314 3091 2550 3138 absorbeturss
2576 3094 2629 3141 Et

1564 3148 1650 3185 ideo
1689 3147 1839 3184 stultitia
1868 3160 1966 3196 quae
1997 3156 2051 3185 est
2078 3154 2279 3197 peccatum
2307 3147 2472 3185 maxime
2509 3145 2628 3184 nasci-

1563 3208 1623 3238 tur
1653 3213 1697 3237 ex
1725 3201 1882 3238 luxuria.
2056 3198 2058 3201 ’
2225 3228 2229 3244 r,

1619 3255 1678 3290 Ao
1707 3266 1844 3292 patmum
1872 3265 1971 3291 ERGO
2004 3266 2191 3291 montinum
2219 3253 2325 3303 quod
2358 3253 2407 3290 ad
2435 3252 2627 3290 stultitiam

1566 3306 1727 3355 pertinet
1755 3306 1861 3355 quod
1888 3307 2007 3344 homo
2026 3307 2166 3344 habeat
2193 3305 2385 3344 fastidium
2411 3305 2458 3343 de
2486 3305 2571 3343 Deo
2591 3312 2629 3342 et

1569 3359 1616 3396 de
1645 3359 1755 3396 donis
1792 3359 1921 3408 ipsius.
1959 3359 2071 3397 Unde
2101 3358 2307 3408 Gregorius
2345 3359 2422 3396 duo
2455 3364 2629 3395 numerat

1624 3488 1648 3522 β)
1669 3490 1852 3515 diiudicanda.
1869 3503 1888 3509 -
1907 3490 2052 3515 iudicanda
2069 3490 2161 3523 PEpCl
2181 3494 2207 3515 et
2223 3497 2251 3515 α.

2654 2793 2664 2803 ·
2678 2793 2731 2814 Art.
2744 2791 2851 2820 praeced.
