2892 4056
928 159 1194 206 QUAESTIO
1222 158 1362 206 XXVI,

286 242 333 267 est
354 234 535 266 manifesta:
568 235 643 276 quia
665 236 791 267 alterius
814 237 927 277 speciei
951 244 998 268 est
1028 237 1154 268 dilectio
1176 237 1307 268 honoris
1326 247 1344 267 a

286 278 453 311 dilectione
476 279 666 316 divitiarum,
684 287 714 311 et
731 281 927 312 huiusmodi.
961 282 1007 312 Ex
1030 282 1088 312 hac
1111 288 1218 312 autem
1241 281 1343 312 radice

285 323 324 353 de
347 322 514 353 dilectione
542 323 575 353 in
599 324 764 355 communi
793 325 980 355 manuducit
1007 328 1128 356 Auctor
1149 325 1344 356 intellectum

285 365 430 406 discipuli
452 367 492 396 ad
515 366 756 399 discernendum
779 369 812 399 in
836 368 1002 399 dilectione
1026 369 1158 400 caritatis
1186 369 1344 400 diversita—

247 448 251 449 ⁷
283 417 350 440 tem
373 419 410 440 ex
432 417 520 450 parte
542 411 666 448 obiecti,
691 413 775 443 unde
798 412 924 443 dilectio
947 412 1041 444 habet
1062 413 1216 452 speciem
1245 420 1276 444 et
1298 412 1344 443 di-

0 886 5 921 3'
47 891 58 903 ⁸
72 890 108 914 CI.
124 898 188 914 num.
204 898 236 914 w.

47 1107 171 1132 'Vama-

47 1413 175 1442 ’Vua-4.

42 2294 53 2304 ‘
63 2293 253 2322 Qui-unam&

283 453 464 485 venientem
485 463 523 485 ex
545 462 632 495 parte
655 456 797 492 subiecti,
821 457 906 487 unde
928 455 1023 487 habet
1043 456 1267 487 intensionem.
1303 457 1345 488 Et

285 497 496 529 diversitatem
522 499 655 530 caritatis
679 510 716 530 ex
738 507 827 540 parte
850 499 964 530 obiecti
995 501 1172 530 secundum
1204 501 1343 531 diversos

283 541 400 581 gradus
429 541 630 573 beatitudinis
656 550 750 575 vocat
778 543 955 574 secundum
987 543 1141 583 speciem:
1172 554 1240 574 non
1269 545 1344 585 quia

285 583 325 615 sit
347 584 508 615 diversitas
531 586 676 626 specifica
697 587 731 617 in
747 587 884 620 raritate
916 593 972 617 aut
993 587 1026 616 in
1048 587 1196 627 gradibus
1219 588 1342 625 volitis;

284 627 340 658 sed
362 628 438 669 quia
460 636 507 660 est
528 630 640 661 similis
664 630 833 661 diversitati
855 629 1018 670 specificae
1037 631 1229 668 dilectionis,
1254 639 1284 662 et
1306 642 1343 662 ex

284 671 338 702 illa
366 679 454 712 parte
482 683 515 703 se
544 681 629 705 tenet
659 675 744 705 unde
774 674 899 704 dilectio
925 674 1135 705 diversitatem
1164 675 1344 715 specificam

285 715 425 747 sortitur.

340 759 378 791 11.
401 760 438 790 In
465 761 580 792 eodem
606 761 737 792 articulo
767 761 904 801 septimo
933 761 1068 792 dubium
1101 763 1235 793 occurrit
1264 763 1344 793 circa

284 801 380 834 illud:
403 804 536 835 Possum
559 805 640 836 velle
661 805 746 846 quod
766 806 825 836 iste
846 806 902 845 qui
924 810 971 836 est
993 806 1070 836 mihi
1094 807 1282 838 coniunctus
1302 808 1345 838 sit

285 847 399 878 melior
415 848 501 886 alio,·
523 854 554 879 et
577 849 658 880 circa
676 848 744 879 eius
763 858 900 884 causam,
924 848 999 889 quia
1015 849 1131 880 scilicet
1153 849 1277 880 bonitas
1291 860 1343 881 ac-

285 890 398 922 cedere
419 896 449 922 et
470 891 628 929 recedere,
645 893 763 933 augeri
780 893 831 923 vel
853 893 955 922 minui
962 898 1068 932 potest
1080 892 1107 924 *.
1128 892 1219 923 Circa
1242 894 1344 933 ipsam

284 934 416 974 quidem
437 935 686 972 conclusionem,
711 945 748 966 ex
769 936 935 974 Durando,
958 936 992 966 in
1007 947 1078 967 xxrx
1094 937 1165 968 dist.
1186 937 1227 967 111
1241 937 1341 975 Sent.,

284 987 339 1018 qu.
357 988 383 1014 1,
406 978 621 1019 multipliciter
641 979 804 1020 probantis
826 980 935 1020 quod,
965 980 1039 1011 licet
1065 981 1242 1011 secundum
1264 982 1344 1012 velle

285 1021 532 1062 complacentiae
561 1033 617 1054 seu
651 1023 890 1064 approbationis
921 1023 1030 1055 caritas
1059 1025 1135 1056 velit
1168 1025 1345 1066 inaequalia

284 1065 384 1102 bona,
413 1065 489 1106 quia
511 1067 545 1097 in
571 1066 665 1098 domo
691 1069 801 1099 Patris
820 1069 885 1099 mei
912 1069 1094 1100 mansiones
1115 1069 1236 1100 multae
1257 1076 1343 1108 sunt,

285 1108 372 1140 loan.
388 1119 439 1140 xtv
451 1109 483 1146 *;
505 1111 682 1142 secundum
692 1111 772 1142 velle
787 1118 892 1142 tamen
914 1112 1057 1143 desiderii
1073 1113 1182 1144 caritas
1198 1123 1262 1144 non
1277 1114 1346 1145 vult

282 1152 460 1194 inaequalia
475 1154 560 1184 bona
575 1156 735 1192 omnibus,
751 1156 807 1186 sed
822 1156 956 1187 omnino
972 1157 1113 1197 aequale,
1130 1157 1247 1188 scilicet
1260 1168 1344 1188 sum-

282 1204 375 1227 mum
393 1198 518 1228 bonum
535 1199 652 1238 gratiae
666 1206 698 1230 et
715 1199 833 1240 gloriae
852 1200 942 1231 cuius
965 1210 1044 1241 pura
1067 1208 1207 1232 creatura
1230 1209 1276 1233 est
1295 1212 1343 1233 ca-

282 1250 354 1281 pax,
378 1240 421 1272 ita
444 1242 534 1282 quod
555 1242 590 1272 in
611 1243 673 1274 isto
697 1254 764 1274 non
787 1250 834 1274 est
855 1244 1000 1275 latitudo.
1222 1284 1231 1290 -

338 1285 455 1320 Probat
468 1292 584 1327 dautem
609 1287 672 1318 hoc
693 1287 864 1328 tripliciter.
896 1288 1021 1325 Pfimo,
1046 1289 1171 1320 caritate
1193 1296 1344 1329 optamus

281 1324 408 1360 honuni
416 1328 574 1361 ‘divinum
593 1331 742 1362 omnibus
766 1336 922 1372 quatenus
937 1339 1012 1364 sunt
1034 1333 1101 1364 eius
1118 1343 1256 1373 capaces.
1281 1334 1343 1365 Sed

283 1382 397 1404 omnes
411 1380 486 1404 sunt
508 1374 647 1416 aequalis
668 1375 746 1405 boni
769 1375 885 1415 gratiae
901 1382 931 1407 et
948 1375 1067 1416 gloriae
1083 1387 1221 1417 capaces.
1245 1378 1341 1418 Ergo.

338 1415 497 1454 Secundo,
521 1418 596 1458 quia
619 1420 740 1449 caritas
762 1428 826 1449 non
849 1420 1046 1457 aemulatur,
1070 1420 1142 1451 lad
1159 1420 1234 1451 Cor.
1250 1431 1304 1451 xm
1314 1421 1341 1452 *.

280 1460 374 1492 Ειεοτ
394 1467 502 1492 autem
523 1462 695 1493 aemulatio
711 1462 737 1492 si
754 1472 820 1492 non
843 1470 1006 1503 optaretur
1027 1463 1200 1504 unicuique
1218 1471 1343 1496 tantum

280 1504 405 1538 bonnm
427 1505 538 1545 quanti
561 1512 608 1536 est
631 1515 728 1546 capax
749 1506 816 1537 sine
837 1507 1030 1547 cuiusquam
1052 1508 1254 1539 detrimento.

335 1548 464 1586 Tettio,
493 1549 569 1590 quia
596 1549 629 1580 in
651 1550 883 1590 praeiudicium
912 1550 1011 1581 divini
1033 1552 1150 1582 amoris
1179 1559 1261 1584 esset
1283 1553 1343 1584 nisi

281 1587 408 1623 cuilibet
430 1602 468 1624 ex
483 1593 608 1624 caritate
624 1600 787 1634 optaretur
802 1595 926 1625 bonum
948 1605 1014 1636 quo
1031 1594 1188 1627 efficacius
1203 1597 1344 1629 tenderet

279 1635 313 1666 in
334 1635 451 1668 Deum.
472 1636 554 1667 Tale
577 1644 684 1669 autem
708 1645 754 1668 est
776 1648 942 1669 summum
965 1639 1088 1670 bonum
1111 1640 1228 1680 gratiae
1252 1641 1342 1673 cuius

279 1676 420 1711 ‘creatum
434 1690 514 1721 pura
530 1688 578 1712 est
592 1691 698 1721 capax.
713 1682 810 1722 Ergo.

332 1723 377 1755 Et
395 1724 502 1755 subdit
515 1725 685 1756 Durandus
704 1727 793 1766 quod
815 1727 894 1757 haec
908 1727 1026 1767 optatio
1049 1733 1096 1758 est
1110 1728 1344 1761 conditionata:

279 1768 400 1801 ”ilicet
409 1770 575 1809 supposita
596 1770 798 1801 ordinatione
820 1775 852 1801 et
873 1771 1037 1802 voluntate
1058 1771 1177 1803 divina.

334 1811 388 1844 m.
410 1812 463 1844 Ad
476 1813 564 1850 haec,
581 1820 617 1845 ut
631 1813 745 1845 ultimo
761 1814 890 1845 inducta
905 1815 999 1846 verba
1015 1817 1197 1853 ostendunt,
1213 1827 1344 1858 respon-

280 1854 423 1887 dendum
445 1855 526 1888 forte
549 1867 616 1889 non
636 1865 730 1890 esset.
752 1858 889 1899 Spiritus
910 1859 999 1890 enim
1022 1860 1278 1892 contradictionis
1297 1862 1345 1893 vi-

280 1899 372 1931 detur
390 1910 568 1932 excaecasse
590 1901 676 1932 hunc
699 1902 881 1933 hominem:
905 1909 942 1934 ut
962 1903 1051 1944 prius
1070 1905 1255 1946 magnificet
1265 1906 1344 1947 fim-

279 1942 385 1982 brias,
410 1945 500 1985 quasi
529 1946 772 1977 contradicendo
796 1946 928 1978 Auctori
960 1947 998 1977 de
1021 1954 1091 1978 actu
1120 1948 1282 1987 desiderii;
1314 1957 1344 1981 et

279 1986 393 2018 deinde
418 1988 536 2020 'limitat
556 1999 590 2020 se
613 1991 653 2020 ad
674 1989 883 2027 velleitatem,
916 2001 981 2031 qua
1002 1992 1099 2023 etiam
1126 1992 1227 2024 homo
1255 2000 1343 2034 optat

278 2032 473 2073 quandoque
487 2034 605 2066 volare.
621 2035 789 2075 Numquid
803 2035 921 2066 Paulus
937 2037 1114 2075 Apostolus
1134 2037 1173 2068 de
1187 2037 1343 2069 velleitate

279 2075 410 2113 dicebat,
437 2076 567 2108 Caritas
589 2087 652 2109 non
667 2079 879 2110 aemulatur?
900 2080 1077 2120 Numquid,
1101 2091 1176 2112 cum
1200 2082 1239 2112 de
1263 2083 1344 2114 desi-

279 2118 366 2155 derio
390 2120 585 2162 disputatur,
610 2122 648 2152 de
671 2122 842 2159 venenate,
871 2133 953 2164 quae
976 2131 1022 2155 est
1045 2124 1139 2156 etiam
1160 2125 1342 2166 impossibi-

278 2160 369 2202 lium,
385 2163 550 2196 tractatur?
571 2165 676 2197 Dicito
693 2176 767 2207 ergo
787 2166 969 2208 simpliciter
992 2169 1080 2209 quod
1104 2169 1247 2202 desiderii
1271 2178 1342 2202 actu

278 2211 412 2248 possum
433 2209 514 2240 velle
537 2209 622 2240 bona
641 2210 821 2251 inaequalia
842 2211 994 2251 proximis
1018 2222 1055 2243 ex
1074 2213 1208 2245 caritate.

332 2252 376 2283 'Et
390 2253 430 2283 ad
447 2253 584 2293 primam
598 2254 763 2291 rationem,
777 2256 920 2295 neganda
942 2263 990 2286 est
1011 2263 1144 2298 utraque
1159 2259 1340 2298 praemissa.

278 2296 372 2333 Nam,
389 2303 424 2327 ut
439 2307 475 2327 ex
490 2297 578 2328 dictis
593 2298 611 2317 *
633 2305 727 2338 patet,
744 2309 803 2339 ego
828 2310 893 2330 non
908 2307 1019 2332 teneor
1032 2301 1066 2331 in
1081 2302 1259 2342 particulari
1276 2304 1344 2334 dili·

279 2349 351 2380 gere
373 2350 500 2377 omnes;
526 2348 556 2372 et
578 2349 807 2383 consequenter
829 2353 886 2374 nec
913 2345 1063 2376 omnibus
1093 2346 1266 2378 desiderare
1293 2355 1342 2379 to-

278 2391 350 2415 tum
371 2384 405 2415 id
429 2385 518 2416 cuius
541 2392 587 2416 est
610 2395 722 2427 capax:
747 2387 801 2417 sed
820 2387 934 2419 sufficit
949 2389 1029 2419 velle
1051 2391 1289 2430 approbationis
1312 2398 1343 2423 et

279 2428 538 2469 complacentia,
562 2436 598 2460 ut
619 2430 817 2470 complaceat
838 2430 918 2462 mihi
936 2431 969 2462 in
992 2432 1229 2473 praeparatione
1245 2436 1344 2466 animi

279 2472 454 2513 quemlibet
463 2473 578 2504 habere
593 2474 716 2504 bonum
731 2474 876 2505 divinum
889 2482 1047 2516 quatenus
1062 2484 1110 2508 est
1125 2487 1232 2518 capax.
1241 2496 1262 2502 -·
1274 2479 1299 2509 F
1301 2479 1344 2510 al-

279 2526 352 2547 sum
365 2526 499 2558 quoque
514 2524 560 2548 est
572 2527 687 2548 omnes
706 2527 773 2549 esse
792 2529 920 2560 capaces
936 2521 1074 2562 aequalis
1096 2521 1184 2553 boni.
1207 2523 1248 2554 Et
1270 2523 1342 2560 hoc,

277 2561 442 2601 loquendo
465 2571 531 2592 non
546 2562 586 2592 de
602 2562 772 2602 capacitate
796 2564 973 2595 secundum
988 2564 1077 2606 quid,
1093 2565 1210 2597 scilicet
1230 2577 1342 2598 secun-

278 2605 357 2635 dum
379 2605 534 2636 naturalia
556 2613 610 2636 aut
632 2607 807 2646 potentiam
830 2607 904 2638 Dei:
935 2609 989 2638 sed
1013 2609 1052 2639 de
1075 2610 1245 2649 capacitate
1269 2611 1342 2641 sim-

276 2648 412 2689 pliciter,
447 2659 528 2690 quae
556 2650 727 2680 attenditur
750 2652 927 2682 secundum
951 2652 1194 2693 dispositionem
1218 2655 1342 2686 divinae

1391 158 1685 195 ARTICULUS
1713 158 1799 195 VIII

1396 236 1576 276 sapientiae,
1593 247 1656 276 qua
1677 238 1783 267 omnia
1800 237 1831 267 in
1848 245 1994 274 numero,
2005 235 2150 276 pondere
2173 241 2204 266 et
2222 245 2374 266 mensura
2393 238 2456 267 dis-

1391 279 1544 321 posuit*;
1560 287 1591 310 et
1605 281 1779 311 secundum
1797 290 1981 311 mensuram
2005 279 2186 310 donationis
2203 279 2323 310 Christi
2334 280 2378 316 **,
2391 291 2456 321 qua

1397 324 1568 364 unicuique
1590 323 1697 354 divisit
1720 334 1904 355 mensuram
1917 324 2012 366 fidei,
2037 324 2124 355 dedit
2144 325 2288 365 gratiam
2303 323 2330 355 **,

1451 368 1501 397 Ad
1523 368 1702 398 secundum
1726 368 1849 404 dicitur,
1874 368 1988 408 primo,
2013 368 2103 409 quod
2126 377 2191 397 non
2215 374 2261 398 est
2284 368 2456 398 aemulatio

1395 411 1428 441 in
1443 411 1596 451 gratuitis.
1620 412 1666 441 Ex
1682 421 1748 452 quo
1764 412 1850 442 enim
1867 422 1926 452 ego
1942 422 2008 443 non
2022 419 2134 443 teneor
2147 411 2203 442 tibi
2221 418 2276 442 aut
2290 412 2336 442 illi
2353 412 2456 442 maius

1396 456 1520 486 bonum
1542 455 1733 491 desiderare,
1758 456 1784 486 si
1807 456 1863 486 tibi
1890 466 1927 486 ex
1950 466 2021 487 mea
2049 455 2270 486 benevolentia
2293 456 2456 492 desidero,

1396 509 1455 539 pro
1478 507 1509 530 te
1533 509 1601 535 ore,
1618 506 1687 535 etc„
1710 499 1799 530 nulla
1821 507 1869 531 est
1891 500 2079 536 aemulatio,
2102 500 2184 530 sicut
2206 509 2265 530 nec
2287 500 2412 531 iniuria.
2435 517 2457 524 -

1397 543 1555 580 Secundo,
1575 543 1664 584 quod
1683 553 1749 573 non
1765 551 1812 574 est
1826 545 1997 576 aemulatio
2013 544 2205 575 desiderium
2220 544 2323 576 maius
2338 544 2457 575 habens

1396 587 1640 618 fundamentum
1663 587 1864 618 rationabile:
1895 588 1976 619 sicut
1999 595 2046 619 est
2069 598 2143 620 cum
2165 588 2236 629 quis
2259 589 2359 628 magis
2383 598 2457 619 con-

1396 631 1505 662 iuncto
1521 631 1673 672 sanguine
1688 632 1738 661 vel
1757 632 1867 671 spiritu
1884 633 1986 663 maius
2002 633 2125 663 bonum
2140 639 2238 673 optat.
2263 632 2457 664 Coniunctio

1396 675 1554 716 siquidem
1576 675 1630 705 illa
1652 675 1757 705 maior
1778 675 1858 706 illud
1881 676 1982 707 maius
2006 676 2196 707 desiderium
2219 676 2361 707 sustinet.

1451 720 1503 749 Ad
1525 719 1654 750 tertium
1683 719 1797 750 dicitur
1823 721 1913 760 quod
1942 720 2069 751 nullum
2099 721 2328 760 praeiudicium
2357 720 2456 751 amori

1397 762 1504 793 divino
1526 762 1562 794 fit
1585 773 1622 793 ex
1639 763 1702 793 hoc
1724 764 1814 804 quod
1836 764 1951 804 aliquis
1965 774 2031 794 non
2048 771 2138 805 optat
2159 765 2192 795 id
2215 765 2255 794 ad
2277 762 2367 806 quod
2390 775 2457 795 non

1397 813 1530 836 tenetur.
1555 806 1690 838 Constat
1705 814 1812 838 autem
1835 808 1924 848 quod
1943 808 2061 838 habens
2077 808 2238 839 caritatem
2253 819 2319 839 non
2335 816 2459 840 tenetur

1397 849 1457 879 nisi
1480 850 1512 880 in
1537 851 1701 881 communi
1732 851 1860 892 diligere
1883 862 1995 882 omnes
2019 852 2058 882 ad
2081 852 2179 883 vitam
2208 859 2377 884 aeternam.
2418 854 2459 885 Et

1397 900 1563 934 propterea
1591 904 1657 924 non
1687 901 1812 924 tenetur
1838 895 1878 924 ad
1902 896 2080 936 optandum
2108 896 2197 937 quod
2220 897 2271 927 hic
2295 898 2403 928 tendat
2424 898 2458 928 in

1397 937 1504 967 Deum
1531 937 1657 967 meliori
1679 937 1730 967 via
1753 948 1816 978 qua
1839 939 1989 978 possibile
2013 946 2068 970 est.
2092 957 2113 963 —
2137 940 2178 971 Et
2200 940 2276 971 haec
2306 941 2367 972 sint
2399 951 2458 981 pro

1399 981 1603 1012 conclusione
1626 981 1680 1011 illa
1701 982 1821 1012 litterae
1844 982 1935 1019 dicta,
1959 983 2093 1014 scilicet:
2117 984 2248 1015 Possum
2272 986 2354 1016 velle
2375 986 2460 1026 quod

1398 1026 1458 1056 iste
1479 1026 1534 1066 qui
1556 1031 1604 1056 est
1624 1026 1702 1056 mihi
1722 1027 1912 1057 coniunctus
1931 1027 1974 1058 sit
1995 1028 2110 1058 melior
2131 1029 2205 1058 alio.

1453 1069 1505 1100 1V.
1531 1068 1622 1100 Circa
1646 1079 1775 1099 causam
1799 1077 1907 1100 autem
1937 1071 2036 1101 dictae
2061 1072 2274 1102 conclusionis
2300 1072 2334 1103 in
2355 1073 2459 1104 littera

1397 1113 1562 1150 redditam,
1579 1113 1697 1144 scilicet
1719 1114 1794 1154 quia
1813 1114 1937 1145 bonitas
1957 1115 2108 1146 accedere
2122 1121 2152 1146 et
2166 1116 2325 1153 recedere,
2341 1118 2460 1158 augeri

1398 1159 1448 1189 vel
1465 1158 1567 1187 minui
1578 1162 1685 1198 potest
1698 1157 1724 1194 *,
1741 1158 1876 1189 dubium
1892 1159 2036 1196 occurrit,
2054 1159 2129 1201 quia
2153 1169 2189 1190 ex
2204 1160 2263 1190 ista
2287 1160 2460 1192 differentia

1397 1201 1630 1232 coniunctionis
1658 1201 1698 1232 ad
1721 1201 1887 1232 hominem
1910 1210 1941 1233 et
1970 1203 2202 1234 coniunctionis
2231 1204 2271 1234 ad
2298 1205 2402 1235 Deum
2426 1205 2459 1235 in

1396 1245 1458 1276 hoc
1489 1246 1579 1286 quod
1600 1246 1785 1276 coniunctio
1808 1247 1848 1276 ad
1871 1246 2037 1277 hominem
2061 1254 2107 1278 est
2129 1248 2353 1286 immutabilis,
2384 1259 2459 1280 con-

1395 1289 1516 1321 iunctio
1540 1300 1614 1320 vero
1637 1290 1678 1320 ad
1704 1290 1811 1321 Deum
1836 1297 1886 1322 est
1913 1291 2089 1328 mutabilis,
2121 1302 2188 1322 non
2215 1300 2345 1332 apparet
2375 1294 2459 1324 unde

1396 1340 1546 1374 sequatur
1561 1334 1649 1374 quod
1665 1334 1787 1373 possim
1799 1334 1878 1364 mihi
1891 1335 2064 1366 coniuncto
2079 1336 2182 1367 maius
2198 1337 2322 1368 bonum
2337 1345 2458 1378 optare,

1395 1378 1456 1408 nisi
1479 1377 1560 1408 forte
1583 1378 1615 1408 in
1639 1388 1713 1408 casu
1738 1388 1877 1409 recessus
1900 1379 2050 1411 bonitatis
2069 1381 2108 1411 ab
2127 1380 2237 1411 altero.

1450 1421 1525 1451 Non
1549 1421 1628 1451 nihil
1650 1431 1781 1462 quoque
1811 1423 1951 1462 scrupuli
1981 1424 2130 1460 occurrit,
2156 1435 2231 1455 curn
2260 1425 2368 1456 caritas
2392 1436 2459 1456 non

1396 1465 1498 1505 possit
1520 1465 1665 1501 diminui,
1686 1465 1853 1505 quomodo
1877 1466 1909 1496 in
1928 1466 2030 1497 littera
2053 1467 2165 1498 dicitur
2181 1469 2270 1509 quod
2284 1476 2389 1509 potest
2404 1480 2459 1510 ap-

1395 1509 1623 1549 propinquatio
1639 1509 1679 1539 ad
1701 1509 1807 1539 Deum
1829 1510 1976 1541 diminui.

1451 1553 1491 1584 V.
1508 1553 1560 1583 Ad
1577 1553 1640 1583 hoc
1651 1553 1765 1584 dicitur
1778 1554 1867 1594 quod
1885 1564 1922 1585 ex
1936 1554 1991 1584 illa
2004 1554 2179 1586 differentia
2197 1557 2374 1595 semndum
2388 1567 2459 1588 mu-

1395 1597 1488 1628 tabile
1504 1604 1536 1628 et
1553 1597 1753 1628 immutabile
1773 1598 1917 1638 sequitur
1931 1599 2021 1640 quod
2036 1599 2244 1632 immutabilis
2263 1601 2458 1639 coniunctio,

1397 1641 1472 1682 quia
1499 1651 1536 1672 ex
1566 1651 1624 1671 sua
1653 1641 1907 1674 immutabilitate
1937 1651 2130 1683 perseverat,
2154 1645 2330 1685 redundare
2358 1646 2460 1686 possit

1396 1685 1429 1716 in
1453 1685 1643 1716 desiderium
1659 1685 1787 1716 maioris
1810 1686 1897 1723 boni,
1917 1693 2029 1727 utpote
2045 1687 2148 1719 adhuc
2167 1689 2367 1720 mutabilitati
2384 1701 2458 1731 sup-

1397 1730 1503 1770 positi.
1535 1730 1583 1760 Ex
1602 1740 1668 1770 quo
1693 1730 1779 1760 enim
1802 1730 1956 1761 intensius
1980 1741 2054 1762 amo
2078 1732 2157 1762 mihi
2181 1734 2398 1771 coniunctum,
2427 1742 2459 1766 et

1396 1775 1520 1804 bonum
1543 1774 1633 1814 quod
1656 1774 1800 1805 desidero
1823 1775 1976 1806 mutabile
1999 1783 2059 1812 est,
2084 1787 2217 1817 possum
2239 1778 2273 1808 in
2296 1779 2398 1809 maius
2422 1789 2458 1810 ac

1397 1818 1499 1848 mains
1530 1819 1653 1848 bonum
1676 1818 1868 1850 desiderium
1899 1829 2010 1850 meum
2044 1822 2218 1852 extendere.
2258 1822 2323 1853 Nec
2353 1824 2455 1854 ullum

2381 170 2453 206 217

1397 1869 1443 1893 est
1464 1862 1560 1893 alicui
1581 1862 1826 1902 praeiudicium,
1851 1863 1876 1894 si
1899 1871 2011 1904 suapte
2033 1871 2145 1896 natura
2167 1873 2272 1906 potest
2295 1868 2411 1898 mutari
2425 1868 2458 1898 in

1395 1906 1456 1936 illis
1480 1907 1604 1936 bonum
1631 1906 1721 1937 illud.
1737 1924 1758 1929 -
1772 1906 1884 1938 Patefit
1910 1915 2018 1938 autem
2041 1908 2102 1939 hoc
2129 1910 2168 1940 ab
2193 1911 2360 1951 oppositis.
2382 1912 2459 1942 Non

1395 1957 1501 1990 potest
1515 1960 1552 1980 ex
1567 1950 1693 1981 caritate
1717 1958 1806 1992 pater
1820 1951 1939 1982 habens
1959 1951 2062 1983 filium
2085 1953 2281 1994 baptizatum
2297 1955 2330 1985 in
2345 1956 2456 1996 patria,

1394 1994 1474 2025 velle
1497 1995 1587 2035 quod
1610 1994 1650 2025 sit
1665 1994 1779 2026 melior
1801 1995 1919 2026 Ioanne
1942 1996 2097 2037 Baptista:
2123 1998 2198 2039 quia
2221 1999 2285 2029 iam
2308 1999 2458 2031 immuta-

1395 2039 1465 2069 bilis
1495 2045 1542 2069 est
1564 2039 1688 2070 bonitas
1712 2049 1834 2071 eorum.
1873 2040 1936 2071 Sed
1964 2041 2045 2072 inter
2066 2042 2218 2079 viatores,
2249 2049 2355 2084 potest
2377 2045 2458 2075 velle

1395 2083 1484 2124 quod
1506 2082 1590 2114 filius
1613 2083 1654 2114 sit
1677 2084 1790 2114 melior
1811 2084 1868 2115 illo
1891 2085 2039 2125 religioso
2055 2086 2134 2123 viro,
2158 2097 2225 2117 non
2248 2089 2390 2128 optando
2411 2089 2457 2119 di-

1395 2127 1610 2158 minutionem
1627 2127 1768 2166 anerius,
1784 2129 1840 2158 sed
1859 2139 2020 2160 accessum
2037 2137 2067 2161 et
2081 2138 2290 2170 augmentum
2309 2133 2458 2164 bonitatis

1395 2172 1428 2201 in
1452 2181 1522 2207 suo,
1547 2181 1614 2202 non
1638 2173 1778 2203 curando
1803 2173 1840 2204 de
1863 2172 1919 2203 illo
1944 2174 2005 2204 alio
2029 2174 2089 2205 nisi
2112 2175 2145 2205 in
2170 2177 2345 2207 communi.

1448 2215 1628 2247 Diminutio
1653 2223 1760 2247 autern
1783 2217 1932 2247 bonitatis
1955 2218 1988 2247 in
2002 2218 2052 2248 via
2076 2219 2243 2260 dupliciter
2257 2228 2362 2261 potest
2381 2232 2458 2252 con-

1394 2260 1523 2300 tingere.
1547 2260 1665 2296 Primo,
1689 2260 1867 2291 secundum
1890 2262 2064 2293 bonitatem
2084 2263 2306 2304 disponentem
2330 2275 2388 2305 pro
2409 2276 2458 2296 ca-

1394 2304 1492 2335 ritatis
1515 2305 1754 2335 conservatione
1782 2312 1814 2336 et
1835 2313 2026 2345 augmento:
2059 2314 2096 2338 ut
2117 2315 2203 2348 patet
2226 2319 2300 2339 cum
2324 2310 2458 2341 existens

1393 2349 1428 2379 in
1461 2348 1586 2379 caritate
1615 2349 1749 2379 declinat
1777 2356 1807 2380 et
1830 2350 1957 2381 assuefit
1987 2352 2025 2381 ad
2049 2352 2183 2383 venialia
2213 2354 2313 2384 multa
2344 2362 2374 2385 et
2403 2365 2456 2394 pe-

1394 2392 1539 2423 riculosa.
1571 2393 1737 2429 Secundo,
1766 2395 1944 2424 secundum
1976 2395 2079 2436 ipsam
2094 2397 2285 2432 caritatem:
2310 2409 2377 2429 non
2400 2409 2457 2439 per

1396 2436 1642 2467 diminutionem
1668 2437 1811 2468 eiusdem
1834 2448 1968 2469 numero
1993 2439 2142 2477 caritaffs,
2167 2442 2220 2472 sed
2251 2452 2306 2482 per
2328 2453 2456 2483 recupe-

1395 2480 1550 2510 rationem
1579 2480 1710 2511 minoris
1735 2482 1868 2512 caritatis
1890 2490 1964 2522 post
1985 2484 2121 2524 lapsum.
2161 2485 2193 2516 Si
2218 2486 2303 2516 enim
2331 2494 2456 2518 sanctus

1395 2524 1505 2554 Petrus
1530 2524 1641 2555 cecidit
1669 2535 1687 2554 a
1711 2526 1835 2556 caritate
1864 2533 1899 2556 ut
1922 2527 2047 2564 decem;
2079 2535 2109 2559 et
2131 2539 2187 2569 per
2215 2530 2351 2570 primam
2381 2541 2453 2562 con-

1394 2567 1555 2598 tritionem
1587 2578 1654 2598 non
1670 2568 1731 2599 fuit
1754 2569 1926 2610 dispositus
1948 2571 1990 2602 ad
2013 2572 2172 2604 caritatem
2202 2581 2238 2605 ut
2260 2575 2379 2611 decem,
2400 2576 2457 2606 sed

1397 2619 1430 2642 ut
1445 2619 1535 2648 octo;
1561 2613 1671 2643 caritas
1694 2613 1727 2643 in
1747 2623 1786 2644 eo
1801 2614 1958 2646 diminuta
1973 2623 2027 2647 est.
2051 2617 2093 2647 Et
2115 2617 2178 2648 hoc
2200 2628 2292 2659 saepe
2316 2619 2456 2650 accidere

1396 2655 1519 2686 videtur
1542 2657 1647 2696 tepide
1671 2658 1915 2698 resurgentibus

1057 2790 1373 2834 ARTICULUS
1403 2792 1675 2836 OCTAVUS

620 2877 778 2910 UTRUM
800 2879 867 2911 SIT
890 2881 1060 2920 MAXIME
1082 2882 1343 2914 DILIGENDUS
1367 2884 1463 2915 ILLE
1489 2886 1564 2925 QUI
1590 2886 1669 2916 EST
1693 2886 1818 2918 NOBIS
1843 2887 2126 2921 CONIUNCTUS

994 2925 1230 2958 SECUNDUM
1254 2927 1491 2959 CARNALEM
1515 2929 1730 2961 ORIGINEM

869 3003 899 3027 111
919 3003 1002 3033 Seni„
1022 3004 1082 3030 dist.
1100 3013 1166 3036 xxxx,
1184 3011 1231 3030 art.
1250 3004 1281 3037 ὃς
1300 3006 1343 3031 De
1360 3006 1466 3038 Vir-tut„
1485 3015 1530 3040 qu.
1548 3015 1575 3039 11,
1595 3013 1641 3033 art.
1661 3016 1686 3042 9,
1706 3009 1737 3033 ad
1760 3009 1789 3033 15
1810 3018 1869 3042 sqq.

348 3083 373 3097 υ
401 3091 466 3127 ‚533
491 3080 513 3106 D
533 3080 706 3108 ocuvuu
725 3082 778 3108 stc
798 3084 1037 3111 Paocemrua.
1054 3075 1215 3113 Videtur
1235 3077 1340 3124 quod
1389 3090 1507 3126 quam
1523 3080 1664 3127 frater.
1696 3081 1744 3117 Et
1762 3081 1955 3119 Maximus
1973 3082 2146 3120 Valerius
2162 3082 2176 3113 β
2203 3084 2290 3121 dicit
2307 3085 2327 3106 '¹‘
2350 3088 2454 3133 quod

414 3126 480 3177 52⁰-

491 3133 570 3158 non
589 3122 633 3159 sit
652 3124 819 3161 maxime
836 3130 853 3146 α
872 3125 1082 3174 diligendus
1105 3127 1165 3164 ille
1195 3129 1258 3178 qui
1285 3137 1340 3167 est
1371 3164 1374 3165 γ
1392 3132 1580 3169 amicitiae
1597 3133 1789 3170 vinculum
1806 3135 2072 3182 praevalidum
2092 3143 2155 3182 est,
2172 3149 2291 3186 neque
2311 3139 2387 3175 ulla
2406 3151 2456 3175 ex

300 3200 360 3227 ι
382 3194 407 3233 „ss
440 3176 461 3213 (1
491 3174 602 3211 nobis
639 3176 862 3215 coniunctus
899 3180 1112 3216 secundum
1149 3182 1338 3220 carnalem
1385 3190 1498 3232 parte
1516 3187 1713 3235 sanguinis
1727 3187 1868 3224 viribus
1887 3189 2055 3236 inferius.
2079 3191 2169 3227 Hoc
2187 3191 2299 3227 etiam
2319 3192 2455 3228 certius

339 3238 349 3250 t

414 3234 427 3249 '¹
470 3244 478 3254 <
497 3227 688 3275 riginem.
713 3229 859 3267 Dicitur
877 3231 979 3268 enim
998 3234 1177 3271 vaerb.
1198 3246 1282 3272 xvm
1295 3235 1336 3272 *ε

1392 3243 1427 3273 et
1444 3238 1694 3286 exploratius:
1724 3241 1825 3287 quod
1842 3241 1935 3278 illud
1951 3243 2131 3280 nascendi
2147 3255 2230 3280 sors
2243 3245 2453 3292 fortuitum

284 3279 350 3316 Vir
376 3280 585 3317 amicabilis
620 3283 672 3318 ad
694 3283 905 3321 societatem
937 3286 1063 3335 magis
1098 3286 1168 3323 erit
1194 3289 1339 3325 amicus
1363 3283 1366 3329 1
1392 3302 1485 3338 opus
1513 3292 1630 3335 dedit,·
1666 3293 1738 3329 hoc
1765 3293 2056 3344 uniuscuiusque
2088 3296 2205 3333 solido
2234 3297 2369 3334 iudicio
2398 3298 2454 3334 in-

330 3411 357 3443 α)
377 3411 504 3436 maxime.
521 3425 541 3431 -
554 3413 618 3444 plus
636 3412 654 3441 1,
673 3413 760 3446 magis
779 3413 826 3439 Pa.
842 3426 862 3434 ·-
877 3415 946 3440 Ante
970 3416 1045 3441 nobis
1067 3417 1105 3442 Pa
1123 3418 1221 3444 addunt
1239 3420 1334 3453 magis.
1360 3421 1363 3485 y

418 3500 528 3525 Summa
547 3500 647 3525 Tarson.
668 3502 699 3526 D.
717 3502 832 3527 ΤΗοΜΑιε
846 3503 879 3528 Τ.
892 3505 922 3528 V.

1442 3420 1467 3455 β)
1486 3422 1627 3448 Maximus
1651 3423 1780 3448 Valerius.
1797 3438 1817 3444 -
1838 3424 1958 3450 Valerius
1977 3426 2117 3451 Maximus
2136 3427 2164 3451 Ρ.
2183 3427 2242 3451 Mox
2257 3435 2304 3460 pro
2323 3428 2452 3458 incoacta,

1388 3456 1510 3482 inchoato
1530 3458 1558 3487 E,
1579 3458 1704 3483 inchoata
1723 3459 1760 3483 Pa
1779 3465 1805 3484 et
1823 3460 1909 3485 ceteri.

2274 3517 2306 3542 28

2485 286 2494 295 ⁶
2512 285 2569 313 Sap.
2591 293 2641 314 cap.
2662 294 2695 315 xi,

2484 317 2543 333 vel-S.
2558 318 2585 334 21.

2484 339 2504 349 ‘⁸
2510 338 2546 359 Aa
2554 339 2695 367 Ephes.cap.

2484 371 2625 412 vatem:
2643 398 2694 419 cap.

2484 423 2524 444 xn,
2538 423 2597 439 vers.
2612 424 2632 446 3,
2648 418 2669 440 6.

2487 1163 2496 1173 ⁸
2511 1162 2547 1184 Cf.
2563 1168 2628 1184 num.
2644 1169 2669 1184 ιι.

2484 3130 2493 3139 “
2506 3129 2573 3150 Fact.
2593 3131 2615 3150 et
2633 3129 2695 3150 Dict-

2482 3155 2685 3177 Memorab.lib.1V
2688 3172 2694 3181 .

2483 3188 2533 3209 cap.
2548 3188 2589 3203 vu.
