2892 4056
209 1582 258 1603 Lib.
270 1582 297 1607 X,
309 1583 336 1604 ad
350 1583 391 1603 lin.

181 2948 190 2956 ⁴
203 2947 238 2968 Cf.
252 2946 336 2967 ,lloruL
350 2945 379 2966 lib

182 2973 291 3022 iii’xifiiss'
304 2978 389 3019 iiix'ssssl
417 2999 526 3023 amor
536 2987 608 3022 Dei
621 2994 843 3037 exaggerat.
866 2989 941 3024 Sed
956 2988 1187 3034 ubicumque
1205 2994 1259 3023 est
1273 2993 1473 3035 peccatum
1527 2986 1662 3033 gentia.
1685 2987 1786 3035 Ergo
1803 2989 2023 3036 negligentia
2038 3001 2116 3025 non
2133 2997 2186 3025 est
2200 2997 2400 3038 peccatum
2416 2991 2587 3027 mortale.

1582 3039 1656 3075 SED
1676 3051 1822 3076 CONTRA
1841 3053 1906 3077 EST
1926 3041 2029 3090 quod
2054 3042 2214 3078 habetur
2231 3044 2344 3079 Prov.
2364 3054 2424 3080 iux
2443 3042 2482 3079 *z
2516 3043 2591 3085 Qui
2615 3056 2625 3064 ·
2654 3054 2699 3076 'en
2723 3061 2731 3076 1

433 187 506 234 396
1117 185 1381 231 QUAESTIO
1412 185 1508 232 μιν,

430 265 545 301 sionis
574 277 652 300 non
682 264 884 312 opponitur
911 263 1144 311 prudentiae,
1174 263 1241 298 sed
1272 263 1392 309 magis
1413 263 1486 298 vir—
1511 264 1513 309 ζ

1511 317 1512 330 ¹
1540 315 1651 351 etiam
1681 315 1824 351 eiectio.
1855 314 2006 362 Pigritia
2027 323 2154 352 autem
2175 323 2211 353 et
2229 324 2360 366 torpor
2377 318 2496 366 magis
2514 332 2610 367 per-1

1509 375 1515 400 Υ.
1538 367 1657 403 tinent
1684 367 1734 404 ad
1763 367 2047 405 executionem:
2077 368 2127 405 ita
2155 375 2283 407 tamen
2317 370 2421 418 quod
2453 370 2598 419 pigritia

429 317 568 354 tutibus
585 317 791 353 moralibus
807 315 1022 352 executivis.
1045 316 1146 362 Ergo
1168 314 1392 362 negligentia
1407 327 1484 351 non

428 370 633 418 opponitur
660 368 895 416 prudentiae.

482 424 515 458 3.
547 423 778 466 PRAETEREA,
808 419 1062 468 imprudentia
1100 425 1155 454 est
1183 417 1279 454 circa
1318 418 1483 467 aliquem

426 482 551 511 actum
573 473 736 510 rationis.
768 473 844 508 Sed
864 471 1088 519 negligentia
1117 483 1195 507 non
1219 470 1399 519 importat
1421 472 1484 508 de-
1509 475 1511 520 J

426 528 565 563 fectum
586 538 709 573 neque
726 524 822 561 circa
843 524 1053 569 consilium,
1075 523 1111 559 in
1132 535 1208 571 quo
1230 523 1356 560 deficit
1375 535 1481 572 prae-

426 579 609 627 cipitatio;
652 589 774 625 neque
804 577 902 613 circa
939 576 1141 621 iudicium,
1181 576 1218 612 in
1246 588 1323 625 quo
1357 576 1510 627 deficitg

425 630 735 674 inconsideratio;
774 641 896 677 neque
928 629 1023 664 eirca
1051 636 1309 676 praeceptum,
1339 629 1376 665 in
1405 641 1481 676 quo

425 684 550 720 deficit
570 681 834 718 inconstantia.
861 683 961 729 Ergo
982 681 1206 728 negligentia
1225 693 1303 718 non
1322 681 1482 729 pertinet
1507 688 1509 707 ⁴

424 738 471 774 acl
501 734 808 783 imprudentiam.

474 800 510 834 4.
542 789 783 833 PRAETEREA,
814 786 947 823 dicitur
973 786 1096 822 Eccle.
1126 797 1174 822 vn
1203 785 1243 821 *τ
1278 786 1350 828 Qui
1382 786 1484 822 timet

422 843 545 878 Deum
582 840 673 876 nihil
713 839 881 888 negligit.
931 839 1006 875 Sed
1045 838 1350 887 unumquodque
1393 851 1480 887 pec—

423 902 547 930 catum
584 892 787 940 praecipue
813 897 829 912 ‘²
858 891 1067 928 excluditur
1102 903 1169 939 per
1197 891 1374 928 virtutem
1413 903 1480 940 op-

422 946 595 994 positam.
626 946 727 991 Ergo
748 944 970 991 negligentia
991 943 1110 991 magis
1130 943 1334 993 opponitur
1352 943 1478 980 timori
1505 970 1507 994 3

422 1011 538 1046 quam
567 997 803 1045 prudentiae.
1505 1000 1507 1008 ¹

473 1052 546 1087 SED
576 1061 720 1086 CONTRA
748 1061 813 1086 EST
833 1049 937 1098 quod
966 1048 1100 1085 dicitur
1121 1049 1237 1086 Eccli.
1258 1061 1305 1085 xx
1324 1049 1359 1085 *t
1403 1050 1479 1085 La·
1505 1082 1506 1097 ἶ

419 1103 540 1140 scivus
576 1098 612 1139 et
637 1102 853 1151 imprudens
881 1113 955 1138 non
984 1102 1185 1141 observant
1217 1108 1370 1149 tempus.
1402 1102 1478 1139 Sed

419 1157 492 1192 hoc
520 1155 680 1204 pertinet
717 1155 766 1191 ad
795 1154 1070 1203 negligentiam.
1119 1155 1220 1202 Ergo
1255 1154 1479 1202 negligentia

420 1208 626 1259 opponitur
652 1207 885 1256 prudentiae.
1504 1217 1506 1267 i

472 1260 696 1298 RespoNnsso
734 1271 917 1296 DICENDUM
946 1259 1050 1306 quod
1085 1258 1309 1307 negligentia
1338 1258 1477 1295 directe

420 1313 624 1363 opponitur
652 1311 901 1349 sollicitudini.
937 1310 1158 1348 Sollicitudo
1188 1319 1316 1348 autern
1345 1311 1393 1348 acl
1422 1323 1478 1348 ra·
1504 1318 1505 1364 ᾗ

418 1367 562 1403 tionem
579 1366 755 1415 pertinet,
787 1372 823 1402 et
841 1365 1024 1402 rectitudo
1045 1363 1302 1401 sollicitudinis
1323 1363 1371 1400 ad
1390 1375 1478 1413 pru-
1504 1370 1505 1381 ¹

420 1419 599 1456 dentiam.
647 1418 779 1464 Unde,
807 1429 877 1467 per
905 1417 1143 1467 oppositum,
1177 1416 1401 1465 negligentia
1429 1418 1478 1454 ad
1503 1402 1505 1459 i

419 1471 712 1520 imprudentiam
740 1470 911 1519 pertinet.
934 1493 957 1499 -
996 1471 1044 1507 Et
1071 1469 1146 1506 hoc
1175 1469 1287 1506 etiam
1323 1481 1367 1505 ex
1395 1469 1478 1518 ipso
1504 1480 1505 1527 i

419 1524 573 1561 nomine
593 1532 760 1574 apparet.
792 1524 892 1570 Quia
912 1524 1007 1560 sicut
1027 1522 1194 1559 Isidorus
1215 1522 1314 1569 dicit,
1330 1522 1368 1558 in
1383 1522 1477 1559 libro
1504 1531 1505 1578 l

420 1577 583 1625 Etymol.
612 1576 646 1624 ³⁸,
694 1577 889 1626 negligens
925 1576 1060 1613 dicitur
1087 1575 1196 1624 ffasz'
1231 1586 1299 1612 nec
1326 1575 1476 1624 eligens.

420 1629 564 1667 Electio
594 1637 720 1666 autem
749 1637 849 1666 recta
879 1641 1011 1666 eorum
1042 1640 1142 1676 quae
1171 1635 1256 1664 sunt
1284 1629 1331 1665 ad
1359 1626 1478 1664 finem

420 1683 468 1719 ad
486 1681 727 1731 prudentiam
747 1681 919 1730 pertinet.
945 1681 1056 1719 Unde
1077 1679 1300 1728 negligentia
1318 1680 1480 1729 pertinet

419 1736 466 1772 ad
497 1734 801 1784 imprudentiam.

470 1919 498 1951 α)
514 1919 666 1951 praecipue.
683 1932 701 1938 -
718 1918 881 1951 sufficienter
899 1918 930 1942 A.

1091 1986 1424 2019 Commentario.
1445 1985 1695 2019 cardinalis
1712 1986 1916 2019 Caietam

448 2078 467 2097 N
502 2066 694 2107 quaestionis
727 2065 1139 2107 quinquagesimaequartae
1172 2064 1302 2095 articulo
1336 2063 1476 2106 secundo

421 2080 536 2153 I(quia
560 2111 592 2140 in
616 2110 719 2151 primo
744 2109 822 2139 nihil
845 2107 994 2151 occurrit)
1025 2109 1159 2139 dubium
1190 2115 1250 2145 est,
1275 2107 1351 2148 quia
1374 2108 1477 2138 decla·-

416 2155 495 2185 ratio
520 2161 646 2194 sumpta
670 2164 707 2184 ex
730 2153 922 2194 etymologia
946 2152 1056 2183 Isidori
1079 2152 1203 2183 videtur
1225 2151 1333 2192 potius
1356 2152 1397 2182 ad
1419 2161 1478 2192 op-

417 2199 558 2239 positum
588 2206 686 2238 quam
714 2198 753 2228 ad
782 2197 984 2238 propositum
1015 2196 1144 2228 litterae.
1176 2196 1223 2226 Ex
1246 2196 1309 2226 hoc
1338 2204 1479 2236 namque

417 2243 506 2284 quod
529 2242 716 2282 negligentia
740 2249 831 2273 sonat
853 2242 1056 2278 electionem,
1082 2240 1224 2280 sequitur
1247 2241 1337 2281 quod
1359 2246 1479 2280 spectet

417 2288 455 2317 ad
477 2287 684 2322 voluntatem,
705 2286 795 2316 cuius
818 2292 906 2316 actus
921 2292 967 2316 est
986 2284 1110 2322 electio,
1125 2291 1156 2315 et
1171 2294 1238 2315 non
1252 2285 1292 2314 ad
1310 2283 1477 2320 rationem,

416 2331 448 2361 in
472 2341 535 2372 qua
559 2338 604 2363 est
627 2329 802 2371 prudentia.

471 2375 521 2405 Ad
545 2375 606 2405 hoc
622 2374 734 2404 dicitur
757 2373 844 2414 quod
860 2372 934 2413 quia
959 2372 996 2402 de
1020 2372 1177 2402 habitibus
1200 2370 1351 2402 vitiorum
1372 2377 1402 2402 et
1416 2371 1477 2402 vir-

416 2425 532 2455 tutum,
550 2426 580 2448 et
595 2428 660 2448 non
678 2419 715 2448 de
732 2417 879 2457 potentiis
900 2424 945 2447 est
960 2425 1078 2452 sermo;
1105 2423 1134 2446 et
1150 2415 1339 2455 negligentia
1353 2415 1476 2451 vitium,

1537 186 1832 223 ARTICULUS
1862 186 1911 222 111

1539 263 1630 299 sistit
1659 263 1696 299 in
1717 263 1864 299 defectu
1893 263 2078 300 interioris
2099 271 2214 312 actus,
2235 267 2282 303 ad
2302 278 2417 314 quem
2439 266 2600 314 pertinet

1537 418 1717 467 importat
1744 419 1958 459 tarditatem
1987 420 2036 456 ad
2064 422 2348 469 exequendum;
2382 429 2514 471 torpor
2541 437 2597 460 re—

1537 471 1760 508 missionem
1787 472 1982 520 quandam
2001 472 2182 521 importat
2204 473 2242 510 in
2261 473 2342 522 ipsa
2362 474 2596 513 executione.

1537 524 1585 560 Et
1613 524 1700 561 ideo
1731 524 2003 561 convenienter
2030 532 2163 573 torpor
2188 537 2233 562 ex
2259 526 2389 562 acedia
2417 527 2596 565 nascitur:

1537 576 1625 625 quia
1644 576 1775 614 acedia
1795 585 1850 613 est
1877 578 2023 613 tristitia
2051 589 2275 627 aggravans
2298 580 2330 625 ²⁸,
2360 578 2455 615 idest
2479 579 2599 628 impe·
2624 589 2636 600 ·
2716 596 2728 611 u
2812 597 2826 612 u

1508 633 1509 640 ¹
1536 628 1643 665 diens
1672 629 1841 666 animum
1870 631 1918 666 ab
1948 630 2156 678 operando.
2624 621 2685 636 ων
2722 622 2733 637 Τ
2766 623 2772 638 ¹

1587 683 1646 717 Αι)
1674 692 1864 719 secunaum
1893 692 2076 720 met-:NDUM
2109 683 2216 730 quod
2243 682 2400 721 omissio
2434 684 2598 732 ,pertinet
2626 710 2633 714 -

1535 733 1583 770 ad
1613 734 1838 770 exteriorem
1867 742 2011 772 actum:
2041 742 2097 772 est
2126 735 2228 775 enim
2263 735 2423 778 omissio
2440 737 2595 784 quando

1533 786 1840 834 praetermittitur
1868 787 2001 835 aliquis
2029 795 2135 824 actus
2155 788 2314 831 debitus.
2344 789 2394 825 Et
2415 787 2595 838 ideoop-

1533 838 1685 886 ponitur
1703 839 1875 877 iustitiae.
1906 839 1954 876 Et
1973 848 2029 877 est
2049 840 2205 877 effectus
2225 840 2486 888 negligentiae:
2503 841 2597 878 sicut

1534 891 1647 928 etiam
1677 893 1849 929 executio
1887 892 1971 929 iusti
2012 893 2137 942 operis
2166 901 2222 930 est
2250 894 2406 930 effectus
2443 894 2596 931 rationis

1533 952 1668 981 rectae.

1586 998 1648 1033 An·
1667 1008 1826 1034 Ti-:thum
1846 1008 2032 1035 mesanum
2052 998 2156 1046 quod
2181 998 2403 1046 negligentia
2423 1005 2478 1034 est
2499 998 2597 1035 circa

1505 1036 1506 1042 Υ
1533 1056 1659 1085 actum
1688 1050 1956 1099 praecipiendi,
1986 1051 2034 1088 ad
2055 1063 2169 1100 quem
2199 1051 2311 1088 etiam
2335 1051 2496 1102 pertinet
2524 1052 2596 1088 sol-

1532 1101 1697 1138 licitudo.
1728 1102 1845 1138 Aliter
1872 1108 2007 1140 tamen
2036 1102 2145 1140 circa
2169 1104 2271 1141 hunc
2304 1102 2438 1155 [actum
2468 1099 2597 1154 deficit

1505 1152 1506 1157 ’
1532 1153 1735 1202 negligens,
1770 1162 1807 1190 et
1838 1153 1942 1201 aliter
1974 1154 2203 1192 inconstans.
2233 1156 2465 1198 Inconstans
2483 1156 2595 1197 'enim

1533 1206 1660 1243 deficit
1677 1205 1716 1243 in
1735 1206 2005 1255 praecipiendo
2025 1208 2132 1257 quasi
2152 1209 2200 1245 ab
2228 1200 2594 1259 aliquoimf'fflitm:

1532 1259 1723 1306 negligens
1749 1267 1877 1296 autem
1905 1270 1975 1308 per
2003 1259 2192 1313 defectu-m
2226 1257 2431 1310 promptae
2455 1255 2596 1313 voiun-

1531 1319 1627 1348 tatis.
2548 1319 2550 1323 ’
2587 1319 2592 1329 ³

1584 1366 1643 1400 An
1681 1376 1855 1407 QUARTUM
1892 1376 2076 1402 mCENDUM
2113 1365 2226 1413 quod.
2255 1365 2370 1402 timor
2402 1361 2597 1420 ’1)ςίόρἐὲ

1533 1424 1633 1454 ratur
1665 1418 1714 1454 ad
1741 1417 1963 1454 vitationem
2002 1417 2200 1455 cuiuslibet
2226 1417 2397 1467 peccati:·
2430 1415 2526 1469 'quia‘
2555 1427 2596 1456 ut

1532 1469 1666 1507 dicitur
1691 1470 1805 1507 Prov.
1833 1480 1882 1507 xv
1899 1469 1930 1517 ¹⁸,
1954 1481 2027 1519 per
2054 1471 2226 1508 timorem
2254 1470 2413 1509 Domini
2417 1469 2419 1471 ’
2436 1466 2599 1510 declina}

1532 1522 1653 1559 omnis
1680 1534 1704 1559 a
1732 1522 1845 1559 malo.
1875 1522 1925 1559 Et
1951 1523 2038 1560 ideo
2066 1523 2183 1560 timor
2210 1524 2298 1561 facit
2329 1515 2596 1572 negligentiat'fi

1504 1579 1505 1588 ¹
1532 1574 1662 1611 vitare.
1711 1575 1802 1612 Non
1830 1583 1959 1612 tamen
1988 1575 2175 1625 ita'quod
2205 1577 2343 1614 directe
2370 1571 2596 1630 negligentii}

1532 1627 1657 1664 timori
1686 1634 1920 1677 opponatur:
1964 1629 2030 1666 sed
2060 1629 2284 1679 inquantum
2315 1628 2441 1667 timor'
2462 1629 2597 1680 excitat

1531 1680 1731 1717 hominem
1751 1681 1798 1717 ad
1819 1688 1924 1717 actus
1952 1681 2118 1728 rationis.
2157 1681 2268 1719 Unde
2299 1680 2412 1719 etiarn
2441 1678 2594 1735 supra?
2621 1688 2662 1735 ἑή
2686 1688 2718 1715 ·”,

1504 1727 1506 1777 l
1532 1733 1703 1769 habitum
1734 1741 1800 1780 est,
1830 1746 1917 1770 cum
1948 1733 1994 1770 de
2023 1735 2264 1783 passionibus
2283 1739 2468 1785 ageretur,
2489 1731 2596 1785 quod
2692 1729 2699 1736 ⁹

471 1787 528 1824 AD
549 1799 685 1823 PRIMUM
705 1797 802 1823 ERGO
821 1797 1005 1823 DICENDUM
1026 1785 1131 1835 quo'd
1150 1785 1374 1833 negligentia
1389 1797 1478 1822 con-
1504 1782 1506 1830 l
1533 1785 1648 1822 timor
1674 1785 1762 1822 facit
1789 1785 2056 1823 consiliativos.
2407 1783 2410 1789 ’
2431 1793 2433 1795 “

2536 1835 2551 1857 Y,
2572 1835 2593 1856 ,Ι

2537 1875 2594 1910 mi)

2483 1959 2485 1961 ,
2543 1936 2593 1962 ,τωο

2528 1992 2592 2013 <nn

1531 2060 1698 2105 prudentia
1712 2064 1812 2096 virtus
1836 2072 1896 2096 est:
1923 2075 2120 2109 consequens
2143 2072 2188 2096 est
2204 2073 2240 2103 ut
2263 2060 2594 2108 elect-iphodsffnfldssQ

1530 2107 1615 2139 illius
1638 2107 1760 2139 dicatur
1783 2119 1849 2139 esse
1873 2109 1963 2140 cuius
1987 2116 2034 2140 est
2057 2109 2124 2141 eius
2143 2105 2298 2141 rectitudo
2321 2106 2372 2140 vel
2395 2108 2545 2148 defectus,
2559 2106 2597 2143 '‘e't

1531 2162 1596 2183 non
1622 2152 1711 2184 cuius
1736 2159 1782 2183 est
1803 2159 1891 2184 actus
1915 2151 2078 2184 absolute.
2100 2152 2235 2185 Constat
2258 2152 2378 2184 ahtein'
2393 2151 2498 2195 q'u‘od‘,
2522 2152 2596 2186 licet

1529 2195 1686 2227 rectitudo
1710 2197 1780 2227 talis
1802 2197 1965 2234 electionis
1988 2197 2029 2228 sit
2052 2206 2071 2228 a
2091 2198 2147 2228 tali
2169 2197 2294 2236 virtute,
2314 2203 2395 2238 putu
2414 2198 2543 2236 iustitia,
2565 2206 2596 2230 et

1530 2240 1602 2271 talia
1612 2249 1630 2271 a
1645 2240 1952 2277 taliiuniversaliter
1967 2248 2075 2277 tamen
2085 2241 2419 2279 rectitudoelectionis
2430 2249 2478 2274 est
2490 2252 2595 2283 aptius

1530 2283 1648 2320 dentia;
1674 2294 1708 2314 ac
1724 2294 1781 2324 per
1791 2285 1861 2320 hoc
1873 2285 2016 2316 defectus
2030 2285 2195 2328 electionis
2206 2292 2334 2328 spectat
2348 2286 2390 2317 ad
2408 2287 2596 2329 oppositum

1531 2328 1727 2368 prudentiae.
1751 2326 1792 2359 Et
1805 2329 2011 2370 propterrhoc
2027 2328 2060 2359 in
2079 2328 2186 2365 littera*
2194 2324 2471 2372 diciturquet-'tio
2487 2341 2523 2370 a,
2539 2324 2593 2362 'ein

1531 2376 1630 2409 recta,
1655 2376 1724 2408 etc„
1742 2373 1786 2403 ad
1801 2373 2010 2413 prudentiam
2021 2373 2173 2414 pertinet.
2202 2373 2294 2404 Unde
2314 2372 2434 2416 optime
2458 2371 2594 2408 declara-

1531 2415 1577 2445 tio
1599 2414 1652 2446 illa
1675 2416 1769 2446 servit
1792 2417 1975 2457 proposito,
2003 2416 2160 2458 quidquid
2182 2417 2222 2448 sit
2252 2417 2290 2448 de
2313 2415 2507 2459 etymologia
2529 2411 2592 2450 inb.

1601 2476 1607 2480 .
2548 2471 2564 2485 ›?
2574 2477 2577 2482 ¹

1209 2550 1525 2594 ARTicutus
1554 2537 1785 2594 TERTIUS

871 2644 1025 2676 UTRUM
1049 2640 1344 2675 NEGLIGENTIA
1366 2630 1513 2693 Poss'rr
1534 2642 1635 2688 Esse
1659 2633 1899 2695 peccArUM
1922 2645 2150 2687 MORTALE„
2200 2630 2214 2699 J

455 2741 513 2776 ΝΥ
537 2748 590 2777 1ί<
608 2715 611 2718 Δ

435 2832 439 2839 Ι
466 2810 491 2840 ,ᾳ
556 2807 601 2844 Nx's.

424 2833 526 2911 ate

518 2876 565 2914 '³²39
587 2875 740 2923 &rebar
758 2894 872 2930 opera
889 2887 906 2903 ²
924 2894 1009 2919 mea
1030 2889 1112 2928 etc.,
1133 2882 1220 2918 dicit
1238 2882 1362 2931 glossa
1382 2881 1474 2917 Gre-

417 2934 508 2981 gorii
527 2934 546 2955 *
584 2936 688 2982 quod
717 2936 839 2981 illam,
869 2935 1007 2972 scilicet
1036 2933 1320 2982 negligentiam,
1349 2934 1475 2970 minor

417 3040 587 3085 mortale,
618 3040 778 3076 totaliter
805 3041 942 3077 tollitur
970 3053 1078 3077 amor
1106 3040 1188 3076 Dei.
1228 3040 1329 3087 Ergo
1359 3038 1473 3086 negli—

417 3092 540 3139 gentia
568 3104 644 3128 non
675 3100 729 3128 est
757 3101 954 3140 peccatum
984 3094 1153 3129 mortale.
1370 3088 1373 3097 ’

471 3156 505 3181 2.
527 3145 757 3191 PRAETEREA,
779 3158 891 3193 super
910 3146 999 3183 illud
1017 3146 1132 3183 Eccli.
1154 3157 1203 3181 vu
1220 3144 1250 3192 ²¹²,
1275 3145 1334 3181 De
1348 3144 1474 3192 ,negli-

416 3195 568 3246 gentia?³
576 3209 705 3247 purga
721 3203 754 3234 te
768 3210 852 3234 cum
866 3198 1006 3245 paucis,
1025 3198 1112 3234 dicit
1128 3196 1313 3234 Glossa.*:
1335 3196 1473 3238 Quam·
1499 3232 1501 3244 Α

1499 3250 1501 3288 Ξ
1526 3250 1750 3296 voluntatis,
1780 3263 1848 3300 per
1875 3263 1993 3300 quam
2031 3253 2215 3300 contingit.
2239 3253 2343 3302 quod
2381 3253 2482 3292 ratio
2508 3258 2587 3292 noh

416 3250 472 3286 vis
500 3250 635 3286 oblatio
657 3261 782 3298 parva
810 3251 874 3296 sit,
904 3251 1106 3287 multorum
1139 3251 1357 3287 delictorum
1373 3250 1472 3297 'pur-

416 3308 484 3351 gat
502 3302 759 3352 negligentias.
796 3302 871 3340 Sed
891 3303 965 3339 hoc
986 3315 1063 3339 non
1084 3311 1179 3339 esset
1199 3303 1229 3339 si
1249 3301 1473 3350 negligentia
1499 3301 1501 3336 ῐ

471 3437 497 3469 α)
517 3444 605 3468 opera.
623 3450 643 3456 -
660 3437 749 3462 omnia
769 3444 849 3470 opera
868 3420 956 3463 Pon.

471 3470 495 3503 β)
516 3472 686 3505 negligentia.
704 3487 722 3492 -
740 3475 787 3496 tua
806 3472 875 3497 addit
895 3472 923 3497 Ρ.

626 2736 649 2762 D
668 2735 826 2761 TERTiuM
851 2735 903 2760 stc
933 2734 1171 2760 paoeemwa.
1193 2723 1352 2760 Videtur
1371 2723 1474 2771 quod
1501 2721 1504 2774 Ι
1530 2730 1628 2760 esset
1646 2731 1847 2771 peccatum
1867 2726 2038 2763 mortale.
2069 2727 2172 2774 Ergo
2192 2710 2592 2774 negligentiamon-‘est

628 2777 851 2825 negligentia
889 2788 967 2813 non
1004 2776 1122 2824 possit
1159 2788 1241 2812 esse
1274 2782 1474 2823 peccatum
1502 2779 1503 2791 ¹
2519 2790 2549 2804 m
2572 2790 2586 2800 -,

494 2845 557 2875 ¹⁷4
577 2828 797 2873 (mortale.
821 2829 920 2876 Quia
950 2841 1064 2878 super
1082 2829 1172 2865 illud
1191 2829 1261 2865 Iob
1281 2841 1315 2864 ix
1334 2828 1370 2874 ⁷⁸,
1407 2829 1473 2864 Ve-
1501 2842 1503 2874 y

1528 2783 1728 2823 peccatum
1758 2779 1927 2814 mortale.

1584 2829 1618 2864 3.
1649 2829 1880 2876 PRAETEREA,
1902 2831 1940 2867 in
1969 2831 2050 2877 lege
2071 2831 2220 2867 fuerunt
2248 2839 2383 2868 statuta
2407 2831 2591 2869 sacrificia

1528 2893 1597 2928 pro
1618 2882 1782 2928 peccatis
1809 2883 2042 2929 mortalibus,
2073 2883 2168 2920 sicut
2193 2891 2296 2933 patet
2319 2884 2357 2920 in
2376 2884 2542 2922 Levitico
2557 2884 2588 2922 ⁷¹⁸.
2616 2894 2626 2902 ⁸
2661 2899 2673 2914 ε
2712 2899 2735 2914 Ν

1530 2933 1606 2969 Sed
1634 2935 1780 2971 nullum
1810 2935 1877 2971 fuit
1904 2943 2082 2973 statutum
2113 2935 2340 2978 sacrificium
2375 2949 2446 2985 pro
2473 2937 2589 2985 negli-

1529 3091 1689 3141 negligit
1712 3093 1827 3130 vitam
1847 3099 1862 3122 Υ
1889 3106 1998 3130 suam
2027 3095 2325 3142 mortificabitur.
2382 3098 2394 3110 “

1580 3145 1806 3183 ΒΕεΡοΝῡΕο
1826 3158 2010 3184 D1CENDUM
2028 3147 2146 3194 quod,
2168 3148 2262 3184 sicut
2281 3147 2423 3196 supra*
2443 3147 2586 3184 dictum

1529 3204 1602 3242 est,
1633 3197 1856 3245 negligentia
1889 3200 2065 3247 provenit
2094 3212 2139 3236 ex
2167 3201 2333 3248 quadam
2362 3200 2586 3237 remissione
2614 3190 2626 3205 ⁹

1527 3302 1743 3340 sollicitatur
1768 3311 1811 3340 ut
1836 3305 2042 3354 praecipiat
2079 3316 2123 3342 ea
2156 3316 2253 3355 quae
2269 3306 2420 3354 .·debet,
2449 3304 2523 3345 vel„
2539 3316 2585 3345 eo

1580 3435 1606 3469 γ)
1627 3437 1718 3463 vitam.
1735 3451 1754 3457 —
1773 3439 1843 3465 viam
1859 3439 1890 3476 P.

2622 1484 2632 1493 '
2647 1482 2713 1504 Vei-s.
2723 1465 2762 1510 37.
