2892 4056
1145 410 1691 492 INDEX

678 556 891 596 EORUM
923 555 1092 618 QUAE
1124 556 1184 595 IN
1217 555 1341 595 HOC
1374 555 1691 596 VOLUMINE
1725 554 2156 601 CONTINENTUR

338 729 460 757 Litterae
482 730 617 757 LEONIS
637 730 698 757 XIII
719 730 802 757 Pont.
824 729 890 756 Max
911 750 918 756 .
961 707 979 756 ,Ἴ
1011 750 1219 756 .....
1257 738 1329 766 pag.
1351 737 1391 756 vn
1415 729 1419 768 Ῑ
1445 729 1586 757 Praefatio
1618 750 2321 757 ...............
2358 738 2428 767 pag.
2464 737 2494 756 rx

1166 823 1392 856 SECUNDA
1414 823 1671 856 SECUNDAE

1044 889 1045 892 Ἴ
1102 913 1333 954 SUMMAE
1361 913 1728 955 THEOLOGIAE

796 998 810 1045 7
842 997 1128 1079 SANCTI
1177 1026 1506 1077 THOMAE
1553 1028 1987 1092 AQUINATIS

1240 1148 1310 1173 CUM
1331 1148 1589 1173 COMMENTARIIS

1171 1227 1426 1258 CARDINALIS
1449 1226 1652 1258 CAIETANI

465 1325 468 1327 v
479 1320 511 1331 jd

334 1447 382 1475 Ad
403 1447 531 1474 Leonem
552 1445 578 1472 X
598 1445 682 1471 Pont.
703 1443 779 1471 Max.
801 1441 934 1470 Thomae
953 1441 991 1468 de
1011 1440 1067 1470 Vio
1094 1440 1224 1469 Caietani
1245 1439 1405 1468 Cardinalis
1427 1440 1455 1468 S.
1478 1440 1547 1468 Sixti
1568 1440 1597 1468 in
1619 1441 1766 1469 Secundae
1788 1442 1936 1470 Secundae
1957 1443 1992 1470 D.
2007 1443 2140 1471 Thomae
2166 1443 2318 1480 Aquinatis

532 1482 764 1512 Commentarios
787 1479 926 1517 praefatio
959 1499 2314 1511 ............................

334 1524 474 1562 Prologus
475 1541 770 1552 .......
1012 1539 1812 1547 .................
1817 1532 1819 1534 ·
1854 1541 2310 1550 ..........

692 1608 884 1647 QUAESTIO
905 1611 1021 1639 PRIMA

700 1698 750 1729 De
771 1673 906 1728 obiecto
918 1678 1012 1726 ndei.

278 1794 281 1797 ’
332 1802 495 1826 Αιιτισιιωε
509 1802 520 1821 ι
578 1791 682 1819 Utrum
696 1788 841 1817 obiectum
855 1786 922 1816 fidei
939 1787 975 1815 sit
990 1785 1094 1815 veritas
1110 1786 1212 1823 prima.
1231 1795 1303 1825 pag.

415 1846 430 1861 »
511 1840 540 1864 u
582 1830 686 1859 Utrum
707 1827 852 1861 obiectum
873 1824 940 1855 fidei
960 1825 997 1854 sit
1010 1825 1118 1871 aliquid
1132 1835 1210 1854 com-

611 1867 727 1905 plexum
747 1876 800 1903 per
817 1865 938 1904 modum
960 1863 1179 1894 enuntiabilis..
1203 1887 1209 1893 .

416 1924 430 1939 x
512 1919 544 1939 ιιι
583 1907 687 1937 Utrum
708 1906 776 1935 fidei
795 1900 887 1942 possit
907 1905 1023 1934 subesse
1048 1904 1151 1933 falsum
1174 1927 1180 1932 .
1204 1927 1210 1933 .

512 1958 543 1978 ιν
582 1949 687 1977 Utrum
694 1946 841 1978 obiectum
851 1945 919 1976 fidei
928 1944 1020 1981 possit
1029 1953 1093 1973 esse
1102 1944 1212 1981 aliquid

611 1987 704 2015 visum
717 2005 1208 2014 .................

511 2037 532 2056 v
581 2029 684 2056 Utrum
705 2034 739 2053 ea
753 2032 831 2061 quae
847 2029 926 2052 sunt
924 2019 1001 2051 'fidei
1021 2022 1133 2059 possint
1149 2032 1211 2051 esse

611 2066 682 2094 scita
688 2083 1209 2092 ..................

511 2116 542 2138 v1
579 2107 684 2134 Utrum
692 2102 839 2132 credibilia
849 2102 904 2144 siut
913 2111 966 2139 per
972 2107 1066 2130 certos
1076 2101 1211 2130 articulos

612 2143 814 2180 distinguenda
816 2162 1210 2170 ..............

511 2194 553 2216 vn
581 2186 685 2213 Utrum
705 2182 815 2211 articuli
835 2180 903 2209 fidei
923 2180 1082 2209 secundum
1099 2189 1211 2209 succes-

612 2223 725 2252 sionem
744 2228 910 2267 temporum
930 2219 1069 2248 creverint
1082 2241 1209 2248 .....

513 2264 565 2293 vm
584 2264 703 2291 Utrum
709 2258 819 2293 articuli
839 2259 906 2288 fidei
925 2258 1127 2288 convenienter
1141 2268 1211 2287 enu—

611 2305 758 2330 merentur
782 2319 1210 2327 ...............

514 2351 545 2371 1x
580 2342 684 2370 Utrum
716 2338 918 2368 convenienter
948 2336 1058 2366 articuli
1087 2337 1155 2366 fidei
1181 2338 1211 2366 in

613 2378 786 2416 symbolop
788 2383 914 2406 onantur
928 2397 1210 2405 ..........

513 2430 534 2449 x
580 2421 683 2448 Utrum
703 2419 740 2447 ad
757 2418 914 2446 Summum
935 2415 1104 2444 Pontificem
1124 2415 1211 2452 perti-

613 2465 679 2500 nept
700 2457 766 2487 fidei
787 2455 951 2494 symbolum
972 2454 1151 2483 ordinare..
1174 2477 1180 2483 .
1204 2477 1210 2483 .

667 2549 859 2585 QUAESTIO
882 2548 1058 2576 SECUNDA

632 2631 681 2660 ne
698 2631 792 2675 ,actu
819 2606 973 2659 medon
1001 2627 1088 2658 fidei.

336 2723 499 2746 ARTICULUS
511 2722 522 2741 1
581 2713 684 2740 Utrum
705 2711 820 2740 credere
841 2710 877 2738 sit
897 2719 961 2738 cum
982 2709 1146 2738 assensione
1164 2718 1212 2737 co-

637 2751 710 2778 itare
722 2769 1210 2778 .................

514 2800 536 2820 ιι
585 2761 687 2819 Ηέιιιιι
708 2788 911 2818 convenienter
929 2787 1119 2824 distinguatur
1131 2794 1211 2816 actus

614 2829 681 2857 fidei
701 2838 754 2865 per
771 2829 827 2857 hoc
841 2828 921 2865 quod
939 2833 981 2855 est
1001 2827 1122 2855 credere
1137 2828 1210 2862 Deo,

614 2869 735 2897 credere
756 2868 852 2895 Deum
874 2873 901 2895 et
921 2866 1042 2895 credere
1062 2866 1090 2894 in
1105 2866 1210 2895 Deum.

418 2922 432 2937 »
514 2917 547 2937 ιιι
586 2909 688 2936 Utrum
710 2907 824 2936 credere
839 2905 947 2943 aliquid
967 2914 1055 2941 supra
1068 2905 1209 2934 rationem

613 2946 772 2974 naturalem
783 2946 820 2973 sit
830 2945 1022 2973 necessarium
1034 2945 1070 2972 ad
1078 2945 1208 2973 salutem.

515 2995 546 3015 xv
585 2987 687 3015 Utrum
701 2985 818 3013 credere
831 2992 865 3012 ea
875 2993 950 3021 quae
963 2982 1075 3012 ratione
1088 2984 1211 3012 naturali

612 3024 730 3061 probari
750 3030 872 3060 possunt
891 3023 928 3052 sit
947 3023 1179 3052 necessarium..
1204 3045 1210 3051 .

514 3074 533 3092 v
582 3066 685 3093 Utrum
705 3064 796 3091 horno
823 3069 954 3091 teneatur
973 3063 1010 3090 ad
1037 3063 1212 3091 credendum

614 3103 722 3140 aliquid
742 3101 871 3139 explicite
873 3121 1210 3130 ............

419 3157 432 3172 2·
489 3171 492 3177 ,
514 3151 545 3171 vr
584 3144 686 3171 Utrum
707 3150 809 3170 omnes
829 3141 986 3178 aequaliter
1005 3146 1157 3168 teneantur
1174 3141 1211 3169 ad

611 3182 778 3210 habendum
799 3180 886 3208 fidem
907 3179 1066 3216 explicitam
1082 3201 1208 3208 .....

514 3230 555 3250 vn
583 3222 686 3249 Utrum
724 3219 853 3256 explicite
889 3220 1005 3247 credere
1043 3218 1209 3255 mysterium

614 3260 719 3289 Christi
738 3259 774 3287 sit
787 3259 824 3287 de
837 3258 1005 3287 necessitate
1019 3258 1116 3286 salutis
1134 3259 1211 3294 apud

613 3309 715 3328 omnes
721 3318 1208 3327 .................

419 3352 433 3367 »
515 3348 566 3368 vm
585 3341 687 3368 Utrum
707 3337 836 3376 explicite
857 3338 972 3365 credere
985 3336 1155 3365 Trinitatem
1176 3336 1212 3365 sit

613 3379 648 3406 de
668 3377 836 3406 necessitate
858 3376 956 3404 salutis
958 3397 1208 3404 .........

418 3430 432 3445 ι
512 3426 543 3446 tx
583 3419 683 3446 Utrum
714 3417 830 3445 credere
849 3416 886 3444 sit
905 3415 1083 3444 meritorium
1086 3436 1212 3443 .....

418 3469 432 3484 :-
514 3465 535 3485 x
584 3458 686 3485 Utrum
708 3456 782 3484 ratio
803 3455 920 3483 inducta
939 3455 977 3483 ad
998 3463 1032 3483 ea
1052 3463 1125 3491 quae
1146 3461 1212 3482 sunt

614 3496 680 3524 fidei
701 3495 843 3524 diminuat
869 3494 1003 3523 meritum
1023 3493 1091 3522 fidei
1113 3515 1120 3522 .
1144 3515 1151 3522 .
1174 3515 1180 3522 .

1374 1798 1389 1823 7

1357 1876 1384 1894 11

1356 1913 1388 1933 12

1355 1985 1386 2012 13

1355 2064 1388 2090 16

1356 2143 1387 2169 18

1355 2230 1388 2256 ¹9

1352 2306 1383 2326 21

1353 2385 1388 2404 22

1352 2456 1386 2482 23

1352 2750 1388 2777 26

1351 2875 1387 2903 27

1352 2946 1386 2973 28

1353 3025 1388 3051 30

1352 3102 1383 3130 31

1353 3167 1387 3207 3'2

1353 3298 1385 3325 33

1352 3377 1385 3403 35

1353 3492 1388 3520 38

1800 1611 1991 1645 QUAESTIO
2012 1611 2152 1640 TERTIA

1735 1676 1784 1705 De
1815 1677 1977 1706 exteriori
2005 1678 2086 1707 actu
2115 1677 2203 1707 fidei.

1444 1745 1607 1767 Ani-muzus
1620 1748 1631 1767 1
1691 1740 1794 1767 Utrum
1815 1739 1957 1768 confessio
1978 1739 2013 1769 sit
2033 1747 2113 1769 actus
2133 1741 2200 1769 fidei
2222 1764 2228 1770 .
2252 1764 2259 1770 .
2282 1764 2288 1770 .
2311 1765 2317 1771 .

1622 1787 1644 1806 11
1694 1780 1796 1846 Uttatluu
1810 1779 1952 1808 confessio
1970 1779 2037 1809 fidei
2056 1780 2093 1808 sit
2110 1781 2270 1811 necessaria
2283 1784 2319 1810 ad

1722 1827 1735 1846 s
1765 1825 1843 1846 utem
1859 1840 2317 1850 ................

1786 1891 1977 1926 QUAESTIO
2000 1892 2157 1928 QUARTA

1757 1951 1806 1980 De
1834 1952 1913 1988 ipsa
1938 1951 2017 1980 fidei
2043 1953 2181 1982 virtute.

1445 2023 1605 2043 ‚inuentus
1619 2024 1630 2042 1
1689 2015 1792 2043 Utrum
1820 2015 1891 2044 haec
1918 2015 1954 2044 sit
1980 2022 2147 2052 competens
2175 2016 2241 2044 fidei
2267 2017 2316 2045 de-

1718 2054 1827 2083 finitio:
1853 2055 1941 2086 Fides
1961 2061 2004 2085 est
2024 2055 2180 2084 substantia
2200 2065 2319 2094 speran-

1719 2094 1824 2122 darum
1839 2103 1948 2128 rerum,
1967 2101 2173 2133 argumentum
2192 2104 2247 2123 non
2267 2104 2317 2133 ap-

1716 2133 1883 2171 parentium
1891 2155 2317 2163 ...............

1621 2181 1643 2200 ιι
1691 2172 1794 2203 Utrum
1815 2172 1887 2202 fides
1912 2173 1948 2205 sit
1968 2173 1998 2202 iu
2018 2172 2162 2202 intellectu
2190 2172 2263 2203 sicut
2287 2174 2317 2202 in

1719 2211 1847 2241 subiecto
1859 2233 2317 2242 ................

1621 2259 1653 2280 m
1692 2251 1796 2281 Utrum
1816 2251 1917 2280 caritas
1938 2251 1974 2280 sit
1994 2252 2087 2280 forma
2107 2251 2173 2280 fidei
2189 2274 2316 2281 .....

1621 2299 1652 2318 ιν
1691 2290 1792 2318 Utrum
1815 2290 1885 2319 fides
1910 2290 2040 2319 informis
2066 2291 2157 2328 possit
2178 2290 2238 2320 fieri
2260 2292 2317 2320 for-

1719 2329 1806 2365 mata,
1827 2331 1872 2359 vel
1893 2339 1908 2359 e
1927 2333 2066 2359 converso
2069 2351 2317 2360 .........

1621 2377 1641 2396 v
1690 2369 1792 2397 Utrum
1814 2369 1885 2398 fides
1906 2370 1941 2398 sit
1960 2369 2048 2398 virtus
2071 2392 2317 2399 .........

1622 2415 1653 2435 V1
1684 2407 1792 2436 'Utrum
1814 2408 1885 2436 fides
1906 2409 1942 2437 sit
1962 2418 2021 2437 una
2038 2411 2051 2437 .'
2069 2411 2080 2437 .'
2099 2431 2316 2439 ........

1525 2457 1540 2472 »
1621 2455 1662 2474 vu
1691 2447 1793 2475 Utrum
1813 2447 1885 2475 fides
1905 2448 1941 2475 sit
1961 2448 2055 2484 prima
2078 2443 2153 2477 ititer
2172 2449 2289 2478 virtutes
2311 2471 2318 2478 .

1620 2493 1672 2514 vm
1692 2486 1794 2515 Utrum
1815 2486 1887 2514 fides
1907 2487 1943 2515 sit
1963 2487 2067 2516 certior
2081 2488 2198 2517 scientia
2218 2496 2246 2517 et
2258 2489 2320 2517 aliis

1721 2525 1871 2554 virtutibus
1891 2525 2136 2557 intellectualibus.
2159 2549 2166 2555 .
2189 2549 2196 2556 .
2211 2549 2226 2556 ..
2249 2549 2256 2555 .
2280 2550 2286 2556 .
2310 2550 2316 2556 .

1788 2595 1982 2630 QUAESTIO
2005 2596 2122 2630 QUINT
2122 2597 2148 2624 A

1750 2655 1799 2684 De
1831 2655 2038 2685 habentibus
2070 2655 2181 2685 fldem.

1443 2726 1604 2746 Ant-temus
1618 2720 1628 2746 ι
1687 2719 1789 2746 Utrum
1809 2719 1928 2755 angelus
1949 2726 1997 2747 aut
2010 2720 2100 2748 homo
2115 2720 2146 2748 in
2159 2728 2212 2748 sua
2224 2720 2318 2756 prima

1719 2757 1891 2789 conditione
1905 2758 2035 2787 habuerit
2055 2759 2142 2787 fidem
2160 2781 2316 2788 ......

1621 2805 1642 2824 ιι
1691 2797 1794 2824 Utrum
1814 2796 1845 2824 in
1866 2797 2056 2826 daemonibus
2076 2798 2112 2826 sit
2131 2798 2224 2827 fides.
2247 2820 2254 2827 .

1619 2845 1653 2864 111
1692 2837 1794 2864 Utrum
1819 2837 1977 2874 haereticus
1998 2837 2048 2874 qui
2067 2838 2201 2866 discredit
2224 2848 2315 2866 unum

1719 2875 1868 2903 articulum
1897 2875 1962 2904 fidei
1982 2876 2073 2913 possit
2098 2877 2202 2905 habere
2230 2877 2316 2906 fidem

1719 2914 1872 2943 informem
1893 2916 1929 2944 de
1949 2915 2011 2944 aliis
2030 2915 2155 2945 articulis
2157 2938 2314 2946 ......

1620 2962 1650 2983 tv
1690 2954 1792 2982 Utrum
1813 2954 1885 2982 fides
1905 2955 1996 2991 possit
2016 2964 2077 2984 esse
2097 2955 2191 2985 maior
2210 2955 2240 2984 in
2255 2966 2314 2986 uno

1719 3002 1807 3030 quam
1828 2993 1858 3021 in
1878 2994 1935 3022 alio
1948 3015 2314 3025 .............

1799 3059 1989 3093 QUAESTIO
2011 3060 2134 3088 SEXTA

1830 3120 1880 3148 De
1894 3127 2004 3150 causa
2017 3119 2104 3150 fidei.

1443 3192 1604 3213 ARTmULus
1617 3192 1628 3211 1
1688 3184 1789 3211 Utrum
1811 3183 1882 3212 fides
1907 3183 1943 3212 sit
1962 3184 2074 3212 homini
2094 3194 2112 3212 a
2130 3186 2192 3212 Deo
2213 3184 2313 3212 infusa.

1524 3235 1538 3250 »
1619 3231 1641 3251 11
1691 3224 1793 3251 Utrum
1818 3223 1889 3251 fides
1909 3223 2039 3252 informis
2065 3223 2100 3252 sit
2120 3225 2229 3252 donum
2251 3223 2313 3252 Dei.

1778 3289 1968 3323 QUAESTIO
1991 3289 2153 3317 SEPTIMA

1796 3347 1846 3376 De
1859 3347 2038 3378 effectibus
2051 3347 2139 3377 fidei.

1444 3421 1630 3443 ARTICULUSJ
1690 3413 1792 3441 Utrum
1816 3412 1903 3440 timor
1923 3412 1959 3440 sit
1977 3413 2092 3441 effectus
2113 3406 2224 3440 fidei.'.
2247 3433 2253 3439 .
2276 3434 2283 3439 .
2306 3433 2313 3440 .

1524 3464 1539 3478 '
1621 3460 1643 3480 ¹¹
1692 3453 1794 3520 Uiii'e‘i'
1824 3451 1984 3519 Purifica‘i‘ff
2004 3451 2109 3519 .⁰f'‘.‘¹³.⁵
2125 3450 2172 3519 fif
2185 3451 2315 3519 .‘.ff².‘³t.¹¹f

2352 1493 2422 1522 pag.

2375 1535 2389 1549 »

2458 1755 2496 1780 40

2459 1824 2495 1852 ib.
