2892 4056
219 415 229 425 '¹
244 415 310 435 vers.
327 420 358 439 ¹4·

218 521 227 529 '¹
244 519 300 541 Ord.
317 525 344 540 ex
359 520 419 546 Aug.

318 620 332 653 β

218 1154 227 1163 ”
241 1153 263 1174 1³¹
286 1153 329 1174 Hae
339 1170 344 1179 ,
362 1159 400 1180 qu.

216 1186 292 1205 Lxxiv,
302 1183 343 1201 art.
354 1186 370 1207 1,
381 1186 400 1201 2.

219 2899 266 2920 'De
271 2898 340 2930 Bapt.
346 2900 429 2919 contra

220 2924 431 2951 Danaaet.1ib.1v‚

220 2958 271 2979 cap.
285 2957 323 2972 xx.

220 2987 228 2994 ¹
254 2984 310 3006 can.
325 2983 432 3011 Quaero

220 3016 286 3038 ergo.

459 175 507 210 8ο
1169 173 1434 219 QUAESTIO
1464 175 1515 221 X,

457 251 529 289 cati
548 263 593 288 ex
609 264 654 288 eo
671 252 775 300 quod
794 251 1023 299 praedicatio
1043 251 1131 288 fidei
1151 252 1414 289 contemnitur.
1437 253 1512 289 Sed

458 312 698 353 contemptus
726 304 775 340 ad
802 305 1037 340 voluntatem
1058 303 1228 352 pertinet.
1259 305 1359 352 Ergo
1380 305 1513 342 infide-

456 358 537 394 litas
566 365 621 394 est
650 357 687 394 in
714 357 919 393 voluntate.

514 412 548 447 3.
569 411 800 455 PRAETEREA,
823 411 853 444 ll
875 410 925 445 ad
947 409 1033 444 Cor.
1054 420 1106 455 xi,
1128 420 1242 457 super
1261 409 1351 446 illud
1370 410 1400 456 *,
1430 410 1515 458 Ipse

458 464 618 500 Satanas
646 463 893 510 transfigurat
926 473 965 496 se
1000 461 1036 497 in
1074 461 1252 510 angelum
1286 463 1397 508 lucis,
1428 462 1515 498 dicit

459 516 595 552 Glossa
614 515 633 536 '¹‘
663 515 778 563 quod,
798 515 831 550 si
848 513 1006 562 angelus
1025 514 1147 550 malus
1164 527 1204 551 se
1223 515 1361 552 bonum
1369 516 1513 564 fingat,

457 570 568 605 etiam
587 568 621 604 si
637 568 812 603 credatur
833 567 962 612 bonuS,
991 579 1064 603 non
1089 573 1142 603 est
1159 579 1269 604 error
1281 568 1515 616 periculosus

457 627 524 658 aut
549 621 563 650 β
591 621 797 665 morbidus,
826 620 859 655 si
877 620 977 667 facit
998 620 1057 655 vel
1083 621 1171 656 dicit
1197 632 1293 668 quae
1316 621 1422 657 bonis
1449 633 1515 657 an-

455 674 549 724 gelis
577 678 801 722 congruunt.
833 673 950 709 Cuius
976 673 1068 709 ratio
1091 686 1173 710 esse
1192 674 1343 710 videtur
1362 681 1517 722 propter

457 726 716 763 rectitudinem
746 726 951 762 voluntatis
985 726 1065 762 eius
1100 726 1164 774 qui
1194 727 1226 762 ei
1260 726 1430 763 inhaeret
1462 726 1515 763 in-

455 781 614 816 tendens
635 779 738 815 bono
758 780 893 826 angelo
914 779 1132 816 adhaerere.
1163 780 1264 827 Ergo
1286 787 1408 816 totum
1428 792 1516 828 pec-

456 840 582 869 catum
618 832 844 869 infidelitatis
882 844 964 869 esse
991 832 1143 870 videtur
1171 832 1208 869 in
1241 844 1422 881 perversa
1447 845 1516 870 vo-

455 886 607 922 luntate.
625 885 717 922 Non
733 897 821 933 ergo
839 893 893 922 est
909 885 947 922 in
962 885 1150 923 intellectu
1170 886 1266 923 sicut
1281 886 1318 923 in
1335 886 1516 924 subiecto.

510 939 583 976 SED
604 949 760 986 CONTRA,
783 939 969 976 contraria
993 947 1080 976 sunt
1106 939 1144 976 in
1175 939 1312 976 eodem
1334 940 1516 977 subiecto.

457 992 534 1028 Sed
552 992 661 1039 fides,
689 993 749 1028 cui
768 992 1016 1029 contrariatur
1043 992 1256 1039 infidelitas,
1281 1001 1336 1030 est
1355 993 1393 1030 in
1413 993 1518 1031 intel-

455 1046 553 1082 lectu
582 1045 678 1083 sicut
704 1045 743 1082 in
771 1045 954 1082 subiecto.
985 1047 1087 1094 Ergo
1116 1054 1153 1082 et
1180 1046 1383 1083 infidelitas
1407 1047 1444 1083 in
1464 1047 1517 1083 in—

455 1099 605 1135 tellectu
636 1106 701 1135 est.

509 1153 733 1189 Responmzo
754 1162 937 1188 monimum
958 1152 1074 1200 quod,
1095 1152 1190 1188 sicut
1209 1163 1323 1199 supra
1338 1152 1358 1173 ‘³‘
1377 1151 1516 1188 dictum

456 1213 528 1252 est,
559 1212 760 1253 peccatum
794 1204 927 1242 dicitur
955 1217 1036 1242 esse
1066 1205 1104 1241 in
1133 1205 1195 1240 illa
1222 1204 1392 1252 potentia
1421 1216 1518 1252 quae

456 1267 511 1295 est
538 1258 766 1308 principium
786 1265 892 1294 actus
910 1257 1067 1306 peccati.
1087 1259 1206 1293 Actus
1226 1265 1353 1293 autem
1374 1257 1517 1305 peccati

453 1319 579 1358 potest
606 1313 747 1349 habere
778 1311 916 1359 duplex
939 1310 1180 1359 principium.
1211 1310 1340 1346 Unum
1361 1310 1515 1358 quidem

453 1365 619 1412 primum
659 1372 695 1400 et
727 1364 963 1410 universale,
1004 1362 1110 1412 quod
1146 1363 1307 1412 imperat
1335 1367 1350 1390 Υ
1383 1374 1517 1399 omnes

454 1426 559 1454 actus
586 1425 854 1466 peccatorum:
886 1424 921 1453 et
949 1417 1023 1454 hoc
1043 1416 1273 1466 principium
1300 1423 1355 1453 est
1381 1417 1518 1454 volun-

454 1479 522 1518 tas,
547 1471 636 1519 quia
661 1483 776 1508 omne
805 1478 1007 1519 peccatum
1028 1478 1082 1507 est
1100 1470 1372 1508 voluntarium.
1402 1469 1516 1507 Aliud

509 1600 533 1633 β)
550 1601 715 1632 periculosus
734 1604 790 1625 aut.
808 1614 826 1619 —
845 1600 906 1625 Om.
925 1601 971 1624 Pa.

508 1638 534 1669 γ)
554 1637 678 1668 imperat.
695 1649 714 1655 -
733 1636 862 1668 importat
879 1635 1105 1667 ABDEFGHKpC
1124 1641 1149 1660 et
1168 1642 1231 1659 ima.

508 1671 532 1704 ὃ)
550 1672 648 1704 primo.
665 1685 684 1690 -
698 1672 829 1703 proximo
849 1672 877 1696 P.

1545 173 1840 210 ARTICULUS
1871 175 1919 209 ΙΙΙ

1568 259 1696 288 autem
1725 250 1955 298 principium
1979 257 2084 287 actus
2111 251 2256 299 peccati
2283 258 2339 288 est
2364 251 2565 300 proprium
2590 258 2626 288 et

1567 304 1798 353 proximum,
1820 303 1926 350 quod
1951 303 2047 339 elicit
2065 303 2210 351 peccati
2236 311 2384 341 actum:
2414 304 2510 341 sicut
2537 316 2626 341 con-

1569 355 1795 405 cupiscibilis
1831 363 1887 392 est
1914 355 2142 404 principium
2170 357 2280 404 gulae
2308 365 2344 394 et
2371 357 2561 406 luxuriae,
2591 365 2628 394 et
2654 375 2659 405 ς

1569 408 1780 446 secundum
1797 409 1882 445 hoc
1915 409 2001 456 gula
2034 415 2070 445 et
2097 409 2243 446 luxuria
2276 409 2450 447 dicuntur
2479 422 2561 447 esse
2589 410 2628 448 in

1570 461 1864 510 concupiscibili.
1894 461 2101 499 Dissentire
2127 470 2266 509 autem,
2287 463 2351 512 qui
2371 470 2425 499 est
2453 463 2629 511 proprius

1569 524 1674 553 actus
1702 515 1940 562 infidelitatis,
1972 522 2028 551 est
2055 522 2160 551 actus
2188 515 2408 563 intellectus,
2438 516 2504 553 sed
2534 516 2628 552 moti

1569 582 1590 606 a
1609 569 1816 615 voluntate,
1848 568 1942 605 sicut
1962 576 1998 605 et
2017 568 2210 606 assentire.
2241 569 2289 605 Et
2306 568 2393 606 ideo
2414 569 2626 620 infidelitas,

1569 622 1664 659 sicut
1692 629 1727 658 et
1755 622 1868 668 fides,
1900 629 1954 658 est
1983 621 2138 670 quidem
2172 621 2210 658 in
2242 621 2431 658 intellectu
2459 622 2554 658 sicut
2590 622 2628 658 in
2659 667 2663 669 ⁴

1569 674 1744 724 proximo
1782 674 1972 721 subiecto,
2008 674 2046 711 in
2073 675 2268 711 voluntate
2302 682 2429 711 autem
2462 675 2561 721 sicut,
2590 675 2629 711 in

1568 728 1692 778 primo
1716 726 1729 749 δ
1759 728 1917 769 motivo.
1949 727 1997 763 Et
2020 728 2095 763 hoc
2114 727 2234 764 modo
2255 727 2388 764 dicitur
2407 739 2522 764 omne
2543 740 2629 777 pec-

1571 789 1697 819 catum
1726 793 1808 818 esse
1837 781 1875 818 in
1901 781 2107 818 voluntate.

1622 835 1733 872 Unde
1762 841 1865 882 patet
1893 834 2089 882 responsio
2119 835 2166 870 ad
2195 832 2376 881 primum.

1627 891 1685 925 Ar>
1718 899 1908 924 SECUNDUM
1936 898 2119 924 DICENDUM
2154 886 2258 935 quod
2295 893 2535 935 contemptus
2563 897 2632 923 vo-

1569 941 1719 978 luntatis
1740 948 1868 978 causat
1887 940 2100 978 dissensum
2122 939 2339 985 intellectus,
2356 938 2394 976 in
2419 951 2496 987 quo
2515 937 2632 987 perfi-

1571 995 1665 1032 citur
1685 994 1776 1031 ratio
1797 993 2036 1031 infidelitatis.
2066 993 2176 1031 Unde
2197 1004 2311 1029 causa
2328 991 2558 1030 infidelitatis
2578 999 2633 1028 est

1571 1048 1609 1084 in
1636 1049 1843 1093 voluntate,
1865 1047 1932 1083 sed
1960 1047 2042 1095 ipsa
2067 1046 2267 1083 infidelitas
2292 1053 2348 1082 est
2366 1046 2404 1082 in
2429 1045 2629 1082 intellectu.

1624 1102 1682 1137 An
1701 1111 1861 1137 TER-rum
1880 1111 2063 1137 monimum
2093 1099 2197 1147 quod
2226 1098 2285 1135 ille
2316 1099 2380 1148 qui
2409 1099 2526 1136 credit
2551 1110 2632 1135 ma-

1571 1153 1651 1189 lum
1685 1154 1864 1199 angelum
1899 1165 1981 1189 esse
2016 1153 2163 1189 bonum
2198 1164 2278 1189 non
2307 1152 2476 1190 dissentit
2502 1152 2550 1188 ab
2586 1164 2632 1188 eo

1572 1203 1676 1252 quod
1698 1212 1753 1241 est
1771 1204 1882 1241 fidei:
1914 1205 2002 1253 quia
2020 1217 2149 1241 sensus
2168 1205 2336 1253 corporis
2342 1205 2509 1253 fallitur,
2530 1216 2634 1243 mens

1571 1269 1661 1294 vero
1694 1269 1768 1294 non
1789 1263 2003 1294 removetur
2020 1269 2043 1294 a
2064 1269 2154 1294 vera
2182 1263 2358 1306 rectaque
2383 1258 2574 1303 sententia,
2593 1265 2636 1295 ut

1572 1310 1714 1347 ibidem
1753 1310 1840 1347 dicit
1868 1311 2016 1348 Glossa.
2057 1310 2133 1347 Sed
2166 1310 2196 1346 si
2225 1310 2358 1359 aliquis
2387 1311 2549 1348 Satanae
2569 1310 2635 1347 ad-

1571 1364 1744 1400 haereret
1771 1369 1782 1385 ⁵
1811 1376 1896 1400 cum
1925 1363 2053 1412 incszit
2086 1364 2138 1400 ad
2171 1375 2240 1400 sua
2269 1363 2426 1410 ducere,
2456 1361 2552 1400 idest
2586 1363 2636 1400 ad

1572 1417 1673 1454 mala
1694 1424 1729 1453 et
1747 1417 1851 1463 falsa,
1867 1425 1958 1467 tunc
1978 1429 2056 1454 non
2077 1425 2221 1455 careret
2239 1424 2410 1465 peccato,
2434 1424 2475 1453 ut
2493 1416 2636 1455 ibidem

1573 1469 1719 1507 dicitur.

1623 1600 1645 1632 ε)
1664 1600 1831 1625 adhaereret.
1849 1614 1868 1619 -
1885 1600 2015 1625 adhaeret
2037 1599 2277 1633 ABCDEF'HKnpK
2296 1605 2321 1625 et
2338 1608 2355 1625 a
2361 1609 2371 1631 ‚·
2390 1608 2438 1633 pro
2459 1601 2497 1626 ad
2514 1608 2564 1627 sua
2587 1602 2637 1628 du-

1568 1641 1636 1664 cere,
1657 1635 1732 1660 aliud
1749 1636 1863 1660 suadere
1882 1635 1899 1665 Ι,
1918 1636 2106 1661 assuadescere
2124 1636 2154 1666 L,
2169 1635 2206 1661 ad
2223 1643 2273 1661 sua
2287 1635 2422 1662 adducere
2442 1636 2476 1666 P;
2495 1644 2543 1670 pro
2561 1644 2637 1663 care-

1570 1674 1620 1699 ret,
1639 1674 1732 1696 carent
1750 1671 1898 1703 BEFpAKx
1918 1675 1944 1696 et
1961 1678 1987 1700 a,
2006 1674 2100 1696 careat
2118 1671 2169 1704 pG,
2187 1675 2263 1697 caret
2280 1671 2436 1697 PDHsAGK
2456 1676 2481 1697 et
2498 1679 2559 1698 nex.

1129 1749 1462 1782 Commentarius
1470 1752 1475 1757 ’
1484 1749 1737 1782 Carffinalis
1758 1751 1960 1784 Caietam

484 1842 503 1861 N
520 1830 652 1862 articulo
669 1830 809 1861 secundo
822 1829 965 1860 eiusdem
977 1829 1171 1870 quaestionis
1184 1829 1309 1860 adverte
1322 1828 1422 1869 quod,
1438 1828 1518 1859 sicut

458 1844 632 1906 lassentire
656 1875 704 1905 his
734 1884 815 1915 quae
839 1881 912 1905 sunt
938 1873 1011 1904 fidei
1035 1873 1197 1904 constituit
1225 1873 1331 1904 statim
1353 1872 1518 1904 hominem

453 1920 589 1956 fidelem,
605 1920 648 1950 ita
663 1920 696 1950 in
712 1919 760 1949 his
777 1929 858 1959 quae
876 1925 997 1949 constat
1021 1925 1159 1959 spectare
1180 1917 1219 1947 ad
1237 1916 1333 1948 fidem
1357 1917 1518 1948 dissentire

454 1965 559 1996 statim
575 1963 738 1995 constituit
759 1963 925 1994 hominem
940 1961 1109 1994 infidelem.
1134 1962 1306 1993 Dissentire
1322 1969 1429 1993 autem
1445 1971 1518 1993 con-

452 2009 543 2049 tingit
565 2009 736 2050 tripliciter.
761 2007 879 2044 Primo,
895 2007 1040 2049 positive,
1061 2007 1225 2038 sentiendo
1249 2007 1459 2039 contrarium:
1485 2013 1519 2037 ut

454 2055 479 2084 si
503 2053 608 2085 credat
630 2054 702 2094 quis
725 2052 832 2083 Deum
855 2063 921 2083 non
945 2062 1011 2084 esse
1034 2052 1242 2083 incarnatum.
1277 2052 1439 2088 Secundo,
1465 2061 1519 2082 ue-

452 2099 564 2139 gafive,
590 2108 655 2128 non
680 2098 843 2128 sentiendo
867 2098 957 2139 quod
987 2104 1110 2128 constat
1132 2097 1229 2128 teneri
1253 2107 1271 2126 a
1293 2096 1365 2127 fide.
1394 2097 1435 2127 Et
1457 2096 1518 2126 hoc

454 2141 619 2184 dupliciter
636 2142 801 2182 contingit:
818 2142 869 2172 vel
884 2152 950 2173 non
974 2142 1129 2172 credendo
1147 2141 1339 2182 simpliciter,
1357 2147 1393 2172 ut
1408 2141 1434 2171 si
1448 2139 1519 2182 quis

454 2198 520 2218 non
537 2188 640 2218 credat
654 2187 760 2218 Deum
777 2196 843 2218 esse
858 2186 1067 2222 incarnatum
1083 2186 1134 2217 vel
1149 2186 1207 2216 sub
1222 2185 1319 2216 dubio
1331 2185 1518 2220 vacillando,

455 2239 490 2262 ut
513 2231 539 2262 si
562 2232 633 2273 quis
657 2232 778 2262 dubitet
801 2231 907 2262 Deum
938 2241 1004 2261 esse
1029 2231 1235 2261 incarnatum.
1271 2230 1312 2260 Et
1339 2230 1402 2260 hoc
1424 2229 1520 2260 habet

453 2276 653 2307 latitudinem
669 2277 755 2307 iuxta
769 2275 924 2316 triplicem
943 2276 1079 2306 modum
1094 2274 1193 2310 dubii,
1211 2274 1327 2305 scilicet
1348 2272 1518 2314 opinionis,

455 2320 643 2361 suspicionis
673 2328 703 2351 et
725 2319 940 2351 neutralitatis.
982 2320 1196 2360 Quocumque
1225 2325 1332 2350 autern
1361 2318 1518 2349 dictorum

1571 1830 1747 1860 modorum
1770 1830 1931 1870 contingat
1955 1829 2116 1860 dissentire
2139 1830 2332 1867 voluntarie,
2361 1830 2442 1862 idest
2465 1841 2541 1863 cum
2562 1841 2638 1864 com

1571 1884 1677 1910 sensu,
1702 1881 1867 1914 peccatum
1890 1882 1936 1906 est
1959 1873 2161 1906 infidelitatis.
2197 1875 2238 1905 Et
2261 1875 2338 1905 haec
2360 1876 2500 1907 notanda
2523 1883 2639 1913 sunna

1572 1918 1800 1949 scrutatoribus
1824 1918 2098 1950 conscientiarum.

1626 1963 1662 1993 In
1685 1963 1800 1993 eodem
1823 1963 1955 1994 articulo
1979 1963 2124 2004 quaestio
2148 1962 2187 1993 de
2210 1963 2353 1995 subiecto
2376 1963 2496 2004 peccati
2518 1964 2544 1995 si
2566 1974 2635 1999 mo-

1572 2014 1695 2043 veatur,
1727 2008 1767 2037 ad
1794 2008 2035 2048 praecedentem
2067 2007 2199 2039 Librum
2213 2007 2231 2025 '²’
2258 2014 2448 2044 recurratur,
2481 2009 2535 2039 ubi
2563 2016 2638 2042 mm

1573 2051 1780 2082 fundamenta
1801 2051 1907 2083 huius.

1629 2096 1665 2126 In
1687 2096 1894 2137 responsione
1917 2096 1957 2126 ad
1978 2096 2108 2127 tertium
2129 2096 2163 2126 in
2177 2095 2292 2126 eodem
2314 2094 2448 2127 artimxlo
2470 2104 2557 2134 note,
2578 2106 2637 2138 pro

1572 2140 1761 2171 habentibus
1784 2140 1932 2176 visiones,
1957 2139 2068 2172 ultima
2083 2141 2194 2171 verba:
2218 2149 2290 2170 cum
2314 2140 2424 2179 incipit
2445 2141 2490 2172 ad
2504 2151 2566 2174 sua
2577 2142 2637 2174 ed·

1572 2184 1700 2221 ducere,
1717 2185 1798 2215 idest
1812 2185 1898 2215 mala
1915 2183 2056 2224 etfalsa.
2081 2184 2122 2216 Et
2137 2190 2300 2215 memento
2316 2184 2406 2224 quod
2427 2186 2638 2227 appellatione

1571 2229 1732 2259 malorum
1761 2229 1894 2260 veniunt
1922 2229 1985 2259 hoc
2015 2229 2048 2259 in
2077 2229 2152 2260 loco
2183 2228 2291 2259 minus
2314 2229 2409 2259 bona.
2442 2230 2529 2262 Cum
2551 2231 2639 2262 enim

1571 2272 1706 2313 Spiritus
1725 2272 1858 2304 Sanctus
1881 2273 2063 2304 aemuletur
2077 2274 2272 2305 charismata
2296 2273 2431 2304 meliora
2446 2275 2477 2311 *,
2502 2275 2639 2307 suado-s
2665 2281 2676 2292 ⁸

1572 2324 1627 2348 aut
1650 2318 1768 2348 ducens
1792 2318 1832 2348 ad
1855 2317 1962 2348 minus
1986 2318 2070 2348 bona
2093 2317 2228 2357 Spiritus
2251 2317 2384 2348 Sanctus
2407 2326 2474 2350 non
2497 2326 2554 2351 est.

1263 2457 1581 2499 ARTICULUS
1609 2456 1838 2498 TERTIUS

999 2542 1153 2572 UTRUM
1179 2541 1447 2572 INFIDELITAS
1471 2541 1538 2571 SIT
1562 2541 1770 2572 MAXIMUM
1794 2539 2094 2572 PECCATORUM
2144 2535 2148 2539 ’

538 2623 612 2652 Infra,
633 2629 677 2655 qu.
696 2629 735 2651 xx,
756 2626 802 2645 art.
823 2621 850 2651 33
871 2628 914 2653 qu.
934 2627 1016 2651 xxxw,
1037 2624 1083 2644 art.
1106 2627 1128 2649 2,
1150 2620 1180 2644 ad
1202 2627 1231 2650 2;
1251 2627 1295 2651 qu.
1315 2626 1396 2648 xxxix,
1416 2624 1461 2644 art.
1483 2626 1506 2648 2.
1526 2619 1558 2643 ad
1580 2617 1611 2648 3‚·
1631 2619 1698 2644 Part.
1718 2618 1757 2650 ΙΙΙ,
1777 2627 1821 2651 qu.
1841 2627 1911 2650 Lxxx,
1931 2624 1978 2644 art.
1999 2618 2025 2650 53
2045 2618 2080 2643 IV
2099 2618 2182 2647 Sent„
2204 2619 2261 2643 dist.
2280 2626 2333 2650 xm,
2353 2626 2396 2651 qu.
2416 2626 2443 2650 n,
2463 2624 2510 2644 art.
2530 2626 2559 2650 ²³

1171 2663 1211 2687 De
1230 2662 1312 2692 Malo,
1333 2670 1377 2695 qu.
1396 2670 1423 2693 ιι,
1443 2667 1489 2687 art.
1514 2670 1557 2693 10;
1578 2662 1587 2686 1
1610 2662 1692 2691 nm„
1714 2670 1770 2695 cap.
1789 2670 1813 2691 v,
1833 2663 1892 2687 lect.
1910 2670 1929 2687 1.

493 2788 500 2795 ,
521 2761 551 2776 »ι
625 2765 644 2806 ί
667 2757 689 2782 D
718 2755 878 2782 TERTmM
897 2756 949 2780 sic
969 2753 1209 2780 PROCEDITUR.
1230 2742 1389 2779 Videtur
1412 2742 1516 2791 quod

497 2793 507 2801 ⁴
668 2797 869 2834 infidelitas
906 2809 984 2834 non
1017 2797 1061 2833 sit
1093 2796 1303 2833 maximum
1341 2803 1517 2843 peccato-

572 2876 590 2899 χ
669 2864 763 2888 rum.
795 2851 893 2887 Dicit
922 2850 1023 2887 enim
1052 2849 1285 2896 Augustinus
1301 2854 1318 2870 ‘²
1340 2849 1371 2895 ’ἢ
1395 2856 1430 2885 et
1453 2849 1519 2885 ha—

547 2899 556 2911 *
626 2893 776 2941 &betur
791 2905 868 2950 V12,
885 2916 948 2952 qu.
966 2915 975 2939 1
991 2903 1027 2939 *ε
1042 2904 1175 2940 Utrum
1196 2902 1418 2938 catholicum
1434 2913 1517 2950 pes-

457 2957 560 2993 simis
578 2958 745 2993 moribus
763 2957 879 2993 alicui
890 2956 1075 2993 haeretico
1091 2956 1127 2992 in
1144 2956 1249 2992 cuius
1264 2955 1351 3001 vita,
1365 2960 1520 3003 praeter

459 3010 498 3046 id
514 3009 615 3058 quod
631 3010 838 3046 haereticus
853 3015 916 3055 est,
933 3021 1006 3046 non
1024 3009 1217 3045 inveniunt
1233 3008 1401 3045 homines
1420 3009 1520 3056 quod

459 3063 747 3111 reprehendant,
771 3074 1009 3110 praeponere
1040 3063 1259 3107 debeamus,
1289 3072 1363 3098 non
1398 3061 1518 3097 audeo

455 3115 705 3165 praecipitare
727 3116 957 3152 sententiam.
989 3115 1065 3152 Sed
1084 3114 1294 3152 haereticus
1314 3122 1370 3151 est
1389 3114 1520 3151 infide-

1571 2742 1647 2778 Sed
1683 2741 1884 2779 infidelitas
1923 2748 2076 2778 excusat
2107 2742 2170 2778 vel
2208 2741 2383 2779 diminuit
2415 2749 2634 2791 peccatum:

1571 2794 1660 2832 dicit
1689 2794 1790 2831 enim
1826 2795 2056 2843 Apostolus,
2087 2795 2100 2831 I
2129 2794 2182 2832 ad
2215 2795 2309 2832 Tim.
2332 2794 2398 2831 1³¹³:
2428 2795 2540 2832 Prius
2563 2795 2636 2844 sui

1571 2847 1807 2895 blasphemus
1843 2853 1877 2884 et
1909 2853 2127 2895 persecutor
2154 2853 2195 2884 et
2227 2847 2514 2885 contumeliosus
2523 2862 2540 2884 :.
2571 2847 2638 2886 sed

1571 2901 1868 2937 misericordiam
1883 2906 2100 2938 consecutus
2113 2913 2197 2937 sum
2213 2899 2238 2947 β,
2255 2901 2343 2949 quia
2360 2901 2543 2950 ignorans
2549 2901 2637 2949 feci

1571 2954 1609 2991 in
1630 2954 1896 2991 incredulitate.
1918 2955 2020 3002 Ergo
2040 2954 2239 2991 infidelitas
2254 2966 2332 2991 non
2349 2962 2404 2991 est
2422 2954 2635 2992 maximum

1571 3015 1788 3056 peccatum.

1628 3060 1661 3097 3.
1688 3060 1930 3106 PRAETEREA,
1961 3059 2095 3096 maiori
2133 3067 2291 3108 peccato
2325 3060 2485 3097 debetur
2513 3058 2636 3096 maior

1572 3125 1719 3162 poena:
1741 3114 1952 3150 secundum
1972 3113 2061 3149 illud
2081 3113 2191 3150 Deut.
2213 3125 2284 3149 xxv
2299 3112 2333 3148 ²¹²:
2363 3113 2439 3149 sto
2458 3123 2636 3150 mensura
2662 3130 2672 3140 ·

458 3169 514 3206 lis.
544 3169 646 3216 Ergo
667 3181 743 3205 non
765 3177 821 3205 est
844 3168 1061 3217 simpliciter
1089 3167 1294 3206 dicendum
1314 3167 1418 3216 quod
1437 3167 1519 3204 infi-
1567 3167 1714 3215 peccati
1731 3167 1803 3203 erit
1818 3172 1854 3203 et
1866 3166 2074 3216 plagarum
2098 3166 2242 3203 modus.
2274 3165 2351 3203 Sed
2370 3165 2492 3203 maior
2509 3176 2640 3214 poena

460 3221 591 3259 delitas
621 3221 666 3260 sit
693 3220 905 3258 maximum
933 3229 1191 3270 peccatorum.

515 3286 550 3311 2.
572 3276 804 3321 PRAETEREA,
834 3274 925 3311 illud
954 3275 1058 3324 quod
1087 3273 1260 3311 diminuit
1288 3274 1349 3310 vel
1370 3281 1521 3310 excusat

460 3335 660 3376 peccatum
690 3340 768 3364 non
788 3327 937 3365 videtur
958 3339 1039 3364 esse
1067 3326 1278 3364 maximum
1307 3333 1518 3376 peccatum.

515 3442 542 3468 α)
564 3441 636 3465 Dia-'t
654 3441 723 3466 enim
743 3441 917 3473 Augustinus.
939 3454 954 3458 —-
977 3441 1046 3470 Quia
1065 3441 1132 3465 sicut
1157 3441 1222 3465 dicit
1247 3441 1412 3472 Augustinus
1433 3441 1450 3471 Ι,
1469 3448 1522 3464 om.

461 3475 688 3508 ABLFHLpCKK.

1574 3218 1734 3256 debetur
1765 3219 1942 3256 fidelibus
1970 3218 2214 3269 peccantibus
2243 3230 2361 3267 quam
2394 3217 2633 3269 infidelibus:

1574 3273 1786 3310 secundum
1815 3271 1906 3310 illud
1933 3272 1985 3309 ad
2008 3272 2109 3309 Heb.
2129 3284 2156 3309 x
2172 3271 2207 3308 *ε
2242 3270 2389 3315 Quanto
2418 3271 2543 3321 magis
2562 3281 2636 3319 pu-

1574 3326 1657 3363 tatis
1689 3326 1874 3362 deteriora
1907 3325 2047 3362 mereri
2081 3325 2262 3374 supplicia
2295 3324 2361 3374 qui
2389 3323 2530 3361 Filium
2561 3323 2639 3361 Dei

1631 3439 1654 3472 β)
1675 3447 1741 3464 sum.
1760 3454 1776 3457 —
1797 3440 1848 3463 iam
1869 3440 1965 3464 addunt
1984 3438 2233 3470 ABCDEFHKLpn.

2665 2013 2674 2023 ·
2688 2012 2739 2041 Qu.
2751 2018 2830 2035 miv.
2852 2043 2854 2046 Ι

2664 2812 2673 2821 ”
2690 2809 2756 2832 Vei-⁸.
2771 2815 2800 2839 ¹3·

2687 3128 2755 3151 Van.
2769 3134 2790 3151 2.

2664 3271 2818 3316 'Vanam⁴
