2892 4056
53 224 64 234 ⁸
79 222 144 244 vers.
160 228 191 248 14.

52 541 63 552 ⁸
77 541 127 562 Art.
143 546 158 566 1,
174 545 194 561 2.

52 644 114 692 ’qm
120 650 189 671 xxxv,
195 647 262 672 art.3;

53 671 76 693 1¹
93 671 135 695 1⁸⁸.
145 677 184 698 qu.
191 677 262 696 mxu,

20 695 21 698 ’
51 700 94 719 art.
109 703 129 725 5,
143 696 172 719 ad
186 703 201 719 1.

49 1625 61 1637 ⁸
86 1625 124 1647 De
148 1624 242 1647 Inidia
250 1641 258 1652 ,

49 1657 120 1680 qui,
127 1652 231 1674 concina.
237 1657 259 1679 7.

140 2876 153 2898 Υ

49 2953 61 2965 ·
74 2954 124 2976 Art.
141 2953 247 2982 pmeeed.

908 147 1173 194 QUAESTIO
1202 148 1381 196 XXXVI,
1411 148 1705 186 ARTICULUS
1735 150 1784 185 111

292 224 306 260 I
328 225 432 260 Ioan.
454 234 490 259 111
509 222 545 259 *z
574 223 658 260 Nos
675 223 814 260 scimus
832 224 1009 272 quoniam
1035 224 1207 261 translati
1222 236 1352 261 sumus

290 277 336 313 de
363 281 483 312 morte
509 275 561 312 ad
586 275 723 323 vitam,
762 276 941 325 quoniam
974 277 1165 327 diligimus
1187 279 1350 326 fratres.

290 328 494 377 Utriusque
529 327 630 365 enirn
651 327 666 358 β
694 329 904 376 obiectum,
935 337 970 366 et
998 330 1158 367 caritatis
1188 338 1223 367 et
1256 330 1350 367 invi-

291 381 388 427 diae,
409 388 464 418 est
483 381 632 418 bonum
660 382 836 429 proximi,
866 382 934 419 sed
962 383 1174 420 secundum
1205 390 1352 420 contra-

290 434 389 471 rium
418 440 590 470 motum:
620 446 710 470 nam
740 435 874 471 caritas
901 436 1041 482 gaudet
1065 435 1111 471 de
1132 436 1235 472 bono
1264 447 1350 484 pro-

289 486 401 533 ximi,
439 485 582 523 invidia
611 494 739 524 autern
770 487 816 524 de
846 487 984 523 eodem
1013 487 1199 535 tristatur,
1236 496 1278 524 ut
1307 499 1351 524 ex

291 538 396 576 dictis
415 537 436 560 '⁸‘
453 546 568 588 patet.
597 539 709 577 Unde
738 538 981 577 manifestum
1002 547 1058 575 est
1077 540 1183 588 quod
1208 540 1351 578 invidia

291 604 335 629 ex
364 592 434 628 suo
462 603 602 640 genere
632 600 687 629 est
713 600 914 642 peccatum
942 593 1115 628 mortale.

343 644 422 681 Sed
448 645 544 682 sicut
572 657 687 693 supra
705 645 725 666 '¹‘
753 645 895 682 dictum
923 651 995 691 est,
1024 644 1064 681 in
1091 645 1262 693 quolibet
1288 658 1350 693 ge-

289 709 379 734 nere
394 698 540 746 peccati
558 698 728 735 mortalis
746 697 991 734 inveniuntur
1009 697 1123 745 aliqui
1142 697 1352 746 imperfecti

288 757 416 787 motus
436 750 474 787 in
500 751 739 788 sensualitate
768 749 969 786 existentes
996 750 1060 798 qui
1089 757 1175 786 sunt
1196 758 1352 799 peccata

287 801 471 840 venialia:
501 803 597 840 sicut
622 803 662 840 in
689 813 828 851 genere
858 801 1030 839 adulterii
1057 802 1204 850 primus
1224 810 1352 840 motus

290 855 640 906 concupiscentiae,
680 864 716 892 et
742 855 780 892 in
808 867 947 902 genere
979 855 1174 892 homicidii
1204 855 1352 904 primus

288 913 416 947 motus
444 909 535 947 irae.
573 910 628 945 Ita
657 908 771 949 etiam
799 914 837 944 et
864 908 902 944 in
931 919 1070 954 genere
1103 908 1269 944 invidiae
1297 908 1352 945 in-

287 962 495 999 veniuntur
519 961 638 1009 aliqui
664 960 778 1010 primi
806 968 934 996 motus
967 960 1200 1009 quandoque
1236 961 1350 997 etiam

287 1015 327 1052 in
353 1015 443 1052 viris
469 1013 657 1064 perfectis,
686 1013 752 1063 qui
779 1009 866 1050 sunt
892 1021 1049 1061 peccata
1076 1013 1252 1050 venialia.

340 1069 399 1104 An
419 1062 674 1104 manniaco
694 1076 878 1104 DICENDUM
898 1065 1004 1114 quod
1029 1073 1156 1103 motus
1185 1065 1350 1103 invidiae

286 1120 499 1158 secundum
519 1118 624 1168 quod
644 1128 701 1157 est
717 1119 845 1168 passio
866 1119 1129 1167 sensualitatis,
1151 1127 1206 1156 est
1229 1118 1352 1167 quod-

287 1173 377 1210 dam
397 1173 664 1222 imperfectum
682 1172 878 1221 ingenere
897 1180 1052 1210 actuum
1071 1174 1349 1219 humanorum,

285 1236 409 1274 quoru
477 1226 708 1275 principium
737 1233 794 1262 est
821 1226 929 1263 ratio.
959 1226 1070 1263 Unde
1097 1225 1180 1262 talis
1208 1225 1352 1262 invidia

283 1282 364 1319 non
393 1290 439 1330 es·v
475 1282 676 1329 peccatum
706 1280 879 1317 mortale.
897 1279 985 1316 —Et
1013 1278 1144 1315 similis
1173 1285 1229 1314 est
1256 1278 1350 1314 ratio

340 1389 366 1424 β)
385 1390 464 1416 enim.
481 1405 502 1410 -
519 1384 616 1417 autem*
629 1392 675 1416 Ρα.

338 1427 366 1460 γ)
385 1425 489 1452 ibidem.
506 1440 526 1446 -
543 1425 645 1452 dudum
664 1425 903 1460 ABEFHILpCKK,
923 1434 976 1452 om.
995 1434 1022 1451 R.

1374 1401 1452 1465 lm.

2386 160 2459 196 297

1405 226 1451 262 de
1480 226 1622 263 invidia
1650 228 1921 275 parvulorum,
1950 226 1988 263 in
2016 226 2154 274 quibus
2182 238 2260 262 non
2288 233 2343 262 est
2371 237 2461 262 usus

1405 278 1570 316 rationis.

1456 331 1568 368 Unde
1596 339 1699 380 patet
1727 332 1924 380 responsio
1955 332 2003 368 ad
2031 331 2257 368 secundum.

1456 386 1514 420 AD
1542 395 1700 421 TERTIUM
1730 396 1911 422 macrinum
1940 385 2044 433 quod
2072 383 2224 430 invidia,
2249 384 2460 420 secundum

1404 436 1691 484 Philosophum,
1721 437 1758 473 in
1788 439 1819 474 11
1847 439 1955 474 Rhet.
1975 437 2007 485 *7
2037 437 2242 486 opponitur
2262 444 2298 473 et
2316 436 2463 473 nemesi

1404 496 1440 525 et
1468 489 1770 537 misericordiae,
1808 490 1875 527 sed
1908 490 2119 526 secundum
2159 489 2320 526 diversa.
2358 489 2461 525 Nam

1405 541 1686 579 misericordiae
1715 543 1919 591 opponitur
1947 543 2102 589 directe,
2131 542 2343 579 secundum
2374 553 2463 578 con-

1404 595 1631 631 trarietatem
1659 594 1874 643 principalis
1903 595 2060 632 obiecti:
2089 595 2241 644 invidus
2271 594 2370 632 enirn
2400 594 2462 631 tri-

1404 654 1521 684 statur
1555 649 1602 684 de
1631 648 1734 684 bono
1770 648 1955 695 proximi;
1993 648 2208 685 misericors
2246 655 2374 684 autem
2401 647 2462 684 tri-

1404 707 1519 736 statur
1548 700 1596 736 de
1623 701 1725 736 malo
1753 701 1928 748 proximi.
1966 701 2078 738 Unde
2115 700 2231 738 invidi
2271 712 2349 737 non
2377 707 2464 736 sunt

1403 752 1682 800 misericordes,
1703 753 1797 789 sicut
1820 753 1963 790 ibidem
1982 753 2002 775 '¹‘
2020 759 2036 782 Υ
2056 753 2200 800 dicitur,
2222 765 2294 790 nec
2322 766 2343 790 e
2372 764 2462 789 con-

1402 816 1528 842 verso.
1559 805 1616 841 Ex
1635 813 1740 854 parte
1758 817 1853 842 vero
1875 806 1954 842 eius
1979 807 2025 843 de
2046 806 2152 843 cuius
2176 808 2280 843 bono
2300 806 2464 843 tristatur

1404 857 1567 904 invidus,
1588 857 1792 906 opponitur
1819 858 1960 895 invidia
1988 859 2152 896 nemesi:
2182 859 2432 896 nemeseticus
2450 856 2463 880 ⁶

1404 909 1505 946 enim
1534 909 1698 947 tristatur
1722 910 1769 947 de
1790 911 1894 948 bono
1924 911 2075 959 indigne
2104 912 2309 959 agentium,
2330 924 2463 948 secun-

1405 963 1496 998 dum
1527 962 1617 998 illud
1636 963 1776 999 Psalm.
1796 963 1837 999 *z
1867 964 1999 1000 Zelavi
2015 976 2128 1012 super
2146 965 2303 1013 iniquos,
2327 976 2463 1013 pacem

1397 1020 1642 1062 peccatorum
1679 1015 1807 1052 videns
1816 1029 1829 1060 ,·
1865 1016 2016 1053 invidus
2053 1024 2182 1053 autem
2219 1017 2384 1054 tristatur
2416 1018 2463 1054 de

1405 1068 1509 1104 bono
1539 1079 1673 1103 eorum
1712 1067 1776 1116 qui
1808 1076 1895 1105 sunt
1923 1068 2035 1116 digni.
2074 1069 2184 1106 Unde
2220 1078 2323 1119 patet
2359 1069 2464 1118 quod

1404 1119 1528 1168 prima
1556 1120 1801 1158 contrarietas
1838 1128 1893 1158 est
1929 1122 2049 1169 magis
2083 1122 2224 1160 directa
2261 1135 2377 1172 quam
2406 1135 2464 1159 se-

1405 1174 1540 1210 cunda.
1579 1173 1844 1218 Misericordia
1872 1181 2000 1211 autem
2029 1176 2217 1223 quaedam
2243 1176 2362 1212 virtus
2393 1183 2463 1222 est,

1404 1233 1439 1262 et
1467 1225 1628 1263 caritatis
1663 1226 1839 1275 proprius
1871 1227 2041 1264 effectus.
2079 1228 2192 1265 Unde
2223 1228 2367 1265 invidia
2396 1228 2464 1264 rni-

1404 1278 1632 1315 sericordiae
1661 1279 1869 1328 opponitur
1896 1287 1933 1316 et
1961 1280 2115 1317 caritati.

1455 1391 1486 1451 3}
1500 1392 1680 1417 nemeseticus.
1692 1405 1711 1411 ·-
1724 1392 1868 1418 nemesicus
1884 1393 2163 1426 PABDEFGHIKLpC
2178 1399 2203 1418 et
2216 1401 2283 1423 ima,-
2302 1394 2335 1418 cs.
2355 1401 2398 1426 qu.
2410 1401 2464 1422 xxx.

1489 1445 1496 1458 ,
1516 1432 1567 1451 not.
1587 1435 1613 1460 γ.

965 1501 1298 1535 Commentarios
1321 1502 1573 1535 Oaxdinalis
1596 1501 1799 1535 Caietani

316 1583 337 1603 n
359 1572 491 1605 articulo
515 1573 618 1610 tertio,
641 1573 722 1604 circa
745 1573 902 1605 rationem
924 1583 984 1614 pro
1008 1573 1225 1609 conclusione,
1244 1573 1352 1604 Marti-

289 1585 378 1647 Inus
401 1617 570 1648 occurrit*
592 1627 727 1658 arguens
751 1624 860 1648 contra
883 1620 1060 1648 Auctorem
1083 1617 1173 1658 quod
1188 1617 1248 1648 ista
1270 1618 1352 1659 ratio

285 1670 352 1692 non
375 1660 519 1692 sufficiat.
544 1662 632 1692 Tum
655 1661 740 1703 quia,
765 1671 821 1701 per
839 1661 946 1698 istum,
967 1662 1176 1692 concludetur
1192 1660 1258 1692 tam
1281 1658 1352 1692 faci-

283 1705 356 1737 liter
378 1706 468 1747 quod
484 1706 621 1737 nemesis
645 1713 676 1736 et
691 1706 778 1736 zelus
794 1713 899 1736 essent
914 1713 1043 1747 peccata
1058 1705 1214 1742 mortalia,
1229 1712 1262 1737 et
1277 1716 1352 1736 con-

285 1749 487 1781 trariarentur
515 1750 648 1782 caritati:
679 1750 755 1791 quia
778 1750 942 1781 tristantur
971 1751 1008 1780 de
1032 1751 1120 1780 bono
1149 1747 1297 1790 proximi,
1323 1757 1354 1780 et

284 1794 330 1826 sic
353 1794 471 1825 habent
492 1794 579 1825 idem
602 1794 764 1825 obiectum
787 1804 861 1825 cum
886 1794 1012 1825 caritate
1034 1795 1212 1826 secundum
1232 1801 1354 1825 contra-

286 1839 371 1870 rium
394 1845 532 1870 motum.

341 1883 430 1913 Tum
453 1883 528 1924 quia
553 1893 619 1913 non
635 1882 793 1923 quidquid
816 1882 1024 1912 contrariatur
1043 1882 1134 1922 operi
1149 1882 1284 1915 caritatis
1306 1889 1353 1912 est

285 1933 452 1967 peccatum
467 1927 611 1958 mortale.
637 1927 717 1958 Sunt
733 1926 819 1957 enim
836 1927 942 1967 aliqua
955 1926 1089 1957 caritatis
1105 1936 1202 1966 opera
1213 1927 1253 1956 ad
1269 1936 1351 1966 quae

243 1979 251 1985 ·
283 1976 535 2003 nomtenemur:
560 1971 642 2002 sicut
663 1971 812 2002 osculum
835 1971 952 2012 leprosi
967 1977 998 2001 et
1012 1970 1074 2000 alia
1095 1970 1350 2011 supererogatio-

285 2025 335 2045 ms
359 2025 379 2045 ο
405 2026 466 2046 era.

281 2092 285 2094 ,
341 2026 402 2101 Ad,
415 2059 532 2101 horum
556 2058 714 2099 primum,
739 2065 871 2098 negatur
899 2059 1039 2099 sequela.
1068 2059 1110 2090 Et
1134 2059 1172 2089 de
1199 2059 1269 2089 zelo
1293 2068 1349 2088 seu

278 2104 499 2142 aemulatione
522 2102 654 2144 quidem
675 2109 762 2143 patet
780 2102 869 2143 quod
892 2113 964 2138 non,
975 2102 1190 2133 communicat
1212 2102 1245 2133 in
1265 2102 1351 2132 obie-

285 2152 337 2178 cto
360 2146 435 2179 cum
452 2146 590 2178 caritate.
615 2146 779 2185 Quoniam
796 2145 937 2178 tristitiae
952 2146 1022 2177 talis
1038 2147 1199 2178 obiectum
1222 2156 1289 2176 non
1306 2153 1353 2177 est

285 2193 409 2223 bonum
437 2192 582 2233 proximi,
608 2192 663 2222 sed
687 2201 790 2221 carere
813 2191 900 2221 bono
924 2190 1075 2231 proximi:
1101 2190 1239 2222 tristatur
1264 2190 1350 2221 enim

280 2241 352 2267 non
374 2236 451 2278 'quia
474 2236 552 2266 alter
573 2235 678 2271 habet,
701 2236 756 2266 sed
779 2235 855 2276 quia
875 2235 944 2275 ipse
967 2245 1034 2266 non
1056 2236 1160 2266 habet.
1184 2235 1277 2266 Unde
1300 2235 1352 2265 tri-

281 2281 370 2314 stitia
403 2279 593 2312 aemulativa
627 2280 722 2311 habet
749 2280 872 2310 bonum
906 2279 1043 2319 proximi
1078 2290 1137 2319 pro
1167 2279 1349 2315 excitativa,

282 2325 447 2359 defectum
469 2331 578 2355 autem
600 2323 751 2355 tristantis
772 2333 833 2363 pro
857 2323 994 2355 obiecto.
1023 2324 1220 2355 Huiusmodi
1243 2330 1350 2354 autem

285 2368 409 2402 tristitia
440 2378 506 2399 non
537 2374 584 2399 est
607 2364 779 2404 contraria,
808 2368 863 2398 sed
891 2367 1064 2398 conformis
1093 2378 1186 2408 saepe
1215 2367 1350 2399 caritatis
1375 2389 1377 2402 s

285 2413 405 2445 motui:
431 2412 586 2454 quoniam
606 2412 740 2443 caritatis
757 2418 803 2442 est
818 2411 925 2442 dolere
941 2412 979 2442 de
995 2412 1081 2442 malo
1098 2408 1147 2442 sui
1171 2411 1313 2443 subiecti.
1331 2429 1351 2435 —

285 2457 334 2489 De
357 2457 478 2488 nemesi
501 2466 587 2493 vero,
611 2455 686 2497 quia
710 2455 805 2487 etiam
821 2465 886 2486 non
911 2462 958 2486 est
979 2455 1064 2486 idem
1088 2455 1250 2486 obiectum
1266 2456 1351 2486 illius

284 2508 317 2533 et
338 2501 485 2533 caritatis.
511 2500 674 2538 Quoniam
701 2499 928 2540 indignationis
951 2500 1112 2531 obiectum
1135 2506 1182 2530 est
1204 2509 1271 2530 non
1294 2500 1351 2530 bo-

286 2556 369 2579 num
388 2545 524 2586 proximi
548 2545 701 2580 absolute,
726 2545 780 2575 sed
804 2544 866 2575 tale
887 2544 1026 2580 bonum,
1050 2544 1168 2575 scilicet
1190 2550 1350 2584 tempora-

282 2589 582 2630 lisjprosperitatig
596 2599 662 2620 non
686 2588 826 2620 hominis
850 2589 1003 2624 absolute,
1028 2589 1083 2619 sed
1106 2588 1247 2619 hominis
1268 2588 1350 2625 talis,

283 2633 409 2675 scilicet.
426 2633 564 2673 indigni:
589 2633 724 2664 caritatis
747 2639 855 2663 autem
879 2632 1040 2663 obiectum
1060 2639 1107 2662 est
1129 2633 1253 2664 bonurn
1277 2642 1350 2673 pro-

284 2678 361 2719 ximi
376 2678 530 2709 absolute.
552 2695 571 2701 —
587 2677 660 2707 Non
685 2687 760 2717 ergo
777 2677 856 2707 ratio
872 2677 992 2707 litterae
1013 2677 1107 2708 habet
1120 2677 1229 2707 locum
1250 2676 1283 2707 in
1300 2686 1350 2706 ae-

284 2718 461 2760 mulatione
486 2729 517 2753 et
537 2721 754 2762 indignatione
782 2721 864 2751 sicut
885 2720 917 2751 in·
942 2720 1074 2757 invidia,
1099 2729 1181 2761 quae
1210 2720 1350 2751 tristatur

280 2767 436 2799 'defflono
452 2766 589 2806 proximi
612 2766 686 2807 quia
702 2765 834 2801 excedit;
859 2764 948 2805 quoii
963 2765 1080 2796 scilicet
1103 2765 1250 2795 excedere
1269 2765 1350 2795 infra

283 2811 486 2843 latitudinem
501 2811 579 2842 boni
600 2811 746 2841 absolute
762 2809 927 2846 clauditur,
948 2809 1022 2850 quia
1037 2816 1156 2849 spectat
1170 2810 1210 2840 ad
1225 2810 1349 2840 bonum

282 2855 386 2896 {mins
409 2852 544 2896 proximi
567 2855 745 2887 secundum
773 2863 820 2890 se;
850 2854 1056 2894 consequitur
1078 2853 1163 2884 enirn
1191 2853 1348 2894 quantita-

281 2906 351 2944 tem
375 2906 406 2930 et
427 2905 637 2946 augmentum
667 2899 744 2931 boni
766 2897 801 2929 in
824 2894 895 2938 ipso
926 2898 1082 2939 proximo.
1108 2898 1155 2928 Ex
1181 2898 1238 2928 hac
1263 2897 1348 2928 enirn

285 2944 374 2985 parte
395 2953 428 2973 se
450 2950 556 2974 tenere
579 2947 664 2984 patet
682 2951 723 2975 'ex
747 2940 933 2982 supradictis
948 2942 975 2972 ³¹².

286 2987 288 2993 ’
327 2985 391 3018 Ad
414 2987 591 3017 secundum
615 2986 729 3017 dicitur
751 2986 840 3026 quod
863 2985 950 3015 aliud
973 2991 1019 3016 est
1042 2985 1132 3026 loqui
1156 2985 1195 3015 de
1218 2984 1349 3016 exterio-

282 3031 373 3062 fibus
396 3034 451 3062 aut
473 3030 664 3061 secundariis
686 3030 821 3061 caritatis
845 3030 975 3066 actibus,
999 3030 1107 3070 quales
1123 3035 1197 3060 sunt
1219 3030 1258 3059 de
1280 3029 1348 3070 qui-

286 3076 346 3106 bus
365 3084 504 3115 arguens
526 3074 684 3115 loquitur:
707 3081 738 3105 et
760 3073 846 3105 aliud
870 3073 908 3104 de
931 3073 1095 3114 principali
1119 3073 1253 3105 caritatis
1277 3080 1347 3105 actu

283 3119 448 3156 interiori,
480 3118 538 3159 qui
560 3126 607 3151 est
639 3118 787 3154 dilectio,
812 3118 902 3148 cuius
931 3118 1085 3149 terminus
1115 3124 1161 3148 est
1182 3117 1348 3158 gaudium.

286 3163 456 3206 Quidquid
471 3163 556 3194 enim
572 3162 779 3198 contrariatur
802 3161 961 3193 dilectioni
977 3161 1112 3202 proximi
1134 3168 1261 3203 oportet
1281 3165 1362 3193 esse'

282 3215 454 3252 peccatum
477 3207 620 3251 mortale.
646 3206 781 3237 Constat
804 3213 911 3236 autem
939 3205 1028 3248 quod
1051 3203 1174 3236 tristitia
1199 3205 1237 3236 de
1259 3206 1347 3236 bono

285 3248 423 3292 proximi
442 3251 664 3287 ,contrariatur
691 3249 853 3281 dilectioni
881 3249 1033 3290 proximi:
1061 3249 1137 3290 quia
1165 3254 1286 3289 spectat
1308 3250 1348 3280 ad

280 3294 480 3327 'eontrarium
504 3303 630 3326 motum
653 3295 757 3325 motui
780 3294 916 3325 caritatis
938 3299 975 3325 ut
989 3293 1152 3324 terminus.
1176 3294 1259 3324 Nam
1278 3303 1347 3325 mo·
1372 3323 1374 3339 Ι

230 3368 232 3370 .
285 3347 336 3371 tus
361 3339 494 3371 caritatis
518 3340 557 3369 ad
581 3340 703 3370 bonum
727 3338 862 3379 proximi
886 3345 932 3368 est
954 3338 1102 3374 amando,
1130 3338 1347 3375 desiderando,

285 3384 469 3427 gaudendo:
504 3384 554 3414 cui
584 3382 791 3414 contrariatur
821 3382 936 3413 directe
970 3389 1078 3414 motus
1109 3382 1268 3427 odiendo,
1299 3382 1347 3412 fu-

285 3429 412 3468 giendo,
436 3428 600 3459 tristando.
635 3427 727 3458 Unde
749 3433 837 3467 patet
857 3426 946 3467 quod
970 3436 1007 3457 ex
1029 3426 1090 3456 hoc
1113 3426 1202 3467 quod
1226 3433 1347 3457 contra-

428 3488 538 3512 Summs
556 3487 657 3512 Timor..
677 3487 708 3511 D.
720 3486 835 3511 Tamus
854 3486 885 3510 Τ.
906 3486 935 3510 V.

1401 1573 1500 1604 riatur
1539 1573 1668 1613 gaudio,
1702 1573 1909 1604 contrariatur
1936 1573 2107 1604 dilectioni.
2147 1574 2188 1604 Et
2210 1574 2272 1604 hoc
2302 1581 2348 1604 est
2377 1575 2466 1615 quod

1402 1620 1525 1648 Auctor
1547 1617 1696 1648 intendit:
1721 1624 1751 1648 et
1774 1627 1840 1647 non
1870 1618 2004 1648 intendit
2033 1618 2122 1658 quod
2146 1628 2242 1648 omne
2273 1619 2466 1649 contrarium

1403 1660 1635 1702 cuiuscumque
1666 1661 1800 1692 caritatis
1835 1662 1923 1702 operi
1954 1669 2000 1692 est
2023 1668 2190 1702 peccatum
2221 1663 2364 1693 mortale.
2401 1663 2468 1693 Stat

1403 1715 1479 1746 ergo
1502 1706 1605 1737 solida
1627 1706 1707 1736 ratio
1730 1706 1860 1737 litterae.

1458 1749 1497 1780 11.
1522 1750 1557 1780 ln
1578 1751 1693 1780 eodem
1709 1750 1840 1780 articulo
1864 1749 1967 1786 tertio,
1984 1750 2016 1780 in
2040 1750 2247 1789 responsione
2270 1751 2310 1780 ad
2326 1750 2465 1786 tertium,

1402 1794 1557 1825 Martinus
1581 1794 1716 1826 occurrit
1731 1794 1749 1813 *
1767 1794 1873 1824 dicens
1893 1801 2002 1824 contra
2018 1796 2191 1824 Auctorem
2215 1795 2303 1834 quod
2326 1794 2403 1824 haec
2420 1805 2466 1824 re-

1403 1838 1535 1878 sponsio
1551 1848 1617 1868 non
1639 1837 1796 1868 satisfacit.
1818 1838 1902 1876 Quia
1917 1845 2140 1878 argumentum
2158 1848 2283 1879 semper
2299 1845 2358 1868 stat
2373 1839 2405 1868 in
2422 1839 2466 1868 vi-

1401 1892 1488 1922 gore,
1504 1883 1569 1913 sive
1586 1889 1769 1923 opponatur
1785 1882 2017 1912 misericordiae
2033 1882 2098 1912 sive
2118 1883 2251 1912 nemesi:
2268 1883 2343 1922 quia
2359 1893 2468 1913 secun-

1403 1927 1481 1956 dum
1500 1926 1729 1957 Aristotelem*
1748 1926 1962 1956 misericordia
1985 1933 2015 1956 et
2038 1927 2173 1956 nemesis
2197 1926 2359 1966 passiones
2384 1934 2466 1958 sunt.

1456 1971 1507 2002 Ad
1530 1971 1592 2002 hoc
1615 1971 1730 2002 dicitur
1756 1971 1876 2010 primo,
1900 1971 1990 2011 quod
2018 1971 2109 2001 loeus
2133 1972 2171 2001 ab
2195 1971 2381 2002 auctoritate
2411 1981 2465 2002 ne-

1401 2015 1504 2054 gative
1528 2015 1607 2046 nihil
1629 2016 1721 2046 valet.
1745 2015 1900 2052 Quamvis
1924 2015 2010 2045 enim
2032 2015 2220 2046 Aristoteles
2238 2025 2305 2046 non
2325 2016 2468 2055 posuerit

1403 2059 1651 2090 misericordiam
1673 2059 1754 2091 inter
1776 2059 1916 2095 virtutes,
1941 2060 1996 2090 sed
2017 2059 2190 2090 laudabiles
2210 2058 2384 2100 passiones,
2400 2070 2466 2090 non

1400 2110 1570 2144 propterea
1594 2103 1738 2144 sequitur
1760 2103 1836 2144 quin
1861 2102 1931 2134 talis
1955 2102 2078 2144 passio,
2103 2104 2231 2135 reducta
2259 2103 2298 2134 ad
2322 2104 2466 2135 medium

1401 2148 1580 2178 secundum
1612 2153 1730 2178 rectam
1757 2147 1921 2183 rationem,
1950 2147 2052 2188 possit
2081 2146 2186 2178 sortiri
2212 2147 2361 2179 virtutem
2393 2158 2466 2188 pro-

1403 2192 1519 2233 priam;
1545 2198 1579 2223 ut
1602 2191 1748 2232 superius
1763 2191 1780 2211 *
1802 2193 1924 2222 Auctor
1947 2191 2066 2222 docuit.

1457 2236 1581 2267 Dicitur
1596 2237 1746 2272 secundo,
1764 2236 1851 2275 quod
1871 2236 2055 2266 Aristoteles
2070 2235 2200 2266 nescivit
2214 2236 2354 2272 virtutes,
2371 2237 2465 2267 etiam

1403 2281 1549 2317 morales,
1572 2291 1654 2322 quae
1678 2280 1883 2312 attenduntur
1905 2290 2003 2320 penes
2025 2290 2150 2310 morem
2173 2290 2210 2310 ex
2232 2280 2466 2321 theologalibus

1401 2325 1570 2356 virtutibus
1593 2325 1785 2356 derivatum:
1809 2324 1912 2365 qualis
1932 2331 1979 2355 est
1996 2323 2220 2360 misericordia,
2241 2334 2332 2365 quae,
2361 2332 2396 2355 ut
2420 2333 2467 2356 est

1401 2369 1510 2405 virtus,
1535 2376 1582 2400 est
1603 2368 1752 2410 proprius
1775 2367 1901 2402 effectus
1925 2367 2069 2404 caritatis,
2087 2375 2122 2399 ut
2145 2368 2177 2398 in
2200 2368 2302 2399 littera
2317 2369 2375 2399 hac
2399 2379 2464 2399 non

1402 2413 1516 2444 frustra
1549 2412 1673 2444 dicitur.
1707 2412 1748 2443 Et
1776 2419 1942 2453 propterea
1971 2419 2157 2452 argumento
2191 2412 2312 2453 optime
2344 2413 2464 2443 satisfa-

1402 2464 1490 2487 ctum
1514 2463 1562 2487 est
1583 2467 1601 2486 a
1615 2456 1780 2496 theologo,
1795 2456 1828 2486 in
1844 2456 1986 2487 doctrina
2001 2448 2114 2487 morali
2138 2457 2325 2496 theologica,
2343 2467 2380 2487 ex
2402 2457 2464 2488 hoc

1401 2501 1503 2542 quod,
1521 2500 1640 2531 invidia
1668 2500 1875 2531 contrariatur
1904 2501 2011 2531 virtuti
2041 2501 2274 2531 misericordiae
2303 2508 2334 2532 et
2356 2502 2464 2532 virtuti

1401 2544 1546 2581 caritatis,
1570 2551 1601 2576 et
1623 2554 1689 2574 non
1712 2545 1819 2575 solum
1842 2544 2053 2584 passionibus.

1431 2643 1452 2663 N
1475 2631 1612 2663 articulis
1631 2631 1723 2662 tertio
1747 2638 1777 2662 et
1799 2638 1912 2672 quarto
1937 2632 2079 2662 eiusdem
2103 2632 2298 2672 quaestionis
2327 2632 2461 2663 dubium

1405 2645 1578 2712 loccurrit,
1598 2685 1637 2706 an
1653 2675 1788 2706 invidiae
1802 2676 1915 2706 vitium
1932 2675 2088 2707 dividatur
2101 2676 2134 2706 in
2150 2677 2255 2716 plures
2272 2677 2405 2716 species;
2422 2685 2461 2707 an

1401 2721 1440 2751 sit
1456 2730 1520 2751 una
1535 2720 1653 2760 species
1670 2719 1901 2760 specialissima.
1918 2717 1958 2750 Et
1973 2726 2019 2750 est
2033 2720 2112 2750 ratio
2129 2720 2215 2750 dubii
2231 2720 2305 2760 quia
2320 2720 2461 2751 definitio

1399 2765 1547 2802 invidiae,
1571 2764 1689 2794 scilicet
1711 2765 1798 2804 quod
1814 2771 1862 2794 est
1876 2765 2006 2794 tristitia
2029 2764 2070 2794 de
2083 2764 2163 2794 bono
2179 2765 2314 2795 alterius
2329 2766 2462 2805 inquan-

1400 2815 1467 2840 tum
1481 2809 1607 2840 videtur
1616 2808 1839 2839 diminutivum
1849 2809 2004 2848 propriae
2013 2809 2140 2849 gloriae
2155 2809 2205 2839 vel
2219 2810 2427 2840 excellentiae
2433 2809 2459 2845 *‚

1401 2853 1523 2885 nullam
1545 2862 1643 2884 unam
1667 2852 1833 2883 formalem
1855 2852 2011 2882 rationem
2034 2852 2193 2893 importat.
2218 2852 2357 2884 Tristitia
2373 2863 2461 2883 nam-

1401 2907 1463 2938 que
1486 2898 1526 2927 de
1548 2897 1635 2927 bono
1658 2894 1794 2936 proximi
1817 2903 1865 2927 tot
1887 2897 2064 2936 specierum
2087 2904 2134 2926 est
2156 2904 2237 2937 quot
2252 2896 2364 2927 odium
2387 2907 2460 2937 pro-

1399 2941 1492 2972 ximi:
1517 2941 1634 2971 habent
1656 2949 1794 2981 namque
1821 2950 1854 2970 se
1877 2940 1989 2970 odium
2013 2946 2044 2971 et
2065 2939 2187 2971 tristitia
2210 2940 2291 2971 sicut
2317 2949 2408 2972 arnor
2431 2948 2462 2972 et

1401 2985 1577 3020 delectatio,
1600 2995 1740 3025 quorum
1764 2983 1946 3015 consecutio
1969 2983 2146 3015 secundum
2162 2984 2277 3025 speciei
2301 2984 2461 3016 diversita-

1399 3035 1465 3060 tem
1487 3029 1538 3059 vel
1559 3029 1756 3059 identitatem
1779 3037 1836 3068 per
1858 3038 1891 3058 se
1914 3035 1991 3059 nota
2015 3035 2070 3058 est.

2490 449 2498 457 ⁸
2514 448 2568 468 Loc.
2586 447 2625 468 cit.

2489 761 2499 771 ⁸
2513 760 2583 782 Num.
2599 767 2617 788 5.

2586 797 2602 822 Υ

2587 861 2601 886 δ

2488 975 2699 1002 ⁸Ps.t.xxu.vers.3.

2491 1802 2501 1811 ⁸
2523 1802 2570 1828 Qu.
2594 1803 2647 1828 cit.,
2675 1802 2702 1822 ad

2492 1834 2540 1855 arg.
2546 1835 2560 1854 4
2567 1832 2645 1850 contra
2652 1834 2705 1849 con·

2492 1855 2549 1876 clus.
2565 1861 2585 1882 7.

2492 1938 2500 1946 ⁸
2515 1936 2580 1958 Met.
2603 1936 2642 1958 lib.
2666 1937 2702 1963 11,

2494 1969 2544 1990 cap.
2559 1969 2591 1989 tx,
2606 1969 2628 1984 n.
2645 1969 2660 1985 ι.

2492 2195 2502 2203 “
2511 2194 2558 2221 Qu.
2567 2200 2621 2220 xxxy
2632 2198 2673 2216 art.
2682 2201 2703 2223 3,

2491 2221 2520 2241 ad
2534 2227 2558 2247 4.

2487 2813 2497 2821 ⁸
2513 2811 2548 2833 Cf.
2563 2816 2605 2834 art.
2621 2819 2637 2833 ι.

1454 3073 1682 3104 Determinatio
1706 3079 1812 3103 autem
1828 3072 1984 3108 adiuncta,
2008 3074 2197 3113 inquantum
2213 3079 2347 3113 apparet
2369 3073 2460 3104 dimi·
2506 3106 2509 3109 ,

1401 3119 1544 3148 nativum
1562 3118 1717 3158 propriae
1737 3117 1864 3158 gloriae
1882 3117 1933 3148 vel
1945 3117 2162 3155 excellentiae,
2179 3117 2345 3157 dupliciter
2363 3117 2459 3148 offen-

1400 3162 1454 3192 dit.
1479 3161 1596 3197 Primo,
1613 3161 1687 3201 quia
1710 3161 1787 3191 haec
1802 3159 2021 3192 determinatio
2046 3171 2111 3191 non
2135 3168 2181 3191 est
2196 3160 2368 3191 differentia
2384 3171 2459 3192 con-

1400 3204 1528 3236 tractiva
1551 3204 1664 3235 obiecti
1688 3205 1726 3235 ad
1750 3204 1911 3246 propriam
1940 3203 2091 3246 speciem:
2115 3204 2169 3235 sed
2193 3211 2239 3235 est
2269 3203 2459 3245 designativa

1399 3249 1471 3279 finis
1494 3250 1533 3279 ad
1556 3259 1653 3290 quem
1676 3247 1840 3279 ordinatur
1861 3247 1984 3279 tristitia
2006 3248 2082 3279 boni
2106 3248 2241 3285 alterius,
2265 3247 2354 3289 quod
2378 3247 2460 3279 seili-

1400 3299 1449 3324 cet
1463 3293 1628 3324 ordinatur
1650 3293 1690 3323 ad
1713 3293 1847 3333 gloriam
1862 3293 1913 3324 vel
1935 3292 2150 3324 excellentiam
2165 3293 2336 3333 propriam.
2361 3293 2459 3330 Quod

1400 3338 1444 3368 sic
1477 3337 1702 3367 manifestatur.
1737 3337 1890 3367 Eiusdem
1923 3337 2052 3368 rationis
2086 3344 2132 3367 est
2162 3345 2308 3376 appetere
2340 3337 2458 3377 aliquid

1400 3388 1529 3422 propter
1562 3381 1726 3421 propriam
1754 3381 1889 3421 gloriam
1919 3381 1970 3413 vel
2003 3381 2234 3418 excellentiam,
2270 3388 2301 3411 et
2323 3380 2458 3411 refutare

1400 3425 1620 3465 impeditivum
1645 3425 1746 3455 illius:
1775 3425 1856 3456 sicut
1879 3425 2020 3456 eiusdem
2050 3424 2208 3465 gravitatis
2231 3431 2277 3456 est
2299 3425 2331 3455 in
2355 3425 2458 3465 lapide

2285 3483 2317 3509 38
