2892 4056
247 849 259 865 0

148 876 200 897 'Ca
220 882 268 902 Ax,
284 881 357 897 n.2.—

149 903 173 924 S.
185 883 229 923 Tfl’i.
246 903 296 924 lect.
307 908 356 923 vui.

169 2060 216 2087 Cp
250 2060 354 2081 ’[18-

144 2087 168 2108 s.
177 2067 225 2108 iius
234 2067 286 2107 ιζἐι.
295 2075 332 2107 'wi

149 2597 156 2604 ⁸
169 2594 252 2617 Famiv
270 2597 356 2621 quaest.

163 2628 224 2647 xxix,
241 2625 282 2642 art.
297 2621 318 2642 8.

148 2753 157 2760 ⁸
166 2751 190 2772 1η
202 2751 280 2771 Somn.
295 2750 357 2777 Sctp.

148 2778 187 2799 lib.
203 2778 220 2804 Ι,
241 2783 290 2804 cap.
310 2783 358 2798 vui.

149 2969 158 2978 ·
170 2968 227 2993 cap,
239 2973 278 2994 vu.
290 2973 312 2989 n.
322 2967 360 2988 6.-

150 2995 174 3016 S.
185 2994 229 3016 Th.
245 2992 295 3015 lect.
313 3000 344 3015 νι.

398 188 472 235 370

1074 189 1342 235 QUAESTIO
1371 191 1513 238 XLIX,
1544 192 1840 229 ARTICULUS
1870 193 1904 229 V

392 266 555 303 muniter
591 279 660 315 pro
699 269 803 304 omni
843 268 1056 305 eustochia:
1093 270 1194 306 unde
1234 269 1322 305 dicit
1356 271 1459 318 quod
1485 271 1487 327 3
1513 270 1743 306 sideratione
1764 270 1842 307 eius
1863 271 1968 319 quod
1996 279 2166 320 oportet:
2195 281 2319 322 potest
2348 282 2476 312 autern
2498 288 2579 312 esse

390 320 540 356 solertia
569 325 624 356 est
649 321 795 357 habitus
823 333 885 368 quz
909 322 1087 368 provenit
1103 333 1153 357 ex
1171 322 1375 369 repentino,
1406 323 1459 359 in·
1485 329 1486 350 ³
1514 323 1646 370 aliquis
1669 323 1766 359 bene
1784 324 2041 361 consiliativus
2065 325 2178 361 etiam
2195 326 2225 362 si
2250 326 2386 364 diutius
2409 329 2580 365 consilie-

388 373 540 409 veniens
569 374 670 420 quod
695 374 870 410 convenit
887 372 912 409 β.

1512 383 1571 411 tur
1589 377 1650 412 vel
1675 376 1829 416 tardius.
1859 377 1942 414 Nec
1966 385 2096 414 tamen
2111 386 2267 427 propter
2279 380 2355 416 hoc
2371 382 2581 418 excluditur

443 428 501 462 AD
539 438 676 462 PRtMUM
705 437 802 462 ERGO
831 438 1016 463 DICENDUM
1046 427 1151 474 quod
1190 428 1342 464 solertia
1379 441 1457 464 non
1483 434 1485 461 l
1512 428 1601 476 quin
1617 429 1719 465 bona
1740 429 2009 466 coniecturatio
2031 430 2079 467 ad
2100 432 2197 467 bene
2219 432 2495 471 consiliandum
2513 446 2579 471 va-

390 480 515 514 solum
545 491 585 515 se
613 479 728 514 habet
758 479 854 515 circa
882 479 1145 516 inventionem
1182 481 1298 517 medii
1327 481 1364 518 in
1395 481 1457 518 de-

389 532 658 577 monstrativis,
689 532 757 568 sed
788 532 901 568 etiam
930 532 968 568 in
999 533 1223 580 operativis:
1252 542 1344 582 puta
1368 546 1455 570 curn

388 585 520 632 aliquis
550 584 680 621 videns
711 584 889 632 aliquosY
910 585 1054 622 amicos
1073 586 1191 622 factos
1226 586 1458 623 coniecturat

389 650 454 673 eos
485 650 567 673 esse
604 637 779 674 inimicos
809 638 1002 686 eiusdem,
1042 647 1083 675 ut
1111 639 1254 676 ibidem
1273 639 1292 661 '¹‘
1330 639 1456 676 Philo—
1481 688 1483 692 Ι

387 691 531 738 sophus
562 690 661 726 dicit.
706 691 754 727 Et
782 691 857 727 hoc
886 692 1005 728 modo
1036 693 1188 728 solertia
1216 692 1379 741 pertinet
1407 693 1455 729 ad

386 743 642 791 prudentiam.

438 799 496 832 AD
525 808 716 833 SECUNDUM
749 809 934 834 DtCENDuM
964 798 1069 846 quod
1103 798 1361 847 Philosophus
1389 810 1455 835 ve-

386 861 465 885 ram
486 847 499 870 δ
528 849 716 886 rationem
744 850 888 887 inducit
916 850 955 887 in
983 851 1033 888 VI
1054 852 1174 888 Ethic.
1199 851 1219 873 '¹‘
1248 852 1296 888 ad
1330 859 1454 888 osten-

385 902 553 939 dendum
575 903 679 950 quod
700 904 867 951 eubulia,
889 916 988 952 quae
1010 913 1066 942 est
1087 905 1186 942 bene
1207 904 1454 951 consiliativa,
1481 905 1483 928 ³

384 967 461 991 non
492 963 547 992 est
575 956 788 1003 eustochia‚
819 957 924 994 cuius
953 958 1034 995 laus
1064 966 1118 995 est
1146 958 1183 995 in
1211 958 1337 995 veloci
1366 970 1455 994 con-

1510 481 1594 517 leat.
1612 482 1661 517 Et
1676 483 1910 531 quandoque
1926 483 2138 520 necessaria
2154 489 2247 521 est⁸z
2269 486 2424 534 quando
2440 486 2581 524 scilicet

1482 533 1484 577 Ῐ
1512 545 1555 569 ex
1583 534 1796 582 improviso
1821 537 1983 573 occurrit
2012 536 2152 584 aliquid
2180 538 2384 585 agendum.
2415 540 2464 576 Et
2491 539 2578 576 ideo

1510 587 1663 623 solertia
1692 590 1965 626 convenienter
1992 590 2146 638 ponitur
2173 602 2261 638 pars
2289 592 2524 639 prudentiae.

1562 642 1621 676 Ab
1649 652 1810 679 TERTmM
1838 654 2023 680 DmENDUM
2043 643 2148 691 quod
2175 644 2363 680 rhetorica
2383 645 2496 682 etiam
2521 658 2579 682 ra-

1509 693 1742 731 tiocinatur‘
1771 695 1869 732 circa
1897 696 2118 745 operabilia.
2148 696 2260 733 Unde
2285 697 2377 734 nihil
2402 698 2580 746 prohibet

1507 745 1609 782 idern
1629 747 1678 783 ad
1703 748 1932 785 rhetoricam
1963 756 1999 786 et
2026 749 2271 799 prudentiam
2300 750 2501 799 pertinere.
2531 753 2580 789 Et

1508 806 1638 836 tamen
1654 801 1925 838 coniecturatio
1945 802 2007 839 hic
2027 815 2106 839 non
2125 803 2287 839 sumitur
2301 804 2426 840 solum
2444 816 2578 841 secun-

1509 852 1601 889 dum
1623 855 1726 902 quod
1755 855 1917 903 pertinet
1936 856 1986 892 ad
2007 856 2243 893 coniecturas
2262 856 2400 904 quibus
2423 863 2580 894 utuntur

1510 906 1701 943 rhetores:
1732 908 1799 945 sed
1829 910 2043 946 secundum
2072 909 2176 958 quod
2206 909 2243 946 in
2267 910 2578 958 quibuscumque

1511 959 1646 996 dicitur
1673 961 1794 998 homo
1824 962 2011 999 coniicere
2038 962 2251 1000 veritatem.

438 1087 462 1120 β)
482 1089 613 1114 convenit.
631 1103 650 1109 -
667 1089 794 1122 congruit
813 1090 859 1114 Pa.

436 1125 462 1157 γ)
482 1124 597 1156 aliquos.
615 1139 635 1143 —
652 1125 734 1150 alicui
758 1126 855 1150 addunt
874 1126 925 1155 Pa;
949 1133 997 1158 pro
1019 1126 1203 1155 coniecturat,
1228 1126 1362 1151 coniectat
1385 1127 1452 1151 AEF

384 1160 439 1188 Ian,
459 1160 668 1185 coniecturando
682 1163 766 1192 putat
783 1161 836 1190 Pa,·
855 1169 902 1193 pro
922 1168 984 1190 esse,
1005 1161 1086 1188 fuisse
1105 1162 1134 1186 Ρ.

436 1194 460 1227 δ)
481 1202 582 1220 veram.
600 1209 619 1215 -
638 1203 717 1221 unam
738 1196 1042 1221 PABCEF'GHIKLKna.

1561 1091 1582 1123 ε)
1603 1095 1650 1116 est.
1669 1105 1687 1110 -
1705 1092 1740 1116 sit
1759 1092 1829 1116 PDR.
1847 1105 1866 1112 -
1884 1092 1935 1117 Pro
1954 1093 2098 1126 agendum,
2118 1094 2156 1118 ad
2172 1093 2308 1127 agendum
2328 1094 2381 1118 ΡΙ).

1559 1126 1585 1158 ζ)
1605 1127 1686 1151 etiam
1702 1127 1890 1152 ratiocinatur.
1908 1141 1928 1147 -
1946 1128 2026 1152 etiam
2047 1129 2084 1160 (et
2102 1129 2134 1161 E)
2154 1129 2335 1154 ratiocinatur
2347 1129 2429 1154 etiam
2448 1129 2579 1162 ABEF‘px

1508 1168 1533 1187 et
1551 1170 1578 1193 x,
1598 1162 1780 1187 ratiocinatur
1798 1162 1878 1187 etiam
1899 1162 1955 1188 CH.

1059 1274 1396 1308 Commenta-ia.
1419 1275 1673 1309 Cardinalis
1696 1275 1899 1309 Caietam·

387 1365 433 1427 IN
457 1353 590 1384 articulo
608 1361 721 1394 quarto
738 1355 864 1385 adverte
881 1355 971 1395 quod
987 1355 1152 1386 eustochia
1175 1355 1352 1396 plurimum
1373 1366 1448 1387 con-

1500 1357 1622 1388 litatem
1645 1363 1839 1397 aspernetur.
1865 1357 1971 1388 Habet
1994 1357 2079 1388 enim
2103 1358 2243 1389 multum
2267 1358 2399 1399 periculi
2417 1368 2579 1389 annexum

415 1398 473 1428 fert
496 1398 682 1438 prudentiae
707 1399 732 1429 si
752 1399 885 1430 comites
909 1399 1023 1430 habeat
1047 1400 1122 1430 alias
1141 1406 1254 1439 partes,
1280 1401 1448 1441 praecipue
1502 1401 1666 1432 eustochia
1681 1408 1812 1442 propter
1826 1401 1926 1442 ipsius
1942 1401 2172 1433 excellentiam:
2193 1402 2377 1442 praesertim
2394 1403 2448 1433 ubi
2472 1402 2579 1443 plures

384 1442 702 1482 circumspectionem
718 1451 748 1474 et
764 1444 960 1480 cautionem;
982 1454 1039 1475 nec
1056 1445 1099 1474 ita
1114 1444 1173 1475 sibi
1190 1445 1295 1475 credat
1311 1451 1347 1476 ut
1363 1445 1449 1476 doci-

1504 1455 1668 1476 successus
1691 1456 1862 1486 prosperos
1885 1445 2005 1477 habuit.

1172 1599 1492 1641 ARTICULUS
1523 1600 1781 1652 QUINTUS

940 1692 1097 1722 UTRUM
1120 1692 1256 1723 RAT1o
1279 1693 1453 1724 DEBEAT
1477 1693 1578 1724 PONI
1603 1694 1709 1725 PARS
1733 1694 2012 1725 PRUDENTIAE

1388 1771 1438 1802 Qu.
1462 1772 1580 1804 praeced.

411 1858 474 1901 ἢῆ»
495 1860 569 1908 213<
595 1854 618 1878 D
638 1844 801 1884 QUlN'TUM
821 1853 874 1878 Sic
895 1853 1135 1890 PROCEmTUR.
1165 1843 1326 1880 Videtur
1345 1843 1451 1891 quod

407 1875 563 1953 ῖςέῑᾼξέἣ
596 1895 691 1932 ratio
722 1907 800 1932 non
820 1895 959 1932 debeat
983 1896 1076 1944 poni
1103 1909 1192 1945 pars
1211 1897 1450 1945 prudentiae.

399 1930 562 2008 2(va
577 1945 583 1951 “
597 1949 823 1985 Subiectum
841 1949 943 1985 enim
965 1949 1172 1986 accidentis
1193 1962 1271 1986 non
1291 1958 1346 1987 est
1365 1962 1453 1998 pars

438 1977 529 2032 §⁴³⁴⁰
551 1993 690 2039 Keius.
721 2003 797 2039 Sed
822 2002 1025 2051 prudentia
1050 2003 1162 2040 estin
1184 2003 1329 2040 ratione
1356 2003 1454 2040 sicut

382 2055 420 2091 in
449 2054 634 2102 subiecto,
665 2063 706 2092 ut
734 2055 870 2093 dicitur
897 2055 935 2092 in
956 2056 1007 2093 VI
1026 2057 1146 2094 Ethic.
1168 2056 1188 2078 '¹‘
1223 2058 1326 2105 Ergo
1356 2057 1451 2093 ratio

382 2120 461 2145 non
490 2108 604 2145 debet
632 2109 725 2157 poni
754 2121 843 2158 pars
871 2109 1112 2157 prudentiae.

438 2173 472 2198 2.
494 2162 727 2208 PRAETEREA,
758 2162 848 2199 illud
869 2162 975 2211 quod
1005 2170 1061 2199 est
1089 2162 1217 2200 multis
1244 2175 1453 2200 commune

382 2227 460 2251 non
482 2214 596 2251 debet
624 2215 783 2252 alicuius
805 2228 940 2252 eorum
969 2216 1062 2265 poni
1090 2228 1199 2265 pars:
1228 2217 1302 2264 vel,
1333 2217 1363 2253 si
1383 2229 1453 2265 po-

382 2276 511 2316 natur,
541 2269 656 2306 debet
683 2269 777 2318 poni
804 2282 892 2318 pars
925 2269 1006 2306 eius
1041 2269 1101 2306 cui
1134 2269 1332 2318 potissime
1363 2282 1453 2306 con-

381 2321 498 2358 venit.
529 2322 641 2359 Ratio
662 2330 790 2359 autem
809 2323 1025 2359 necessaria
1046 2330 1101 2359 est
1120 2322 1159 2359 in
1179 2323 1359 2360 omnibus
1378 2322 1453 2359 vir-

383 2374 526 2411 tutibus
554 2375 891 2412 intellectualibus:
923 2383 958 2412 et
976 2375 1182 2425 praecipue
1211 2376 1249 2413 in
1268 2376 1453 2425 sapientia

384 2436 422 2464 et
449 2427 617 2475 scientia,
649 2441 748 2477 quae
776 2436 933 2466 utuntur
962 2429 1108 2466 ratione
1138 2429 1451 2466 demonstrativa.

385 2482 488 2528 Ergo
519 2482 614 2518 ratio
643 2494 723 2519 non
753 2482 867 2519 debet
903 2482 996 2531 poni
1033 2494 1122 2531 pars
1150 2482 1389 2530 prudentiae.

440 2536 474 2572 3.
501 2535 735 2579 PRAETEREA,
766 2535 861 2571 ratio
892 2548 969 2572 non
999 2535 1125 2572 differt
1152 2548 1220 2584 per
1247 2536 1450 2572 essentiam

383 2588 576 2636 potentiae
609 2589 657 2625 ab
687 2589 892 2634 intellectu,
931 2597 973 2625 ut
1000 2589 1104 2637 prius
1123 2588 1143 2610 ’¹‘
1175 2589 1348 2626 habitum
1384 2597 1450 2626 est.

385 2641 424 2678 Si
454 2653 543 2689 ergo
577 2642 786 2679 intellectus
820 2642 974 2690 ponitur
1002 2654 1090 2690 pars
1119 2642 1361 2691 prudentiae,
1392 2655 1453 2679 su-

384 2694 576 2740 perfluum
605 2695 673 2732 fuit
701 2695 842 2732 addere
872 2696 1072 2732 rationem.

440 2748 515 2784 SED
535 2760 682 2785 CONTRA
710 2761 777 2785 EST
797 2749 901 2797 quod
931 2749 1152 2786 Macrobius
1170 2748 1206 2794 ’¹‘,
1237 2749 1449 2786 secundum

386 2802 613 2838 sententiam
634 2802 786 2848 Plotini,
808 2802 993 2839 rationem
1015 2810 1194 2839 numerat
1211 2802 1309 2839 inter
1327 2810 1452 2850 partes

386 2855 622 2903 prudentiae.

440 2909 668 2945 Respormsso
703 2920 889 2946 mCENDUM
918 2908 1023 2957 quod
1062 2920 1154 2957 opus
1177 2909 1373 2956 prudentis
1401 2914 1456 2945 est

386 2972 464 2997 esse
492 2962 584 2998 bene
611 2963 899 3008 consiliativum,
927 2970 969 2999 ut
997 2962 1133 2999 dicitur
1161 2961 1199 2998 in
1217 2961 1268 2998 VI
1292 2962 1412 2998 Ethic.
1433 2961 1454 2983 '¹‘

389 3014 600 3051 Consilium
630 3022 758 3052 autem
789 3023 844 3052 est
872 3015 1062 3064 inquisitio
1082 3015 1273 3064 quaedam
1303 3027 1349 3051 ex
1373 3014 1454 3063 qui-

387 3068 552 3115 busdam
580 3068 629 3104 ad
657 3068 729 3105 alia
758 3069 982 3117 procedens.
1015 3069 1100 3106 Hoc
1122 3076 1251 3105 autem
1271 3075 1328 3105 est
1356 3080 1455 3117 opus

388 3120 554 3158 rationis.
602 3121 714 3158 Unde
743 3122 791 3159 ad
828 3122 1069 3170 prudentiam
1107 3121 1365 3159 necessarium
1400 3129 1455 3158 est

388 3174 495 3222 quod
523 3175 643 3211 horno
673 3174 718 3211 sit
747 3175 844 3212 bene
875 3175 1174 3212 ratiocinativus.
1215 3175 1264 3212 Et
1292 3174 1382 3223 quia
1411 3187 1455 3211 ea

389 3239 489 3275 quae
518 3227 717 3276 exiguntur
751 3228 799 3265 ad
827 3228 1103 3277 perfectionem
1140 3227 1366 3277 prudentiae
1401 3227 1456 3267 di-

389 3289 525 3318 cuntur
545 3281 744 3329 exigitivae
763 3282 824 3318 vel
841 3287 858 3303 ²
877 3281 986 3330 quasi
1005 3282 1203 3329 integrales
1222 3288 1347 3330 partes
1365 3292 1455 3329 pru-

390 3334 550 3380 dentiae,
568 3334 656 3371 inde
672 3342 727 3371 est
742 3334 849 3382 quod
864 3335 958 3372 ratio
974 3334 1069 3372 inter
1084 3343 1210 3384 partes
1229 3333 1454 3383 prudentiae

391 3387 656 3424 connumerari
686 3387 811 3425 debet.

444 3506 471 3538 α)
491 3506 639 3540 exigitivae
658 3507 706 3532 vel.
725 3520 744 3525 —
763 3506 824 3531 Om.
845 3506 890 3531 Ρα.

1559 1845 1617 1880 AD
1643 1855 1781 1881 prunum
1810 1855 1909 1881 ERGO
1938 1856 2125 1881 DICENDUM
2149 1844 2256 1892 quod
2285 1844 2380 1881 ratio
2409 1857 2488 1881 non
2517 1856 2578 1881 su—

1506 1897 1622 1933 mitur
1640 1897 1702 1934 hic
1719 1910 1790 1946 pro
1811 1897 1894 1946 ipsa
1913 1897 2084 1946 potentia
2108 1897 2282 1945 rationis,
2313 1897 2381 1934 sed
2403 1908 2475 1947 pro
2496 1897 2577 1936 eius
2611 1940 2626 1946 ..

1506 1950 1612 1987 bono
1636 1961 1728 1988 usu.

1559 2005 1618 2040 AD
1645 2015 1837 2041 SECUNDUM
1866 2015 2052 2041 memnon
2081 2003 2188 2053 quod
2213 2003 2398 2041 certitudo
2419 2003 2576 2041 rationis

1507 2064 1562 2093 est
1591 2069 1636 2094 ex
1665 2057 1878 2104 intellectu,
1909 2058 1977 2095 sed
2014 2057 2220 2094 necessitas
2256 2056 2412 2094 rationis
2447 2065 2503 2094 est
2531 2068 2576 2094 ex

1507 2110 1656 2151 defectu
1684 2110 1915 2148 intellectus:
1946 2111 2006 2147 illa
2036 2110 2137 2148 enim
2165 2110 2204 2147 in
2228 2109 2366 2158 quibus
2384 2109 2443 2147 vis
2470 2110 2577 2147 intel-

1506 2164 1644 2201 lectiva
1676 2164 1844 2213 plenarie
1872 2164 1974 2212 viget
2011 2164 2156 2201 ratione
2185 2175 2264 2200 non
2291 2163 2477 2211 indigent,
2507 2163 2576 2200 sed

1507 2229 1578 2253 suo
1616 2217 1777 2266 simplici
1815 2217 1950 2254 intuitu
1987 2217 2189 2254 veritatem
2230 2217 2574 2265 comprehendunt,

1507 2269 1603 2306 sicut
1630 2271 1738 2307 Deus
1775 2277 1812 2306 et
1839 2270 1960 2318 angeli
1979 2269 2010 2306 ⁹¹⁸.
2045 2269 2291 2307 Particularia
2325 2277 2454 2306 autern
2484 2281 2575 2318 ope·
2603 2280 2612 2289 ”

1495 2323 1650 2371 rabilia,
1673 2323 1709 2360 in
1731 2323 1869 2372 quibus
1889 2323 2091 2372 prudentia
2112 2322 2244 2370 dirigit,
2266 2322 2450 2360 recedunt
2467 2335 2576 2371 prae-

1506 2376 1615 2424 cipue
1631 2377 1679 2413 ab
1696 2376 1986 2424 intelligibilium
2008 2375 2246 2413 conditione:
2274 2383 2310 2412 et
2328 2383 2433 2413 tanto
2454 2376 2575 2424 magis

1505 2437 1650 2478 quanto
1689 2429 1814 2466 minus
1843 2437 1930 2466 sunt
1969 2437 2071 2466 certa
2103 2441 2170 2466 seu
2205 2429 2468 2467 determinata.
2515 2429 2574 2467 Ea

1507 2482 1609 2519 enim
1639 2494 1738 2531 quae
1766 2490 1854 2519 sunt
1872 2482 1973 2529 artis,
2003 2483 2090 2520 lieet
2117 2483 2190 2520 sint
2210 2482 2424 2531 singularia,
2444 2489 2574 2520 tamen

1506 2543 1593 2572 sunt
1611 2536 1733 2584 magis
1754 2536 2005 2573 determinata
2026 2544 2063 2573 et
2082 2544 2202 2573 certa:
2221 2535 2326 2573 unde
2345 2535 2384 2573 in
2402 2535 2574 2585 pluribus

1507 2601 1643 2626 eorum
1672 2602 1752 2626 non
1781 2597 1836 2625 est
1865 2589 2079 2634 consilium,
2111 2597 2268 2638 propter
2295 2588 2572 2636 certitudinem,

1506 2650 1548 2678 ut
1577 2642 1711 2679 dicitur
1739 2643 1776 2679 in
1798 2643 1846 2679 llI
1866 2643 1986 2679 Ethic.
2007 2642 2027 2665 *
2055 2643 2104 2679 Et
2123 2643 2210 2680 ideo
2230 2642 2407 2692 quamvis
2433 2642 2471 2679 in
2492 2642 2574 2691 qui-

1506 2696 1670 2733 busdam
1698 2696 1778 2732 aliis
1797 2696 1998 2732 virtutibus
2027 2696 2342 2733 intellectualibus
2367 2696 2412 2732 sit
2436 2696 2575 2733 certior

1507 2749 1601 2786 ratio
1641 2761 1758 2797 quam
1796 2749 2018 2797 prudentia,
2060 2757 2190 2786 tamen
2233 2749 2281 2786 ad
2328 2749 2572 2797 prudentiam

1506 2801 1674 2839 maxime
1712 2802 1913 2850 requiritur
1949 2802 2055 2850 quod
2088 2802 2134 2839 sit
2164 2803 2285 2839 homo
2328 2803 2427 2839 bene
2459 2802 2572 2839 ratio-

1507 2855 1710 2901 cinativus,
1745 2862 1787 2891 ut
1824 2854 1943 2903 possit
1980 2855 2078 2892 bene
2117 2855 2306 2904 applicare
2343 2855 2573 2893 universalia

1506 2908 1691 2957 principia
1738 2908 1787 2945 ad
1824 2908 2084 2957 particularia,
2123 2915 2222 2957 quae
2260 2916 2348 2945 sunt
2388 2908 2495 2945 varia
2537 2916 2575 2946 et

1508 2962 1660 2999 incerta.

1560 3018 1619 3052 An
1637 3022 1808 3051 ’TERTmM
1841 3026 2026 3052 nicENDUM
2056 3015 2161 3063 quod
2191 3014 2259 3051 etsi
2296 3014 2508 3052 intellectus
2538 3022 2574 3052 et

1507 3068 1602 3105 ratio
1632 3079 1710 3104 non
1743 3075 1831 3104 sunt
1863 3067 2036 3105 diversae
2065 3067 2257 3116 potentiae
2275 3067 2307 3113 *‚
2345 3075 2476 3104 tamen
2509 3067 2574 3105 de-

1508 3121 1757 3158 nominantur
1776 3133 1820 3158 ex
1841 3121 2001 3158 diversis
2025 3121 2188 3158 actibus:
2224 3133 2366 3158 nornen
2391 3121 2493 3158 enim
2517 3120 2573 3158 in-

1506 3175 1676 3212 tellectus
1696 3174 1858 3211 sumitur
1877 3175 1924 3211 ab
1945 3174 2078 3211 intima
2101 3174 2364 3223 penetratione
2383 3173 2571 3221 veritatis;

1508 3240 1652 3265 nomen
1676 3235 1804 3264 autem
1828 3227 1984 3265 rationis
2003 3228 2051 3265 ab
2071 3227 2311 3276 inquisitione
2333 3235 2369 3264 et
2388 3227 2571 3265 discursu.

1509 3282 1557 3318 Et
1585 3281 1672 3318 ideo
1706 3289 1913 3330 utrumque
1947 3281 2102 3330 ponitur
2130 3293 2217 3330 pars
2252 3280 2494 3330 prudentiae,
2531 3288 2575 3318 ut

1509 3346 1554 3371 ex
1583 3334 1689 3371 dictis
1708 3334 1728 3356 '¹‘
1756 3341 1870 3383 patet.

2600 2652 2760 2702 §.efflat
2770 2653 2812 2702 ἓῐῐ.

2601 3079 2611 3088 ·
2624 3077 2655 3100 n.
2668 3077 2737 3113 10⁸4.

2604 3335 2613 3344 ⁸
2634 3333 2679 3355 Hic
2697 3337 2719 3355 et
2735 3338 2776 3354 nrt.
2791 3339 2811 3355 2.

2887 2431 2892 2449 ι.
2884 2195 2892 2420 ..ε-..ψ-ιμ-...Α
2891 2166 2892 2170 Α
