2892 4056
435 209 484 245 70

434 277 542 306 lumen
579 275 654 305 doni
690 275 865 305 intellectus
901 274 960 303 hoc
997 279 1188 312 assequatur.
1222 272 1355 311 Signum
1389 279 1494 302 autem

435 320 529 350 huius
554 326 598 350 est
615 319 703 359 quod
726 318 803 348 fides
824 318 957 347 formata
981 326 1046 345 non
1071 314 1170 345 differt
1193 316 1231 345 ab
1254 315 1384 346 informi
1400 325 1496 355 penes

435 364 465 393 id
490 363 578 404 quod
603 373 634 392 se
657 369 742 392 tenet
765 371 801 391 ex
825 367 911 401 parte
937 360 1128 394 intellectus,
1157 359 1211 389 sed
1234 359 1416 390 voluntatis.
1451 360 1496 389 Ex

435 408 497 437 hoc
521 407 615 442 enim,
640 405 856 435 subsumendo
881 401 969 443 quod
991 402 1068 432 fides
1087 402 1232 432 informis
1257 409 1339 432 caret
1362 403 1416 432 tali
1437 402 1496 433 exi-

435 450 635 485 stimatione,
668 456 697 479 et
727 448 796 479 talis
829 446 1015 477 existimatio
1049 446 1088 475 ad
1120 446 1316 476 intellectum
1343 446 1495 486 pertinet,

434 494 591 527 videbitur
609 493 697 533 quod
721 501 859 531 congrue
883 490 969 520 aliud
992 490 1115 526 lumen,
1137 490 1254 520 scilicet
1276 489 1353 519 doni
1377 490 1496 520 intelle-

436 546 512 573 ctus,
539 537 672 567 additur.

491 582 527 611 II.
554 582 588 610 In
613 580 726 610 eodem
746 578 888 615 articulo,
906 578 937 606 in
958 577 1165 616 responsione
1182 578 1220 606 ad
1236 577 1422 613 secundum,
1441 577 1495 606 du—

434 626 523 655 bium
548 623 683 654 occurrit
706 631 771 662 quo
796 628 888 661 pacto
912 619 1087 651 verificatur
1110 621 1199 659 quod
1222 630 1331 651 omnes
1348 621 1497 651 habentes

423 669 526 709 fidem
555 667 740 707 intelligunt
762 675 800 695 ea
824 675 891 695 esse
914 664 1090 701 credenda,
1116 670 1146 694 et
1168 665 1253 704 quod
1276 665 1316 695 ab
1340 666 1384 695 eis
1409 665 1497 695 nullo

435 713 526 742 modo
543 716 588 741 est
602 710 804 740 deviandum.
833 709 990 739 Neutrum
1007 708 1091 738 enim
1109 708 1226 738 horum
1243 709 1280 739 ab
1297 708 1447 739 omnibus
1462 707 1497 738 fi-

434 756 555 786 delibus
572 753 768 793 intelligitur:
786 753 850 782 sive
865 753 903 782 de
920 752 1058 792 perfecto
1076 752 1140 782 sive
1154 752 1191 782 de
1208 751 1393 792 imperfecto
1409 752 1498 782 intel-

433 800 537 839 ligere,
554 798 639 828 iuxta
654 797 866 836 praecedentis
889 796 1008 827 articuli
1028 796 1046 813 θ’
1066 796 1310 833 distinctionem,
1328 796 1367 826 sit
1381 806 1495 826 sermo.

433 844 473 873 Et
489 843 526 872 de
549 841 688 882 perfecto
706 841 837 881 quidem
859 840 933 871 satis
958 846 1089 870 constat.
1114 841 1162 870 De
1185 840 1371 881 imperfecto
1391 847 1497 870 autem

433 887 599 926 probatur:
624 885 699 926 quia
715 895 781 915 non
798 894 909 915 omnes
926 883 1033 914 fideles
1053 884 1233 924 intelligunt
1246 884 1368 915 veritati
1385 894 1496 915 eorum

433 941 514 971 quae
526 936 599 960 sunt
612 928 685 959 fidei
701 938 766 959 non
783 928 962 960 contrariari
978 938 1013 959 ea
1029 938 1111 968 quae
1126 928 1316 959 extrinsecus
1328 935 1496 969 apparent;

434 975 487 1005 sed
512 974 572 1004 hoc
597 973 823 1012 theologorum
846 972 987 1003 fidelium
1011 972 1062 1002 vix
1086 979 1141 1003 est.

489 1018 538 1048 Ad
561 1018 624 1048 hoc
648 1017 761 1047 dicitur
784 1017 959 1057 dupliciter.
988 1016 1111 1052 Primo,
1137 1016 1226 1056 quod
1249 1016 1299 1047 hic
1323 1023 1369 1047 est
1392 1026 1496 1047 sermo

432 1061 472 1091 ‘'de
496 1061 668 1101 intelligere
684 1060 886 1101 imperfecto:
912 1067 942 1091 et
958 1060 1046 1101 quod
1065 1060 1127 1090 hoc
1144 1066 1190 1091 est
1206 1070 1378 1091 commune
1394 1060 1496 1090 omni·

433 1107 492 1136 bus
521 1105 709 1136 habentibus
737 1105 834 1135 fidem
858 1105 882 1134 si
907 1115 981 1134 sana
1011 1104 1266 1144 interpretatione
1297 1104 1495 1144 percipiatur.

433 1150 609 1190 Intelligere
630 1150 715 1180 enim
731 1160 813 1190 quae
829 1149 962 1179 exterius
977 1155 1130 1189 apparent
1144 1148 1217 1179 fidei
1233 1159 1299 1178 non
1316 1149 1495 1179 contrariari

434 1194 588 1233 contingit
617 1194 799 1234 dupliciter:
826 1193 943 1223 scilicet
975 1192 1126 1233 positive,
1159 1199 1189 1223 et
1217 1192 1369 1231 negative.
1403 1192 1496 1222 Tunc

434 1248 571 1279 namque
595 1238 731 1278 positiva
754 1237 966 1268 intellectione
998 1235 1220 1276 cognoscimus
1245 1235 1322 1265 nihil
1346 1245 1496 1275 apparen-

195 803 206 813 ”
219 804 270 824 Art.
286 810 305 824 2.

1131 194 1397 239 QUAESTIO
1426 195 1532 241 VIII,
1561 193 1857 229 ARTICULUS
1886 194 1919 229 V

1549 271 1629 302 tium
1653 270 1726 300 fidei
1751 269 1945 305 contrariari,
1970 271 2100 309 quando
2124 270 2314 308 intellectus,
2339 282 2393 312 per
2417 271 2610 312 positionem

1549 313 1785 355 penetrationis,
1806 320 1943 343 extrema
1967 313 2010 343 sic
2034 320 2196 353 comparat
2220 322 2255 345 ut
2277 322 2419 355 penetret
2442 315 2474 345 in
2499 316 2610 346 extrin-

1549 368 1621 388 seco
1646 364 1785 387 extremo
1810 357 1931 386 nullam
1955 366 2021 387 esse
2045 357 2297 388 contrarietatem
2319 360 2358 389 ad
2383 369 2418 389 ea
2437 369 2519 400 quae
2538 366 2612 390 sunt

1549 402 1632 432 fidei.
1666 401 1707 431 Et
1729 401 1791 431 hoc
1815 400 1994 431 attribuitur
2021 399 2094 431 fidei
2122 410 2180 441 pro
2210 409 2330 442 quanto
2362 403 2461 433 utitur
2483 403 2612 434 scientia

1551 452 1765 476 creaturarum
1797 451 1827 475 et
1854 444 2026 484 theologali
2059 444 2091 474 in
2120 454 2216 475 suum
2244 446 2454 486 obsequium:
2478 456 2536 477 nec
2567 454 2613 476 est

1550 498 1723 520 commune
1739 488 1899 518 omnibus.
1917 506 1938 511 -
1954 488 2048 519 Tunc
2064 496 2172 519 autem
2187 489 2329 528 negative
2344 490 2549 530 intelligimus
2566 490 2612 520 ni—

1551 533 1595 563 hil
1611 532 1832 572 apparentium
1848 532 2029 562 contrariari
2045 532 2166 562 veritati
2180 531 2263 569 fidei,
2280 533 2410 574 quando
2425 534 2611 570 intellectus,

1550 587 1605 617 per
1629 576 2011 616 negationem-obstaculi,
2030 586 2094 606 non
2119 576 2264 616 intelligit
2278 577 2399 618 aliquid
2422 577 2611 608 contrariari.

1550 621 1622 651 Hoc
1646 627 1752 650 autem
1776 630 1948 651 commune
1973 628 2018 651 est
2042 620 2130 650 omni
2154 619 2248 651 fideli.
2274 620 2314 650 Et
2337 621 2515 652 attribuitur
2529 620 2612 656 fidei,

1550 664 1626 705 quia
1650 674 1686 694 ex
1708 663 1781 694 fidei
1805 664 1892 694 dono
1916 664 1997 695 inest
2021 664 2148 694 cuilibet
2171 663 2256 693 fideli
2281 674 2345 694 non
2362 665 2468 695 solum
2484 675 2550 695 non
2567 666 2613 695 in-

1550 708 1688 748 telligere
1713 707 1832 748 aliquid
1855 708 2059 744 contrarium,
2076 709 2178 738 immo
2195 717 2252 738 nec
2276 708 2418 738 dubitare
2441 709 2481 739 de
2505 709 2612 750 aliquo

1551 752 1725 783 contrario:
1751 751 1867 782 dubius
1884 752 1970 782 enim
1992 752 2023 782 in
2048 751 2110 782 fide
2134 751 2278 787 infidelis,
2296 762 2361 782 non
2378 751 2478 782 fidelis
2494 760 2549 784 est.
2574 753 2614 783 Et

1551 797 1612 827 hoc
1635 796 1735 826 modo
1758 795 1934 827 verificatur
1957 796 2034 827 haec
2055 796 2169 827 littera.

1606 840 1753 871 Secundo
1767 839 1879 870 dicitur
1890 840 1979 880 quod
1990 843 2111 871 Auctor
2126 840 2269 880 loquitur
2286 840 2323 870 de
2338 839 2510 878 intelligere
2526 840 2615 879 quod

1551 891 1597 914 est
1620 890 1707 915 actus
1738 883 1913 914 intellectus
1942 884 2033 920 doni,
2058 885 2148 925 quod
2170 884 2202 914 in
2226 890 2308 914 recta
2335 883 2553 914 aestimatione
2576 884 2615 915 de

1549 927 1612 958 fine
1627 938 1682 968 per
1697 928 1856 958 caritatem
1872 927 1979 958 habito
1997 928 2149 959 consistit.
2171 927 2306 959 Constat
2319 927 2405 958 enim
2420 928 2520 967 quod,
2535 927 2616 957 sicut

1550 972 1695 1012 intelligit
1722 972 1827 1002 Deum
1853 979 1888 1002 ut
1910 971 2008 1002 finem
2031 979 2062 1003 et
2084 972 2245 1004 obiectum
2273 970 2475 1002 beatitudinis
2498 971 2616 1011 patriae

1550 1017 1821 1057 prosequendum,
1837 1015 1880 1046 ita
1896 1015 2061 1056 proposita
2083 1016 2116 1046 in
2139 1015 2200 1047 fide
2217 1026 2284 1047 esse
2300 1015 2464 1053 credenda,
2481 1021 2513 1046 et
2526 1015 2615 1056 quod

1550 1061 1588 1090 ab
1601 1060 1650 1090 his
1666 1070 1733 1090 non
1747 1067 1792 1090 est
1804 1059 2025 1091 recedendum.
2041 1060 2132 1091 Unde
2142 1060 2337 1096 Valerianus,
2349 1059 2505 1090 Caeciliae
2520 1069 2616 1099 spon-

1551 1114 1614 1140 sus,
1625 1104 1835 1144 interrogatus
1849 1104 1876 1134 si
1891 1104 1969 1134 haec
1986 1104 2132 1141 crederet,
2146 1103 2237 1134 dixit:
2256 1104 2346 1134 Nihil
2360 1108 2407 1134 est
2421 1103 2506 1144 quod
2514 1105 2617 1143 possit

1551 1149 1658 1179 verius
1681 1148 1768 1179 credi
1784 1148 1809 1178 ²¹².
1833 1147 1896 1178 Sed
1918 1148 1981 1178 hoc
2003 1158 2069 1178 non
2087 1155 2133 1179 est
2154 1157 2328 1180 commune
2352 1148 2502 1181 omnibus
2517 1147 2616 1181 fideri—

1549 1192 1623 1227 bus,
1649 1192 1703 1221 sed
1733 1199 1858 1222 tantum
1888 1191 2077 1222 habentibus
2107 1191 2204 1222 fidem
2228 1192 2411 1228 formatam,
2437 1192 2476 1225 de
2499 1192 2617 1232 quibus

1552 1235 1627 1265 solis
1651 1242 1698 1264 est
1721 1235 1870 1265 articulus
1894 1235 1961 1266 iste.

1224 1403 1553 1446 ARTicous.
1573 1403 1830 1455 QUINTUS
2444 1389 2446 1391 ’
2563 1427 2566 1444 .

611 1493 767 1524 UTRUM
791 1491 948 1522 DONUM
972 1491 1274 1522 INTELLECTUS
1293 1490 1795 1567 ΙΟἏἊξΓἯῧΤὲῙΕΟξΞΕῗέᾹΜΙΝ
1821 1490 1912 1522 NON
1937 1489 2212 1521 HABENTIBUS
2236 1489 2435 1545 §RATIAM

482 1632 526 1664 ‘3⁸'
552 1637 620 1679 aa«
645 1628 668 1653 D
688 1626 851 1657 QumruM
870 1626 923 1651 s1c
943 1626 1183 1657 Paocamrua.
1213 1614 1372 1652 Videtur
1392 1615 1497 1664 quod

563 1656 624 1717 {³3
644 1668 852 1705 intellectus
891 1667 1038 1704 donum
1070 1667 1285 1704 inveniatur
1317 1668 1430 1704 etiam
1459 1667 1497 1704 in

451 1755 473 1778 p,
497 1760 525 1777 ·‚
547 1740 565 1775 χ’,
583 1705 614 1760 ’ἃ
646 1732 724 1757 non
751 1720 980 1757 habentibus
1008 1720 1166 1768 gratiam
1193 1728 1341 1768 gratum
1361 1720 1497 1757 facien-

487 1792 489 1798 ι
524 1764 734 1813 1'»¹Rtem.
768 1773 1001 1820 Augustinus
1020 1773 1122 1809 enim
1139 1772 1170 1819 ²¹⁶,
1192 1785 1389 1821 exponens
1406 1773 1497 1810 illud

433 1828 593 1873 Psalm.,
628 1826 850 1874 Concupivit
878 1827 1008 1863 anima
1036 1837 1120 1862 mea
1153 1826 1366 1863 desiderare
1400 1826 1497 1862 iusti-

421 1881 624 1928 ficationes
643 1885 737 1924 tuas,
759 1878 847 1915 dicit
866 1879 972 1927 quod
985 1878 1188 1927 praevolat
1211 1879 1425 1924 intellectus,
1445 1891 1500 1915 se-

290 1950 307 1966 α
432 1933 560 1982 quitur
574 1932 703 1969 tardus
721 1937 788 1968 aut
805 1932 927 1970 nullus
946 1932 1102 1981 affectus
1118 1937 1146 1968 α.
1169 1932 1246 1969 Sed
1259 1932 1298 1969 in
1321 1932 1499 1969 omnibus

433 1985 662 2023 habentibus
690 1984 849 2032 gratiam
878 1992 1026 2033 gratum
1055 1984 1257 2022 facientem
1287 1993 1343 2022 est
1370 1997 1500 2034 prom-

433 2048 521 2088 ptus
550 2038 720 2085 affectus,
740 2045 896 2086 propter
921 2038 1126 2075 caritatem.
1157 2038 1258 2086 Ergo
1279 2038 1426 2080 donum
1445 2038 1500 2075 in—

435 2093 603 2129 tellectus
622 2098 748 2140 potest
763 2103 844 2127 esse
864 2091 903 2128 in
921 2091 979 2128 his
999 2091 1064 2140 qui
1083 2103 1163 2127 non
1181 2091 1324 2128 habent
1341 2091 1498 2139 gratiam

435 2153 583 2193 gratum
613 2140 826 2180 facientem.

491 2210 526 2234 2.
547 2198 781 2244 PRAETEREA,
801 2196 970 2233 Danielis
989 2209 1011 2233 x
1031 2197 1051 2217 Ψ·
1079 2197 1214 2234 dicitur
1237 2198 1342 2245 quod
1371 2197 1500 2234 intelli-

435 2251 563 2300 gentia
582 2261 675 2298 opus
703 2255 758 2286 est
783 2250 820 2286 in
840 2250 983 2292 visione
1001 2250 1239 2299 prophetica:
1271 2257 1307 2286 et
1324 2250 1376 2286 ita
1394 2250 1500 2287 vide-

436 2312 496 2341 tur
523 2303 629 2352 quod
653 2302 853 2351 prophetia
872 2315 952 2340 non
972 2302 1018 2339 sit
1036 2302 1118 2339 sine
1147 2302 1251 2339 dono
1279 2303 1499 2340 intellectus.

195 1789 203 1797 ·
214 1787 302 1809 Enarr.
321 1787 344 1808 iu
366 1787 403 1807 Ps.

195 1819 404 1839 cxv111.serm.v¹11‚

195 1840 222 1862 ad
237 1846 298 1862 vers.
312 1846 348 1861 20.

197 2205 208 2216 ⁴
222 2205 288 2226 Vers.
305 2211 320 2226 ι.

438 2357 516 2394 Sed
544 2355 744 2405 prophetia
772 2363 897 2404 potest
925 2368 1007 2393 esse
1036 2355 1116 2392 sine
1145 2355 1262 2403 gratia
1281 2363 1430 2404 gratum
1450 2357 1502 2393 fa-

438 2410 580 2446 ciente:
601 2416 641 2445 ut
660 2416 763 2457 patet
781 2409 915 2445 Matth.
930 2408 1025 2455 VII-²³⁸,
1045 2408 1111 2445 ubi
1130 2408 1354 2455 dicentibus,
1369 2410 1416 2446 In
1437 2421 1502 2446 no-

438 2463 539 2500 mine
566 2467 628 2498 tuo
651 2461 970 2510 prophetavimus,
995 2461 1261 2510 respondetur:
1290 2462 1501 2510 Nunquam

438 2516 528 2552 novi
544 2526 622 2551 vos.
654 2515 755 2562 Ergo
777 2514 923 2551 donum
943 2514 1152 2551 intellectus
1172 2521 1298 2563 potest
1317 2527 1400 2551 esse
1420 2515 1501 2552 sine

439 2568 554 2616 gratia
582 2575 730 2615 gratum
759 2567 929 2604 faciente.

494 2622 527 2658 3.
549 2621 784 2666 PRAETEREA,
806 2621 950 2656 donum
976 2619 1185 2656 intellectus
1205 2620 1411 2668 respondet
1428 2620 1502 2657 vir-

439 2674 506 2710 tuti
535 2672 644 2711 fidei:
675 2673 887 2710 secundum
908 2672 998 2709 illud
1019 2673 1136 2708 Isaiae
1155 2685 1203 2709 vn
1223 2672 1260 2718 ²³²,
1290 2673 1502 2710 secundum

440 2727 551 2764 aliam
571 2726 731 2763 litteram
752 2725 792 2761 *ε
821 2726 910 2763 Nisi
926 2725 1166 2771 credideritis,
1187 2737 1262 2762 non
1283 2725 1501 2775 intelligetis.

441 2780 518 2816 Sed
547 2779 643 2816 fides
670 2786 795 2827 potest
815 2791 896 2815 esse
917 2778 996 2814 sine
1017 2778 1134 2825 gratia
1153 2785 1301 2826 gratum
1330 2778 1501 2815 faciente.

441 2833 543 2879 Ergo
574 2831 687 2868 etiarn
717 2831 863 2868 donum
891 2831 1112 2868 intellectus.

497 2885 570 2921 SED
590 2896 735 2921 CONTRA
755 2896 820 2921 EST
840 2884 945 2933 quod
965 2883 1156 2920 Dominus
1177 2883 1275 2930 dicit,
1297 2885 1401 2924 Ioan.
1417 2883 1502 2920 v1*:

301 2943 316 2976 β
446 2938 575 2974 Omnis
594 2938 659 2985 qui
676 2938 818 2974 audivit
831 2936 846 2967 β
865 2949 888 2974 a
904 2938 1016 2974 Patre
1035 2942 1070 2973 et
1088 2936 1224 2982 didicit,
1244 2937 1347 2973 venit
1363 2937 1415 2973 ad
1431 2948 1503 2973 me.

443 2990 521 3027 Sed
548 3002 618 3038 per
645 2990 874 3027 intellectum
900 2989 1028 3027 audita
1057 2989 1289 3026 addiscimus
1307 2989 1369 3026 vel
1389 3000 1505 3037 pene-

442 3043 604 3079 tramus:
633 3050 674 3079 ut
701 3050 803 3091 patet
829 3055 899 3091 per
931 3042 1176 3089 Gregorium,
1207 3042 1245 3079 in
1274 3043 1287 3078 1
1317 3042 1461 3078 Moral.
1486 3041 1506 3063 '¹‘

443 3096 546 3143 Ergo
575 3095 807 3144 quicumque
841 3096 956 3132 habet
984 3095 1191 3131 intellectus
1219 3094 1366 3132 donum
1403 3095 1506 3131 venit

444 3148 494 3186 ad
522 3147 729 3185 Christum.
768 3148 885 3195 Quod
913 3160 991 3185 non
1021 3155 1075 3184 est
1104 3147 1183 3185 sine
1213 3147 1330 3195 gratia
1357 3154 1504 3196 gratum

444 3200 615 3238 faciente.
637 3201 739 3248 Ergo
760 3201 906 3238 donum
926 3201 1134 3238 intellectus
1154 3212 1232 3238 non
1253 3207 1309 3237 est
1327 3199 1407 3237 sine
1426 3212 1506 3248 gra-

444 3254 494 3291 tia
523 3260 671 3302 gratum
700 3253 871 3291 faciente.

198 2415 209 2425 ¹·
223 2414 290 2435 Vers.
305 2419 338 2441 22,
353 2419 386 2442 23.

202 2690 209 2698 ·
226 2688 292 2710 Vers.
304 2694 327 2716 9.

202 2740 412 2769 ·Septuag.1nterp.

203 2899 211 2906 ·
226 2895 293 2917 Vers.
304 2901 339 2923 45.

202 3054 214 3065 ¹·
228 3053 285 3080 Cap.
295 3057 370 3079 xxxii,
385 3052 415 3073 al.

204 3085 241 3100 xv.

498 3385 525 3416 α)
545 3384 642 3416 quod...
656 3383 775 3417 affectus.
793 3397 812 3402 -
831 3383 974 3408 Praevolat
987 3384 1134 3409 intellectus
1150 3387 1175 3408 et
1190 3384 1268 3409 tarde
1281 3383 1400 3415 sequitur
1414 3383 1507 3407 huma-

446 3427 494 3445 nus
512 3422 592 3452 atque
611 3419 731 3452 infirmus
749 3418 859 3452 affectus
878 3419 905 3443 Ρ.

500 3454 525 3486 β)
544 3454 658 3479 audivit.
675 3468 694 3473 -
711 3453 789 3482 audit
807 3454 908 3479 codices
928 3459 952 3478 et
971 3461 997 3479 a.

500 3491 527 3523 γ)
539 3490 632 3522 finem.
650 3489 764 3522 —fidem
785 3489 814 3514 Ρ.

1607 1615 1832 1651 ΒΕεΡοΝῡΕο
1853 1625 2036 1651 morannum
2059 1613 2177 1661 quod,
2194 1613 2289 1650 sicut
2308 1626 2423 1662 supra
2437 1613 2457 1636 ⁴²
2476 1614 2617 1656 dictum

1554 1674 1624 1714 est,
1655 1667 1757 1704 dona
1791 1666 1950 1715 Spiritus
1979 1667 2107 1704 Sancti
2134 1667 2335 1715 perficiunt
2362 1666 2532 1704 animam
2556 1679 2618 1706 ¹se»-

1555 1720 1724 1757 cundum
1753 1720 1858 1768 quod
1885 1727 1942 1756 est
1969 1720 2067 1756 bene
2091 1719 2242 1756 mobilis
2262 1732 2284 1756 a
2303 1720 2445 1768 Spiritu
2464 1720 2617 1762 Sancte.

1556 1772 1618 1809 Sic
1647 1784 1736 1820 ergo
1765 1772 2015 1809 intellectuale
2043 1772 2174 1809 lumen
2201 1772 2341 1820 gratiae
2369 1773 2524 1821 ponitur
2542 1773 2620 1815 dor

1555 1838 1648 1862 num
1684 1825 1914 1871 intellectus,
1947 1825 2172 1874 inquantum
2205 1825 2418 1862 intellectus
2453 1825 2620 1866 hominis

1556 1886 1611 1915 est
1648 1879 1747 1915 bene
1783 1878 1935 1915 mobilis
1968 1890 1990 1914 a
2025 1877 2166 1927 Spiritu
2201 1879 2354 1915 Sancto.
2394 1878 2518 1919 Huius
2554 1887 2620 1920 au÷

1555 1939 1634 1968 tem
1669 1938 1796 1968 motus
1825 1930 2079 1968 consideratio
2108 1931 2146 1968 in
2174 1931 2249 1968 hoc
2278 1938 2334 1968 est
2361 1930 2467 1979 quod
2493 1931 2617 1990 homo1

1554 1984 1818 2033 apprehendat
1843 1983 2045 2021 veritatem
2078 1984 2176 2021 circa
2212 1984 2332 2023 finem
2351 1989 2379 2020 Υ.
2409 1983 2619 2027 Unde-nisi

1554 2049 1676 2086 usque
1706 2037 1755 2074 ad
1782 2038 1857 2074 hoc
1885 2044 2089 2074 moveatur
2115 2049 2139 2074 a
2167 2036 2310 2085 Spiritu
2346 2037 2487 2074 Sancto
2514 2036 2621 2086 inteb-

1554 2092 1673 2128 lectus
1700 2091 1893 2127 humanus
1921 2097 1963 2127 ut
1991 2097 2133 2127 rectam
2153 2089 2456 2127 aestimationem
2476 2090 2525 2130 de
2535 2088 2619 2132 ,fine

1555 2144 1706 2190 habeat,
1723 2143 1896 2180 nondum
1916 2150 2110 2180 assecutus
2123 2140 2137 2164 δ
2157 2150 2214 2180 est
2229 2142 2376 2180 donum
2391 2141 2619 2190 intellectum

1557 2204 1910 2246 quantumcumque
1927 2207 1972 2232 ex
1987 2195 2231 2233 illustratione
2245 2194 2405 2244 Spiritus
2419 2195 2491 2232 alia
2506 2207 2621 2243 quaa-

1556 2250 1646 2287 dam
1665 2250 1915 2298 praeambula
1935 2256 2151 2296 cognoscat.
2181 2249 2342 2286 Rectam
2363 2255 2428 2286 aut
2446 2247 2621 2290 aestima·

1556 2303 1700 2340 tionem
1717 2302 1765 2339 de
1783 2302 1918 2339 ultimo
1938 2302 2016 2339 fine
2035 2313 2114 2339 non
2133 2302 2248 2338 habet
2267 2301 2338 2338 nisi
2355 2300 2417 2338 ille
2437 2300 2504 2349 qui
2523 2300 2622 2339 circa

1556 2356 1676 2393 finem
1695 2367 1774 2392 non
1794 2363 1903 2402 errat,
1924 2354 1992 2392 sed
2012 2354 2046 2391 ei
2065 2354 2224 2392 firmiter
2249 2354 2422 2390 inhaeret
2438 2360 2622 2402 tanquam

1557 2408 1715 2458 optimo.
1747 2408 1864 2455 Quod
1884 2415 1940 2444 est
1958 2408 2084 2444 solum
2108 2406 2282 2444 habentis
2300 2406 2459 2454 gratiam
2472 2414 2622 2455 gratum

1555 2461 1777 2499 facientem:
1807 2461 1903 2497 sicut
1924 2459 2034 2496 etiam
2055 2460 2093 2498 in
2114 2459 2322 2497 moralibus
2350 2459 2621 2502 rectamaestiv,

1556 2514 1766 2552 mationem
1784 2514 1900 2550 habet
1927 2514 2047 2550 homo
2077 2514 2124 2551 de
2153 2513 2231 2550 fine
2258 2524 2326 2561 per
2353 2512 2527 2551 habitum
2543 2512 2634 2555 vis-

1555 2567 1655 2604 tutis.
1685 2566 1796 2604 Unde
1822 2566 1968 2603 donum
1993 2566 2201 2603 intellectus
2225 2563 2350 2603 nullus
2372 2566 2487 2602 habet
2504 2570 2517 2586 ¹
2541 2565 2621 2606 sine

1556 2620 1673 2668 gratia
1701 2626 1849 2667 gratum
1878 2619 2050 2655 faciente.

1610 2674 1668 2709 Ab
1693 2684 1830 2709 ramum
1850 2683 1948 2709 aaoo
1969 2683 2152 2708 mCENDUM
2173 2671 2278 2720 quod
2305 2671 2539 2719 Augustinus
2566 2670 2621 2708 in-

1557 2725 1748 2762 tellectum
1768 2724 1940 2761 nominat
1959 2735 2244 2772 quamcumque
2263 2722 2548 2760 illustrationem
2567 2723 2622 2761 in-

1557 2777 1820 2814 tellectualem.
1852 2777 1962 2823 Quae
1990 2784 2119 2814 tamen
2148 2789 2225 2814 non
2254 2775 2432 2825 pertingit
2459 2776 2508 2813 ad
2535 2786 2619 2825 per-

1558 2830 1695 2867 fectam
1731 2829 1822 2866 doni
1855 2829 2041 2866 rationem
2075 2828 2146 2867 nisi
2173 2841 2295 2878 usque
2328 2829 2376 2866 ad
2409 2829 2484 2866 hoc
2512 2840 2622 2868 mens

1557 2882 1724 2920 hominis
1753 2882 1963 2920 deducatur
1990 2890 2031 2919 ut
2059 2890 2201 2919 rectam
2230 2881 2534 2919 aestimationem
2555 2881 2622 2918 ha·

1558 2937 1646 2972 beat
1673 2937 1793 2972 homo
1824 2935 1922 2973 circa
1950 2935 2083 2972 finem.

1612 2991 1671 3026 AD
1694 3000 1883 3025 SECUNDUM
1907 3000 2091 3026 mesanum
2121 2987 2225 3036 quod
2252 2986 2494 3035 intelligentia
2522 2998 2622 3035 quae

1559 3041 1771 3078 necessaria
1787 3049 1842 3078 est
1861 3041 1910 3078 ad
1924 3041 2164 3090 prophetiam
2185 3048 2242 3078 est
2260 3039 2451 3089 quaedam
2466 3039 2624 3082 illustra*-

1558 3094 1610 3131 tio
1627 3094 1764 3131 mentis
1780 3094 1879 3131 circa
1895 3106 1939 3131 ea
1958 3106 2055 3144 quae
2071 3093 2264 3143 prophetis
2279 3093 2507 3130 revelantur.
2529 3092 2622 3144 N'ott

1560 3155 1615 3184 est
1643 3154 1772 3184 autem
1801 3147 1994 3184 illustratio
2025 3147 2161 3184 mentis
2191 3147 2289 3184 circa
2318 3141 2623 3195 aestimatiOnem

1560 3207 1703 3237 rectam
1732 3199 1779 3237 de
1807 3199 1941 3237 ultimo
1969 3200 2058 3247 fine,
2079 3211 2178 3248 quae
2207 3198 2367 3249 pertinet
2396 3197 2446 3235 ad
2473 3195 2620 3238 donum

1559 3253 1781 3290 intellectus.
2058 3278 2060 3280 -

1614 3382 1638 3414 δ)
1658 3385 1801 3407 assecutus.
1818 3396 1838 3401 -
1855 3385 2009 3407 consecutus
2029 3383 2074 3411 Pa,
2094 3385 2236 3408 exsecutus
2254 3389 2298 3414 px.

1614 3418 1636 3449 ε)
1657 3417 1743 3442 nullus
1762 3417 1848 3442 habet.
1865 3431 1885 3436 -
1903 3417 1980 3442 habet
1999 3417 2158 3451 LpACEKx.
2178 3424 2229 3442 non
2249 3416 2327 3441 habet
2343 3415 2454 3445 BGsEx,
2474 3421 2525 3439 non
2545 3414 2623 3439 habet

1561 3453 1619 3485 quis
1638 3453 1668 3482 D,
1687 3453 1798 3478 habetur
1817 3453 1848 3482 H.
1869 3459 1920 3477 non
1941 3453 2054 3477 habetur
2072 3452 2089 3483 l,
2109 3460 2160 3478 non
2180 3455 2220 3477 est
2237 3459 2263 3483 a,
2283 3451 2361 3476 habet
2379 3450 2468 3475 nullus
2486 3449 2532 3475 Pa.

2784 1116 2786 1127 ι
2792 1116 2801 1126 >r
2807 1115 2817 1127 ι
2823 1115 2832 1126 ι

2649 1146 2854 1205 νῗὲῗιῧᾏὲἓῖἑῑ

2645 1200 2691 1226 cul„
2697 1199 2755 1226 Vah,
2770 1203 2814 1221 etc.

2645 1621 2656 1632 ⁸
2666 1620 2689 1643 1⁸
2702 1620 2758 1648 11⁸0,
2767 1624 2855 1647 quest.

2645 1652 2731 1674 uvm,
2745 1649 2787 1668 art.
2799 1652 2856 1674 aa,
