2892 4056
203 348 249 373 Qu.
265 352 335 374 nvn,
351 350 393 368 art.

183 1031 191 1039 ⁸
205 1029 251 1056 Qu.
264 1035 332 1054 van,
348 1032 389 1049 art.

260 1062 270 1071 ι)

183 1616 191 1624 ·
207 1615 235 1636 D.
250 1621 311 1643 ¹⁰93·

424 210 497 246 366
1001 209 1265 255 QUAESTIO
1295 209 1469 256 XLVIII,
1498 208 1794 245 ARTICULUS
1822 209 2014 246 UNICUS

420 287 622 336 prudentia
648 300 718 336 per
746 300 861 336 quam
892 287 1025 335 aliquis
1055 286 1147 333 regit
1181 285 1484 331 multitudinem,
1510 323 1512 345 Ι
1538 285 1784 322 secundarios
1813 293 1917 322 actus
1936 286 1998 323 vel
2021 284 2215 334 materias,
2236 288 2343 336 quasi
2363 301 2442 325 non
2460 289 2604 325 haben-

421 353 520 388 quae
550 340 727 377 differunt
756 340 894 388 specie,
915 348 956 376 ut
985 339 1127 376 dictum
1153 346 1207 374 est
1226 337 1262 374 *ε
1293 346 1329 374 et
1348 338 1484 375 iterum
1510 348 1512 350 ·
1537 346 1592 375 tes
1612 346 1732 374 totam
1752 338 1962 386 potentiam
1982 338 2198 387 principalis
2217 340 2375 378 virtutis.
2402 342 2450 378 Et
2469 354 2603 378 secun-

419 393 620 441 prudentia
649 405 747 441 quae
790 401 845 429 est
874 391 1121 429 multitudinis
1159 390 1315 438 regitiva
1353 391 1484 428 dividi·
1510 395 1512 443 ᾗ
1539 393 1632 428 dum
1669 392 1744 427 hoc
1776 398 1971 439 ponuntur
2012 399 2142 439 partes
2178 393 2402 440 prudentiae
2439 395 2602 440 athalia,

420 454 480 482 tur
509 446 547 482 in
568 446 737 483 diversas
766 445 939 494 species*
968 444 1179 480 secundum
1209 443 1380 480 diversas
1401 456 1485 492 spe·
1510 461 1512 494 ξ
1538 455 1638 492 quae
1672 451 1727 480 est
1765 444 1862 480 circa
1901 443 2119 490 consilium3
2156 453 2192 481 et
2218 446 2383 493 synesis,
2421 459 2520 495 quae
2549 455 2604 483 est

421 499 496 535 cies
525 498 785 535 multitudinis.
816 499 884 534 Est
903 505 1031 534 autem
1061 497 1252 545 quaedam
1281 496 1484 533 multitudo
1510 495 1512 533 l
1538 497 1638 533 circa
1657 496 1838 534 iudicium
1858 508 1994 533 eorum
2014 509 2113 545 quae
2134 498 2389 535 communiter
2407 499 2602 544 accidunt;

419 552 584 588 adunata
604 551 652 587 ad
672 551 829 599 aliquod
848 550 1010 598 speciale
1030 549 1236 597 negotium,
1266 549 1360 585 sicut
1380 561 1484 585 exer·
1510 589 1512 597 k

421 604 514 641 citus
535 611 784 651 congregatur
803 603 852 640 ad
870 603 1140 651 pugnandum:
1167 602 1272 639 cuius
1292 602 1450 650 regitiva
1469 608 1485 623 ²
1510 626 1511 636 i

420 665 475 693 est
492 657 692 704 prudentia
721 656 903 692 militaris.
935 655 1138 702 Quaedam
1166 667 1261 691 vero
1280 654 1483 691 multitudo

419 815 678 858 oeconomica;
706 822 742 851 et
760 813 774 836 λ
794 814 998 851 multitudo
1018 814 1131 851 unius
1156 813 1316 850 civitatis
1344 815 1406 850 vel
1427 826 1484 851 re-

418 867 492 915 gni,
515 867 622 903 cuius
643 867 798 915 quidem
821 867 1003 904 directiva
1024 875 1079 904 est
1098 867 1136 903 in
1155 866 1328 915 principe
1348 879 1485 917 regna-

418 922 505 965 tiva,
527 920 565 956 in
585 920 742 957 subditis
763 928 891 957 autem
906 920 1061 969 politica
1090 919 1308 968 simpliciter
1327 920 1438 957 dicta.
1461 941 1485 948 -

419 973 458 1010 Si
477 985 571 1009 vero
601 973 803 1021 prudentia
821 981 994 1010 sumatur
1013 974 1126 1021 large,
1147 973 1360 1010 secundum
1380 974 1484 1022 quod

418 1026 575 1063 includit
593 1026 707 1063 etiam
738 1027 934 1064 scientiam
968 1026 1257 1075 speculativam,
1277 1033 1319 1063 ut
1337 1038 1452 1075 supra
1466 1026 1486 1048 '¹‘

419 1080 562 1116 dictum
601 1087 677 1125 est;
725 1087 814 1116 tunc
853 1079 966 1116 etiam
1003 1087 1130 1128 partes
1167 1079 1249 1115 eius
1291 1087 1485 1128 ponuntur

419 1132 632 1179 dialectica,
671 1133 859 1170 rhetorica
889 1140 925 1169 et
951 1132 1131 1181 physica,
1169 1133 1382 1170 secundum
1411 1139 1485 1169 tres

418 1185 558 1222 modos
577 1185 812 1233 procedendi
840 1186 879 1222 in
898 1185 1074 1222 scientiis.
1106 1185 1285 1231 Quorum
1310 1197 1410 1221 unus
1431 1192 1486 1222 est

417 1250 486 1287 per
523 1238 889 1275 demonstrationem
925 1238 972 1274 ad
1006 1237 1202 1274 scientiam
1232 1238 1484 1275 causandam:

419 1291 524 1339 quod
563 1291 724 1339 pertinet
753 1293 801 1328 ad
824 1291 1045 1340 physicam;
1071 1298 1114 1328 ut
1142 1290 1212 1326 sub
1245 1290 1403 1338 physica
1431 1290 1486 1327 in-

417 1344 631 1391 telligantur
650 1357 787 1381 omnes
807 1344 985 1381 scientiae
1011 1343 1349 1381 demonstrativae.
1379 1343 1486 1380 Alius

419 1397 559 1434 modus
588 1405 644 1434 est
663 1410 708 1434 ex
736 1397 1000 1446 probabilibus
1020 1397 1070 1434 ad
1098 1396 1323 1445 opinionem
1347 1396 1486 1433 facien·
1511 1414 1513 1448 ἓ

420 1451 530 1488 dam:
561 1450 666 1498 quod
685 1450 846 1499 pertinet
874 1451 923 1487 ad
955 1449 1200 1487 dialecticam.
1231 1449 1382 1486 Tertius
1402 1461 1485 1486 mo-

421 1504 491 1541 dus
512 1511 567 1540 est
587 1515 632 1540 ex
651 1504 884 1551 quibusdam
904 1502 1129 1540 coniecturis
1149 1503 1198 1540 ad
1226 1502 1485 1551 suspicionem
1511 1507 1513 1553 ζ

420 1557 699 1604 inducendam,
728 1557 791 1594 vel
825 1556 874 1593 ad
907 1555 1117 1604 aliqualiter
1151 1555 1484 1604 persuadendum:

421 1610 525 1659 quod
563 1610 724 1658 pertinet
760 1609 810 1646 ad
842 1609 1068 1646 rhetoricam
1096 1608 1128 1645 *.
1149 1630 1173 1636 —
1201 1610 1331 1645 Potest
1357 1617 1486 1645 tamen
1511 1623 1512 1630 ¹

421 1662 494 1700 dici
514 1663 619 1710 quod
635 1663 731 1699 haec
750 1662 820 1699 tria
834 1661 1024 1710 pertinent
1039 1663 1087 1699 ad
1106 1661 1350 1711 prudentiam
1370 1661 1485 1698 etiam
1511 1684 1512 1711 }

418 1715 572 1764 proprie
601 1715 761 1762 dietam,
791 1727 890 1764 quae
918 1714 1162 1751 ratiocinatur
1189 1714 1379 1751 interdum
1403 1715 1485 1762 qui-

420 1769 510 1805 dem
546 1780 590 1804 ex
625 1767 865 1814 necessariis,
904 1767 1096 1804 interdurn
1127 1779 1171 1804 ex
1203 1767 1484 1816 probabilibus,

419 1820 611 1859 interdurn
644 1828 773 1857 autem
803 1832 848 1856 ex
878 1820 1110 1869 quibusdam
1138 1820 1378 1857 coniecturis.

473 1875 602 1910 Partes
622 1881 750 1910 autem
770 1873 995 1922 potentiales
1014 1873 1170 1910 alicuius
1188 1873 1335 1910 virtutis
1355 1872 1486 1910 dicun-

418 1935 478 1964 tur
495 1927 653 1964 virtutes
674 1927 873 1964 adiunctae
902 1938 1002 1975 quae
1022 1926 1245 1964 ordinantur
1269 1926 1317 1963 ad
1337 1926 1485 1974 aliquos

474 2093 492 2125 ι)
512 2093 538 2117 in
565 2092 686 2117 diversas
709 2092 817 2124 species.
834 2105 853 2112 -
872 2092 934 2117 Om.
958 2091 1039 2122 PIsC3
1068 2093 1212 2118 secundum
1241 2093 1361 2117 diversas
1389 2092 1489 2123 species

419 2135 473 2153 orn.
488 2128 604 2160 DKpCE;
624 2127 765 2160 regitiva...
781 2127 962 2152 multitudinis
979 2135 1033 2152 om.
1048 2135 1075 2152 K.
1084 2141 1102 2147 -·
1112 2128 1170 2152 Mox
1183 2135 1231 2160 pro
1245 2131 1342 2156 autem,
1353 2128 1422 2153 enim
1435 2128 1488 2152 ΡΙ).

473 2163 498 2196 κ)
518 2163 643 2196 regitiva.
661 2176 680 2181 -
698 2163 793 2196 regula
813 2163 850 2187 Pa
869 2163 910 2187 hic
926 2168 951 2187 et
970 2170 1038 2187 mox.

472 2198 500 2231 λ)
514 2202 548 2223 et.
559 2212 580 2218 -
592 2201 632 2223 est
646 2201 672 2223 et
686 2198 736 2230 pG,
751 2198 792 2223 vel
804 2202 844 2223 est
858 2198 904 2230 sG,
918 2201 945 2223 et
958 2198 1038 2223 etiam
1055 2198 1125 2223 Pon.
1139 2212 1158 2217 ·—
1172 2199 1222 2223 Pro
1237 2197 1376 2227 directiva,
1393 2198 1488 2231 regula

421 2234 551 2260 directiva
570 2234 617 2258 Pa.

1539 557 1576 585 et
1593 561 1745 599 gnome,
1762 561 1860 598 quae
1881 557 1936 586 est
1955 550 2054 586 circa
2073 549 2255 586 iudicium
2275 563 2408 588 eorum
2429 558 2446 580 μ
2464 552 2503 588 in
2523 552 2604 600 qui-

1537 603 1609 639 bus
1646 610 1797 651 oportet
1833 603 2067 652 quandoque
2096 615 2119 639 a
2147 604 2344 640 communi
2381 605 2463 652 lege
2499 617 2601 642 rece-

1510 690 1511 694 ,
1539 655 1639 692 dere.
1660 654 1867 692 Prudentia
1885 668 1979 692 vero
2001 663 2056 692 est
2076 654 2174 692 circa
2193 655 2443 705 principalem
2462 651 2616 706 aetum,

420 717 475 746 est
493 709 658 745 adunata
677 710 725 745 ad
745 716 863 745 totam
878 709 1014 745 vitam:
1035 708 1131 745 sicut
1150 707 1351 745 multitudo
1372 707 1484 744 unius
1510 739 1512 758 ὲ

420 763 558 799 domus
586 763 648 798 vel
677 762 854 808 familiae,
880 761 986 798 cuius
1015 761 1172 809 regitiva
1202 768 1257 796 est
1284 760 1485 809 prudentia
1510 766 1512 778 ¹

1538 708 1603 756 qui
1633 715 1690 744 est
1716 708 1948 756 praecipere.

1591 763 1650 797 AD
1679 773 1816 798 ramum
1840 773 1938 798 ERGO
1963 772 2148 797 mcENDuM
2177 762 2281 809 quod
2310 761 2483 799 diversae
2512 763 2601 799 assi-

1538 814 1735 862 gnationes
1751 814 1930 851 differunt
1944 813 2157 851 secundum
2173 815 2279 862 quod
2299 815 2447 852 diversa
2465 827 2605 862 genera

1537 867 1702 916 partium
1731 874 1945 915 ponuntur,
1974 867 2037 903 vel
2065 867 2278 904 secundum
2298 868 2404 916 quod
2433 868 2504 904 sub
2528 881 2605 905 una

1536 927 1644 969 parte
1671 920 1784 957 unius
1804 919 2067 968 assignationis
2095 919 2339 957 includuntur
2358 921 2499 958 multae
2518 933 2605 970 par-

1537 981 1593 1010 tes
1621 973 1772 1010 alterius
1801 972 2075 1021 assignationis.
2107 973 2212 1010 Sicut
2241 974 2390 1010 Tullius
2418 975 2488 1010 sub
2510 986 2603 1023 pro-

1536 1027 1700 1064 videntia
1728 1026 1885 1063 includit
1909 1026 2125 1063 cautionem
2146 1034 2182 1063 et
2203 1026 2603 1075 circumspectionem;

1538 1080 1609 1116 sub
1638 1079 1879 1128 intelligentia
1916 1086 2043 1115 autem
2073 1079 2279 1127 rationem,
2310 1080 2540 1117 docilitatem
2569 1087 2606 1120 et

1539 1132 1743 1169 solertiam.

1591 1187 1650 1221 An
1688 1195 1880 1221 SECUNDUM
1916 1195 2101 1221 mcuunum
2138 1186 2244 1232 quod
2282 1185 2606 1230 oeconomicaet

1537 1237 1691 1286 politica
1710 1249 1790 1274 non
1818 1235 2053 1284 accipiuntur
2071 1237 2133 1274 hic
2152 1238 2364 1275 secundum
2393 1238 2497 1287 quod
2518 1245 2606 1276 sunt

1539 1290 1733 1335 scientiae3
1763 1289 1832 1326 sed
1860 1289 2073 1326 secundum
2111 1290 2217 1338 quod
2255 1298 2343 1328 sunt
2378 1290 2606 1340 prudentiae

1538 1342 1741 1392 quaedam.
1772 1343 1831 1379 De
1859 1342 1940 1379 aliis
1968 1349 2097 1379 autem
2125 1342 2244 1380 tribus
2271 1350 2375 1392 patet
2406 1345 2606 1392 responsio

1540 1409 1586 1433 ex
1615 1395 1722 1433 dictis
1741 1395 1772 1432 ³¹⁸.

1592 1451 1651 1486 An
1676 1459 1836 1486 TER-num
1862 1459 2047 1485 monimum
2076 1449 2180 1497 quod
2209 1449 2340 1486 omnia
2367 1449 2428 1486 illa
2455 1461 2608 1498 ponun-

1538 1510 1598 1539 tur
1630 1509 1756 1550 partes
1783 1500 2007 1550 prudentiae
2028 1513 2107 1538 non
2135 1503 2349 1540 secundum
2369 1514 2480 1540 suam
2500 1514 2607 1540 com·-

1538 1555 1782 1600 munitatem;
1818 1554 1887 1591 sed
1923 1554 2137 1592 secundum
2172 1556 2279 1603 quod
2317 1567 2357 1592 se
2385 1556 2540 1593 habent·
2555 1556 2606 1594 ad

1539 1620 1584 1645 ea
1611 1620 1709 1657 quae
1737 1607 1926 1656 pertinent
1953 1607 2001 1644 ad
2029 1608 2284 1656 prudentiam.

2631 1388 2682 1411 ‘ln
2696 1387 2802 1418 oon-pore.

1590 1663 1650 1697 AD
1670 1672 1844 1703 QUARTUM
1867 1671 2053 1698 mcENDUM
2073 1661 2180 1709 quod
2199 1668 2300 1698 recte
2328 1661 2548 1710 praecipere
2566 1668 2607 1699 et
2646 1668 2649 1671 “

1539 1721 1640 1751 recte
1658 1719 1672 1735 ⁹
1698 1713 1753 1750 uti
1782 1725 1935 1762 semper
1962 1725 2002 1750 se
2032 1714 2281 1751 comitantur:
2310 1714 2399 1764 quia
2418 1715 2468 1752 ad
2495 1724 2605 1763 prae-

1538 1775 1693 1815 ceptum
1730 1766 1886 1803 rationis
1921 1766 2092 1814 sequitur
2127 1767 2346 1805 obedientia
2382 1767 2605 1806 inferiorum

1509 1849 1512 1861 .
1536 1819 1691 1867 virium,
1721 1831 1821 1867 quae
1849 1819 2038 1868 pertinent
2065 1819 2115 1856 ad
2142 1831 2270 1857 usum.

1591 1874 1650 1909 An
1679 1883 1842 1914 Qum‘ruu
1870 1883 2055 1910 mcssunum
2083 1873 2189 1920 quod
2208 1872 2421 1910 sollicitudo
2447 1873 2607 1912 includi·-

1537 1933 1598 1962 tur
1625 1925 1663 1962 in
1692 1925 1838 1962 ratione
1866 1925 2142 1974 providentiae.

1596 2091 1624 2126 μ)
1643 2099 1712 2124 quae
1729 2091 1933 2118 communiter...
1956 2098 2058 2117 eorum.
2076 2104 2095 2112 —
2113 2091 2175 2116 Om.
2198 2091 2509 2122 PABCEFGflumnm
2526 2097 2606 2125 supra

1542 2135 1590 2160 pro
1608 2135 1675 2160 quae
1694 2133 1753 2160 post
1770 2127 1882 2161 synesis,
1897 2130 1924 2153 et
1942 2134 2009 2160 quae
2027 2127 2109 2156 ΑΒΙα,
2124 2130 2150 2152 et
2167 2133 2264 2160 gnome
2277 2133 2345 2160 quae
2358 2127 2394 2159 Ἐς
2411 2134 2460 2160 pro
2476 2126 2607 2155 iudicium

1541 2162 1627 2195 primo
1647 2163 1712 2194 loco,
1731 2162 1869 2188 consilium
1889 2162 1921 2187 D.

1593 2199 1616 2231 v)
1637 2201 1716 2223 recte.
1733 2212 1753 2218 -
1770 2198 1877 2223 ratione
1896 2198 1942 2223 Pa.

1094 2329 1428 2362 Commentario.
1451 2328 1571 2362 Card
1576 2329 1702 2362 malis
1724 2329 1924 2363 Caietani

451 2437 471 2457 N
495 2427 680 2468 quaestione
713 2426 1087 2467 quadragesimaoctava,
1120 2425 1215 2456 unico
1240 2432 1388 2456 contenta
1411 2426 1482 2456 arti-

424 2439 543 2508 lculo,
576 2471 655 2501 nihil
679 2470 816 2501 occurrit
843 2470 1046 2501 scribendum
1075 2470 1162 2500 aliud
1193 2479 1290 2511 quam
1321 2476 1356 2500 ut
1379 2477 1483 2509 partes

420 2515 510 2556 quasi
533 2515 699 2555 integrales
722 2514 908 2555 prudentiae
930 2515 972 2545 ita
996 2513 1133 2554 figantur
1151 2514 1183 2544 in
1207 2514 1325 2551 animo,
1346 2521 1378 2544 et
1399 2523 1484 2544 exer-

420 2559 568 2591 citatione
591 2559 756 2590 firmentur
778 2559 809 2589 in
833 2559 993 2599 operibus,
1018 2558 1146 2589 initium
1174 2559 1332 2589 sumendo
1356 2568 1373 2588 a
1397 2558 1484 2589 doci-

1534 2426 1629 2462 litate,
1647 2426 1672 2456 si
1694 2435 1760 2456 non
1776 2435 1911 2466 semper,
1929 2425 2184 2467 frequentissime
2200 2433 2317 2458 tamen.
2341 2425 2501 2458 Audimus
2517 2425 2605 2464 enirn

1534 2470 1574 2500 ad
1591 2469 1795 2510 propositum
1811 2470 1912 2501 multa
1935 2470 2175 2510 interrogantes,
2191 2470 2424 2508 ratiocinantes,
2447 2471 2499 2501 vel
2512 2468 2604 2512 quasi

1535 2521 1751 2554 proponentes
1767 2514 1879 2545 saltem
1895 2514 2075 2555 singularia,
2092 2525 2174 2556 quae
2189 2515 2367 2556 plurimum
2379 2521 2514 2556 prosunt
2529 2524 2603 2555 pru-

1537 2558 1661 2589 dentiae
1685 2558 1824 2590 aliorum
1846 2558 2083 2599 gubernativae.
