2892 4056
414 196 487 231 322

1083 194 1350 240 QUAESTIO
1379 195 1517 242 XLIII,
1547 195 1843 231 ARTICULUS
1873 197 1886 231 1

791 417 1201 494 QUAESTIO
1242 418 2208 495 QUADRAGESIMATERTIA

1176 537 1217 576 D
1242 537 1280 576 E
1335 537 1367 577 s
1393 537 1428 577 c
1452 537 1493 577 A
1517 537 1557 577 Ν
1582 537 1623 576 D
1647 537 1689 576 A
1713 537 1748 576 L
1773 537 1812 577 o

1229 643 1262 668 IN

404 739 591 820 DEiNDE
630 726 950 763 considerandum
990 734 1102 764 restat
1141 728 1188 764 de
1225 727 1326 764 vitiis
1370 740 1467 776 quae

166 787 277 835 sits·-

485 779 758 817 beneficentiae
798 787 1044 827 opponuntur
1067 779 1098 816 ³⁸.
1131 782 1233 816 Inter
1268 792 1366 828 quae
1394 780 1467 818 alia

401 833 558 881 quidem
586 832 777 881 pertinent
804 833 853 869 ad
874 832 1059 868 rationem
1089 832 1261 879 iustitiae,
1281 833 1344 870 illa
1372 834 1468 870 scili-

401 894 459 922 cet
486 886 622 934 quibus
651 885 786 933 aliquis
822 885 958 922 iniuste
986 885 1207 934 proximum
1235 886 1368 923 laedit:
1400 887 1466 924 sed

401 947 530 975 eontra
569 939 763 976 caritatem
793 938 1005 987 specialiter
1041 940 1265 976 scandalum
1301 951 1384 976 esse
1412 939 1468 976 vi-

400 992 520 1029 detur.
559 994 609 1029 Et
637 993 722 1029 ideo
751 992 1078 1028 considerandum
1108 1000 1164 1028 est
1190 992 1252 1029 hic
1281 993 1330 1029 de
1358 1005 1466 1029 scan-

401 1045 500 1082 dalo.
576 1087 578 1089 ,
707 1083 710 1086 ,

400 1098 509 1135 Circa
539 1098 643 1147 quod
672 1105 908 1149 quaeruntur
936 1105 1036 1134 octo.

451 1151 602 1188 Primo:
633 1151 724 1200 quid
752 1151 799 1187 sit
828 1151 1064 1187 scandalum.

1490 1104 1493 1193 l

1293 642 1393 668 OCTO
1422 643 1628 669 ARTICULOS
1654 644 1774 669 DIVISA

1574 727 1775 764 Secundo:
1805 735 1934 765 utrum
1963 728 2187 765 scandalum
2216 729 2262 766 sit
2288 739 2502 778 peccatum.

1574 780 1726 818 Tertio:
1755 788 1882 818 utrum
1911 781 1957 818 sit
1984 789 2186 829 peccatum
2214 782 2390 830 speciale.

1573 833 1742 879 Quarto:
1771 841 1899 870 utrum
1928 834 1974 871 sit
2000 842 2201 883 peccatum
2231 836 2404 873 mortale.

1573 887 1739 933 Quinto:
1767 894 1896 924 utrum
1923 887 2183 936 perfectorum
2212 887 2258 924 sit
2285 888 2542 926 scandalizari.

1573 940 1708 976 Sexto:
1740 947 1867 976 utrum
1897 952 2032 977 eorum
2061 940 2108 977 sit
2135 940 2406 978 scandalizare.

1571 992 1765 1041 Septimo:
1787 999 1915 1029 utrum
1931 993 2139 1041 spiritualia
2153 994 2256 1030 bona
2271 993 2345 1031 sint
2360 994 2584 1032 dimittenda

1624 1053 1781 1094 propter
1809 1045 2049 1083 scandalum.

1572 1098 1745 1135 Octavo:
1774 1105 1902 1134 utrum
1923 1098 1997 1134 sint
2014 1106 2172 1147 propter
2191 1099 2416 1137 scandalum
2436 1107 2585 1149 tempo-

1626 1150 1719 1187 ralia
1748 1150 1986 1187 dimittenda.

1210 1275 1529 1318 ARTICULUS
1559 1276 1766 1318 PRIMUS

806 1369 962 1399 UTRUM
985 1368 1250 1400 SCANDALUM
1275 1368 1618 1410 CONVENIENTER
1640 1368 1908 1400 DEFINIATUR
1931 1369 2053 1406 QUOD
2078 1369 2160 1401 EST

654 1413 842 1443 DICTUM
867 1413 948 1443 VEL
971 1413 1165 1443 FACTUM
1184 1413 1334 1444 MINUS
1353 1412 1549 1444 RECTUM
1567 1413 1803 1443 PRAEBENS
1828 1412 2127 1444 OCCASIONEM
2146 1413 2324 1447 RUINAE

731 1491 765 1515 IV
785 1491 868 1520 Sent.5
888 1491 947 1516 dist.
966 1498 1068 1521 xxxvm,
1087 1499 1133 1524 qu.
1151 1498 1179 1522 u,
1199 1496 1246 1516 art.
1270 1498 1297 1521 13
1319 1491 1415 1521 Quodl.
1434 1491 1476 1521 1v,
1495 1498 1540 1523 qu.
1558 1497 1603 1521 111,
1622 1495 1669 1515 art.
1693 1497 1714 1521 1,
1733 1490 1765 1515 ad
1785 1490 1815 1521 33
1833 1490 1878 1515 Ad
1895 1490 1983 1519 Rom„
2003 1497 2059 1522 cap.
2076 1497 2122 1520 vn,
2141 1491 2199 1516 lect.
2217 1498 2249 1520 ιη

1207 1534 1263 1560 cap.
1280 1534 1330 1558 xiv,
1350 1527 1408 1551 lect.
1427 1533 1461 1556 11;
1482 1526 1511 1550 In
1531 1525 1640 1555 Matth„
1660 1533 1717 1559 cap.
1735 1533 1776 1551 xv.

423 1610 491 1669 ἐᾷ’
514 1614 560 1648 μς
609 1609 631 1634 D
655 1609 792 1634 PRIMUM
821 1609 875 1634 Slc
899 1609 1143 1635 PROCEDITUR.
1172 1598 1335 1635 Videtur
1358 1596 1464 1646 quod

430 1643 526 1707 &A
537 1649 570 1711 {7²
585 1662 589 1669 ··
609 1650 832 1687 scandalum
843 1651 1157 1687 inconvenienter
1167 1651 1370 1688 definiatur
1380 1661 1463 1686 esse

446 1702 464 1747 ss
500 1693 580 1747 ⁷4¹6
594 1701 746 1739 dictum
774 1703 835 1740 vel
856 1704 1002 1748 factum
1030 1705 1155 1740 minus
1183 1710 1326 1740 rectum
1348 1714 1462 1751 prae-

475 1718 497 1736 Ἰ

276 1766 366 1788 neria.
413 1706 697 1793 1&cstfflXbens
728 1756 962 1792 occasionem
997 1757 1132 1793 ruinae
1157 1756 1187 1792 ³¹⁶.
1229 1756 1462 1792 Scandalum

316 1799 366 1841 cf'
395 1806 495 1843 enim
534 1815 737 1855 peccatum
777 1815 842 1854 est,
872 1816 914 1844 ut
941 1817 1028 1857 post
1055 1809 1076 1831 '¹‘
1105 1809 1261 1846 dicetur.
1299 1808 1375 1845 Sed
1405 1820 1462 1844 se-

395 1860 563 1896 cundum
582 1861 851 1908 Augustinum,
873 1862 979 1898 XXII
1009 1867 1141 1899 contra
1165 1863 1293 1898 Faust.
1313 1861 1345 1908 ²¹⁸,
1374 1873 1462 1909 pec-

395 1921 522 1949 eatum
553 1921 609 1950 est
627 1914 766 1950 dictum
794 1914 854 1950 vel
868 1916 1021 1963 factum
1041 1915 1099 1952 vel
1119 1915 1356 1963 concupitum
1376 1925 1464 1950 con-

393 1972 452 2002 tra
480 1966 601 2015 legem
622 1967 705 2003 Dei.
736 1968 838 2015 Ergo
858 1967 1052 2017 praedicta
1082 1968 1252 2006 definitio
1272 1974 1328 2004 est
1346 1967 1462 2004 insuf-

393 2018 546 2055 ficiens:
568 2019 657 2068 quia
677 2021 987 2068 praetermittitur
1006 2026 1023 2043 α
1043 2021 1249 2069 cogitatum
1271 2020 1352 2057 sive
1373 2031 1463 2056 con-

395 2071 578 2119 cupitum.

449 2136 483 2161 2.
513 2126 759 2172 Pmerenm,
797 2139 884 2164 cum
913 2127 1009 2163 inter
1037 2134 1143 2163 actus
1180 2126 1372 2163 virtuosos
1400 2126 1463 2162 vel

394 2186 518 2214 rectos
545 2190 644 2215 unus
673 2179 719 2216 sit
737 2179 944 2217 virtuosior
971 2180 1033 2216 vel
1054 2179 1191 2216 rectior
1219 2181 1348 2226 altero,
1370 2179 1462 2216 illud

393 2232 519 2267 solum
547 2231 701 2278 videtur
728 2245 806 2270 non
835 2245 918 2270 esse
947 2233 1072 2269 minus
1101 2240 1247 2269 rectum
1272 2232 1377 2281 quod
1406 2239 1462 2268 est

393 2284 661 2321 rectissimum.
693 2285 732 2322 Si
761 2286 870 2333 igitur
898 2286 1120 2323 scandalum
1155 2285 1201 2322 sit
1229 2285 1371 2322 dictum
1399 2285 1462 2321 vel

393 2337 535 2373 factum
557 2337 684 2374 minus
705 2346 863 2386 rectum,
885 2346 1067 2386 sequetur
1086 2338 1191 2386 quod
1212 2338 1336 2374 omnis
1355 2345 1461 2374 actus

391 2390 586 2426 virtuosus
615 2398 766 2438 praeter
794 2391 983 2440 optimum
1013 2391 1059 2428 sit
1087 2391 1320 2428 scandalum.

450 2444 483 2479 3.
519 2443 759 2490 Pmmmnm,
798 2445 950 2481 occasio
989 2444 1164 2481 nominat
1199 2455 1353 2480 causam
1391 2455 1461 2491 per

394 2495 581 2533 accidens.
613 2496 691 2534 Sed
719 2497 756 2534 id
776 2498 883 2546 quod
912 2505 968 2534 est
994 2510 1063 2546 per
1090 2496 1268 2537 accidens
1286 2508 1365 2533 non
1395 2496 1459 2533 de-

394 2550 458 2586 bet
484 2548 576 2596 poni
605 2549 643 2586 in
672 2549 914 2588 definitione:
954 2550 1042 2599 quia
1070 2562 1148 2587 non
1187 2550 1251 2587 dat
1279 2549 1458 2598 speciem.

394 2604 496 2650 Ergo
526 2602 843 2640 inconvenienter
877 2603 915 2640 in
945 2603 1168 2640 definitione
1196 2602 1364 2639 scandali
1392 2614 1460 2651 po-

393 2656 494 2693 nitur
522 2656 681 2699 occasio.

445 2721 482 2756 4.
504 2708 740 2755 PRAETEREA‚
771 2721 815 2745 ex
845 2709 1017 2758 quolibet
1035 2709 1135 2745 facto
1165 2707 1318 2745 alterius
1336 2715 1460 2757 potest

393 2761 526 2810 aliquis
554 2774 706 2799 sumere
737 2762 980 2798 occasionem
1018 2762 1167 2798 ruinae:
1204 2761 1293 2810 quia
1321 2773 1459 2798 causae

394 2828 462 2863 per
490 2815 667 2852 accidens
688 2822 775 2851 sunt
804 2814 1132 2852 indeterminatae.
1163 2814 1202 2850 Si
1223 2814 1335 2862 igitur
1354 2826 1460 2866 scan-

394 2869 524 2905 dalum
545 2875 601 2904 est
621 2869 724 2916 quod
744 2870 901 2916 praebet
921 2868 1027 2905 alteri
1047 2867 1290 2904 occasionem
1316 2867 1459 2914 ruinae,

395 2921 592 2970 quodlibet
628 2922 770 2958 factum
799 2923 861 2957 vel
892 2921 1032 2958 dictum
1068 2921 1206 2969 poterit
1236 2932 1318 2957 esse
1355 2933 1461 2957 scan-

395 2975 538 3011 dalum.
569 2974 686 3020 Quod
714 2974 866 3011 videtur
894 2974 1170 3011 inconveniens
1190 2972 1216 3010 β.

453 3028 484 3064 5.
519 3028 761 3074 PRAETEREA,
796 3027 947 3064 occasio
978 3028 1110 3063 ruinae
1139 3027 1248 3063 datur
1283 3026 1459 3074 proximo

395 3080 550 3129 quando
581 3079 786 3117 offenditur
804 3088 868 3116 aut
887 3080 1111 3117 infirmatur.
1142 3079 1219 3116 Sed
1239 3079 1460 3116 scandalum

396 3133 578 3170 dividitur
597 3140 727 3169 contra
756 3133 1011 3170 offensionem
1041 3141 1078 3169 et
1100 3132 1376 3170 infirmitatem:
1407 3131 1460 3168 di-

396 3186 445 3223 cit
474 3185 577 3222 enim
607 3187 825 3234 Apostolus,
855 3187 907 3222 ad
931 3187 1044 3223 Rom.
1074 3197 1134 3222 xiv
1160 3185 1200 3222 *ι
1230 3186 1382 3221 Bonum
1410 3190 1463 3221 est

395 3251 469 3275 non
491 3238 724 3275 manducare
743 3250 897 3275 carnem
925 3245 962 3275 et
987 3251 1061 3275 non
1082 3239 1208 3275 bibere
1234 3238 1377 3283 vinum,
1398 3250 1460 3274 ne—

395 3304 466 3340 que
494 3292 530 3328 in
552 3303 625 3339 quo
643 3292 775 3339 frater
802 3297 886 3327 tuus
914 3291 1117 3340 offenditur
1139 3297 1207 3328 aut
1231 3290 1460 3339 scandaliza-

449 3424 475 3454 α)
492 3422 730 3454 praetermittitur.
746 3436 765 3442 —
778 3421 975 3454 praetermittit
994 3422 1039 3446 Ρα.

450 3457 474 3490 β)
495 3458 688 3483 inconveniens.
706 3471 726 3477 -
743 3464 798 3482 esse
818 3457 1002 3482 inconveniens
1022 3457 1114 3481 PEKa.

447 3494 474 3527 γ)
494 3493 647 3518 scandalon.
666 3507 684 3512 -
702 3493 858 3518 scandalum
879 3492 980 3522 ΡῦΗιις
1000 3500 1048 3524 pro
1066 3495 1099 3521 et,
1121 3493 1161 3516 vel
1180 3492 1254 3516 EGn.

1484 3421 1488 3524 l

1514 1601 1576 1632 tur
1595 1602 1662 1633 aut
1685 1596 1915 1644 infirmatur.
1946 1598 2050 1645 Ergo
2070 1597 2266 1646 praedicta
2283 1597 2456 1635 definitio
2477 1607 2585 1636 scan-

1516 1649 1590 1686 dali
1619 1661 1700 1686 non
1728 1657 1786 1686 est
1813 1650 2062 1687 conveniens.

1570 1702 1646 1738 SED
1675 1713 1823 1739 CONTRA
1852 1714 1919 1740 EST
1946 1702 2356 1752 quodHieronymus,
2387 1715 2585 1752 exponens

1515 1754 1606 1791 illud
1636 1755 1743 1803 quod
1771 1756 1936 1792 habetur
1959 1756 2095 1792 Matth.
2116 1767 2164 1792 xv
2182 1755 2214 1802 ³⁸⁸,
2236 1756 2316 1792 Scis
2337 1757 2426 1805 quia
2450 1757 2584 1794 Phari·

1514 1808 1604 1853 saei,
1621 1808 1750 1844 audito
1765 1809 1837 1844 hoc
1850 1809 1978 1854 verbo,
1997 1815 2080 1855 etc„
2098 1807 2204 1845 dicit:
2228 1808 2388 1850 Quando
2407 1809 2590 1858 legimus]
2614 1851 2617 1853 ,

1517 1875 1536 1892 κ
1565 1860 1800 1909 Quicumque
1825 1861 2149 1910 scandalizaverit,
2173 1876 2192 1894 2
2223 1862 2296 1898 hoc
2322 1861 2581 1911 intelligimus²

1518 1928 1537 1945 «
1564 1913 1640 1955 Qui
1656 1914 1753 1950 dicto
1771 1913 1832 1950 vel
1842 1915 1954 1962 sacto
1973 1914 2209 1951 occasionem
2229 1914 2366 1951 ruinae
2382 1914 2526 1951 dederit
2544 1920 2581 1952 »με

1569 1967 1796 2003 ΒΕεΡοΝυΕο
1829 1977 2016 2004 memnon
2045 1967 2166 2016 quod,
2196 1966 2295 2003 sicut
2321 1966 2584 2016 Hieronymus

1514 2018 1659 2070 ibidem
1680 2019 1780 2067 dicit,
1801 2020 1903 2068 quod
1918 2031 2061 2070 graece
2082 2018 2289 2064 scandalon
2307 2024 2325 2048 Υ
2343 2020 2488 2066 dicimrg
2512 2031 2582 2058 nos

1514 2071 1759 2121 offensionem
1784 2072 1845 2109 vel
1863 2073 2015 2110 ruinam
2035 2078 2070 2109 et
2087 2072 2351 2121 impactionem
2360 2071 2473 2121 'pedis
2493 2082 2581 2123 pos-

1511 2137 1642 2162 sumus
1679 2125 1814 2162 dicere.
1851 2125 2047 2173 Contingit
2065 2125 2178 2162 ‘enim
2212 2125 2318 2173 quod
2345 2126 2580 2176 quandoque

1514 2178 1650 2226 aliquis
1670 2179 1779 2228 ‘obex
1815 2178 1972 2226 ponitur
1999 2178 2110 2215 alicui
2136 2178 2175 2215 in
2203 2178 2267 2215 via
2295 2179 2494 2227 corporali,
2521 2179 2582 2216 cui

1512 2226 1729 2279 impingens
1763 2230 1979 2279 disponitur
2011 2231 2059 2268 ad
2094 2231 2266 2268 ruinam:
2301 2238 2338 2268 et
2365 2231 2448 2268 talis
2481 2233 2582 2270 obex

1513 2283 1648 2320 dicitur
1675 2284 1911 2321 scandalum.
1942 2285 1991 2320 Et
2019 2284 2189 2320 similiter
2217 2283 2255 2320 in
2282 2296 2466 2332 processu
2494 2285 2580 2322 viae

1512 2336 1712 2385 spiritualis
1749 2337 1931 2385 contingit
1968 2337 2135 2385 aliquem
2173 2336 2324 2385 disponi
2353 2337 2402 2374 ad
2429 2337 2578 2375 ruinam

1512 2389 1750 2438 spiritualem
1786 2402 1856 2438 per
1884 2389 2028 2426 dictum
2056 2390 2119 2426 vel
2147 2389 2290 2426 factum
2328 2389 2496 2427 alterius:
2524 2390 2580 2428 in-

1512 2450 1700 2491 quantum
1729 2442 1871 2479 scilicet
1898 2442 2034 2491 aliquis
2062 2455 2131 2479 sua
2151 2442 2414 2479 admonitione
2443 2444 2505 2480 vel
2523 2443 2579 2481 in·

1513 2495 1691 2533 ductione
1721 2503 1786 2532 aut
1806 2495 1982 2544 exemplo
2012 2496 2175 2532 alterum
2202 2495 2315 2532 trahit
2341 2497 2389 2535 ad
2417 2508 2579 2545 peccan-

1512 2548 1619 2586 dum.
1654 2549 1703 2586 Et
1733 2549 1808 2586 hoc
1840 2548 1996 2598 proprie
2034 2548 2169 2586 dicitur
2205 2548 2440 2587 scandalum.
2475 2549 2579 2589 Nihfl

1512 2609 1640 2638 autem
1669 2602 1883 2639 secundum
1903 2602 2098 2650 propriam
2128 2601 2316 2638 rationem
2337 2601 2504 2652 disponit
2527 2603 2580 2640 ad

1512 2654 1744 2703 spiritualem
1765 2654 1915 2691 ruinam
1934 2654 2003 2691 nisi
2024 2656 2128 2704 quod
2148 2652 2161 2676 ὅ
2189 2655 2305 2691 habet
2329 2654 2494 2704 aliquem
2506 2655 2580 2694 *delss

1510 2708 1652 2744 fectum
1674 2707 1924 2744 rectitudinis:
1955 2708 2046 2756 quia
2065 2707 2103 2744 id
2131 2707 2237 2756 quod
2257 2714 2312 2744 est
2337 2708 2502 2756 perfecte
2523 2704 2580 2746 ress

1511 2768 1615 2798 ctum
1633 2760 1754 2808 magis
1783 2759 1908 2798 munit
1927 2760 2126 2797 hominem
2147 2766 2279 2797 eontra
2307 2772 2438 2798 casum
2459 2773 2577 2809 quam

1511 2813 1561 2850 ad
1590 2813 1740 2851 ruinam
1767 2813 1934 2850 inducat.
1965 2814 2014 2850 Et
2041 2813 2128 2850 ideo
2154 2813 2425 2850 convenienter
2444 2813 2580 2853 dicitur

1513 2866 1619 2914 quod
1656 2867 1794 2903 dictum
1822 2866 1884 2903 vel
1897 2867 2051 2914 sactum
2079 2866 2203 2902 minus
2235 2871 2378 2903 rectum
2390 2868 2579 2914 praebens

1513 2919 1746 2971 occasionem
1776 2919 1909 2956 ruinae
1936 2919 1982 2956 sit
2009 2919 2243 2955 scandalum.

1566 2974 1626 3008 An
1660 2969 1797 3009 prunum
1825 2983 1923 3008 ERGO
1952 2983 2137 3009 monimum
2175 2971 2281 3019 quod
2310 2971 2487 3019 cogitatio
2515 2973 2578 3009 vel

1514 3025 1822 3074 concupiscentia
1858 3024 1946 3061 mali
1982 3026 2071 3061 latet
2108 3024 2145 3061 in
2184 3024 2320 3061 corde:
2359 3026 2461 3062 unde
2498 3037 2577 3062 non

1514 3078 1741 3127 proponitur
1768 3077 1873 3114 alteri
1901 3086 1942 3114 ut
1971 3078 2070 3114 obex
2103 3077 2310 3126 disponens
2339 3077 2387 3115 ad
2415 3077 2576 3115 ruinam.

1515 3132 1563 3168 Et
1589 3138 1746 3180 propter
1780 3131 1856 3167 hoc
1884 3143 1962 3167 non
1990 3138 2115 3180 potest
2147 3130 2289 3167 habere
2322 3131 2491 3168 scandali
2519 3143 2578 3168 ra—

1513 3185 1670 3221 tionem.

1567 3240 1625 3274 An
1654 3249 1844 3274 SECUNDUM
1864 3248 2050 3273 Diei-:unum
2079 3235 2185 3284 quod
2205 3235 2331 3272 minus
2351 3243 2495 3273 rectum
2515 3236 2577 3274 hic

1514 3303 1591 3327 non
1629 3290 1763 3327 dicitur
1781 3294 1794 3311 ‘
1823 3289 1927 3338 quod
1965 3290 2013 3326 ab
2043 3289 2171 3337 aliquo
2210 3288 2283 3324 alio
2313 3297 2512 3338 superatur
2538 3289 2574 3326 in

1566 3419 1590 3451 ὃ)
1612 3420 1690 3452 quod.
1708 3434 1727 3439 -
1745 3421 1888 3445 secundum
1908 3420 1979 3453 quod
1998 3421 2044 3445 Ρα.

1566 3456 1587 3487 ε)
1608 3455 1650 3480 hic
1669 3463 1719 3480 non
1740 3455 1848 3481 dicitur.
1866 3469 1885 3475 —
1903 3463 1954 3480 non
1975 3456 2074 3481 dicitur
2093 3455 2141 3480 hoc
2160 3456 2206 3480 Pa.

2609 1773 2620 1783 ·
2629 1772 2696 1794 νει-ε.
2707 1778 2740 1798 ης
2754 1773 2821 1795 Com-

2608 1801 2677 1827 »,mt.
2692 1799 2732 1823 ιῑιι.
2749 1799 2789 1822 ιιι.

2701 3303 2712 3320 ἱ
