2892 4056
199 2604 279 2652 sfssfi.
293 2610 386 2652 lle'ctti'ti'
396 2616 406 2620 -

288 2663 320 2684 xi,
335 2663 357 2678 n.
367 2663 387 2684 5.
397 2669 407 2673 -

198 2657 275 2705 Sc‘ffi.
291 2684 340 2705 lect.
357 2690 389 2705 ix.

198 2759 256 2781 ’Ca
275 2765 406 2785 .x,n.2.-

198 2786 221 2807 S.
233 2786 254 2807 T
272 2801 277 2807 .
293 2786 343 2807 lect.
359 2793 390 2808 rx.

197 3190 207 3199 ⁸
218 3189 253 3210 Cf.
269 3190 364 3211 Aristot.
375 3190 406 3211 Ε-

198 3215 254 3236 thic.
264 3216 382 3243 1ib.111‚ca
401 3232 407 3237 .

198 3248 213 3265 ι,
229 3248 251 3263 n.
263 3248 294 3268 ¹4·
303 3253 312 3257 -
327 3243 352 3264 S.
361 3223 406 3264 Tg,

198 3268 249 3290 lect.
264 3274 298 3290 ιιι.

450 202 524 238 380

446 279 548 316 bulia
577 287 612 317 et
639 280 838 329 prudentia
873 292 951 316 non
970 285 985 307 Υ
1006 279 1078 315 sint
1119 279 1291 316 diversae
1330 280 1508 317 virtutes:

1154 201 1420 248 QUAESTIO
1450 203 1514 251 LI,
1548 203 1844 241 ARTICULUS
1875 205 1924 240 111

1564 281 1649 318 tivis
1678 282 1750 318 alia
1779 282 1970 319 rationalis
2008 283 2162 320 scientia
2191 292 2246 321 est
2274 285 2485 334 dialectica,
2526 299 2623 335 quae

446 333 510 369 sed
536 333 640 379 quod
665 333 815 369 eubulia
844 333 1039 369 ordinetur
1068 331 1116 367 ad
1145 332 1387 380 prudentiam
1416 333 1510 370 sicut
1565 334 1758 370 ordinatur
1797 335 1846 371 ad
1882 335 2162 383 inquisitionem
2195 336 2449 384 inventivam3
2489 347 2524 376 et
2552 339 2624 376 alia

443 385 561 422 virtus
590 385 813 422 secundaria
841 385 890 421 ad
918 384 1180 432 principalem.

497 440 555 474 AD
583 449 742 474 TERTmM
771 448 954 474 mCENDUM
984 437 1089 486 quod
1123 436 1236 473 etiam
1271 436 1310 473 in
1338 438 1509 486 specula-

494 552 520 585 γ)
540 559 602 577 non.
619 564 638 570 —
657 551 717 575 Om.
737 550 984 583 BDEFGHKLpAC
1004 554 1028 574 et
1045 556 1097 579 τιας
1115 551 1275 576 et...eubulia
1293 559 1346 575 om.
1365 559 1410 583 px.

1563 386 1718 445 scientia
1747 387 2062 436 demonstrativa,
2092 400 2189 437 quae
2220 397 2275 426 est
2300 390 2467 428 veritatis
2502 393 2623 429 deter-

1562 447 1755 476 minattva.

1116 627 1449 661 Commentaria
1471 627 1723 661 cardinalis
1744 626 1947 660 Caietam

471 711 491 730 N
515 698 645 729 articulo
669 698 809 728 secundo
827 697 967 727 eiusdem
982 697 1387 739 quinquagesimaeprimae
1410 707 1504 738 quae-

445 713 581 775 Istionis
605 742 740 772 dubium
764 741 909 778 occurrit,
934 742 1102 782 quomodo
1131 751 1198 772 esse
1221 742 1301 772 bene
1332 741 1503 773 consiliati-

439 798 526 823 vum,
551 788 630 817 bene
653 785 869 822 indicativum,
895 792 924 816 et
947 786 1027 816 bene
1050 786 1298 826 praeceptivum,
1315 787 1353 816 ab
1368 785 1505 817 invicem

440 837 639 872 separantur:
665 837 695 861 et
717 836 824 860 tamen
848 839 960 860 omnes
983 829 1113 860 virtutes
1137 836 1211 860 sunt
1235 840 1405 861 connexae.

493 875 544 905 Ad
566 874 627 904 hoc
650 874 798 904 breviter.
812 873 925 904 dicitur
955 874 1044 914 quod
1066 876 1189 904 Auctor
1212 884 1279 904 non
1306 874 1449 916 loquitur
1471 874 1505 904 in

438 919 486 949 his
510 918 611 949 verbis
631 918 669 948 de
692 917 860 948 virtutibus
877 917 1063 948 facientibus
1080 918 1160 948 bene
1183 918 1350 955 consiliari,
1367 918 1505 949 iudicare

439 970 469 993 et
491 962 685 1002 praecipere:
710 961 765 992 sed
788 962 827 992 de
854 962 1049 992 naturalibus
1074 962 1336 1002 dispositionibus
1367 970 1398 993 et
1420 972 1504 993 exer-

438 1007 639 1038 citationibus
663 1005 795 1046 praeviis
819 1006 860 1036 ad
889 1005 1033 1043 virtutes;
1058 1013 1088 1037 et
1111 1016 1148 1037 ex
1172 1006 1349 1038 diversitate
1375 1007 1503 1044 horum,

438 1061 535 1092 quam
559 1061 596 1081 ex
619 1049 846 1090 separabilitate
869 1051 992 1091 probat,
1018 1050 1229 1082 diversitatem
1251 1051 1406 1083 virtutum
1430 1061 1504 1082 con-

438 1095 546 1126 cludit.
570 1094 735 1125 Naturales
759 1101 866 1125 antem
890 1094 1113 1135 dispositiones
1137 1095 1272 1136 separari
1296 1102 1381 1136 patet
1404 1105 1441 1126 ex
1465 1105 1503 1126 eo

437 1139 526 1180 quod
552 1138 766 1179 inquisitionis
794 1149 831 1169 ex
856 1138 1094 1179 imaginatione,
1120 1139 1235 1175 iudicii,
1251 1149 1287 1169 ex
1303 1149 1396 1170 sensu
1417 1149 1503 1170 corn-

437 1183 538 1221 muni,
563 1182 721 1223 praecepti
745 1189 851 1213 autem
874 1193 911 1213 ex
934 1183 1068 1213 naturali
1091 1182 1294 1214 inclinatione
1318 1184 1357 1213 ad
1374 1183 1502 1224 aliquid,

436 1234 514 1268 puta
538 1227 720 1264 castitatem,
744 1227 972 1264 liberalitatem,
998 1226 1122 1257 bonitas
1150 1227 1325 1267 consurgit:
1350 1227 1503 1267 imagina-

436 1272 482 1302 tio
506 1271 592 1302 enirn
621 1271 707 1302 bona
737 1271 879 1312 plurium
910 1278 956 1301 est
988 1270 1188 1301 adinventiva
1218 1271 1360 1307 viarum,
1393 1281 1503 1301 sensus

436 1323 543 1346 autern
567 1315 748 1346 communis
770 1315 879 1345 iudicii
903 1315 983 1345 circa
1007 1314 1176 1355 singularia
1199 1314 1374 1346 firmativus
1398 1322 1454 1352 est,
1474 1322 1504 1346 et
1529 1349 1531 1354 ,

436 1360 498 1390 hoc
514 1366 550 1390 ut
566 1359 742 1390 ministrant
757 1359 887 1395 rationi;
903 1358 1066 1389 inclinatio
1083 1365 1191 1390 autem
1206 1360 1246 1390 ad
1261 1359 1380 1400 aliquid
1395 1369 1503 1400 prom—

436 1410 509 1445 ptos
529 1414 588 1434 nos
604 1403 705 1434 reddit
721 1403 760 1434 ad
777 1403 995 1434 executionem
1007 1409 1038 1434 et
1056 1403 1235 1444 praecipere
1251 1403 1333 1440 facit,
1349 1404 1502 1434 trahendo

435 1448 633 1479 voluntatem
667 1448 706 1478 ad
736 1457 877 1478 consona
905 1447 951 1477 illi
979 1447 1185 1478 inclinationi.
1211 1466 1232 1472 -
1258 1447 1504 1480 Exercitationes

437 1502 567 1533 quoque
589 1491 736 1522 videmus
759 1498 926 1532 separatas,
951 1491 1030 1521 dum
1053 1491 1232 1522 inventivos
1255 1493 1294 1522 ad
1318 1502 1502 1533 proponen-

437 1537 515 1567 dum
537 1536 669 1567 libenter
691 1535 849 1572 audimus,
870 1535 1056 1566 iudicativos
1076 1536 1116 1566 ad
1135 1537 1379 1573 decernendum,
1394 1547 1503 1577 prom-

436 1580 498 1621 ptis
521 1581 560 1610 ad
576 1579 696 1620 aliquid
719 1580 840 1611 utimur
854 1580 894 1610 ad
917 1579 1139 1620 exequendum
1154 1580 1187 1610 in
1202 1580 1257 1611 illo
1273 1589 1400 1621 genere:
1425 1587 1503 1621 puta

435 1624 615 1655 liberalibus
638 1624 719 1654 natis
742 1624 782 1654 ad
805 1624 1054 1664 dispensandum
1079 1624 1272 1661 communia,
1298 1632 1329 1656 et
1350 1625 1430 1656 natis
1454 1635 1502 1656 ca-

437 1668 491 1699 stis
515 1669 554 1698 ad
578 1669 830 1699 conversandum
854 1678 928 1698 cum
951 1667 1148 1700 mulieribus.

490 1712 527 1742 11.
542 1712 576 1742 In
590 1712 703 1742 eodem
719 1712 861 1748 articulo,
879 1712 911 1742 in
930 1712 1138 1752 responsione
1151 1713 1191 1743 ad
1202 1713 1353 1752 primum,
1367 1712 1503 1742 dubium

436 1756 581 1792 occurrit,
599 1756 766 1795 quomodo
790 1755 968 1786 verificatur
979 1756 1068 1796 quod
1080 1757 1247 1796 prudentia
1259 1757 1338 1787 bene
1358 1756 1501 1787 consilia-

435 1807 487 1830 tur
500 1799 698 1840 imperative:
724 1810 798 1830 cum
814 1800 942 1830 eubulia
961 1800 1000 1830 sit
1015 1799 1111 1839 prior,
1129 1807 1240 1831 natura
1257 1801 1378 1837 saltem,
1402 1810 1501 1841 quam

435 1844 612 1885 prudentia.
636 1843 727 1874 Prius
750 1851 797 1875 est
819 1843 906 1874 enim
928 1850 1010 1874 recte
1034 1844 1201 1881 consiliari,
1228 1851 1258 1875 et
1281 1844 1394 1875 deinde
1420 1844 1501 1875 iudi·
1528 1867 1529 1871 ,

436 1898 514 1925 care,
536 1895 565 1919 et
581 1888 712 1919 demum
731 1888 919 1929 praecipere.
944 1888 1122 1925 Quomodo
1139 1898 1213 1929 ergo
1231 1888 1398 1929 prudentia
1413 1898 1501 1929 prae-

436 1932 511 1973 cipit
534 1933 597 1962 iam
620 1930 723 1963 facto?

489 1977 539 2007 Ad
561 1976 623 2007 hoc
641 1976 753 2007 dicitur
767 1977 856 2017 quod
879 1986 954 2007 cum
973 1976 1140 2016 prudentia
1163 1986 1196 2007 se
1211 1976 1324 2008 habeat
1339 1978 1378 2007 ad
1402 1977 1501 2008 eubu-

1531 700 1533 704 ’
1559 698 1607 728 nis
1629 699 1761 728 istarum
1787 696 2054 728 subservientium
2077 696 2116 726 ad
2139 695 2237 726 finem
2266 696 2488 736 principantis;
2513 707 2624 729 conse-

1558 752 1660 783 quens
1690 749 1736 772 est
1764 748 1799 772 ut
1822 740 1903 772 sicut
1930 740 2072 772 militaris
2102 740 2237 781 imperat
2266 740 2533 772 subservientibus
2565 741 2624 773 sibi

1558 786 1685 822 artibus,
1710 786 1753 816 ita
1776 785 1943 826 prudentia
1961 785 2132 826 praecipiat
2154 784 2404 815 ministrantibus
2421 784 2479 815 sibi
2501 785 2623 817 virtuti-

1558 831 1627 861 bus.
1652 830 1784 861 Relucet
1807 836 1914 860 autem
1936 829 1998 860 hoc
2021 829 2054 860 in
2078 828 2293 866 exterioribus,
2317 828 2350 859 in
2373 828 2490 869 quibus
2506 830 2623 870 praeci-

1558 875 1647 916 piens
1671 874 1813 905 subiecto
1837 873 2041 914 distinguitur
2063 883 2080 903 a
2096 872 2350 904 consiliantibus:
2375 872 2520 914 princeps
2535 883 2623 904 nam-

1557 929 1636 960 que,
1662 919 1751 950 cuius
1775 924 1822 949 est
1843 917 2038 959 praecipere,
2070 917 2204 958 imperat
2235 917 2429 948 consiliariis.
2457 917 2498 948 Et
2521 917 2624 948 simile

1557 963 1670 994 accidit
1692 963 1777 994 intus
1800 962 1834 993 in
1857 962 1973 993 anima.

1610 1008 1660 1038 Ad
1685 1006 1898 1038 obiectionem
1915 1013 2023 1038 autem
2045 1006 2078 1036 in
2099 1005 2287 1047 oppositum
2310 1004 2424 1036 dicitur
2439 1005 2528 1046 quod
2548 1005 2623 1046 quia

1557 1050 1628 1082 finis
1652 1051 1833 1092 principalis
1857 1057 1904 1081 est
1926 1050 2078 1082 ultimum
2106 1050 2140 1080 in
2164 1049 2349 1080 executione
2373 1055 2403 1080 et
2425 1049 2566 1090 primum
2589 1049 2622 1080 in

1557 1095 1742 1134 intentione,
1766 1095 1838 1125 ideo
1862 1095 1961 1125 virtus
1984 1094 2035 1125 vel
2058 1105 2106 1125 ars
2130 1094 2220 1125 cuius
2244 1100 2291 1124 est
2312 1093 2465 1134 respicere
2479 1093 2572 1124 illum
2586 1092 2622 1124 fi-

1557 1149 1632 1169 nem
1654 1138 1861 1179 principalem
1883 1145 1920 1169 ut
1942 1138 2109 1179 proprium
2139 1138 2274 1178 imperat
2297 1137 2548 1168 ministrantibus
2568 1137 2622 1168 tali

1557 1182 1667 1213 ordine
1691 1183 1779 1223 quod
1803 1182 1908 1224 primo
1933 1188 1980 1212 est
2001 1182 2135 1213 intentio
2158 1181 2242 1212 illius
2265 1181 2337 1212 finis
2351 1205 2358 1218 ,
2382 1181 2523 1212 secundo
2551 1191 2638 1212 exe--

1558 1226 1644 1257 cutio
1668 1226 1916 1257 ministrantium
1940 1232 1971 1257 et
1994 1235 2103 1256 earum
2125 1224 2214 1262 fines,
2239 1231 2270 1256 et
2292 1226 2424 1256 demum
2447 1232 2494 1256 est
2512 1235 2622 1257 execu-

1557 1270 1601 1301 tio
1624 1270 1815 1311 principalis,
1840 1277 1876 1301 ut
1898 1276 1984 1310 patet
2006 1270 2040 1300 in
2063 1269 2206 1301 militari:
2230 1269 2318 1309 prius
2341 1269 2427 1300 enim
2450 1276 2496 1300 est
2511 1279 2622 1301 execu-

1557 1314 1602 1345 tio
1633 1315 1784 1356 equestris
1815 1321 1846 1345 et
1874 1313 2077 1355 gladiatoriae
2107 1319 2138 1344 et
2168 1312 2386 1344 frenefactivae
2417 1323 2517 1354 quam
2553 1323 2622 1345 exe-

1557 1358 1643 1390 cutio
1667 1358 1825 1395 militaris;
1854 1358 1990 1399 imperat
2023 1364 2130 1388 tamen
2161 1356 2303 1388 militaris
2332 1356 2381 1388 his
2405 1357 2556 1387 omnibus
2585 1367 2623 1389 ex

1556 1402 1661 1444 priore
1683 1403 1859 1434 intentione
1882 1401 1963 1433 finis.
1988 1402 2030 1433 Et
2051 1401 2154 1432 simile
2177 1407 2264 1442 patet
2284 1401 2318 1431 in
2336 1400 2478 1442 principe
2501 1407 2532 1432 et
2547 1410 2622 1432 con-

1556 1447 1688 1484 siliariis,
1705 1454 1778 1478 etc.:
1802 1457 1906 1488 neque
1930 1446 2016 1477 enim
2039 1446 2185 1487 princeps
2200 1445 2306 1487 primo
2329 1444 2481 1486 praecipit
2501 1445 2623 1486 agenda

1556 1498 1587 1522 et
1601 1491 1714 1522 deinde
1729 1491 1899 1522 consilium
1915 1490 2057 1527 adhibet;
2082 1491 2137 1521 sed
2151 1490 2319 1521 intendens
2334 1489 2513 1530 praecipere
2535 1489 2622 1520 adhi-

1556 1536 1609 1567 bet
1636 1536 1806 1567 consilium
1835 1535 1876 1565 ad
1904 1534 2092 1566 invenienda
2120 1544 2201 1575 quae
2231 1540 2306 1565 sunt
2333 1533 2554 1574 praecipienda
2581 1535 2622 1564 ad

1555 1580 1651 1611 talem
1674 1580 1781 1611 finem.
1817 1579 1954 1620 Oportet
1976 1579 2062 1610 enim
2085 1578 2217 1609 consilia
2241 1588 2414 1618 congruere
2436 1585 2620 1618 praecepto:

1555 1623 1708 1665 alioquin,
1732 1623 1879 1665 quamvis
1902 1623 1978 1654 alias
2002 1623 2133 1663 optima,
2157 1629 2233 1653 tunc
2255 1632 2336 1653 vana
2360 1628 2390 1652 et
2412 1621 2500 1652 nulla
2529 1631 2622 1662 repu—

1555 1675 1679 1705 tantur;
1704 1674 1740 1699 ut
1762 1674 1848 1708 patet
1870 1667 1903 1697 in
1927 1667 2075 1698 dantibus
2098 1666 2230 1697 consilia
2252 1666 2291 1697 de
2314 1665 2375 1696 illis
2398 1665 2510 1696 mediis
2539 1676 2622 1707 quae

1555 1719 1665 1743 nostro
1689 1722 1756 1743 non
1778 1712 1914 1742 subsunt
1928 1721 1987 1752 pro
2002 1718 2079 1742 tunc
2099 1710 2248 1750 imperio.
2271 1709 2322 1741 Sic
2346 1710 2441 1741 etiam
2464 1709 2621 1751 contingit

1555 1756 1587 1786 in
1611 1756 1717 1787 anima
1747 1755 1930 1786 intendente
1961 1755 2059 1786 finem
2083 1754 2242 1796 aliquem,
2272 1760 2351 1795 puta
2382 1754 2566 1792 castitatem,
2590 1761 2622 1786 et

1555 1799 1682 1831 volente
1704 1799 1883 1840 praecipere
1902 1799 1961 1830 sibi
1976 1799 2082 1830 media
2098 1807 2253 1839 congrua:
2279 1797 2475 1834 consiliatur;
2500 1805 2530 1829 et
2545 1808 2621 1829 cum

1556 1844 1725 1875 contulerit
1747 1844 1835 1885 quod
1858 1843 1986 1880 ieiunia,
2010 1842 2209 1883 disciplinae,
2233 1842 2384 1873 lectiones
2407 1851 2527 1878 sacrae,
2551 1851 2619 1873 ora-

1555 1888 1656 1919 tiones
1680 1888 1833 1919 mentales
1856 1887 2036 1928 expediunt,
2060 1886 2094 1917 in
2109 1886 2171 1918 hoc
2194 1887 2318 1917 bonum
2334 1885 2504 1917 consilium
2518 1891 2574 1923 est,
2595 1885 2621 1917 si

1555 1932 1660 1963 media
1675 1942 1757 1974 quae
1773 1942 1833 1963 suo
1850 1932 1985 1963 subsunt
1999 1931 2135 1972 imperio
2151 1930 2335 1966 concludet;
2359 1928 2514 1970 contingit
2533 1929 2622 1966 enim

1554 1976 1719 2007 infirmum
1742 1986 1808 2007 esse
1825 1986 1969 2016 corpore,
1986 1975 2030 2006 sic
2051 1982 2087 2006 ut
2109 1982 2252 2016 peccaret
2274 1974 2446 2006 ieiunando
2467 1980 2498 2005 et
2511 1973 2621 2006 huius-

433 2021 510 2051 liam
533 2027 563 2051 et
585 2021 660 2051 alias
683 2020 846 2052 adiunctas
861 2021 992 2052 virtutes
1015 2021 1292 2062 quemadmodum
1308 2021 1452 2052 militaris
1468 2031 1501 2052 se
1555 2021 1654 2052 modi.
1686 2021 1823 2061 Imperat
1852 2030 1928 2061 ergo
1951 2019 2118 2061 prudentia
2138 2019 2295 2050 'eubuliae
2318 2025 2355 2050 ut
2380 2017 2620 2051 architectonica

434 2065 528 2095 habet
551 2065 590 2095 ad
613 2071 792 2106 equestrem
815 2072 846 2096 et
867 2065 1095 2105 gladiatoriam,
1121 2072 1156 2096 ut
1178 2072 1264 2106 patet
1287 2075 1323 2096 ex
1338 2065 1449 2096 ordine
1464 2065 1501 2096 fi-

1555 2065 1814 2096 ministrantibus.

1241 2200 1559 2243 ARTICULUS
1587 2200 1817 2242 TERTIUS

1145 2294 1322 2325 UTRUM
1357 2293 1561 2324 SYNESIS
1591 2293 1674 2324 svs
1705 2293 1900 2324 VIRTUS

856 2372 879 2396 1⁸
898 2371 954 2403 11⁸⁶,
974 2379 1018 2404 qu.
1038 2379 1098 2403 Lvu,
1118 2376 1164 2396 art.
1183 2370 1212 2402 63
1233 2371 1263 2396 111
1283 2371 1366 2400 Sent„
1387 2371 1444 2396 dist.
1463 2379 1548 2401 xxxm,
1567 2379 1611 2404 qu.
1630 2378 1668 2402 m,
1687 2376 1734 2396 art.
1756 2379 1777 2400 ι,
1797 2371 1846 2403 qu*
1867 2370 1880 2395 3
1887 2379 1894 2402 ;
1913 2371 1948 2395 VI
1968 2371 2063 2400 ahie„
2083 2371 2141 2395 lect.
2160 2377 2194 2395 tx.

472 2584 475 2596 λ
552 2580 573 2593 ,
605 2560 721 2598 non
755 2549 879 2584 insunt
912 2547 1019 2584 nobis
1046 2558 1070 2583 a
1099 2551 1253 2592 natura,
1289 2554 1331 2583 ut
1366 2546 1498 2584 dicitur

492 2577 581 2630 ἐὺ*
603 2594 635 2637 N
647 2601 686 2638 in
706 2602 737 2638 11
755 2601 874 2638 Ethic.
891 2599 911 2621 ’¹‘
931 2600 1008 2637 Sed
1029 2599 1175 2648 synesis
1194 2599 1291 2636 inest
1309 2600 1498 2647 aliquibus

435 2666 457 2690 a
485 2661 640 2701 natura,
678 2662 719 2691 ut
752 2653 840 2691 dicit
875 2652 1152 2701 Philosophus,
1191 2652 1228 2689 in
1256 2653 1307 2690 VI
1336 2653 1456 2690 Ethic.
1477 2652 1497 2675 ’¹‘

435 2707 538 2755 Ergo
567 2707 712 2754 synesis
741 2719 820 2744 non
848 2714 903 2743 est
929 2706 1060 2743 virtus.

489 2771 524 2797 2.
555 2761 787 2807 Prummu,
809 2759 966 2808 synesis,
986 2767 1026 2796 ut
1048 2759 1086 2796 in
1117 2758 1257 2796 eodem
1285 2758 1382 2795 libro
1401 2758 1422 2791 ³?
1442 2758 1496 2795 di-

435 2812 543 2859 citur,
573 2818 627 2849 est
651 2813 772 2850 solum
802 2813 1014 2850 indicativa.
1046 2811 1124 2849 Sed
1151 2811 1334 2848 iudicium
1354 2811 1494 2859 solum,

435 2865 515 2902 sine
535 2873 752 2914 praecepto,
774 2873 899 2914 potest
928 2877 1010 2902 esse
1040 2865 1153 2901 etiarn
1183 2865 1221 2902 in
1245 2865 1365 2902 malis.
1395 2865 1495 2901 Cum

435 2930 524 2966 ergo
544 2918 663 2955 virtus
683 2919 729 2956 sit
753 2919 878 2955 solum
907 2918 946 2955 in
974 2918 1095 2965 bonis,
1125 2918 1275 2955 videtur
1303 2917 1408 2966 quod
1436 2929 1496 2966 sy-

435 2970 534 3008 nesis
563 2983 642 3008 non
670 2972 716 3008 sit
742 2971 872 3008 virtus.

491 3025 524 3060 3.
554 3025 795 3071 ΡιιΑΕτι-ῑιιΕΑ,
827 3035 1027 3072 nunquam
1056 3031 1112 3060 est
1141 3024 1310 3061 defectus
1330 3023 1368 3060 in
1387 3035 1495 3072 prae-

436 3076 610 3125 cipiendo
640 3077 711 3114 nisi
748 3077 794 3114 sit
821 3077 954 3126 aliquis
991 3077 1160 3114 defectus
1197 3076 1236 3113 in
1268 3076 1494 3123 iudicando,

435 3130 567 3166 saltem
586 3129 625 3167 in
643 3130 858 3178 particulari
886 3129 1081 3179 operabili,
1103 3130 1141 3166 in
1169 3142 1248 3178 quo
1272 3129 1397 3167 omnis
1415 3140 1495 3166 ma-

434 3182 492 3219 lus
513 3190 611 3220 errat
624 3182 654 3219 ³¹⁸.
687 3182 727 3220 Si
747 3195 836 3230 ergo
857 3182 1002 3231 synesis
1022 3183 1176 3231 ponitur
1189 3182 1308 3220 virtus
1328 3182 1377 3220 ad
1396 3182 1494 3220 bene

1607 2441 1681 2478 sm>
1701 2452 1859 2488 CONTRA,
1889 2440 2070 2479 iudicium
2091 2448 2146 2478 est
2163 2440 2366 2490 perfectius
2385 2451 2502 2490 quam
2523 2451 2618 2479 cou-

1553 2493 1689 2531 silium.
1721 2494 1799 2531 Sed
1828 2493 1992 2541 eubulia,
2022 2506 2122 2542 quae
2151 2501 2207 2531 est
2234 2494 2334 2531 bene
2362 2492 2612 2540 nominativa,

1553 2553 1608 2583 est
1634 2546 1768 2584 virtus.
1805 2547 1908 2595 Ergo
1937 2547 2058 2584 multo
2088 2546 2209 2595 magis
2237 2546 2401 2596 synesis,
2430 2558 2529 2596 quae
2559 2553 2617 2584 est

1552 2600 1650 2636 bene
1679 2599 1901 2647 indicativa,
1931 2607 1986 2637 est
2012 2600 2144 2637 virtus.

1604 2654 1831 2690 Responnzo
1850 2665 2036 2691 melerinum
2063 2653 2170 2702 quod
2195 2653 2341 2702 synesis
2359 2652 2540 2701 importat
2557 2652 2614 2689 iu-

1551 2705 1694 2743 dicium
1723 2714 1870 2743 rectum
1907 2719 1986 2743 non
2019 2706 2176 2754 quidem
2215 2705 2314 2743 circa
2348 2704 2611 2754 speculabilia,

1550 2759 1619 2796 sed
1638 2760 1738 2796 circa
1757 2759 1997 2808 particularia
2020 2759 2239 2807 operabilia,
2260 2758 2358 2796 circa
2377 2770 2477 2806 quae
2497 2758 2613 2795 etiam

1551 2819 1607 2848 est
1625 2811 1837 2860 prudentia.
1867 2812 1979 2849 Unde
2003 2812 2216 2850 secundum
2243 2811 2410 2860 synesim
2439 2810 2614 2848 dicuntur

1548 2863 1587 2901 in
1615 2876 1751 2912 graeco
1772 2864 1886 2913 aliqui
1912 2865 2046 2914 syneti,
2066 2864 2162 2902 idest
2180 2864 2329 2911 sensati,
2350 2864 2413 2901 vel
2431 2863 2612 2912 eusyneti,

1549 2917 1646 2954 idest
1663 2917 1842 2955 homines
1870 2918 1962 2955 boni
1992 2929 2145 2967 sensus:
2176 2917 2272 2955 sicut
2295 2929 2316 2953 e
2336 2915 2527 2954 contrario
2546 2916 2613 2965 qui

1550 2978 1678 3008 carent
1705 2971 1778 3008 hac
1805 2971 1945 3008 virtute
1973 2968 2150 3009 dicuntur
2176 2970 2334 3019 asynetz,
2363 2969 2461 3007 idest
2487 2969 2613 3007 insen-

1549 3023 1630 3060 sati.
1661 3024 1824 3072 Oportet
1843 3031 1972 3062 autem
2001 3024 2107 3073 quod
2127 3023 2339 3061 secundum
2360 3021 2612 3061 differentiam

1549 3084 1703 3114 actuum
1732 3077 1798 3126 qui
1825 3089 1904 3114 non
1937 3077 2170 3114 reducuntur
2198 3077 2238 3115 in
2266 3075 2429 3114 eandem
2458 3086 2612 3113 causam

1549 3129 1595 3167 sit
1623 3129 1736 3167 etiam
1766 3130 1962 3168 diversitas
1980 3130 2176 3168 virtutum.
2206 3129 2453 3168 Manifestum
2473 3135 2529 3166 est
2546 3140 2612 3166 au-

1549 3190 1626 3220 tem
1650 3183 1757 3232 quod
1786 3183 1935 3221 bonitas
1964 3183 2109 3221 consilii
2137 3190 2174 3220 et
2201 3183 2351 3220 bonitas
2377 3181 2505 3219 iudicii
2532 3193 2612 3219 non

434 3234 694 3282 iudicandum,
715 3235 867 3273 videtur
894 3235 998 3285 quod
1019 3247 1098 3272 non
1117 3236 1164 3273 sit
1191 3235 1406 3272 necessaria
1425 3235 1496 3272 alia
1521 3234 1523 3298 l
1550 3235 1783 3274 reducuntur
1801 3236 1840 3274 in
1860 3236 2023 3274 eandem
2045 3248 2218 3274 causam:
2239 3235 2347 3273 multi
2367 3234 2469 3272 enim
2489 3239 2507 3256 ‘¹
2526 3241 2613 3272 sunt

433 3287 554 3326 virtus
574 3288 621 3326 ad
641 3289 740 3326 bene
768 3288 1092 3337 praecipiendum.
1123 3290 1172 3325 Et
1190 3289 1277 3326 ideo
1296 3288 1497 3337 prudentia

1550 3289 1648 3326 bene
1677 3289 1902 3327 consiliativi
1930 3290 1995 3339 qui
2023 3297 2153 3327 tamen
2180 3301 2260 3327 non
2284 3295 2371 3326 sunt
2398 3288 2498 3325 bene
2525 3299 2611 3325 sen·

436 3342 504 3378 erit
523 3341 735 3390 superflua:
764 3341 871 3389 quod
895 3349 950 3378 est
978 3341 1265 3379 inconveniens.
1294 3342 1387 3379 Non
1405 3353 1495 3389 ergo
1551 3341 1631 3389 sati,
1661 3343 1769 3390 quasi
1799 3350 1898 3380 recte
1927 3342 2149 3380 iudicantes.
2184 3342 2290 3380 Sicut
2317 3341 2432 3379 etiam
2461 3340 2499 3378 in
2526 3351 2611 3388 spe-

436 3395 581 3442 synesis
610 3402 665 3431 est
691 3394 822 3432 virtus.

489 3504 516 3536 α)
535 3503 614 3529 enim.
631 3517 650 3523 -
667 3507 757 3529 autem
777 3503 983 3536 ABEFIKLpCrt
1003 3508 1028 3527 et
1046 3510 1074 3529 a.

1552 3395 1722 3433 culativis
1742 3395 1858 3444 aliqui
1877 3403 1964 3433 sunt
1982 3396 2080 3433 bene
2100 3395 2342 3445 inquirentes,
2363 3400 2518 3444 propter
2536 3393 2610 3430 hoc
