<?xml version="1.0" encoding="UTF-8"?>
<!DOCTYPE html PUBLIC "-//W3C//DTD XHTML 1.0 Transitional//EN"
    "http://www.w3.org/TR/xhtml1/DTD/xhtml1-transitional.dtd">
<html xmlns="http://www.w3.org/1999/xhtml" xml:lang="en" lang="en">
 <head>
  <title>
</title>
<meta http-equiv="Content-Type" content="text/html;charset=utf-8" />
  <meta name='ocr-system' content='tesseract 3.04.00' />
  <meta name='ocr-capabilities' content='ocr_page ocr_carea ocr_par ocr_line ocrx_word'/>
</head>
<body>
  <div class='ocr_page' id='page_1' title='image "./operaomniaiussui08thom/operaomniaiussui08thom_0374.png"; bbox 0 0 2892 4056; ppageno 0'>
   <div class='ocr_carea' id='block_1_1' title="bbox 175 510 283 531">
    <p class='ocr_par' dir='ltr' id='par_1_1' title="bbox 175 510 283 531">
     <span class='ocr_line' id='line_1_1' title="bbox 175 510 283 531; baseline -0.009 0"><span class='ocrx_word' id='word_1_1' title='bbox 175 510 185 521; x_wconf 74' lang='lat'>⁸</span> <span class='ocrx_word' id='word_1_2' title='bbox 198 510 250 531; x_wconf 81' lang='lat' dir='ltr'>Art.</span> <span class='ocrx_word' id='word_1_3' title='bbox 267 516 283 531; x_wconf 83' lang='grc' dir='ltr'>ι.</span> 
     </span>
    </p>
   </div>
   <div class='ocr_carea' id='block_1_2' title="bbox 166 1876 378 1931">
    <p class='ocr_par' dir='ltr' id='par_1_2' title="bbox 166 1876 378 1931">
     <span class='ocr_line' id='line_1_2' title="bbox 166 1876 378 1902; baseline -0.005 -5"><span class='ocrx_word' id='word_1_4' title='bbox 166 1876 176 1885; x_wconf 79' lang='grc'><em>’</em></span> <span class='ocrx_word' id='word_1_5' title='bbox 184 1876 263 1897; x_wconf 81' lang='lat' dir='ltr'>Matth.</span> <span class='ocrx_word' id='word_1_6' title='bbox 273 1881 324 1902; x_wconf 79' lang='lat' dir='ltr'>cap.</span> <span class='ocrx_word' id='word_1_7' title='bbox 331 1882 378 1902; x_wconf 79' lang='lat' dir='ltr'>xvi,</span> 
     </span>
     <span class='ocr_line' id='line_1_3' title="bbox 166 1908 275 1931; baseline 0.009 -8"><span class='ocrx_word' id='word_1_8' title='bbox 166 1908 228 1924; x_wconf 83' lang='lat' dir='ltr'>vers.</span> <span class='ocrx_word' id='word_1_9' title='bbox 243 1908 275 1931; x_wconf 82' lang='lat'>²3·</span> 
     </span>
    </p>
   </div>
   <div class='ocr_carea' id='block_1_3' title="bbox 166 2193 306 2214">
    <p class='ocr_par' dir='ltr' id='par_1_3' title="bbox 166 2193 306 2214">
     <span class='ocr_line' id='line_1_4' title="bbox 166 2193 306 2214; baseline 0 0"><span class='ocrx_word' id='word_1_10' title='bbox 166 2194 176 2203; x_wconf 76' lang='lat'>⁸</span> <span class='ocrx_word' id='word_1_11' title='bbox 192 2193 258 2214; x_wconf 82' lang='lat' dir='ltr'>Vers.</span> <span class='ocrx_word' id='word_1_12' title='bbox 275 2193 306 2214; x_wconf 73' lang='grc' dir='ltr'>ιδ.</span> 
     </span>
    </p>
   </div>
   <div class='ocr_carea' id='block_1_4' title="bbox 170 2461 298 2483">
    <p class='ocr_par' dir='ltr' id='par_1_4' title="bbox 170 2461 298 2483">
     <span class='ocr_line' id='line_1_5' title="bbox 170 2461 298 2483; baseline 0.008 -1"><span class='ocrx_word' id='word_1_13' title='bbox 170 2465 178 2472; x_wconf 86' lang='grc'>’</span> <span class='ocrx_word' id='word_1_14' title='bbox 194 2461 260 2483; x_wconf 81' lang='lat' dir='ltr'>Vers.</span> <span class='ocrx_word' id='word_1_15' title='bbox 276 2462 298 2483; x_wconf 75' lang='lat'>8.</span> 
     </span>
    </p>
   </div>
   <div class='ocr_carea' id='block_1_5' title="bbox 167 2677 364 2705">
    <p class='ocr_par' dir='ltr' id='par_1_5' title="bbox 167 2677 364 2705">
     <span class='ocr_line' id='line_1_6' title="bbox 167 2677 364 2705; baseline -0.005 -6"><span class='ocrx_word' id='word_1_16' title='bbox 167 2680 177 2689; x_wconf 76' lang='lat'>⁴¹</span> <span class='ocrx_word' id='word_1_17' title='bbox 193 2679 243 2699; x_wconf 85' lang='lat' dir='ltr'>Art.</span> <span class='ocrx_word' id='word_1_18' title='bbox 260 2677 364 2705; x_wconf 81' lang='lat' dir='ltr'>praeced.</span> 
     </span>
    </p>
   </div>
   <div class='ocr_carea' id='block_1_6' title="bbox 167 2778 298 2800">
    <p class='ocr_par' dir='ltr' id='par_1_6' title="bbox 167 2778 298 2800">
     <span class='ocr_line' id='line_1_7' title="bbox 167 2778 298 2800; baseline 0 -1"><span class='ocrx_word' id='word_1_19' title='bbox 167 2779 178 2790; x_wconf 66' lang='lat'>⁸</span> <span class='ocrx_word' id='word_1_20' title='bbox 194 2778 260 2800; x_wconf 86' lang='lat' dir='ltr'>Vers.</span> <span class='ocrx_word' id='word_1_21' title='bbox 276 2778 298 2799; x_wconf 84' lang='lat'>6.</span> 
     </span>
    </p>
   </div>
   <div class='ocr_carea' id='block_1_7' title="bbox 170 2890 381 2938">
    <p class='ocr_par' dir='ltr' id='par_1_7' title="bbox 170 2890 381 2938">
     <span class='ocr_line' id='line_1_8' title="bbox 170 2890 381 2912; baseline -0.005 0"><span class='ocrx_word' id='word_1_22' title='bbox 170 2892 180 2901; x_wconf 68' lang='lat'><strong><em>⁴</em></strong></span> <span class='ocrx_word' id='word_1_23' title='bbox 195 2891 319 2912; x_wconf 84' lang='lat' dir='ltr'>Comment.</span> <span class='ocrx_word' id='word_1_24' title='bbox 340 2890 381 2911; x_wconf 89' lang='lat' dir='ltr'>lib.</span> 
     </span>
     <span class='ocr_line' id='line_1_9' title="bbox 170 2917 210 2938; baseline 0 0"><span class='ocrx_word' id='word_1_25' title='bbox 170 2917 210 2938; x_wconf 80' lang='lat'>111.</span> 
     </span>
    </p>
   </div>
   <div class='ocr_carea' id='block_1_8' title="bbox 417 217 490 252">
    <p class='ocr_par' dir='ltr' id='par_1_8' title="bbox 417 217 490 252">
     <span class='ocr_line' id='line_1_10' title="bbox 417 217 490 252; baseline 0 0"><span class='ocrx_word' id='word_1_26' title='bbox 417 217 490 252; x_wconf 84' lang='lat'>326</span> 
     </span>
    </p>
   </div>
   <div class='ocr_carea' id='block_1_9' title="bbox 407 291 1501 1186">
    <p class='ocr_par' dir='ltr' id='par_1_9' title="bbox 413 291 1501 500">
     <span class='ocr_line' id='line_1_11' title="bbox 468 291 1501 349; baseline 0 -19"><span class='ocrx_word' id='word_1_27' title='bbox 468 294 542 330; x_wconf 78' lang='lat' dir='ltr'>SED</span> <span class='ocrx_word' id='word_1_28' title='bbox 572 305 729 340; x_wconf 80' lang='lat' dir='ltr'>CONTRA,</span> <span class='ocrx_word' id='word_1_29' title='bbox 759 292 939 329; x_wconf 89' lang='lat' dir='ltr'>inducere</span> <span class='ocrx_word' id='word_1_30' title='bbox 969 291 1135 339; x_wconf 82' lang='lat' dir='ltr'>aliquem</span> <span class='ocrx_word' id='word_1_31' title='bbox 1164 291 1213 328; x_wconf 88' lang='lat' dir='ltr'>ad</span> <span class='ocrx_word' id='word_1_32' title='bbox 1233 293 1474 340; x_wconf 89' lang='lat' dir='ltr'>peccandum</span> <span class='ocrx_word' id='word_1_33' title='bbox 1499 295 1501 349; x_wconf 65' lang='lat' dir='ltr'>j</span> 
     </span>
     <span class='ocr_line' id='line_1_12' title="bbox 413 344 1501 394; baseline -0.001 -12"><span class='ocrx_word' id='word_1_34' title='bbox 413 346 609 383; x_wconf 85' lang='lat' dir='ltr'>venialiter</span> <span class='ocrx_word' id='word_1_35' title='bbox 633 353 757 394; x_wconf 91' lang='lat' dir='ltr'>potest</span> <span class='ocrx_word' id='word_1_36' title='bbox 785 357 865 381; x_wconf 90' lang='lat' dir='ltr'>esse</span> <span class='ocrx_word' id='word_1_37' title='bbox 885 351 1083 393; x_wconf 89' lang='lat' dir='ltr'>peccatum</span> <span class='ocrx_word' id='word_1_38' title='bbox 1113 344 1274 382; x_wconf 89' lang='lat' dir='ltr'>veniale.</span> <span class='ocrx_word' id='word_1_39' title='bbox 1305 345 1380 383; x_wconf 86' lang='lat' dir='ltr'>Sed</span> <span class='ocrx_word' id='word_1_40' title='bbox 1400 346 1475 382; x_wconf 92' lang='lat' dir='ltr'>hoc</span> <span class='ocrx_word' id='word_1_41' title='bbox 1499 354 1501 393; x_wconf 59' lang='lat' dir='ltr'>s</span> 
     </span>
     <span class='ocr_line' id='line_1_13' title="bbox 413 396 1501 447; baseline -0.001 -11"><span class='ocrx_word' id='word_1_42' title='bbox 413 399 574 447; x_wconf 87' lang='lat' dir='ltr'><strong>pertinet</strong></span> <span class='ocrx_word' id='word_1_43' title='bbox 606 399 655 435; x_wconf 93' lang='lat' dir='ltr'>ad</span> <span class='ocrx_word' id='word_1_44' title='bbox 683 398 867 434; x_wconf 88' lang='lat' dir='ltr'>rationem</span> <span class='ocrx_word' id='word_1_45' title='bbox 898 396 1075 433; x_wconf 82' lang='lat' dir='ltr'>scandali.</span> <span class='ocrx_word' id='word_1_46' title='bbox 1120 398 1222 444; x_wconf 86' lang='lat' dir='ltr'>Ergo</span> <span class='ocrx_word' id='word_1_47' title='bbox 1252 398 1473 435; x_wconf 90' lang='lat' dir='ltr'>scandalum</span> <span class='ocrx_word' id='word_1_48' title='bbox 1499 398 1501 411; x_wconf 70' lang='lat'>²</span> 
     </span>
     <span class='ocr_line' id='line_1_14' title="bbox 413 446 1501 500; baseline -0.006 -12"><span class='ocrx_word' id='word_1_49' title='bbox 413 459 539 500; x_wconf 90' lang='lat' dir='ltr'>potest</span> <span class='ocrx_word' id='word_1_50' title='bbox 568 464 650 488; x_wconf 92' lang='lat' dir='ltr'>esse</span> <span class='ocrx_word' id='word_1_51' title='bbox 678 458 877 499; x_wconf 90' lang='lat' dir='ltr'>peccatum</span> <span class='ocrx_word' id='word_1_52' title='bbox 906 448 1065 484; x_wconf 90' lang='lat' dir='ltr'>veniale.</span> <span class='ocrx_word' id='word_1_53' title='bbox 1499 446 1501 454; x_wconf 64' lang='lat'><strong>¹</strong></span> 
     </span>
    </p>

    <p class='ocr_par' dir='ltr' id='par_1_10' title="bbox 408 501 1501 1080">
     <span class='ocr_line' id='line_1_15' title="bbox 468 501 1501 556; baseline -0.001 -15"><span class='ocrx_word' id='word_1_54' title='bbox 468 506 691 541; x_wconf 63' lang='lat' dir='ltr'>Resposmzo</span> <span class='ocrx_word' id='word_1_55' title='bbox 725 514 908 539; x_wconf 76' lang='lat' dir='ltr'><strong>DICENDUM</strong></span> <span class='ocrx_word' id='word_1_56' title='bbox 946 501 1068 550; x_wconf 90' lang='lat' dir='ltr'>quod,</span> <span class='ocrx_word' id='word_1_57' title='bbox 1108 501 1203 538; x_wconf 91' lang='lat' dir='ltr'>sicut</span> <span class='ocrx_word' id='word_1_58' title='bbox 1231 515 1346 551; x_wconf 90' lang='lat' dir='ltr'>supra</span> <span class='ocrx_word' id='word_1_59' title='bbox 1374 503 1393 524; x_wconf 77' lang='lat'>’¹‘</span> <span class='ocrx_word' id='word_1_60' title='bbox 1423 503 1475 540; x_wconf 93' lang='lat' dir='ltr'>di·</span> <span class='ocrx_word' id='word_1_61' title='bbox 1499 520 1501 556; x_wconf 58' lang='lat'><em>3</em></span> 
     </span>
     <span class='ocr_line' id='line_1_16' title="bbox 414 553 1475 603; baseline -0.002 -9"><span class='ocrx_word' id='word_1_62' title='bbox 414 565 515 594; x_wconf 88' lang='lat' dir='ltr'>ctum</span> <span class='ocrx_word' id='word_1_63' title='bbox 537 565 602 602; x_wconf 89' lang='lat' dir='ltr'>est,</span> <span class='ocrx_word' id='word_1_64' title='bbox 624 555 843 592; x_wconf 89' lang='lat' dir='ltr'>scandalum</span> <span class='ocrx_word' id='word_1_65' title='bbox 864 554 1042 602; x_wconf 85' lang='lat' dir='ltr'>importat</span> <span class='ocrx_word' id='word_1_66' title='bbox 1062 553 1334 602; x_wconf 85' lang='lat' dir='ltr'>impactionem</span> <span class='ocrx_word' id='word_1_67' title='bbox 1355 568 1475 603; x_wconf 87' lang='lat' dir='ltr'>quan-</span> 
     </span>
     <span class='ocr_line' id='line_1_17' title="bbox 413 606 1500 657; baseline -0.003 -9"><span class='ocrx_word' id='word_1_68' title='bbox 413 613 515 657; x_wconf 91' lang='lat' dir='ltr'>dam,</span> <span class='ocrx_word' id='word_1_69' title='bbox 536 621 606 657; x_wconf 90' lang='lat' dir='ltr'>per</span> <span class='ocrx_word' id='word_1_70' title='bbox 624 620 739 657; x_wconf 91' lang='lat' dir='ltr'>quam</span> <span class='ocrx_word' id='word_1_71' title='bbox 771 607 905 654; x_wconf 91' lang='lat' dir='ltr'>aliquis</span> <span class='ocrx_word' id='word_1_72' title='bbox 925 606 1138 654; x_wconf 90' lang='lat' dir='ltr'>disponitur</span> <span class='ocrx_word' id='word_1_73' title='bbox 1165 607 1214 644; x_wconf 90' lang='lat' dir='ltr'>ad</span> <span class='ocrx_word' id='word_1_74' title='bbox 1234 607 1396 644; x_wconf 89' lang='lat' dir='ltr'>ruinam.</span> <span class='ocrx_word' id='word_1_75' title='bbox 1427 609 1476 645; x_wconf 90' lang='lat' dir='ltr'>Et</span> <span class='ocrx_word' id='word_1_76' title='bbox 1499 608 1500 620; x_wconf 68' lang='lat'>³</span> 
     </span>
     <span class='ocr_line' id='line_1_18' title="bbox 411 659 1474 709; baseline -0.003 -9"><span class='ocrx_word' id='word_1_77' title='bbox 411 664 498 700; x_wconf 93' lang='lat' dir='ltr'>ideo</span> <span class='ocrx_word' id='word_1_78' title='bbox 520 662 740 698; x_wconf 90' lang='lat' dir='ltr'>scandalum</span> <span class='ocrx_word' id='word_1_79' title='bbox 757 660 951 708; x_wconf 87' lang='lat' dir='ltr'>passivum</span> <span class='ocrx_word' id='word_1_80' title='bbox 967 659 1201 708; x_wconf 87' lang='lat' dir='ltr'>quandoque</span> <span class='ocrx_word' id='word_1_81' title='bbox 1221 660 1377 708; x_wconf 92' lang='lat' dir='ltr'>quidem</span> <span class='ocrx_word' id='word_1_82' title='bbox 1391 668 1474 709; x_wconf 93' lang='lat' dir='ltr'>pot-</span> 
     </span>
     <span class='ocr_line' id='line_1_19' title="bbox 412 712 1474 762; baseline -0.002 -10"><span class='ocrx_word' id='word_1_83' title='bbox 412 724 467 752; x_wconf 88' lang='lat' dir='ltr'>est</span> <span class='ocrx_word' id='word_1_84' title='bbox 495 727 576 750; x_wconf 90' lang='lat' dir='ltr'>esse</span> <span class='ocrx_word' id='word_1_85' title='bbox 605 720 804 762; x_wconf 86' lang='lat' dir='ltr'>peccatum</span> <span class='ocrx_word' id='word_1_86' title='bbox 842 712 1011 759; x_wconf 86' lang='lat' dir='ltr'>veniale,</span> <span class='ocrx_word' id='word_1_87' title='bbox 1042 713 1151 760; x_wconf 91' lang='lat' dir='ltr'>quasi</span> <span class='ocrx_word' id='word_1_88' title='bbox 1179 713 1324 749; x_wconf 90' lang='lat' dir='ltr'>habens</span> <span class='ocrx_word' id='word_1_89' title='bbox 1353 713 1474 762; x_wconf 91' lang='lat' dir='ltr'>impa-</span> 
     </span>
     <span class='ocr_line' id='line_1_20' title="bbox 411 765 1472 814; baseline -0.002 -9"><span class='ocrx_word' id='word_1_90' title='bbox 411 769 576 805; x_wconf 90' lang='lat' dir='ltr'>ctionem</span> <span class='ocrx_word' id='word_1_91' title='bbox 605 773 770 803; x_wconf 90' lang='lat' dir='ltr'>tantum:</span> <span class='ocrx_word' id='word_1_92' title='bbox 799 773 890 813; x_wconf 92' lang='lat' dir='ltr'>puta</span> <span class='ocrx_word' id='word_1_93' title='bbox 919 777 1006 802; x_wconf 91' lang='lat' dir='ltr'>cum</span> <span class='ocrx_word' id='word_1_94' title='bbox 1028 765 1163 814; x_wconf 92' lang='lat' dir='ltr'>aliquis</span> <span class='ocrx_word' id='word_1_95' title='bbox 1192 777 1237 801; x_wconf 87' lang='lat' dir='ltr'>ex</span> <span class='ocrx_word' id='word_1_96' title='bbox 1256 765 1472 803; x_wconf 89' lang='lat' dir='ltr'>inordinato</span> 
     </span>
     <span class='ocr_line' id='line_1_21' title="bbox 411 818 1475 858; baseline -0.002 -1"><span class='ocrx_word' id='word_1_97' title='bbox 411 821 510 858; x_wconf 92' lang='lat' dir='ltr'>dicto</span> <span class='ocrx_word' id='word_1_98' title='bbox 548 820 610 856; x_wconf 89' lang='lat' dir='ltr'>vel</span> <span class='ocrx_word' id='word_1_99' title='bbox 640 820 738 855; x_wconf 86' lang='lat' dir='ltr'>facto</span> <span class='ocrx_word' id='word_1_100' title='bbox 768 818 920 855; x_wconf 86' lang='lat' dir='ltr'>alterius</span> <span class='ocrx_word' id='word_1_101' title='bbox 959 825 1228 855; x_wconf 90' lang='lat' dir='ltr'>commovetur</span> <span class='ocrx_word' id='word_1_102' title='bbox 1262 825 1371 855; x_wconf 90' lang='lat' dir='ltr'>motu</span> <span class='ocrx_word' id='word_1_103' title='bbox 1409 832 1475 856; x_wconf 91' lang='lat' dir='ltr'>ve-</span> 
     </span>
     <span class='ocr_line' id='line_1_22' title="bbox 410 870 1473 921; baseline -0.001 -11"><span class='ocrx_word' id='word_1_104' title='bbox 410 874 518 911; x_wconf 89' lang='lat' dir='ltr'>nialis</span> <span class='ocrx_word' id='word_1_105' title='bbox 559 872 717 921; x_wconf 91' lang='lat' dir='ltr'>peccati.</span> <span class='ocrx_word' id='word_1_106' title='bbox 761 870 1007 919; x_wconf 81' lang='lat' dir='ltr'>Quandoque</span> <span class='ocrx_word' id='word_1_107' title='bbox 1043 884 1138 908; x_wconf 92' lang='lat' dir='ltr'>vero</span> <span class='ocrx_word' id='word_1_108' title='bbox 1177 878 1231 907; x_wconf 88' lang='lat' dir='ltr'>est</span> <span class='ocrx_word' id='word_1_109' title='bbox 1272 880 1473 920; x_wconf 88' lang='lat' dir='ltr'>peccatum</span> 
     </span>
     <span class='ocr_line' id='line_1_23' title="bbox 410 924 1472 974; baseline -0.001 -11"><span class='ocrx_word' id='word_1_110' title='bbox 410 927 582 972; x_wconf 81' lang='lat' dir='ltr'>mortale,</span> <span class='ocrx_word' id='word_1_111' title='bbox 614 924 722 974; x_wconf 86' lang='lat' dir='ltr'>quasi</span> <span class='ocrx_word' id='word_1_112' title='bbox 748 925 895 962; x_wconf 87' lang='lat' dir='ltr'>habens</span> <span class='ocrx_word' id='word_1_113' title='bbox 924 936 1012 961; x_wconf 89' lang='lat' dir='ltr'>cum</span> <span class='ocrx_word' id='word_1_114' title='bbox 1043 924 1274 973; x_wconf 85' lang='lat' dir='ltr'>impactione</span> <span class='ocrx_word' id='word_1_115' title='bbox 1304 925 1472 962; x_wconf 87' lang='lat' dir='ltr'>ruinam:</span> 
     </span>
     <span class='ocr_line' id='line_1_24' title="bbox 408 977 1472 1029; baseline -0.001 -13"><span class='ocrx_word' id='word_1_116' title='bbox 408 988 498 1029; x_wconf 90' lang='lat' dir='ltr'>puta</span> <span class='ocrx_word' id='word_1_117' title='bbox 537 991 625 1015; x_wconf 92' lang='lat' dir='ltr'>cum</span> <span class='ocrx_word' id='word_1_118' title='bbox 663 977 797 1025; x_wconf 90' lang='lat' dir='ltr'>aliquis</span> <span class='ocrx_word' id='word_1_119' title='bbox 827 990 871 1014; x_wconf 86' lang='lat' dir='ltr'>ex</span> <span class='ocrx_word' id='word_1_120' title='bbox 901 977 1116 1014; x_wconf 86' lang='lat' dir='ltr'>inordinato</span> <span class='ocrx_word' id='word_1_121' title='bbox 1154 977 1254 1014; x_wconf 91' lang='lat' dir='ltr'>dicto</span> <span class='ocrx_word' id='word_1_122' title='bbox 1282 978 1344 1014; x_wconf 90' lang='lat' dir='ltr'>vel</span> <span class='ocrx_word' id='word_1_123' title='bbox 1372 978 1472 1015; x_wconf 90' lang='lat' dir='ltr'>facto</span> 
     </span>
     <span class='ocr_line' id='line_1_25' title="bbox 408 1031 1419 1080; baseline -0.002 -11"><span class='ocrx_word' id='word_1_124' title='bbox 408 1032 560 1070; x_wconf 89' lang='lat' dir='ltr'>alterius</span> <span class='ocrx_word' id='word_1_125' title='bbox 589 1031 763 1080; x_wconf 90' lang='lat' dir='ltr'>procedit</span> <span class='ocrx_word' id='word_1_126' title='bbox 790 1042 911 1080; x_wconf 91' lang='lat' dir='ltr'>usque</span> <span class='ocrx_word' id='word_1_127' title='bbox 940 1031 988 1067; x_wconf 91' lang='lat' dir='ltr'>ad</span> <span class='ocrx_word' id='word_1_128' title='bbox 1016 1038 1218 1079; x_wconf 90' lang='lat' dir='ltr'>peccatum</span> <span class='ocrx_word' id='word_1_129' title='bbox 1248 1032 1419 1067; x_wconf 88' lang='lat' dir='ltr'>mortale.</span> 
     </span>
    </p>

    <p class='ocr_par' dir='ltr' id='par_1_11' title="bbox 407 1082 1474 1186">
     <span class='ocr_line' id='line_1_26' title="bbox 462 1082 1474 1132; baseline -0.003 -10"><span class='ocrx_word' id='word_1_130' title='bbox 462 1082 695 1122; x_wconf 87' lang='lat' dir='ltr'>Scandalum</span> <span class='ocrx_word' id='word_1_131' title='bbox 726 1092 855 1121; x_wconf 90' lang='lat' dir='ltr'>autem</span> <span class='ocrx_word' id='word_1_132' title='bbox 885 1083 1066 1131; x_wconf 86' lang='lat' dir='ltr'>activum,</span> <span class='ocrx_word' id='word_1_133' title='bbox 1097 1083 1126 1119; x_wconf 89' lang='lat' dir='ltr'>si</span> <span class='ocrx_word' id='word_1_134' title='bbox 1156 1083 1202 1120; x_wconf 90' lang='lat' dir='ltr'>sit</span> <span class='ocrx_word' id='word_1_135' title='bbox 1221 1083 1377 1132; x_wconf 88' lang='lat' dir='ltr'>quidem</span> <span class='ocrx_word' id='word_1_136' title='bbox 1406 1095 1474 1132; x_wconf 92' lang='lat' dir='ltr'>per</span> 
     </span>
     <span class='ocr_line' id='line_1_27' title="bbox 407 1136 1474 1186; baseline -0.003 -11"><span class='ocrx_word' id='word_1_137' title='bbox 407 1138 596 1186; x_wconf 84' lang='lat' dir='ltr'>accidens,</span> <span class='ocrx_word' id='word_1_138' title='bbox 625 1145 752 1186; x_wconf 92' lang='lat' dir='ltr'>potest</span> <span class='ocrx_word' id='word_1_139' title='bbox 781 1149 863 1174; x_wconf 91' lang='lat' dir='ltr'>esse</span> <span class='ocrx_word' id='word_1_140' title='bbox 893 1137 1126 1185; x_wconf 87' lang='lat' dir='ltr'>quandoque</span> <span class='ocrx_word' id='word_1_141' title='bbox 1155 1136 1311 1184; x_wconf 90' lang='lat' dir='ltr'>quidem</span> <span class='ocrx_word' id='word_1_142' title='bbox 1340 1149 1474 1184; x_wconf 89' lang='lat' dir='ltr'>pecca-</span> 
     </span>
    </p>
   </div>
   <div class='ocr_carea' id='block_1_10' title="bbox 460 1251 1165 1286">
    <p class='ocr_par' dir='ltr' id='par_1_12' title="bbox 460 1251 1165 1286">
     <span class='ocr_line' id='line_1_28' title="bbox 460 1251 1165 1286; baseline -0.006 -8"><span class='ocrx_word' id='word_1_143' title='bbox 460 1252 484 1286; x_wconf 85' lang='grc' dir='ltr'>β)</span> <span class='ocrx_word' id='word_1_144' title='bbox 504 1252 655 1278; x_wconf 77' lang='lat' dir='ltr'>committit.</span> <span class='ocrx_word' id='word_1_145' title='bbox 673 1266 693 1270; x_wconf 98' lang='lat'>-</span> <span class='ocrx_word' id='word_1_146' title='bbox 711 1252 775 1276; x_wconf 88' lang='lat' dir='ltr'>Post</span> <span class='ocrx_word' id='word_1_147' title='bbox 793 1251 981 1276; x_wconf 80' lang='lat' dir='ltr'>indiscretione</span> <span class='ocrx_word' id='word_1_148' title='bbox 999 1256 1099 1282; x_wconf 83' lang='lat' dir='ltr'>ponunt</span> <span class='ocrx_word' id='word_1_149' title='bbox 1119 1251 1165 1274; x_wconf 81' lang='lat' dir='ltr'>Pa.</span> 
     </span>
    </p>
   </div>
   <div class='ocr_carea' id='block_1_11' title="bbox 1501 623 1504 1317">
    <p class='ocr_par' dir='ltr' id='par_1_13' title="bbox 1501 623 1504 1317">
     <span class='ocr_line' id='line_1_29' title="bbox 1501 623 1504 1317; baseline 0 0"><span class='ocrx_word' id='word_1_150' title='bbox 1501 623 1504 1317; x_wconf 95' lang='lat' dir='ltr'> </span> 
     </span>
    </p>
   </div>
   <div class='ocr_carea' id='block_1_12' title="bbox 459 1284 1325 1322">
    <p class='ocr_par' dir='ltr' id='par_1_14' title="bbox 459 1284 1325 1322">
     <span class='ocr_line' id='line_1_30' title="bbox 459 1284 1325 1322; baseline -0.005 -8"><span class='ocrx_word' id='word_1_151' title='bbox 459 1290 486 1322; x_wconf 78' lang='grc' dir='ltr'>γ)</span> <span class='ocrx_word' id='word_1_152' title='bbox 511 1289 584 1321; x_wconf 83' lang='lat' dir='ltr'>quia.</span> <span class='ocrx_word' id='word_1_153' title='bbox 601 1301 620 1307; x_wconf 92' lang='lat'>—</span> <span class='ocrx_word' id='word_1_154' title='bbox 638 1287 746 1320; x_wconf 78' lang='lat' dir='ltr'>quando</span> <span class='ocrx_word' id='word_1_155' title='bbox 765 1287 835 1316; x_wconf 82' lang='lat' dir='ltr'>PAa,</span> <span class='ocrx_word' id='word_1_156' title='bbox 855 1291 880 1310; x_wconf 90' lang='lat' dir='ltr'>et</span> <span class='ocrx_word' id='word_1_157' title='bbox 899 1293 959 1310; x_wconf 84' lang='lat' dir='ltr'>mox</span> <span class='ocrx_word' id='word_1_158' title='bbox 978 1286 1025 1310; x_wconf 80' lang='lat' dir='ltr'>Pa.</span> <span class='ocrx_word' id='word_1_159' title='bbox 1042 1299 1061 1304; x_wconf 94' lang='lat'>—</span> <span class='ocrx_word' id='word_1_160' title='bbox 1080 1285 1130 1309; x_wconf 84' lang='lat' dir='ltr'>Pro</span> <span class='ocrx_word' id='word_1_161' title='bbox 1149 1284 1186 1315; x_wconf 83' lang='lat' dir='ltr'>ut,</span> <span class='ocrx_word' id='word_1_162' title='bbox 1208 1288 1237 1310; x_wconf 84' lang='lat' dir='ltr'>ut</span> <span class='ocrx_word' id='word_1_163' title='bbox 1255 1285 1279 1309; x_wconf 83' lang='lat' dir='ltr'>si</span> <span class='ocrx_word' id='word_1_164' title='bbox 1297 1285 1325 1310; x_wconf 87' lang='lat' dir='ltr'>P.</span> 
     </span>
    </p>
   </div>
   <div class='ocr_carea' id='block_1_13' title="bbox 1091 214 1913 263">
    <p class='ocr_par' dir='ltr' id='par_1_15' title="bbox 1091 214 1913 263">
     <span class='ocr_line' id='line_1_31' title="bbox 1091 214 1913 263; baseline 0.002 -13"><span class='ocrx_word' id='word_1_165' title='bbox 1091 214 1357 260; x_wconf 87' lang='lat' dir='ltr'>QUAESTIO</span> <span class='ocrx_word' id='word_1_166' title='bbox 1387 216 1524 263; x_wconf 86' lang='lat' dir='ltr'>XLIII,</span> <span class='ocrx_word' id='word_1_167' title='bbox 1554 216 1849 252; x_wconf 90' lang='lat' dir='ltr'>ARTICULUS</span> <span class='ocrx_word' id='word_1_168' title='bbox 1877 216 1913 252; x_wconf 93' lang='lat' dir='ltr'>V</span> 
     </span>
    </p>
   </div>
   <div class='ocr_carea' id='block_1_14' title="bbox 1526 293 2588 555">
    <p class='ocr_par' dir='ltr' id='par_1_16' title="bbox 1526 293 2588 555">
     <span class='ocr_line' id='line_1_32' title="bbox 1526 293 2587 347; baseline 0.006 -17"><span class='ocrx_word' id='word_1_169' title='bbox 1526 301 1606 330; x_wconf 91' lang='lat' dir='ltr'>tum</span> <span class='ocrx_word' id='word_1_170' title='bbox 1634 293 1803 330; x_wconf 90' lang='lat' dir='ltr'>veniale:</span> <span class='ocrx_word' id='word_1_171' title='bbox 1836 300 1929 341; x_wconf 91' lang='lat' dir='ltr'>puta</span> <span class='ocrx_word' id='word_1_172' title='bbox 1963 306 2050 330; x_wconf 92' lang='lat' dir='ltr'>cum</span> <span class='ocrx_word' id='word_1_173' title='bbox 2089 295 2222 343; x_wconf 87' lang='lat' dir='ltr'>aliquis</span> <span class='ocrx_word' id='word_1_174' title='bbox 2249 298 2310 334; x_wconf 92' lang='lat' dir='ltr'>vel</span> <span class='ocrx_word' id='word_1_175' title='bbox 2343 304 2470 335; x_wconf 88' lang='lat' dir='ltr'>actum</span> <span class='ocrx_word' id='word_1_176' title='bbox 2498 311 2587 347; x_wconf 92' lang='lat' dir='ltr'>pec-</span> 
     </span>
     <span class='ocr_line' id='line_1_33' title="bbox 1527 345 2588 398; baseline 0.007 -17"><span class='ocrx_word' id='word_1_177' title='bbox 1527 346 1598 382; x_wconf 91' lang='lat' dir='ltr'>cati</span> <span class='ocrx_word' id='word_1_178' title='bbox 1626 345 1785 382; x_wconf 88' lang='lat' dir='ltr'>venialis</span> <span class='ocrx_word' id='word_1_179' title='bbox 1814 345 2016 383; x_wconf 89' lang='lat' dir='ltr'>committit</span> <span class='ocrx_word' id='word_1_180' title='bbox 2035 345 2069 392; x_wconf 77' lang='grc' dir='ltr'>β;</span> <span class='ocrx_word' id='word_1_181' title='bbox 2099 349 2160 384; x_wconf 92' lang='lat' dir='ltr'>vel</span> <span class='ocrx_word' id='word_1_182' title='bbox 2189 356 2314 386; x_wconf 90' lang='lat' dir='ltr'>actum</span> <span class='ocrx_word' id='word_1_183' title='bbox 2332 350 2397 398; x_wconf 91' lang='lat' dir='ltr'>qui</span> <span class='ocrx_word' id='word_1_184' title='bbox 2425 351 2588 388; x_wconf 81' lang='lat' dir='ltr'>nonest</span> 
     </span>
     <span class='ocr_line' id='line_1_34' title="bbox 1526 398 2585 452; baseline 0.007 -18"><span class='ocrx_word' id='word_1_185' title='bbox 1526 398 1738 434; x_wconf 90' lang='lat' dir='ltr'>secundum</span> <span class='ocrx_word' id='word_1_186' title='bbox 1769 410 1809 434; x_wconf 89' lang='lat' dir='ltr'>se</span> <span class='ocrx_word' id='word_1_187' title='bbox 1837 406 2037 446; x_wconf 88' lang='lat' dir='ltr'>peccatum</span> <span class='ocrx_word' id='word_1_188' title='bbox 2067 400 2134 436; x_wconf 91' lang='lat' dir='ltr'>sed</span> <span class='ocrx_word' id='word_1_189' title='bbox 2161 401 2276 438; x_wconf 91' lang='lat' dir='ltr'>habet</span> <span class='ocrx_word' id='word_1_190' title='bbox 2304 402 2468 451; x_wconf 90' lang='lat' dir='ltr'>aliquam</span> <span class='ocrx_word' id='word_1_191' title='bbox 2502 415 2585 452; x_wconf 91' lang='lat' dir='ltr'>spe-</span> 
     </span>
     <span class='ocr_line' id='line_1_35' title="bbox 1527 451 2587 501; baseline 0.007 -15"><span class='ocrx_word' id='word_1_192' title='bbox 1527 451 1624 487; x_wconf 90' lang='lat' dir='ltr'>ciem</span> <span class='ocrx_word' id='word_1_193' title='bbox 1653 451 1755 497; x_wconf 89' lang='lat' dir='ltr'>mali,</span> <span class='ocrx_word' id='word_1_194' title='bbox 1786 463 1872 487; x_wconf 88' lang='lat' dir='ltr'>curn</span> <span class='ocrx_word' id='word_1_195' title='bbox 1903 451 2028 499; x_wconf 89' lang='lat' dir='ltr'>aliqua</span> <span class='ocrx_word' id='word_1_196' title='bbox 2056 452 2130 489; x_wconf 93' lang='lat' dir='ltr'>levi</span> <span class='ocrx_word' id='word_1_197' title='bbox 2149 452 2426 492; x_wconf 89' lang='lat' dir='ltr'>indiscretione.</span> <span class='ocrx_word' id='word_1_198' title='bbox 2457 455 2587 501; x_wconf 89' lang='lat' dir='ltr'>Quan-</span> 
     </span>
     <span class='ocr_line' id='line_1_36' title="bbox 1527 504 2586 555; baseline 0.006 -16"><span class='ocrx_word' id='word_1_199' title='bbox 1527 504 1656 551; x_wconf 91' lang='lat' dir='ltr'>doque</span> <span class='ocrx_word' id='word_1_200' title='bbox 1684 515 1779 540; x_wconf 91' lang='lat' dir='ltr'>vero</span> <span class='ocrx_word' id='word_1_201' title='bbox 1818 512 1875 540; x_wconf 90' lang='lat' dir='ltr'>est</span> <span class='ocrx_word' id='word_1_202' title='bbox 1901 512 2101 552; x_wconf 90' lang='lat' dir='ltr'>peccatum</span> <span class='ocrx_word' id='word_1_203' title='bbox 2135 507 2312 543; x_wconf 88' lang='lat' dir='ltr'>mortale:</span> <span class='ocrx_word' id='word_1_204' title='bbox 2346 507 2427 544; x_wconf 89' lang='lat' dir='ltr'>sive</span> <span class='ocrx_word' id='word_1_205' title='bbox 2455 507 2544 555; x_wconf 88' lang='lat' dir='ltr'>quia</span> <span class='ocrx_word' id='word_1_206' title='bbox 2571 513 2586 536; x_wconf 74' lang='grc' dir='ltr'>Υ</span> 
     </span>
    </p>
   </div>
   <div class='ocr_carea' id='block_1_15' title="bbox 1499 556 2586 608">
    <p class='ocr_par' dir='ltr' id='par_1_17' title="bbox 1499 556 2586 608">
     <span class='ocr_line' id='line_1_37' title="bbox 1499 556 2586 608; baseline 0.006 -17"><span class='ocrx_word' id='word_1_207' title='bbox 1499 593 1500 596; x_wconf 57' lang='grc'>,</span> <span class='ocrx_word' id='word_1_208' title='bbox 1527 556 1727 592; x_wconf 89' lang='lat' dir='ltr'>committit</span> <span class='ocrx_word' id='word_1_209' title='bbox 1755 563 1882 593; x_wconf 90' lang='lat' dir='ltr'>actum</span> <span class='ocrx_word' id='word_1_210' title='bbox 1910 557 2054 605; x_wconf 87' lang='lat' dir='ltr'>peccati</span> <span class='ocrx_word' id='word_1_211' title='bbox 2075 558 2260 604; x_wconf 89' lang='lat' dir='ltr'>mortalis;</span> <span class='ocrx_word' id='word_1_212' title='bbox 2290 559 2370 596; x_wconf 90' lang='lat' dir='ltr'>sive</span> <span class='ocrx_word' id='word_1_213' title='bbox 2390 560 2477 608; x_wconf 91' lang='lat' dir='ltr'>quia</span> <span class='ocrx_word' id='word_1_214' title='bbox 2498 572 2586 597; x_wconf 93' lang='lat' dir='ltr'>con-</span> 
     </span>
    </p>
   </div>
   <div class='ocr_carea' id='block_1_16' title="bbox 1524 609 2590 1186">
    <p class='ocr_par' dir='ltr' id='par_1_18' title="bbox 1524 609 2590 1186">
     <span class='ocr_line' id='line_1_38' title="bbox 1526 609 2588 659; baseline 0.005 -14"><span class='ocrx_word' id='word_1_215' title='bbox 1526 609 1660 645; x_wconf 88' lang='lat' dir='ltr'>temnit</span> <span class='ocrx_word' id='word_1_216' title='bbox 1688 609 1847 646; x_wconf 90' lang='lat' dir='ltr'>salutem</span> <span class='ocrx_word' id='word_1_217' title='bbox 1875 609 2056 658; x_wconf 86' lang='lat' dir='ltr'>proximi,</span> <span class='ocrx_word' id='word_1_218' title='bbox 2085 617 2126 646; x_wconf 89' lang='lat' dir='ltr'>ut</span> <span class='ocrx_word' id='word_1_219' title='bbox 2153 622 2223 659; x_wconf 93' lang='lat' dir='ltr'>pro</span> <span class='ocrx_word' id='word_1_220' title='bbox 2253 623 2298 648; x_wconf 92' lang='lat' dir='ltr'>ea</span> <span class='ocrx_word' id='word_1_221' title='bbox 2325 612 2588 650; x_wconf 83' lang='lat' dir='ltr'>conservanda</span> 
     </span>
     <span class='ocr_line' id='line_1_39' title="bbox 1525 662 2588 712; baseline 0.005 -14"><span class='ocrx_word' id='word_1_222' title='bbox 1525 674 1604 698; x_wconf 90' lang='lat' dir='ltr'>non</span> <span class='ocrx_word' id='word_1_223' title='bbox 1632 662 1906 709; x_wconf 87' lang='lat' dir='ltr'>praetermittat</span> <span class='ocrx_word' id='word_1_224' title='bbox 1932 662 2067 711; x_wconf 92' lang='lat' dir='ltr'>aliquis</span> <span class='ocrx_word' id='word_1_225' title='bbox 2096 662 2220 699; x_wconf 89' lang='lat' dir='ltr'>facere</span> <span class='ocrx_word' id='word_1_226' title='bbox 2249 663 2354 712; x_wconf 92' lang='lat' dir='ltr'>quod</span> <span class='ocrx_word' id='word_1_227' title='bbox 2373 664 2443 702; x_wconf 90' lang='lat' dir='ltr'>sibi</span> <span class='ocrx_word' id='word_1_228' title='bbox 2470 665 2588 702; x_wconf 91' lang='lat' dir='ltr'>libue-</span> 
     </span>
     <span class='ocr_line' id='line_1_40' title="bbox 1526 713 2589 766; baseline 0.005 -16"><span class='ocrx_word' id='word_1_229' title='bbox 1526 714 1582 750; x_wconf 87' lang='lat' dir='ltr'>rit.</span> <span class='ocrx_word' id='word_1_230' title='bbox 1604 736 1628 742; x_wconf 96' lang='lat'>-</span> <span class='ocrx_word' id='word_1_231' title='bbox 1649 714 1689 750; x_wconf 89' lang='lat' dir='ltr'>Si</span> <span class='ocrx_word' id='word_1_232' title='bbox 1716 726 1810 751; x_wconf 91' lang='lat' dir='ltr'>vero</span> <span class='ocrx_word' id='word_1_233' title='bbox 1829 713 2052 752; x_wconf 83' lang='lat' dir='ltr'>scandalum</span> <span class='ocrx_word' id='word_1_234' title='bbox 2073 715 2238 752; x_wconf 90' lang='lat' dir='ltr'>activum</span> <span class='ocrx_word' id='word_1_235' title='bbox 2258 716 2303 753; x_wconf 92' lang='lat' dir='ltr'>sit</span> <span class='ocrx_word' id='word_1_236' title='bbox 2329 728 2399 765; x_wconf 91' lang='lat' dir='ltr'>per</span> <span class='ocrx_word' id='word_1_237' title='bbox 2424 729 2477 764; x_wconf 92' lang='lat' dir='ltr'>se,</span> <span class='ocrx_word' id='word_1_238' title='bbox 2497 725 2589 766; x_wconf 92' lang='lat' dir='ltr'>puta</span> 
     </span>
     <span class='ocr_line' id='line_1_41' title="bbox 1526 767 2589 817; baseline 0.003 -14"><span class='ocrx_word' id='word_1_239' title='bbox 1526 779 1614 803; x_wconf 91' lang='lat' dir='ltr'>cum</span> <span class='ocrx_word' id='word_1_240' title='bbox 1642 767 1802 804; x_wconf 87' lang='lat' dir='ltr'>intendit</span> <span class='ocrx_word' id='word_1_241' title='bbox 1838 768 2018 805; x_wconf 90' lang='lat' dir='ltr'>inducere</span> <span class='ocrx_word' id='word_1_242' title='bbox 2047 768 2164 805; x_wconf 89' lang='lat' dir='ltr'>alium</span> <span class='ocrx_word' id='word_1_243' title='bbox 2194 768 2243 805; x_wconf 90' lang='lat' dir='ltr'>ad</span> <span class='ocrx_word' id='word_1_244' title='bbox 2270 771 2528 817; x_wconf 88' lang='lat' dir='ltr'>peccandum,</span> <span class='ocrx_word' id='word_1_245' title='bbox 2557 769 2589 806; x_wconf 90' lang='lat' dir='ltr'>si</span> 
     </span>
     <span class='ocr_line' id='line_1_42' title="bbox 1525 819 2590 870; baseline 0.003 -14"><span class='ocrx_word' id='word_1_246' title='bbox 1525 819 1682 868; x_wconf 90' lang='lat' dir='ltr'>quidem</span> <span class='ocrx_word' id='word_1_247' title='bbox 1711 819 1884 857; x_wconf 90' lang='lat' dir='ltr'>intendat</span> <span class='ocrx_word' id='word_1_248' title='bbox 1910 820 2092 858; x_wconf 88' lang='lat' dir='ltr'>inducere</span> <span class='ocrx_word' id='word_1_249' title='bbox 2121 821 2170 858; x_wconf 89' lang='lat' dir='ltr'>ad</span> <span class='ocrx_word' id='word_1_250' title='bbox 2188 822 2429 870; x_wconf 89' lang='lat' dir='ltr'>peccandum</span> <span class='ocrx_word' id='word_1_251' title='bbox 2449 829 2590 859; x_wconf 89' lang='lat' dir='ltr'>morta·</span> 
     </span>
     <span class='ocr_line' id='line_1_43' title="bbox 1525 873 2588 922; baseline 0.003 -13"><span class='ocrx_word' id='word_1_252' title='bbox 1525 873 1618 919; x_wconf 90' lang='lat' dir='ltr'>liter,</span> <span class='ocrx_word' id='word_1_253' title='bbox 1649 879 1703 910; x_wconf 93' lang='lat' dir='ltr'>est</span> <span class='ocrx_word' id='word_1_254' title='bbox 1730 881 1930 922; x_wconf 88' lang='lat' dir='ltr'>peccatum</span> <span class='ocrx_word' id='word_1_255' title='bbox 1957 874 2128 911; x_wconf 91' lang='lat' dir='ltr'>mortale.</span> <span class='ocrx_word' id='word_1_256' title='bbox 2158 874 2208 911; x_wconf 88' lang='lat' dir='ltr'>Et</span> <span class='ocrx_word' id='word_1_257' title='bbox 2235 873 2404 911; x_wconf 90' lang='lat' dir='ltr'>similiter</span> <span class='ocrx_word' id='word_1_258' title='bbox 2421 874 2452 911; x_wconf 91' lang='lat' dir='ltr'>si</span> <span class='ocrx_word' id='word_1_259' title='bbox 2470 875 2588 912; x_wconf 91' lang='lat' dir='ltr'>inten-</span> 
     </span>
     <span class='ocr_line' id='line_1_44' title="bbox 1526 924 2589 975; baseline 0.002 -13"><span class='ocrx_word' id='word_1_260' title='bbox 1526 926 1590 963; x_wconf 91' lang='lat' dir='ltr'>dat</span> <span class='ocrx_word' id='word_1_261' title='bbox 1609 925 1788 963; x_wconf 92' lang='lat' dir='ltr'>inducere</span> <span class='ocrx_word' id='word_1_262' title='bbox 1808 924 1821 948; x_wconf 63' lang='grc' dir='ltr'><em>δ</em></span> <span class='ocrx_word' id='word_1_263' title='bbox 1841 927 1889 963; x_wconf 93' lang='lat' dir='ltr'>ad</span> <span class='ocrx_word' id='word_1_264' title='bbox 1904 927 2145 975; x_wconf 90' lang='lat' dir='ltr'>peccandum</span> <span class='ocrx_word' id='word_1_265' title='bbox 2163 927 2362 964; x_wconf 86' lang='lat' dir='ltr'>venialiter</span> <span class='ocrx_word' id='word_1_266' title='bbox 2375 939 2444 975; x_wconf 92' lang='lat' dir='ltr'>per</span> <span class='ocrx_word' id='word_1_267' title='bbox 2462 935 2589 964; x_wconf 88' lang='lat' dir='ltr'>actum</span> 
     </span>
     <span class='ocr_line' id='line_1_45' title="bbox 1524 978 2589 1029; baseline 0.001 -14"><span class='ocrx_word' id='word_1_268' title='bbox 1524 978 1669 1027; x_wconf 91' lang='lat' dir='ltr'>peccati</span> <span class='ocrx_word' id='word_1_269' title='bbox 1698 979 1879 1016; x_wconf 89' lang='lat' dir='ltr'>mortalis.</span> <span class='ocrx_word' id='word_1_270' title='bbox 1910 979 1949 1016; x_wconf 90' lang='lat' dir='ltr'>Si</span> <span class='ocrx_word' id='word_1_271' title='bbox 1976 991 2070 1017; x_wconf 92' lang='lat' dir='ltr'>vero</span> <span class='ocrx_word' id='word_1_272' title='bbox 2099 979 2268 1016; x_wconf 92' lang='lat' dir='ltr'>intendat</span> <span class='ocrx_word' id='word_1_273' title='bbox 2294 980 2475 1017; x_wconf 91' lang='lat' dir='ltr'>inducere</span> <span class='ocrx_word' id='word_1_274' title='bbox 2502 992 2589 1029; x_wconf 92' lang='lat' dir='ltr'>pro-</span> 
     </span>
     <span class='ocr_line' id='line_1_46' title="bbox 1524 1031 2590 1082; baseline 0.002 -14"><span class='ocrx_word' id='word_1_275' title='bbox 1524 1031 1669 1068; x_wconf 87' lang='lat' dir='ltr'>ximum</span> <span class='ocrx_word' id='word_1_276' title='bbox 1699 1031 1748 1068; x_wconf 89' lang='lat' dir='ltr'>ad</span> <span class='ocrx_word' id='word_1_277' title='bbox 1768 1032 2006 1081; x_wconf 90' lang='lat' dir='ltr'>peccandum</span> <span class='ocrx_word' id='word_1_278' title='bbox 2026 1032 2226 1070; x_wconf 84' lang='lat' dir='ltr'>venialiter</span> <span class='ocrx_word' id='word_1_279' title='bbox 2252 1045 2322 1082; x_wconf 90' lang='lat' dir='ltr'>per</span> <span class='ocrx_word' id='word_1_280' title='bbox 2349 1041 2476 1070; x_wconf 89' lang='lat' dir='ltr'>actum</span> <span class='ocrx_word' id='word_1_281' title='bbox 2501 1045 2590 1082; x_wconf 92' lang='lat' dir='ltr'>pec-</span> 
     </span>
     <span class='ocr_line' id='line_1_47' title="bbox 1526 1084 2303 1133; baseline 0.003 -13"><span class='ocrx_word' id='word_1_282' title='bbox 1526 1084 1598 1121; x_wconf 89' lang='lat' dir='ltr'>cati</span> <span class='ocrx_word' id='word_1_283' title='bbox 1624 1084 1798 1131; x_wconf 87' lang='lat' dir='ltr'>venialis,</span> <span class='ocrx_word' id='word_1_284' title='bbox 1829 1092 1884 1121; x_wconf 91' lang='lat' dir='ltr'>est</span> <span class='ocrx_word' id='word_1_285' title='bbox 1911 1093 2111 1133; x_wconf 90' lang='lat' dir='ltr'>peccatum</span> <span class='ocrx_word' id='word_1_286' title='bbox 2140 1085 2303 1122; x_wconf 90' lang='lat' dir='ltr'>veniale.</span> 
     </span>
     <span class='ocr_line' id='line_1_48' title="bbox 1578 1137 2450 1186; baseline 0.003 -14"><span class='ocrx_word' id='word_1_287' title='bbox 1578 1137 1627 1173; x_wconf 90' lang='lat' dir='ltr'>Et</span> <span class='ocrx_word' id='word_1_288' title='bbox 1654 1148 1723 1184; x_wconf 91' lang='lat' dir='ltr'>per</span> <span class='ocrx_word' id='word_1_289' title='bbox 1751 1137 1825 1172; x_wconf 91' lang='lat' dir='ltr'>hoc</span> <span class='ocrx_word' id='word_1_290' title='bbox 1853 1145 1956 1185; x_wconf 92' lang='lat' dir='ltr'>patet</span> <span class='ocrx_word' id='word_1_291' title='bbox 1984 1138 2182 1186; x_wconf 88' lang='lat' dir='ltr'>responsio</span> <span class='ocrx_word' id='word_1_292' title='bbox 2211 1139 2259 1176; x_wconf 92' lang='lat' dir='ltr'>ad</span> <span class='ocrx_word' id='word_1_293' title='bbox 2290 1138 2450 1175; x_wconf 91' lang='lat' dir='ltr'>obiecta.</span> 
     </span>
    </p>
   </div>
   <div class='ocr_carea' id='block_1_17' title="bbox 1581 1248 2171 1282">
    <p class='ocr_par' dir='ltr' id='par_1_19' title="bbox 1581 1248 2171 1282">
     <span class='ocr_line' id='line_1_49' title="bbox 1581 1248 2171 1282; baseline 0.003 -8"><span class='ocrx_word' id='word_1_294' title='bbox 1581 1248 1606 1281; x_wconf 82' lang='grc' dir='ltr'>ὃ)</span> <span class='ocrx_word' id='word_1_295' title='bbox 1627 1250 1760 1275; x_wconf 83' lang='lat' dir='ltr'>inducere.</span> <span class='ocrx_word' id='word_1_296' title='bbox 1778 1263 1797 1269; x_wconf 89' lang='lat'>-</span> <span class='ocrx_word' id='word_1_297' title='bbox 1810 1251 1969 1282; x_wconf 81' lang='lat' dir='ltr'>proximum</span> <span class='ocrx_word' id='word_1_298' title='bbox 1990 1250 2087 1275; x_wconf 80' lang='lat' dir='ltr'>addunt</span> <span class='ocrx_word' id='word_1_299' title='bbox 2105 1251 2171 1276; x_wconf 66' lang='lat' dir='ltr'>Pna-</span> 
     </span>
    </p>
   </div>
   <div class='ocr_carea' id='block_1_18' title="bbox 685 1397 2275 1537">
    <p class='ocr_par' dir='ltr' id='par_1_20' title="bbox 685 1397 2275 1537">
     <span class='ocr_line' id='line_1_50' title="bbox 1194 1397 1847 1461; baseline 0 -8"><span class='ocrx_word' id='word_1_300' title='bbox 1194 1410 1512 1454; x_wconf 82' lang='lat' dir='ltr'>ARTICULUS</span> <span class='ocrx_word' id='word_1_301' title='bbox 1543 1410 1802 1461; x_wconf 72' lang='lat' dir='ltr'>Quturus</span> <span class='ocrx_word' id='word_1_302' title='bbox 1842 1397 1847 1403; x_wconf 86' lang='lat'>&#39;</span> 
     </span>
     <span class='ocr_line' id='line_1_51' title="bbox 685 1503 2275 1537; baseline -0.001 0"><span class='ocrx_word' id='word_1_303' title='bbox 685 1506 871 1537; x_wconf 49' lang='lat' dir='ltr'>‘UTRUM</span> <span class='ocrx_word' id='word_1_304' title='bbox 896 1504 1162 1536; x_wconf 87' lang='lat' dir='ltr'>SCANDALUM</span> <span class='ocrx_word' id='word_1_305' title='bbox 1185 1504 1396 1535; x_wconf 88' lang='lat' dir='ltr'>PASSIVUM</span> <span class='ocrx_word' id='word_1_306' title='bbox 1419 1503 1567 1535; x_wconf 89' lang='lat' dir='ltr'>POSSIT</span> <span class='ocrx_word' id='word_1_307' title='bbox 1592 1505 1730 1535; x_wconf 87' lang='lat' dir='ltr'>ETIAM</span> <span class='ocrx_word' id='word_1_308' title='bbox 1755 1505 1798 1535; x_wconf 93' lang='lat' dir='ltr'>IN</span> <span class='ocrx_word' id='word_1_309' title='bbox 1821 1504 2076 1536; x_wconf 88' lang='lat' dir='ltr'>PERFECTOS</span> <span class='ocrx_word' id='word_1_310' title='bbox 2100 1504 2275 1536; x_wconf 89' lang='lat' dir='ltr'>CADERE</span> 
     </span>
    </p>
   </div>
   <div class='ocr_carea' id='block_1_19' title="bbox 1162 1582 1500 1613">
    <p class='ocr_par' dir='ltr' id='par_1_21' title="bbox 1162 1582 1500 1613">
     <span class='ocr_line' id='line_1_52' title="bbox 1162 1582 1500 1613; baseline 0 -6"><span class='ocrx_word' id='word_1_311' title='bbox 1162 1583 1195 1607; x_wconf 95' lang='lat' dir='ltr'>IV</span> <span class='ocrx_word' id='word_1_312' title='bbox 1216 1583 1299 1612; x_wconf 73' lang='lat' dir='ltr'>Sent„</span> <span class='ocrx_word' id='word_1_313' title='bbox 1320 1582 1380 1607; x_wconf 91' lang='lat' dir='ltr'>dist.</span> <span class='ocrx_word' id='word_1_314' title='bbox 1397 1590 1500 1613; x_wconf 85' lang='lat' dir='ltr'>xxxvm,</span> 
     </span>
    </p>
   </div>
   <div class='ocr_carea' id='block_1_20' title="bbox 456 1672 578 1700">
    <p class='ocr_par' dir='ltr' id='par_1_22' title="bbox 456 1672 578 1700">
     <span class='ocr_line' id='line_1_53' title="bbox 456 1672 578 1700; baseline 0.016 -15"><span class='ocrx_word' id='word_1_315' title='bbox 456 1677 485 1688; x_wconf 27' lang='lat' dir='ltr'>„a</span> <span class='ocrx_word' id='word_1_316' title='bbox 492 1672 501 1687; x_wconf 71' lang='grc' dir='ltr'><strong><em>ι</em></strong></span> <span class='ocrx_word' id='word_1_317' title='bbox 522 1672 578 1700; x_wconf 54' lang='lat' dir='ltr'>ka&lt;</span> 
     </span>
    </p>
   </div>
   <div class='ocr_carea' id='block_1_21' title="bbox 433 1653 1499 1721">
    <p class='ocr_par' dir='ltr' id='par_1_23' title="bbox 433 1653 1499 1721">
     <span class='ocr_line' id='line_1_54' title="bbox 433 1653 1499 1721; baseline -0.003 -29"><span class='ocrx_word' id='word_1_318' title='bbox 433 1670 494 1721; x_wconf 51' lang='lat'>2¹⁰²*</span> <span class='ocrx_word' id='word_1_319' title='bbox 525 1694 535 1705; x_wconf 31' lang='grc' dir='ltr'>,Ι</span> <span class='ocrx_word' id='word_1_320' title='bbox 557 1699 567 1705; x_wconf 27' lang='lat'><em>⁴</em></span> <span class='ocrx_word' id='word_1_321' title='bbox 616 1667 639 1692; x_wconf 88' lang='lat' dir='ltr'>D</span> <span class='ocrx_word' id='word_1_322' title='bbox 660 1666 823 1696; x_wconf 77' lang='lat' dir='ltr'>Q1J1NT1JM</span> <span class='ocrx_word' id='word_1_323' title='bbox 843 1666 896 1690; x_wconf 75' lang='lat' dir='ltr'>sm</span> <span class='ocrx_word' id='word_1_324' title='bbox 921 1665 1161 1690; x_wconf 81' lang='lat' dir='ltr'>PROCEDlTUR.</span> <span class='ocrx_word' id='word_1_325' title='bbox 1185 1653 1346 1690; x_wconf 92' lang='lat' dir='ltr'>Videtur</span> <span class='ocrx_word' id='word_1_326' title='bbox 1364 1653 1471 1702; x_wconf 91' lang='lat' dir='ltr'>quod</span> <span class='ocrx_word' id='word_1_327' title='bbox 1494 1658 1499 1711; x_wconf 59' lang='grc' dir='ltr'>Ι</span> 
     </span>
    </p>
   </div>
   <div class='ocr_carea' id='block_1_22' title="bbox 420 1673 607 1854">
    <p class='ocr_par' dir='ltr' id='par_1_24' title="bbox 420 1673 607 1854">
     <span class='ocr_line' id='line_1_55' title="bbox 420 1673 607 1734; baseline 0 -20"><span class='ocrx_word' id='word_1_328' title='bbox 420 1673 607 1734; x_wconf 95' lang='lat' dir='ltr'>   </span> 
     </span>
     <span class='ocr_line' id='line_1_56' title="bbox 420 1734 574 1854; baseline 0 0"><span class='ocrx_word' id='word_1_329' title='bbox 420 1734 574 1854; x_wconf 95' lang='lat' dir='ltr'>  </span> 
     </span>
    </p>
   </div>
   <div class='ocr_carea' id='block_1_23' title="bbox 406 1706 1499 3296">
    <p class='ocr_par' dir='ltr' id='par_1_25' title="bbox 442 1706 1473 1810">
     <span class='ocr_line' id='line_1_57' title="bbox 543 1706 1471 1768; baseline -0.002 -24"><span class='ocrx_word' id='word_1_330' title='bbox 543 1736 588 1768; x_wconf 34' lang='grc' dir='ltr'>χ’,</span> <span class='ocrx_word' id='word_1_331' title='bbox 617 1707 841 1744; x_wconf 88' lang='lat' dir='ltr'>scandalum</span> <span class='ocrx_word' id='word_1_332' title='bbox 883 1707 1080 1755; x_wconf 90' lang='lat' dir='ltr'>passivum</span> <span class='ocrx_word' id='word_1_333' title='bbox 1118 1707 1239 1755; x_wconf 91' lang='lat' dir='ltr'>possit</span> <span class='ocrx_word' id='word_1_334' title='bbox 1276 1706 1391 1743; x_wconf 91' lang='lat' dir='ltr'>etiam</span> <span class='ocrx_word' id='word_1_335' title='bbox 1433 1706 1471 1742; x_wconf 93' lang='lat' dir='ltr'>in</span> 
     </span>
     <span class='ocr_line' id='line_1_58' title="bbox 442 1751 1473 1810; baseline -0.002 -13"><span class='ocrx_word' id='word_1_336' title='bbox 442 1795 472 1808; x_wconf 64' lang='lat'>..</span> <span class='ocrx_word' id='word_1_337' title='bbox 527 1784 538 1810; x_wconf 69' lang='lat'>1</span> <span class='ocrx_word' id='word_1_338' title='bbox 560 1751 809 1809; x_wconf 88' lang='lat' dir='ltr'>perfectos</span> <span class='ocrx_word' id='word_1_339' title='bbox 852 1760 1003 1797; x_wconf 90' lang='lat' dir='ltr'>cadere.</span> <span class='ocrx_word' id='word_1_340' title='bbox 1047 1759 1221 1796; x_wconf 90' lang='lat' dir='ltr'>Christus</span> <span class='ocrx_word' id='word_1_341' title='bbox 1259 1759 1363 1796; x_wconf 91' lang='lat' dir='ltr'>enim</span> <span class='ocrx_word' id='word_1_342' title='bbox 1392 1759 1473 1795; x_wconf 67' lang='lat' dir='ltr'>fuit</span> 
     </span>
    </p>

    <p class='ocr_par' dir='ltr' id='par_1_26' title="bbox 406 1804 1472 1969">
     <span class='ocr_line' id='line_1_59' title="bbox 464 1804 1470 1861; baseline 0.001 -14"><span class='ocrx_word' id='word_1_343' title='bbox 464 1827 472 1837; x_wconf 46' lang='grc' dir='ltr'>ι</span> <span class='ocrx_word' id='word_1_344' title='bbox 495 1805 551 1847; x_wconf 65' lang='grc' dir='ltr'>ῑΪε’</span> <span class='ocrx_word' id='word_1_345' title='bbox 574 1804 606 1848; x_wconf 42' lang='lat' dir='ltr'>K</span> <span class='ocrx_word' id='word_1_346' title='bbox 661 1813 786 1850; x_wconf 87' lang='lat' dir='ltr'>axime</span> <span class='ocrx_word' id='word_1_347' title='bbox 819 1813 1022 1861; x_wconf 88' lang='lat' dir='ltr'>perfectus.</span> <span class='ocrx_word' id='word_1_348' title='bbox 1058 1813 1136 1849; x_wconf 90' lang='lat' dir='ltr'>Sed</span> <span class='ocrx_word' id='word_1_349' title='bbox 1164 1812 1246 1860; x_wconf 87' lang='lat' dir='ltr'>ipse</span> <span class='ocrx_word' id='word_1_350' title='bbox 1281 1812 1373 1849; x_wconf 91' lang='lat' dir='ltr'>dixit</span> <span class='ocrx_word' id='word_1_351' title='bbox 1400 1813 1470 1848; x_wconf 92' lang='lat' dir='ltr'>Pe-</span> 
     </span>
     <span class='ocr_line' id='line_1_60' title="bbox 406 1865 1472 1913; baseline -0.003 -9"><span class='ocrx_word' id='word_1_352' title='bbox 406 1875 464 1904; x_wconf 91' lang='lat' dir='ltr'>tro</span> <span class='ocrx_word' id='word_1_353' title='bbox 484 1867 520 1903; x_wconf 79' lang='lat' dir='ltr'>*t</span> <span class='ocrx_word' id='word_1_354' title='bbox 541 1866 771 1903; x_wconf 88' lang='lat' dir='ltr'>Scandalum</span> <span class='ocrx_word' id='word_1_355' title='bbox 804 1866 898 1903; x_wconf 86' lang='lat' dir='ltr'>mihi</span> <span class='ocrx_word' id='word_1_356' title='bbox 929 1878 978 1902; x_wconf 90' lang='lat' dir='ltr'>es.</span> <span class='ocrx_word' id='word_1_357' title='bbox 1000 1867 1103 1912; x_wconf 85' lang='lat' dir='ltr'>Ergo</span> <span class='ocrx_word' id='word_1_358' title='bbox 1123 1866 1245 1902; x_wconf 90' lang='lat' dir='ltr'>multo</span> <span class='ocrx_word' id='word_1_359' title='bbox 1270 1865 1392 1913; x_wconf 88' lang='lat' dir='ltr'>magis</span> <span class='ocrx_word' id='word_1_360' title='bbox 1411 1865 1472 1902; x_wconf 91' lang='lat' dir='ltr'>alii</span> 
     </span>
     <span class='ocr_line' id='line_1_61' title="bbox 407 1918 1123 1969; baseline -0.003 -12"><span class='ocrx_word' id='word_1_361' title='bbox 407 1920 563 1969; x_wconf 88' lang='lat' dir='ltr'>perfecti</span> <span class='ocrx_word' id='word_1_362' title='bbox 590 1927 753 1968; x_wconf 90' lang='lat' dir='ltr'>possunt</span> <span class='ocrx_word' id='word_1_363' title='bbox 780 1919 1004 1956; x_wconf 89' lang='lat' dir='ltr'>scandalum</span> <span class='ocrx_word' id='word_1_364' title='bbox 1033 1918 1123 1967; x_wconf 90' lang='lat' dir='ltr'>pati.</span> 
     </span>
    </p>

    <p class='ocr_par' dir='ltr' id='par_1_27' title="bbox 406 1971 1474 2394">
     <span class='ocr_line' id='line_1_62' title="bbox 461 1971 1471 2020; baseline -0.003 -10"><span class='ocrx_word' id='word_1_365' title='bbox 461 1985 496 2010; x_wconf 87' lang='lat'>2.</span> <span class='ocrx_word' id='word_1_366' title='bbox 517 1974 755 2019; x_wconf 74' lang='lat' dir='ltr'>PRAETEREA,</span> <span class='ocrx_word' id='word_1_367' title='bbox 776 1973 998 2010; x_wconf 89' lang='lat' dir='ltr'>scandalum</span> <span class='ocrx_word' id='word_1_368' title='bbox 1017 1971 1198 2020; x_wconf 87' lang='lat' dir='ltr'>importat</span> <span class='ocrx_word' id='word_1_369' title='bbox 1217 1971 1471 2019; x_wconf 90' lang='lat' dir='ltr'>impedimen-</span> 
     </span>
     <span class='ocr_line' id='line_1_63' title="bbox 406 2024 1471 2074; baseline -0.001 -12"><span class='ocrx_word' id='word_1_370' title='bbox 406 2034 489 2063; x_wconf 90' lang='lat' dir='ltr'>tum</span> <span class='ocrx_word' id='word_1_371' title='bbox 517 2026 674 2074; x_wconf 89' lang='lat' dir='ltr'>aliquod</span> <span class='ocrx_word' id='word_1_372' title='bbox 694 2027 799 2073; x_wconf 92' lang='lat' dir='ltr'>quod</span> <span class='ocrx_word' id='word_1_373' title='bbox 828 2025 939 2063; x_wconf 89' lang='lat' dir='ltr'>alicui</span> <span class='ocrx_word' id='word_1_374' title='bbox 968 2025 1177 2074; x_wconf 88' lang='lat' dir='ltr'>opponitur</span> <span class='ocrx_word' id='word_1_375' title='bbox 1196 2030 1213 2045; x_wconf 83' lang='lat'>‘²</span> <span class='ocrx_word' id='word_1_376' title='bbox 1241 2024 1279 2061; x_wconf 90' lang='lat' dir='ltr'>in</span> <span class='ocrx_word' id='word_1_377' title='bbox 1298 2024 1379 2061; x_wconf 89' lang='lat' dir='ltr'>vita</span> <span class='ocrx_word' id='word_1_378' title='bbox 1397 2025 1471 2074; x_wconf 92' lang='lat' dir='ltr'>spi-</span> 
     </span>
     <span class='ocr_line' id='line_1_64' title="bbox 407 2078 1471 2128; baseline -0.002 -12"><span class='ocrx_word' id='word_1_379' title='bbox 407 2079 542 2116; x_wconf 86' lang='lat' dir='ltr'>rituali.</span> <span class='ocrx_word' id='word_1_380' title='bbox 581 2079 659 2116; x_wconf 90' lang='lat' dir='ltr'>Sed</span> <span class='ocrx_word' id='word_1_381' title='bbox 698 2079 811 2116; x_wconf 87' lang='lat' dir='ltr'>etiam</span> <span class='ocrx_word' id='word_1_382' title='bbox 849 2078 1007 2128; x_wconf 85' lang='lat' dir='ltr'>perfecti</span> <span class='ocrx_word' id='word_1_383' title='bbox 1043 2078 1116 2115; x_wconf 91' lang='lat' dir='ltr'>viri</span> <span class='ocrx_word' id='word_1_384' title='bbox 1152 2078 1191 2115; x_wconf 93' lang='lat' dir='ltr'>in</span> <span class='ocrx_word' id='word_1_385' title='bbox 1227 2078 1471 2126; x_wconf 89' lang='lat' dir='ltr'>processibus</span> 
     </span>
     <span class='ocr_line' id='line_1_65' title="bbox 407 2132 1472 2181; baseline -0.001 -13"><span class='ocrx_word' id='word_1_386' title='bbox 407 2132 610 2181; x_wconf 90' lang='lat' dir='ltr'>spiritualis</span> <span class='ocrx_word' id='word_1_387' title='bbox 647 2132 748 2168; x_wconf 91' lang='lat' dir='ltr'>vitae</span> <span class='ocrx_word' id='word_1_388' title='bbox 776 2132 953 2181; x_wconf 91' lang='lat' dir='ltr'>impediri</span> <span class='ocrx_word' id='word_1_389' title='bbox 981 2139 1160 2180; x_wconf 89' lang='lat' dir='ltr'>possunt:</span> <span class='ocrx_word' id='word_1_390' title='bbox 1189 2132 1403 2168; x_wconf 88' lang='lat' dir='ltr'>secundum</span> <span class='ocrx_word' id='word_1_391' title='bbox 1431 2132 1472 2168; x_wconf 93' lang='lat' dir='ltr'>il-</span> 
     </span>
     <span class='ocr_line' id='line_1_66' title="bbox 406 2185 1471 2234; baseline 0 -12"><span class='ocrx_word' id='word_1_392' title='bbox 406 2186 472 2222; x_wconf 91' lang='lat' dir='ltr'>lud</span> <span class='ocrx_word' id='word_1_393' title='bbox 492 2187 505 2221; x_wconf 92' lang='lat' dir='ltr'>I</span> <span class='ocrx_word' id='word_1_394' title='bbox 526 2185 578 2221; x_wconf 92' lang='lat' dir='ltr'>ad</span> <span class='ocrx_word' id='word_1_395' title='bbox 607 2186 732 2222; x_wconf 81' lang='lat' dir='ltr'>Thess.</span> <span class='ocrx_word' id='word_1_396' title='bbox 754 2197 776 2222; x_wconf 94' lang='lat'>11</span> <span class='ocrx_word' id='word_1_397' title='bbox 795 2185 831 2222; x_wconf 65' lang='lat'>²⁸:</span> <span class='ocrx_word' id='word_1_398' title='bbox 859 2185 1052 2222; x_wconf 87' lang='lat' dir='ltr'>Voluimus</span> <span class='ocrx_word' id='word_1_399' title='bbox 1078 2185 1208 2222; x_wconf 77' lang='lat' dir='ltr'>venire</span> <span class='ocrx_word' id='word_1_400' title='bbox 1225 2185 1277 2221; x_wconf 89' lang='lat' dir='ltr'>ad</span> <span class='ocrx_word' id='word_1_401' title='bbox 1293 2196 1371 2230; x_wconf 81' lang='lat' dir='ltr'>vos,</span> <span class='ocrx_word' id='word_1_402' title='bbox 1398 2197 1471 2234; x_wconf 81' lang='lat' dir='ltr'>ego</span> 
     </span>
     <span class='ocr_line' id='line_1_67' title="bbox 407 2238 1474 2287; baseline 0.001 -13"><span class='ocrx_word' id='word_1_403' title='bbox 407 2238 556 2287; x_wconf 86' lang='lat' dir='ltr'>quidem</span> <span class='ocrx_word' id='word_1_404' title='bbox 593 2239 755 2284; x_wconf 90' lang='lat' dir='ltr'>Paulus,</span> <span class='ocrx_word' id='word_1_405' title='bbox 791 2239 907 2275; x_wconf 88' lang='lat' dir='ltr'>semel</span> <span class='ocrx_word' id='word_1_406' title='bbox 933 2244 969 2275; x_wconf 84' lang='lat' dir='ltr'>et</span> <span class='ocrx_word' id='word_1_407' title='bbox 995 2239 1148 2275; x_wconf 85' lang='lat' dir='ltr'>iterum:</span> <span class='ocrx_word' id='word_1_408' title='bbox 1184 2238 1251 2274; x_wconf 88' lang='lat' dir='ltr'>sed</span> <span class='ocrx_word' id='word_1_409' title='bbox 1283 2238 1474 2285; x_wconf 81' lang='lat' dir='ltr'>impedivit</span> 
     </span>
     <span class='ocr_line' id='line_1_68' title="bbox 407 2290 1473 2340; baseline 0 -12"><span class='ocrx_word' id='word_1_410' title='bbox 407 2304 475 2329; x_wconf 87' lang='lat' dir='ltr'>nos</span> <span class='ocrx_word' id='word_1_411' title='bbox 508 2293 681 2328; x_wconf 87' lang='lat' dir='ltr'>Satanas.</span> <span class='ocrx_word' id='word_1_412' title='bbox 719 2293 820 2340; x_wconf 85' lang='lat' dir='ltr'>Ergo</span> <span class='ocrx_word' id='word_1_413' title='bbox 846 2292 973 2328; x_wconf 64' lang='lat' dir='ltr'>etiarn</span> <span class='ocrx_word' id='word_1_414' title='bbox 1010 2291 1166 2339; x_wconf 88' lang='lat' dir='ltr'>perfecti</span> <span class='ocrx_word' id='word_1_415' title='bbox 1202 2290 1274 2327; x_wconf 89' lang='lat' dir='ltr'>viri</span> <span class='ocrx_word' id='word_1_416' title='bbox 1310 2299 1473 2339; x_wconf 90' lang='lat' dir='ltr'>possunt</span> 
     </span>
     <span class='ocr_line' id='line_1_69' title="bbox 408 2344 1088 2394; baseline -0.003 -12"><span class='ocrx_word' id='word_1_417' title='bbox 408 2345 632 2382; x_wconf 87' lang='lat' dir='ltr'>scandalum</span> <span class='ocrx_word' id='word_1_418' title='bbox 662 2344 751 2393; x_wconf 83' lang='lat' dir='ltr'>pati.</span> <span class='ocrx_word' id='word_1_419' title='bbox 1086 2392 1088 2394; x_wconf 44' lang='lat'>.</span> 
     </span>
    </p>

    <p class='ocr_par' dir='ltr' id='par_1_28' title="bbox 407 2395 1472 2765">
     <span class='ocr_line' id='line_1_70' title="bbox 463 2395 1472 2445; baseline -0.001 -11"><span class='ocrx_word' id='word_1_420' title='bbox 463 2399 497 2435; x_wconf 90' lang='lat'>3.</span> <span class='ocrx_word' id='word_1_421' title='bbox 511 2399 744 2443; x_wconf 80' lang='lat' dir='ltr'>PRAETEREA,</span> <span class='ocrx_word' id='word_1_422' title='bbox 757 2397 870 2434; x_wconf 87' lang='lat' dir='ltr'>etiam</span> <span class='ocrx_word' id='word_1_423' title='bbox 887 2397 924 2434; x_wconf 93' lang='lat' dir='ltr'>in</span> <span class='ocrx_word' id='word_1_424' title='bbox 940 2397 1116 2445; x_wconf 90' lang='lat' dir='ltr'>perfectis</span> <span class='ocrx_word' id='word_1_425' title='bbox 1130 2395 1221 2433; x_wconf 91' lang='lat' dir='ltr'>viris</span> <span class='ocrx_word' id='word_1_426' title='bbox 1235 2404 1392 2444; x_wconf 89' lang='lat' dir='ltr'>peccata</span> <span class='ocrx_word' id='word_1_427' title='bbox 1407 2409 1472 2433; x_wconf 92' lang='lat' dir='ltr'>ve-</span> 
     </span>
     <span class='ocr_line' id='line_1_71' title="bbox 408 2449 1471 2499; baseline -0.001 -12"><span class='ocrx_word' id='word_1_428' title='bbox 408 2451 519 2488; x_wconf 91' lang='lat' dir='ltr'>nialia</span> <span class='ocrx_word' id='word_1_429' title='bbox 538 2450 698 2487; x_wconf 91' lang='lat' dir='ltr'>inveniri</span> <span class='ocrx_word' id='word_1_430' title='bbox 713 2458 889 2499; x_wconf 88' lang='lat' dir='ltr'>possunt:</span> <span class='ocrx_word' id='word_1_431' title='bbox 920 2451 1133 2487; x_wconf 90' lang='lat' dir='ltr'>secundum</span> <span class='ocrx_word' id='word_1_432' title='bbox 1153 2449 1242 2486; x_wconf 92' lang='lat' dir='ltr'>illud</span> <span class='ocrx_word' id='word_1_433' title='bbox 1259 2450 1271 2484; x_wconf 92' lang='lat'><em>1</em></span> <span class='ocrx_word' id='word_1_434' title='bbox 1290 2450 1393 2486; x_wconf 91' lang='lat' dir='ltr'>Ioan.</span> <span class='ocrx_word' id='word_1_435' title='bbox 1411 2462 1420 2486; x_wconf 92' lang='lat'>1</span> <span class='ocrx_word' id='word_1_436' title='bbox 1435 2449 1471 2486; x_wconf 73' lang='grc' dir='ltr'>*ε</span> 
     </span>
     <span class='ocr_line' id='line_1_72' title="bbox 408 2503 1471 2552; baseline -0.003 -12"><span class='ocrx_word' id='word_1_437' title='bbox 408 2505 450 2540; x_wconf 88' lang='lat' dir='ltr'>Si</span> <span class='ocrx_word' id='word_1_438' title='bbox 482 2504 690 2540; x_wconf 82' lang='lat' dir='ltr'>dixerimus</span> <span class='ocrx_word' id='word_1_439' title='bbox 726 2505 904 2552; x_wconf 86' lang='lat' dir='ltr'>quoniam</span> <span class='ocrx_word' id='word_1_440' title='bbox 938 2509 1136 2552; x_wconf 82' lang='lat' dir='ltr'>peccatum</span> <span class='ocrx_word' id='word_1_441' title='bbox 1166 2514 1240 2539; x_wconf 86' lang='lat' dir='ltr'>non</span> <span class='ocrx_word' id='word_1_442' title='bbox 1278 2503 1471 2548; x_wconf 82' lang='lat' dir='ltr'>habemus,</span> 
     </span>
     <span class='ocr_line' id='line_1_73' title="bbox 408 2555 1472 2605; baseline -0.001 -12"><span class='ocrx_word' id='word_1_443' title='bbox 408 2557 478 2605; x_wconf 82' lang='lat' dir='ltr'>ipsi</span> <span class='ocrx_word' id='word_1_444' title='bbox 496 2569 563 2593; x_wconf 88' lang='lat' dir='ltr'>nos</span> <span class='ocrx_word' id='word_1_445' title='bbox 581 2557 802 2593; x_wconf 87' lang='lat' dir='ltr'>seducimus.</span> <span class='ocrx_word' id='word_1_446' title='bbox 834 2558 912 2594; x_wconf 89' lang='lat' dir='ltr'>Sed</span> <span class='ocrx_word' id='word_1_447' title='bbox 928 2557 1150 2593; x_wconf 89' lang='lat' dir='ltr'>scandalum</span> <span class='ocrx_word' id='word_1_448' title='bbox 1166 2555 1364 2603; x_wconf 89' lang='lat' dir='ltr'>passivum</span> <span class='ocrx_word' id='word_1_449' title='bbox 1394 2568 1472 2592; x_wconf 91' lang='lat' dir='ltr'>non</span> 
     </span>
     <span class='ocr_line' id='line_1_74' title="bbox 408 2608 1472 2659; baseline -0.003 -12"><span class='ocrx_word' id='word_1_450' title='bbox 408 2622 562 2658; x_wconf 88' lang='lat' dir='ltr'>semper</span> <span class='ocrx_word' id='word_1_451' title='bbox 600 2618 655 2646; x_wconf 89' lang='lat' dir='ltr'>est</span> <span class='ocrx_word' id='word_1_452' title='bbox 682 2617 881 2659; x_wconf 91' lang='lat' dir='ltr'>peccatum</span> <span class='ocrx_word' id='word_1_453' title='bbox 922 2611 1104 2654; x_wconf 83' lang='lat' dir='ltr'>mortale,</span> <span class='ocrx_word' id='word_1_454' title='bbox 1139 2609 1206 2645; x_wconf 90' lang='lat' dir='ltr'>sed</span> <span class='ocrx_word' id='word_1_455' title='bbox 1240 2608 1472 2657; x_wconf 86' lang='lat' dir='ltr'>quandoque</span> 
     </span>
     <span class='ocr_line' id='line_1_75' title="bbox 407 2662 1472 2710; baseline -0.002 -10"><span class='ocrx_word' id='word_1_456' title='bbox 407 2663 578 2709; x_wconf 89' lang='lat' dir='ltr'>veniale,</span> <span class='ocrx_word' id='word_1_457' title='bbox 608 2671 648 2699; x_wconf 89' lang='lat' dir='ltr'>ut</span> <span class='ocrx_word' id='word_1_458' title='bbox 677 2663 820 2700; x_wconf 89' lang='lat' dir='ltr'>dictum</span> <span class='ocrx_word' id='word_1_459' title='bbox 851 2670 906 2699; x_wconf 88' lang='lat' dir='ltr'>est</span> <span class='ocrx_word' id='word_1_460' title='bbox 932 2662 963 2699; x_wconf 78' lang='lat'>’¹‘.</span> <span class='ocrx_word' id='word_1_461' title='bbox 994 2663 1096 2710; x_wconf 87' lang='lat' dir='ltr'>Ergo</span> <span class='ocrx_word' id='word_1_462' title='bbox 1126 2662 1351 2699; x_wconf 86' lang='lat' dir='ltr'>scandalum</span> <span class='ocrx_word' id='word_1_463' title='bbox 1386 2674 1472 2710; x_wconf 88' lang='lat' dir='ltr'>pas—</span> 
     </span>
     <span class='ocr_line' id='line_1_76' title="bbox 408 2714 1280 2765; baseline -0.003 -12"><span class='ocrx_word' id='word_1_464' title='bbox 408 2717 534 2754; x_wconf 89' lang='lat' dir='ltr'>sivum</span> <span class='ocrx_word' id='word_1_465' title='bbox 563 2724 688 2765; x_wconf 89' lang='lat' dir='ltr'>potest</span> <span class='ocrx_word' id='word_1_466' title='bbox 716 2717 754 2753; x_wconf 93' lang='lat' dir='ltr'>in</span> <span class='ocrx_word' id='word_1_467' title='bbox 782 2717 958 2765; x_wconf 87' lang='lat' dir='ltr'>perfectis</span> <span class='ocrx_word' id='word_1_468' title='bbox 984 2716 1076 2752; x_wconf 87' lang='lat' dir='ltr'>viris</span> <span class='ocrx_word' id='word_1_469' title='bbox 1106 2714 1280 2751; x_wconf 90' lang='lat' dir='ltr'>inveniri.</span> 
     </span>
    </p>

    <p class='ocr_par' dir='ltr' id='par_1_29' title="bbox 407 2767 1499 2974">
     <span class='ocr_line' id='line_1_77' title="bbox 462 2767 1471 2818; baseline -0.004 -11"><span class='ocrx_word' id='word_1_470' title='bbox 462 2771 536 2807; x_wconf 78' lang='lat' dir='ltr'>SED</span> <span class='ocrx_word' id='word_1_471' title='bbox 557 2782 702 2807; x_wconf 78' lang='lat' dir='ltr'><strong>CONTRA</strong></span> <span class='ocrx_word' id='word_1_472' title='bbox 721 2781 787 2807; x_wconf 75' lang='grc' dir='ltr'>Εετ</span> <span class='ocrx_word' id='word_1_473' title='bbox 806 2770 912 2817; x_wconf 89' lang='lat' dir='ltr'>quod</span> <span class='ocrx_word' id='word_1_474' title='bbox 932 2781 1047 2818; x_wconf 90' lang='lat' dir='ltr'>super</span> <span class='ocrx_word' id='word_1_475' title='bbox 1066 2768 1155 2805; x_wconf 91' lang='lat' dir='ltr'>illud</span> <span class='ocrx_word' id='word_1_476' title='bbox 1181 2768 1315 2804; x_wconf 86' lang='lat' dir='ltr'>Matth.</span> <span class='ocrx_word' id='word_1_477' title='bbox 1335 2779 1420 2804; x_wconf 80' lang='lat' dir='ltr'>xvnl</span> <span class='ocrx_word' id='word_1_478' title='bbox 1440 2767 1471 2813; x_wconf 71' lang='lat'>³¹²,</span> 
     </span>
     <span class='ocr_line' id='line_1_78' title="bbox 411 2820 1472 2871; baseline -0.004 -11"><span class='ocrx_word' id='word_1_479' title='bbox 411 2824 486 2865; x_wconf 82' lang='lat' dir='ltr'>Qui</span> <span class='ocrx_word' id='word_1_480' title='bbox 517 2823 829 2871; x_wconf 62' lang='lat' dir='ltr'>scandalizaverit</span> <span class='ocrx_word' id='word_1_481' title='bbox 866 2835 981 2859; x_wconf 86' lang='lat' dir='ltr'>unum</span> <span class='ocrx_word' id='word_1_482' title='bbox 1010 2823 1056 2859; x_wconf 90' lang='lat' dir='ltr'>de</span> <span class='ocrx_word' id='word_1_483' title='bbox 1080 2821 1225 2870; x_wconf 85' lang='lat' dir='ltr'>pusillis</span> <span class='ocrx_word' id='word_1_484' title='bbox 1261 2821 1352 2865; x_wconf 84' lang='lat' dir='ltr'>istis,</span> <span class='ocrx_word' id='word_1_485' title='bbox 1383 2820 1472 2857; x_wconf 87' lang='lat' dir='ltr'>dicit</span> 
     </span>
     <span class='ocr_line' id='line_1_79' title="bbox 409 2874 1498 2924; baseline -0.003 -12"><span class='ocrx_word' id='word_1_486' title='bbox 409 2876 668 2924; x_wconf 88' lang='lat' dir='ltr'>Hieronymus</span> <span class='ocrx_word' id='word_1_487' title='bbox 687 2875 722 2913; x_wconf 75' lang='lat' dir='ltr'>*t</span> <span class='ocrx_word' id='word_1_488' title='bbox 752 2877 856 2913; x_wconf 88' lang='lat' dir='ltr'>Nota</span> <span class='ocrx_word' id='word_1_489' title='bbox 884 2876 986 2924; x_wconf 88' lang='lat' dir='ltr'>quod</span> <span class='ocrx_word' id='word_1_490' title='bbox 1003 2876 1069 2924; x_wconf 85' lang='lat' dir='ltr'>qui</span> <span class='ocrx_word' id='word_1_491' title='bbox 1090 2874 1367 2922; x_wconf 66' lang='lat' dir='ltr'>scandalizatur</span> <span class='ocrx_word' id='word_1_492' title='bbox 1380 2885 1472 2921; x_wconf 81' lang='lat' dir='ltr'>par—</span> <span class='ocrx_word' id='word_1_493' title='bbox 1497 2910 1498 2922; x_wconf 15' lang='grc' dir='ltr'><strong>χ</strong></span> 
     </span>
     <span class='ocr_line' id='line_1_80' title="bbox 407 2923 1499 2974; baseline -0.004 -8"><span class='ocrx_word' id='word_1_494' title='bbox 407 2930 515 2966; x_wconf 72' lang='lat' dir='ltr'>vuius</span> <span class='ocrx_word' id='word_1_495' title='bbox 543 2935 613 2966; x_wconf 86' lang='lat' dir='ltr'>est:</span> <span class='ocrx_word' id='word_1_496' title='bbox 641 2930 805 2966; x_wconf 89' lang='lat' dir='ltr'>maiores</span> <span class='ocrx_word' id='word_1_497' title='bbox 832 2930 931 2966; x_wconf 86' lang='lat' dir='ltr'>enim</span> <span class='ocrx_word' id='word_1_498' title='bbox 963 2928 1143 2968; x_wconf 88' lang='lat' dir='ltr'>scandala</span> <span class='ocrx_word' id='word_1_499' title='bbox 1172 2939 1246 2964; x_wconf 86' lang='lat' dir='ltr'>non</span> <span class='ocrx_word' id='word_1_500' title='bbox 1275 2927 1471 2974; x_wconf 83' lang='lat' dir='ltr'>recipiunt.</span> <span class='ocrx_word' id='word_1_501' title='bbox 1497 2923 1499 2931; x_wconf 80' lang='lat'><em>&#39;</em></span> 
     </span>
    </p>

    <p class='ocr_par' dir='ltr' id='par_1_30' title="bbox 407 2979 1499 3296">
     <span class='ocr_line' id='line_1_81' title="bbox 462 2979 1499 3033; baseline -0.002 -15"><span class='ocrx_word' id='word_1_502' title='bbox 462 2983 688 3019; x_wconf 62' lang='lat' dir='ltr'>Respowmzo</span> <span class='ocrx_word' id='word_1_503' title='bbox 729 2994 916 3020; x_wconf 77' lang='lat' dir='ltr'>nieENDuM</span> <span class='ocrx_word' id='word_1_504' title='bbox 953 2982 1059 3029; x_wconf 91' lang='lat' dir='ltr'>quod</span> <span class='ocrx_word' id='word_1_505' title='bbox 1093 2980 1316 3018; x_wconf 88' lang='lat' dir='ltr'>scandalum</span> <span class='ocrx_word' id='word_1_506' title='bbox 1354 2979 1499 3033; x_wconf 61' lang='lat' dir='ltr'>passi—1</span> 
     </span>
     <span class='ocr_line' id='line_1_82' title="bbox 407 3031 1472 3084; baseline -0.003 -13"><span class='ocrx_word' id='word_1_507' title='bbox 407 3047 503 3071; x_wconf 91' lang='lat' dir='ltr'>vum</span> <span class='ocrx_word' id='word_1_508' title='bbox 533 3035 712 3084; x_wconf 88' lang='lat' dir='ltr'>importat</span> <span class='ocrx_word' id='word_1_509' title='bbox 731 3037 927 3083; x_wconf 90' lang='lat' dir='ltr'>quandam</span> <span class='ocrx_word' id='word_1_510' title='bbox 948 3034 1253 3072; x_wconf 89' lang='lat' dir='ltr'>commotionem</span> <span class='ocrx_word' id='word_1_511' title='bbox 1273 3031 1289 3062; x_wconf 72' lang='grc' dir='ltr'><strong>β</strong></span> <span class='ocrx_word' id='word_1_512' title='bbox 1316 3032 1431 3069; x_wconf 90' lang='lat' dir='ltr'>animi</span> <span class='ocrx_word' id='word_1_513' title='bbox 1450 3044 1472 3069; x_wconf 87' lang='lat' dir='ltr'>a</span> 
     </span>
     <span class='ocr_line' id='line_1_83' title="bbox 409 3086 1471 3137; baseline -0.003 -13"><span class='ocrx_word' id='word_1_514' title='bbox 409 3089 513 3125; x_wconf 93' lang='lat' dir='ltr'>bono</span> <span class='ocrx_word' id='word_1_515' title='bbox 529 3088 567 3125; x_wconf 93' lang='lat' dir='ltr'>in</span> <span class='ocrx_word' id='word_1_516' title='bbox 588 3099 643 3124; x_wconf 70' lang='lat' dir='ltr'>eo‘</span> <span class='ocrx_word' id='word_1_517' title='bbox 655 3088 719 3136; x_wconf 92' lang='lat' dir='ltr'>qui</span> <span class='ocrx_word' id='word_1_518' title='bbox 738 3088 961 3125; x_wconf 89' lang='lat' dir='ltr'>scandalum</span> <span class='ocrx_word' id='word_1_519' title='bbox 980 3088 1130 3137; x_wconf 88' lang='lat' dir='ltr'>patitur.</span> <span class='ocrx_word' id='word_1_520' title='bbox 1151 3086 1289 3124; x_wconf 92' lang='lat' dir='ltr'>Nullus</span> <span class='ocrx_word' id='word_1_521' title='bbox 1307 3092 1437 3122; x_wconf 85' lang='lat' dir='ltr'>autem</span> <span class='ocrx_word' id='word_1_522' title='bbox 1457 3090 1471 3113; x_wconf 73' lang='grc' dir='ltr'><strong>Υ</strong></span> 
     </span>
     <span class='ocr_line' id='line_1_84' title="bbox 409 3138 1472 3189; baseline -0.004 -11"><span class='ocrx_word' id='word_1_523' title='bbox 409 3149 680 3178; x_wconf 90' lang='lat' dir='ltr'>commovetur</span> <span class='ocrx_word' id='word_1_524' title='bbox 709 3141 772 3189; x_wconf 92' lang='lat' dir='ltr'>qui</span> <span class='ocrx_word' id='word_1_525' title='bbox 801 3141 854 3177; x_wconf 90' lang='lat' dir='ltr'>rei</span> <span class='ocrx_word' id='word_1_526' title='bbox 883 3141 1071 3178; x_wconf 89' lang='lat' dir='ltr'>immobili</span> <span class='ocrx_word' id='word_1_527' title='bbox 1106 3140 1265 3177; x_wconf 88' lang='lat' dir='ltr'>firmiter</span> <span class='ocrx_word' id='word_1_528' title='bbox 1290 3138 1472 3177; x_wconf 89' lang='lat' dir='ltr'>inhaeret.</span> 
     </span>
     <span class='ocr_line' id='line_1_85' title="bbox 409 3192 1472 3242; baseline -0.004 -11"><span class='ocrx_word' id='word_1_529' title='bbox 409 3194 578 3232; x_wconf 89' lang='lat' dir='ltr'>Maiores</span> <span class='ocrx_word' id='word_1_530' title='bbox 607 3201 749 3240; x_wconf 89' lang='lat' dir='ltr'>autem,</span> <span class='ocrx_word' id='word_1_531' title='bbox 770 3194 852 3231; x_wconf 88' lang='lat' dir='ltr'>sive</span> <span class='ocrx_word' id='word_1_532' title='bbox 880 3195 1047 3242; x_wconf 85' lang='lat' dir='ltr'>perfecti,</span> <span class='ocrx_word' id='word_1_533' title='bbox 1069 3193 1138 3230; x_wconf 89' lang='lat' dir='ltr'>soli</span> <span class='ocrx_word' id='word_1_534' title='bbox 1158 3194 1244 3230; x_wconf 90' lang='lat' dir='ltr'>Deo</span> <span class='ocrx_word' id='word_1_535' title='bbox 1264 3192 1472 3237; x_wconf 84' lang='lat' dir='ltr'>inhaerent,</span> 
     </span>
     <span class='ocr_line' id='line_1_86' title="bbox 409 3244 1475 3296; baseline -0.004 -12"><span class='ocrx_word' id='word_1_536' title='bbox 409 3247 516 3285; x_wconf 89' lang='lat' dir='ltr'>cuius</span> <span class='ocrx_word' id='word_1_537' title='bbox 537 3255 592 3284; x_wconf 92' lang='lat' dir='ltr'>est</span> <span class='ocrx_word' id='word_1_538' title='bbox 606 3247 853 3285; x_wconf 87' lang='lat' dir='ltr'>immutabilis</span> <span class='ocrx_word' id='word_1_539' title='bbox 873 3247 1040 3284; x_wconf 89' lang='lat' dir='ltr'>bonitas:</span> <span class='ocrx_word' id='word_1_540' title='bbox 1061 3247 1151 3296; x_wconf 90' lang='lat' dir='ltr'>quia</span> <span class='ocrx_word' id='word_1_541' title='bbox 1167 3245 1234 3283; x_wconf 90' lang='lat' dir='ltr'>etsi</span> <span class='ocrx_word' id='word_1_542' title='bbox 1253 3244 1475 3282; x_wconf 89' lang='lat' dir='ltr'>inhaereant</span> 
     </span>
    </p>
   </div>
   <div class='ocr_carea' id='block_1_24' title="bbox 462 3360 1145 3393">
    <p class='ocr_par' dir='ltr' id='par_1_31' title="bbox 462 3360 1145 3393">
     <span class='ocr_line' id='line_1_87' title="bbox 462 3360 1145 3393; baseline -0.001 -8"><span class='ocrx_word' id='word_1_543' title='bbox 462 3361 490 3393; x_wconf 83' lang='grc' dir='ltr'>α)</span> <span class='ocrx_word' id='word_1_544' title='bbox 510 3361 663 3393; x_wconf 78' lang='lat' dir='ltr'>opponitur.</span> <span class='ocrx_word' id='word_1_545' title='bbox 681 3373 701 3380; x_wconf 91' lang='lat'>·-</span> <span class='ocrx_word' id='word_1_546' title='bbox 719 3360 866 3392; x_wconf 76' lang='lat' dir='ltr'>imponitur</span> <span class='ocrx_word' id='word_1_547' title='bbox 886 3361 915 3391; x_wconf 88' lang='lat' dir='ltr'>L,</span> <span class='ocrx_word' id='word_1_548' title='bbox 934 3361 1079 3391; x_wconf 83' lang='lat' dir='ltr'>apponitur</span> <span class='ocrx_word' id='word_1_549' title='bbox 1098 3361 1145 3385; x_wconf 82' lang='lat' dir='ltr'>Pa.</span> 
     </span>
    </p>
   </div>
   <div class='ocr_carea' id='block_1_25' title="bbox 1494 1719 1504 3422">
    <p class='ocr_par' dir='ltr' id='par_1_32' title="bbox 1494 1719 1504 3422">
     <span class='ocr_line' id='line_1_88' title="bbox 1494 1719 1504 3422; baseline 0 0"><span class='ocrx_word' id='word_1_550' title='bbox 1494 1719 1504 3422; x_wconf 95' lang='lat' dir='ltr'> </span> 
     </span>
    </p>
   </div>
   <div class='ocr_carea' id='block_1_26' title="bbox 463 3395 1167 3429">
    <p class='ocr_par' dir='ltr' id='par_1_33' title="bbox 463 3395 1167 3429">
     <span class='ocr_line' id='line_1_89' title="bbox 463 3395 1167 3429; baseline -0.004 -7"><span class='ocrx_word' id='word_1_551' title='bbox 463 3395 488 3429; x_wconf 78' lang='grc' dir='ltr'>β)</span> <span class='ocrx_word' id='word_1_552' title='bbox 508 3396 720 3422; x_wconf 85' lang='lat' dir='ltr'>commotionem.</span> <span class='ocrx_word' id='word_1_553' title='bbox 737 3409 755 3415; x_wconf 93' lang='lat'><em>—</em></span> <span class='ocrx_word' id='word_1_554' title='bbox 774 3395 992 3420; x_wconf 83' lang='lat' dir='ltr'>commixtionem</span> <span class='ocrx_word' id='word_1_555' title='bbox 1011 3396 1167 3427; x_wconf 77' lang='lat' dir='ltr'>AEFLpr.</span> 
     </span>
    </p>
   </div>
   <div class='ocr_carea' id='block_1_27' title="bbox 1520 1582 1836 1616">
    <p class='ocr_par' dir='ltr' id='par_1_34' title="bbox 1520 1582 1836 1616">
     <span class='ocr_line' id='line_1_90' title="bbox 1520 1582 1836 1616; baseline 0 -9"><span class='ocrx_word' id='word_1_556' title='bbox 1520 1590 1565 1615; x_wconf 91' lang='lat' dir='ltr'>qu.</span> <span class='ocrx_word' id='word_1_557' title='bbox 1584 1590 1611 1612; x_wconf 82' lang='grc' dir='ltr'>ιι,</span> <span class='ocrx_word' id='word_1_558' title='bbox 1631 1588 1679 1607; x_wconf 82' lang='lat' dir='ltr'>art.</span> <span class='ocrx_word' id='word_1_559' title='bbox 1700 1582 1723 1614; x_wconf 85' lang='lat'>3,</span> <span class='ocrx_word' id='word_1_560' title='bbox 1743 1583 1793 1616; x_wconf 72' lang='lat' dir='ltr'>qu‘</span> <span class='ocrx_word' id='word_1_561' title='bbox 1817 1591 1836 1608; x_wconf 88' lang='lat'>1.</span> 
     </span>
    </p>
   </div>
   <div class='ocr_carea' id='block_1_28' title="bbox 1513 1652 2593 3239">
    <p class='ocr_par' dir='ltr' id='par_1_35' title="bbox 1513 1652 2593 2275">
     <span class='ocr_line' id='line_1_91' title="bbox 1523 1652 2592 1702; baseline 0 -12"><span class='ocrx_word' id='word_1_562' title='bbox 1523 1653 1602 1691; x_wconf 90' lang='lat' dir='ltr'>suis</span> <span class='ocrx_word' id='word_1_563' title='bbox 1629 1654 1817 1702; x_wconf 87' lang='lat' dir='ltr'>praelatis,</span> <span class='ocrx_word' id='word_1_564' title='bbox 1848 1666 1927 1691; x_wconf 92' lang='lat' dir='ltr'>non</span> <span class='ocrx_word' id='word_1_565' title='bbox 1954 1654 2154 1690; x_wconf 89' lang='lat' dir='ltr'>inhaerent</span> <span class='ocrx_word' id='word_1_566' title='bbox 2182 1653 2237 1690; x_wconf 92' lang='lat' dir='ltr'>eis</span> <span class='ocrx_word' id='word_1_567' title='bbox 2264 1652 2336 1690; x_wconf 90' lang='lat' dir='ltr'>nisi</span> <span class='ocrx_word' id='word_1_568' title='bbox 2364 1653 2592 1701; x_wconf 89' lang='lat' dir='ltr'>inquantum</span> 
     </span>
     <span class='ocr_line' id='line_1_92' title="bbox 1523 1706 2590 1754; baseline 0.001 -11"><span class='ocrx_word' id='word_1_569' title='bbox 1523 1707 1573 1743; x_wconf 93' lang='lat' dir='ltr'>illi</span> <span class='ocrx_word' id='word_1_570' title='bbox 1601 1707 1801 1744; x_wconf 89' lang='lat' dir='ltr'>inhaerent</span> <span class='ocrx_word' id='word_1_571' title='bbox 1834 1707 1999 1754; x_wconf 86' lang='lat' dir='ltr'>Christo,</span> <span class='ocrx_word' id='word_1_572' title='bbox 2026 1706 2240 1754; x_wconf 82' lang='lat' dir='ltr'>secundum</span> <span class='ocrx_word' id='word_1_573' title='bbox 2272 1706 2364 1743; x_wconf 91' lang='lat' dir='ltr'>illud</span> <span class='ocrx_word' id='word_1_574' title='bbox 2383 1707 2397 1742; x_wconf 96' lang='lat'>1</span> <span class='ocrx_word' id='word_1_575' title='bbox 2418 1707 2471 1743; x_wconf 88' lang='lat' dir='ltr'>ad</span> <span class='ocrx_word' id='word_1_576' title='bbox 2499 1707 2590 1744; x_wconf 83' lang='lat' dir='ltr'>Cor.</span> 
     </span>
     <span class='ocr_line' id='line_1_93' title="bbox 1524 1759 2590 1809; baseline 0 -13"><span class='ocrx_word' id='word_1_577' title='bbox 1524 1772 1560 1796; x_wconf 94' lang='lat' dir='ltr'>1v</span> <span class='ocrx_word' id='word_1_578' title='bbox 1586 1759 1623 1795; x_wconf 73' lang='grc' dir='ltr'>*ε</span> <span class='ocrx_word' id='word_1_579' title='bbox 1651 1760 1866 1797; x_wconf 87' lang='lat' dir='ltr'>Imitatores</span> <span class='ocrx_word' id='word_1_580' title='bbox 1892 1761 1969 1797; x_wconf 89' lang='lat' dir='ltr'>mei</span> <span class='ocrx_word' id='word_1_581' title='bbox 1994 1764 2124 1805; x_wconf 87' lang='lat' dir='ltr'>estote,</span> <span class='ocrx_word' id='word_1_582' title='bbox 2153 1760 2250 1796; x_wconf 86' lang='lat' dir='ltr'>sicut</span> <span class='ocrx_word' id='word_1_583' title='bbox 2273 1765 2309 1796; x_wconf 82' lang='lat' dir='ltr'>et</span> <span class='ocrx_word' id='word_1_584' title='bbox 2334 1771 2408 1809; x_wconf 82' lang='lat' dir='ltr'>ego</span> <span class='ocrx_word' id='word_1_585' title='bbox 2441 1759 2590 1796; x_wconf 78' lang='lat' dir='ltr'>Christi.</span> 
     </span>
     <span class='ocr_line' id='line_1_94' title="bbox 1523 1812 2590 1862; baseline -0.002 -12"><span class='ocrx_word' id='word_1_586' title='bbox 1523 1813 1634 1850; x_wconf 91' lang='lat' dir='ltr'>Unde</span> <span class='ocrx_word' id='word_1_587' title='bbox 1664 1821 2018 1862; x_wconf 89' lang='lat' dir='ltr'>quantumcumque</span> <span class='ocrx_word' id='word_1_588' title='bbox 2055 1812 2210 1849; x_wconf 85' lang='lat' dir='ltr'>videant</span> <span class='ocrx_word' id='word_1_589' title='bbox 2246 1813 2340 1849; x_wconf 92' lang='lat' dir='ltr'>alios</span> <span class='ocrx_word' id='word_1_590' title='bbox 2374 1812 2590 1850; x_wconf 87' lang='lat' dir='ltr'>inordinate</span> 
     </span>
     <span class='ocr_line' id='line_1_95' title="bbox 1523 1865 2591 1914; baseline -0.001 -11"><span class='ocrx_word' id='word_1_591' title='bbox 1523 1878 1563 1903; x_wconf 92' lang='lat' dir='ltr'>se</span> <span class='ocrx_word' id='word_1_592' title='bbox 1592 1866 1735 1905; x_wconf 89' lang='lat' dir='ltr'>habere</span> <span class='ocrx_word' id='word_1_593' title='bbox 1756 1866 1864 1903; x_wconf 92' lang='lat' dir='ltr'>dictis</span> <span class='ocrx_word' id='word_1_594' title='bbox 1891 1867 1954 1903; x_wconf 93' lang='lat' dir='ltr'>vel</span> <span class='ocrx_word' id='word_1_595' title='bbox 1982 1866 2101 1912; x_wconf 87' lang='lat' dir='ltr'>factis,</span> <span class='ocrx_word' id='word_1_596' title='bbox 2122 1866 2194 1914; x_wconf 90' lang='lat' dir='ltr'>ipsi</span> <span class='ocrx_word' id='word_1_597' title='bbox 2221 1878 2244 1902; x_wconf 88' lang='lat' dir='ltr'>a</span> <span class='ocrx_word' id='word_1_598' title='bbox 2267 1877 2336 1902; x_wconf 90' lang='lat' dir='ltr'>sua</span> <span class='ocrx_word' id='word_1_599' title='bbox 2365 1865 2591 1903; x_wconf 90' lang='lat' dir='ltr'>rectitudine</span> 
     </span>
     <span class='ocr_line' id='line_1_96' title="bbox 1524 1918 2592 1961; baseline -0.001 -5"><span class='ocrx_word' id='word_1_600' title='bbox 1524 1932 1602 1956; x_wconf 92' lang='lat' dir='ltr'>non</span> <span class='ocrx_word' id='word_1_601' title='bbox 1623 1920 1826 1956; x_wconf 90' lang='lat' dir='ltr'>recedunt:</span> <span class='ocrx_word' id='word_1_602' title='bbox 1852 1920 2066 1956; x_wconf 90' lang='lat' dir='ltr'>secundum</span> <span class='ocrx_word' id='word_1_603' title='bbox 2083 1919 2176 1956; x_wconf 90' lang='lat' dir='ltr'>illud</span> <span class='ocrx_word' id='word_1_604' title='bbox 2195 1919 2336 1955; x_wconf 88' lang='lat' dir='ltr'>Psalm.</span> <span class='ocrx_word' id='word_1_605' title='bbox 2351 1918 2388 1955; x_wconf 76' lang='lat' dir='ltr'>*z</span> <span class='ocrx_word' id='word_1_606' title='bbox 2413 1919 2487 1961; x_wconf 84' lang='lat' dir='ltr'>Qui</span> <span class='ocrx_word' id='word_1_607' title='bbox 2504 1929 2592 1956; x_wconf 86' lang='lat' dir='ltr'>con·-</span> 
     </span>
     <span class='ocr_line' id='line_1_97' title="bbox 1513 1973 2592 2020; baseline 0 -11"><span class='ocrx_word' id='word_1_608' title='bbox 1513 1973 1645 2020; x_wconf 87' lang='lat' dir='ltr'>fidunt</span> <span class='ocrx_word' id='word_1_609' title='bbox 1669 1973 1707 2009; x_wconf 88' lang='lat' dir='ltr'>in</span> <span class='ocrx_word' id='word_1_610' title='bbox 1736 1973 1914 2019; x_wconf 84' lang='lat' dir='ltr'>Domino,</span> <span class='ocrx_word' id='word_1_611' title='bbox 1934 1973 2030 2009; x_wconf 87' lang='lat' dir='ltr'>sicut</span> <span class='ocrx_word' id='word_1_612' title='bbox 2054 1984 2163 2009; x_wconf 90' lang='lat' dir='ltr'>mons</span> <span class='ocrx_word' id='word_1_613' title='bbox 2190 1973 2298 2009; x_wconf 84' lang='lat' dir='ltr'>Sion.-</span> <span class='ocrx_word' id='word_1_614' title='bbox 2331 1983 2406 2008; x_wconf 89' lang='lat' dir='ltr'>non</span> <span class='ocrx_word' id='word_1_615' title='bbox 2426 1983 2592 2009; x_wconf 79' lang='lat' dir='ltr'>commo-</span> 
     </span>
     <span class='ocr_line' id='line_1_98' title="bbox 1522 2025 2592 2074; baseline -0.001 -11"><span class='ocrx_word' id='word_1_616' title='bbox 1522 2026 1670 2063; x_wconf 79' lang='lat' dir='ltr'>vehitur</span> <span class='ocrx_word' id='word_1_617' title='bbox 1688 2025 1726 2062; x_wconf 90' lang='lat' dir='ltr'>in</span> <span class='ocrx_word' id='word_1_618' title='bbox 1754 2031 1950 2063; x_wconf 89' lang='lat' dir='ltr'>aeternum</span> <span class='ocrx_word' id='word_1_619' title='bbox 1971 2026 2037 2074; x_wconf 87' lang='lat' dir='ltr'>qui</span> <span class='ocrx_word' id='word_1_620' title='bbox 2061 2026 2205 2063; x_wconf 86' lang='lat' dir='ltr'>habitat</span> <span class='ocrx_word' id='word_1_621' title='bbox 2225 2025 2512 2062; x_wconf 53' lang='lat' dir='ltr'>in‘Ierusalem.</span> <span class='ocrx_word' id='word_1_622' title='bbox 2541 2025 2592 2062; x_wconf 81' lang='lat' dir='ltr'>Et</span> 
     </span>
     <span class='ocr_line' id='line_1_99' title="bbox 1524 2078 2590 2128; baseline -0.001 -13"><span class='ocrx_word' id='word_1_623' title='bbox 1524 2079 1610 2116; x_wconf 91' lang='lat' dir='ltr'>ideo</span> <span class='ocrx_word' id='word_1_624' title='bbox 1630 2078 1668 2115; x_wconf 90' lang='lat' dir='ltr'>in</span> <span class='ocrx_word' id='word_1_625' title='bbox 1698 2078 1756 2115; x_wconf 92' lang='lat' dir='ltr'>his</span> <span class='ocrx_word' id='word_1_626' title='bbox 1774 2079 1840 2127; x_wconf 90' lang='lat' dir='ltr'>qui</span> <span class='ocrx_word' id='word_1_627' title='bbox 1867 2079 2033 2128; x_wconf 87' lang='lat' dir='ltr'>perfecte</span> <span class='ocrx_word' id='word_1_628' title='bbox 2053 2080 2138 2116; x_wconf 91' lang='lat' dir='ltr'>Deo</span> <span class='ocrx_word' id='word_1_629' title='bbox 2167 2079 2379 2116; x_wconf 88' lang='lat' dir='ltr'>adhaerent</span> <span class='ocrx_word' id='word_1_630' title='bbox 2395 2089 2465 2127; x_wconf 89' lang='lat' dir='ltr'>per</span> <span class='ocrx_word' id='word_1_631' title='bbox 2482 2089 2590 2115; x_wconf 89' lang='lat' dir='ltr'>amo-</span> 
     </span>
     <span class='ocr_line' id='line_1_100' title="bbox 1524 2130 2590 2169; baseline 0.001 -1"><span class='ocrx_word' id='word_1_632' title='bbox 1524 2145 1606 2169; x_wconf 90' lang='lat' dir='ltr'>rem</span> <span class='ocrx_word' id='word_1_633' title='bbox 1644 2131 1870 2169; x_wconf 88' lang='lat' dir='ltr'>scandalum</span> <span class='ocrx_word' id='word_1_634' title='bbox 1902 2144 1981 2169; x_wconf 91' lang='lat' dir='ltr'>non</span> <span class='ocrx_word' id='word_1_635' title='bbox 2009 2131 2222 2169; x_wconf 87' lang='lat' dir='ltr'>invenitur:</span> <span class='ocrx_word' id='word_1_636' title='bbox 2255 2131 2469 2168; x_wconf 88' lang='lat' dir='ltr'>secundum</span> <span class='ocrx_word' id='word_1_637' title='bbox 2498 2130 2590 2169; x_wconf 80' lang='lat' dir='ltr'>illud</span> 
     </span>
     <span class='ocr_line' id='line_1_101' title="bbox 1524 2184 2593 2234; baseline -0.002 -12"><span class='ocrx_word' id='word_1_638' title='bbox 1524 2186 1664 2222; x_wconf 89' lang='lat' dir='ltr'>Psalm.</span> <span class='ocrx_word' id='word_1_639' title='bbox 1685 2185 1721 2221; x_wconf 78' lang='lat' dir='ltr'>*z</span> <span class='ocrx_word' id='word_1_640' title='bbox 1750 2186 1836 2222; x_wconf 89' lang='lat' dir='ltr'>Pax</span> <span class='ocrx_word' id='word_1_641' title='bbox 1854 2185 1972 2222; x_wconf 88' lang='lat' dir='ltr'>multa</span> <span class='ocrx_word' id='word_1_642' title='bbox 2000 2185 2238 2234; x_wconf 83' lang='lat' dir='ltr'>diligentibus</span> <span class='ocrx_word' id='word_1_643' title='bbox 2266 2184 2389 2234; x_wconf 79' lang='lat' dir='ltr'>legem</span> <span class='ocrx_word' id='word_1_644' title='bbox 2417 2190 2535 2231; x_wconf 83' lang='lat' dir='ltr'>tuam,</span> <span class='ocrx_word' id='word_1_645' title='bbox 2555 2189 2593 2221; x_wconf 85' lang='lat' dir='ltr'>et</span> 
     </span>
     <span class='ocr_line' id='line_1_102' title="bbox 1525 2238 2093 2275; baseline -0.002 0"><span class='ocrx_word' id='word_1_646' title='bbox 1525 2250 1600 2275; x_wconf 93' lang='lat' dir='ltr'>non</span> <span class='ocrx_word' id='word_1_647' title='bbox 1628 2244 1684 2275; x_wconf 88' lang='lat' dir='ltr'>est</span> <span class='ocrx_word' id='word_1_648' title='bbox 1707 2238 1778 2274; x_wconf 86' lang='lat' dir='ltr'>illis</span> <span class='ocrx_word' id='word_1_649' title='bbox 1804 2238 2038 2275; x_wconf 87' lang='lat' dir='ltr'>scandalum.</span> <span class='ocrx_word' id='word_1_650' title='bbox 2092 2239 2093 2242; x_wconf 73' lang='grc'>’</span> 
     </span>
    </p>

    <p class='ocr_par' dir='ltr' id='par_1_36' title="bbox 1523 2289 2592 2551">
     <span class='ocr_line' id='line_1_103' title="bbox 1577 2289 2591 2339; baseline 0 -12"><span class='ocrx_word' id='word_1_651' title='bbox 1577 2293 1636 2328; x_wconf 84' lang='lat' dir='ltr'>An</span> <span class='ocrx_word' id='word_1_652' title='bbox 1670 2302 1808 2328; x_wconf 84' lang='lat' dir='ltr'>PR1MUM</span> <span class='ocrx_word' id='word_1_653' title='bbox 1835 2302 1934 2328; x_wconf 84' lang='lat' dir='ltr'>ERGO</span> <span class='ocrx_word' id='word_1_654' title='bbox 1959 2303 2146 2328; x_wconf 83' lang='lat' dir='ltr'>DICENDUM</span> <span class='ocrx_word' id='word_1_655' title='bbox 2165 2290 2282 2339; x_wconf 83' lang='lat' dir='ltr'>quod,</span> <span class='ocrx_word' id='word_1_656' title='bbox 2312 2289 2409 2326; x_wconf 92' lang='lat' dir='ltr'>sicut</span> <span class='ocrx_word' id='word_1_657' title='bbox 2437 2301 2552 2338; x_wconf 83' lang='lat' dir='ltr'>supra</span> <span class='ocrx_word' id='word_1_658' title='bbox 2570 2289 2591 2312; x_wconf 71' lang='lat'>⁸²</span> 
     </span>
     <span class='ocr_line' id='line_1_104' title="bbox 1525 2342 2592 2392; baseline -0.001 -11"><span class='ocrx_word' id='word_1_659' title='bbox 1525 2345 1669 2381; x_wconf 91' lang='lat' dir='ltr'>dictum</span> <span class='ocrx_word' id='word_1_660' title='bbox 1691 2351 1757 2390; x_wconf 90' lang='lat' dir='ltr'>est,</span> <span class='ocrx_word' id='word_1_661' title='bbox 1778 2344 2001 2380; x_wconf 89' lang='lat' dir='ltr'>scandalum</span> <span class='ocrx_word' id='word_1_662' title='bbox 2022 2345 2123 2391; x_wconf 85' lang='lat' dir='ltr'>large</span> <span class='ocrx_word' id='word_1_663' title='bbox 2151 2342 2306 2391; x_wconf 79' lang='lat' dir='ltr'>ponitur</span> <span class='ocrx_word' id='word_1_664' title='bbox 2324 2342 2375 2379; x_wconf 93' lang='lat' dir='ltr'>ibi</span> <span class='ocrx_word' id='word_1_665' title='bbox 2403 2354 2474 2390; x_wconf 92' lang='lat' dir='ltr'>pro</span> <span class='ocrx_word' id='word_1_666' title='bbox 2495 2354 2592 2392; x_wconf 90' lang='lat' dir='ltr'>quo-</span> 
     </span>
     <span class='ocr_line' id='line_1_105' title="bbox 1523 2395 2588 2445; baseline -0.002 -11"><span class='ocrx_word' id='word_1_667' title='bbox 1523 2398 1614 2434; x_wconf 91' lang='lat' dir='ltr'>libet</span> <span class='ocrx_word' id='word_1_668' title='bbox 1650 2397 1942 2445; x_wconf 90' lang='lat' dir='ltr'>impedimento.</span> <span class='ocrx_word' id='word_1_669' title='bbox 1980 2397 2092 2438; x_wconf 86' lang='lat' dir='ltr'>Unde</span> <span class='ocrx_word' id='word_1_670' title='bbox 2121 2395 2312 2434; x_wconf 91' lang='lat' dir='ltr'>Dominus</span> <span class='ocrx_word' id='word_1_671' title='bbox 2345 2396 2458 2431; x_wconf 87' lang='lat' dir='ltr'>Petro</span> <span class='ocrx_word' id='word_1_672' title='bbox 2489 2395 2588 2443; x_wconf 86' lang='lat' dir='ltr'>dicit,</span> 
     </span>
     <span class='ocr_line' id='line_1_106' title="bbox 1525 2448 2590 2498; baseline -0.003 -11"><span class='ocrx_word' id='word_1_673' title='bbox 1525 2450 1754 2487; x_wconf 88' lang='lat' dir='ltr'>Scandalum</span> <span class='ocrx_word' id='word_1_674' title='bbox 1782 2450 1876 2486; x_wconf 87' lang='lat' dir='ltr'>mihi</span> <span class='ocrx_word' id='word_1_675' title='bbox 1901 2461 1950 2495; x_wconf 86' lang='lat' dir='ltr'>es,</span> <span class='ocrx_word' id='word_1_676' title='bbox 1980 2449 2070 2497; x_wconf 87' lang='lat' dir='ltr'>quia</span> <span class='ocrx_word' id='word_1_677' title='bbox 2099 2449 2288 2486; x_wconf 84' lang='lat' dir='ltr'>nitebatur</span> <span class='ocrx_word' id='word_1_678' title='bbox 2307 2448 2387 2485; x_wconf 90' lang='lat' dir='ltr'>eius</span> <span class='ocrx_word' id='word_1_679' title='bbox 2415 2448 2590 2498; x_wconf 90' lang='lat' dir='ltr'>proposi-</span> 
     </span>
     <span class='ocr_line' id='line_1_107' title="bbox 1524 2501 2481 2551; baseline -0.002 -11"><span class='ocrx_word' id='word_1_680' title='bbox 1524 2512 1606 2540; x_wconf 89' lang='lat' dir='ltr'>tum</span> <span class='ocrx_word' id='word_1_681' title='bbox 1634 2502 1822 2550; x_wconf 90' lang='lat' dir='ltr'>impedire</span> <span class='ocrx_word' id='word_1_682' title='bbox 1852 2502 1950 2539; x_wconf 91' lang='lat' dir='ltr'>circa</span> <span class='ocrx_word' id='word_1_683' title='bbox 1978 2502 2198 2551; x_wconf 88' lang='lat' dir='ltr'>passionem</span> <span class='ocrx_word' id='word_1_684' title='bbox 2227 2501 2481 2538; x_wconf 90' lang='lat' dir='ltr'>subeundam.</span> 
     </span>
    </p>

    <p class='ocr_par' dir='ltr' id='par_1_37' title="bbox 1518 2553 2590 2870">
     <span class='ocr_line' id='line_1_108' title="bbox 1577 2553 2589 2604; baseline -0.002 -12"><span class='ocrx_word' id='word_1_685' title='bbox 1577 2558 1636 2593; x_wconf 81' lang='lat' dir='ltr'>An</span> <span class='ocrx_word' id='word_1_686' title='bbox 1669 2567 1863 2593; x_wconf 75' lang='lat' dir='ltr'>SECUNDUM</span> <span class='ocrx_word' id='word_1_687' title='bbox 1901 2567 2088 2592; x_wconf 73' lang='lat' dir='ltr'>mci-:unum</span> <span class='ocrx_word' id='word_1_688' title='bbox 2121 2555 2226 2604; x_wconf 92' lang='lat' dir='ltr'>quod</span> <span class='ocrx_word' id='word_1_689' title='bbox 2264 2555 2302 2592; x_wconf 91' lang='lat' dir='ltr'>in</span> <span class='ocrx_word' id='word_1_690' title='bbox 2340 2553 2589 2591; x_wconf 87' lang='lat' dir='ltr'>exterioribus</span> 
     </span>
     <span class='ocr_line' id='line_1_109' title="bbox 1525 2606 2589 2658; baseline -0.003 -12"><span class='ocrx_word' id='word_1_691' title='bbox 1525 2609 1670 2646; x_wconf 89' lang='lat' dir='ltr'>actibus</span> <span class='ocrx_word' id='word_1_692' title='bbox 1689 2608 1845 2657; x_wconf 79' lang='lat' dir='ltr'>perfecti</span> <span class='ocrx_word' id='word_1_693' title='bbox 1862 2608 1934 2645; x_wconf 89' lang='lat' dir='ltr'>viri</span> <span class='ocrx_word' id='word_1_694' title='bbox 1954 2615 2115 2657; x_wconf 91' lang='lat' dir='ltr'>possunt</span> <span class='ocrx_word' id='word_1_695' title='bbox 2134 2607 2321 2658; x_wconf 89' lang='lat' dir='ltr'>impediri.</span> <span class='ocrx_word' id='word_1_696' title='bbox 2344 2608 2418 2644; x_wconf 91' lang='lat' dir='ltr'>Sed</span> <span class='ocrx_word' id='word_1_697' title='bbox 2438 2607 2478 2644; x_wconf 91' lang='lat' dir='ltr'>in</span> <span class='ocrx_word' id='word_1_698' title='bbox 2495 2606 2589 2643; x_wconf 87' lang='lat' dir='ltr'>inte-</span> 
     </span>
     <span class='ocr_line' id='line_1_110' title="bbox 1525 2661 2590 2710; baseline -0.003 -11"><span class='ocrx_word' id='word_1_699' title='bbox 1525 2663 1612 2700; x_wconf 88' lang='lat' dir='ltr'>riori</span> <span class='ocrx_word' id='word_1_700' title='bbox 1639 2662 1836 2699; x_wconf 88' lang='lat' dir='ltr'>voluntate</span> <span class='ocrx_word' id='word_1_701' title='bbox 1871 2674 1941 2710; x_wconf 90' lang='lat' dir='ltr'>per</span> <span class='ocrx_word' id='word_1_702' title='bbox 1970 2661 2069 2699; x_wconf 91' lang='lat' dir='ltr'>dicta</span> <span class='ocrx_word' id='word_1_703' title='bbox 2105 2662 2167 2698; x_wconf 91' lang='lat' dir='ltr'>vel</span> <span class='ocrx_word' id='word_1_704' title='bbox 2195 2662 2292 2699; x_wconf 85' lang='lat' dir='ltr'>facta</span> <span class='ocrx_word' id='word_1_705' title='bbox 2320 2661 2481 2697; x_wconf 91' lang='lat' dir='ltr'>aliorum</span> <span class='ocrx_word' id='word_1_706' title='bbox 2510 2671 2590 2696; x_wconf 91' lang='lat' dir='ltr'>non</span> 
     </span>
     <span class='ocr_line' id='line_1_111' title="bbox 1523 2714 2588 2764; baseline -0.003 -12"><span class='ocrx_word' id='word_1_707' title='bbox 1523 2715 1783 2764; x_wconf 90' lang='lat' dir='ltr'>impediuntur</span> <span class='ocrx_word' id='word_1_708' title='bbox 1804 2714 2012 2763; x_wconf 89' lang='lat' dir='ltr'>quominus</span> <span class='ocrx_word' id='word_1_709' title='bbox 2031 2716 2188 2752; x_wconf 87' lang='lat' dir='ltr'>tendant</span> <span class='ocrx_word' id='word_1_710' title='bbox 2215 2714 2253 2751; x_wconf 93' lang='lat' dir='ltr'>in</span> <span class='ocrx_word' id='word_1_711' title='bbox 2281 2715 2424 2750; x_wconf 88' lang='lat' dir='ltr'>Deum:</span> <span class='ocrx_word' id='word_1_712' title='bbox 2454 2724 2588 2749; x_wconf 88' lang='lat' dir='ltr'>secun-</span> 
     </span>
     <span class='ocr_line' id='line_1_112' title="bbox 1527 2765 2588 2816; baseline -0.003 -12"><span class='ocrx_word' id='word_1_713' title='bbox 1527 2769 1620 2805; x_wconf 90' lang='lat' dir='ltr'>dum</span> <span class='ocrx_word' id='word_1_714' title='bbox 1649 2767 1741 2804; x_wconf 91' lang='lat' dir='ltr'>illud</span> <span class='ocrx_word' id='word_1_715' title='bbox 1769 2769 1880 2804; x_wconf 91' lang='lat' dir='ltr'>Rom.</span> <span class='ocrx_word' id='word_1_716' title='bbox 1911 2779 1972 2804; x_wconf 84' lang='lat' dir='ltr'>vm</span> <span class='ocrx_word' id='word_1_717' title='bbox 2000 2767 2035 2804; x_wconf 73' lang='grc' dir='ltr'>*ι</span> <span class='ocrx_word' id='word_1_718' title='bbox 2064 2767 2201 2816; x_wconf 85' lang='lat' dir='ltr'>Neque</span> <span class='ocrx_word' id='word_1_719' title='bbox 2234 2778 2337 2803; x_wconf 90' lang='lat' dir='ltr'>mors</span> <span class='ocrx_word' id='word_1_720' title='bbox 2365 2777 2485 2814; x_wconf 83' lang='lat' dir='ltr'>neque</span> <span class='ocrx_word' id='word_1_721' title='bbox 2510 2765 2588 2802; x_wconf 78' lang='lat' dir='ltr'>vita</span> 
     </span>
     <span class='ocr_line' id='line_1_113' title="bbox 1518 2819 2303 2870; baseline -0.003 -12"><span class='ocrx_word' id='word_1_722' title='bbox 1518 2821 1657 2870; x_wconf 87' lang='lat' dir='ltr'>poterit</span> <span class='ocrx_word' id='word_1_723' title='bbox 1685 2832 1752 2857; x_wconf 90' lang='lat' dir='ltr'>nos</span> <span class='ocrx_word' id='word_1_724' title='bbox 1777 2831 1958 2868; x_wconf 85' lang='lat' dir='ltr'>separare</span> <span class='ocrx_word' id='word_1_725' title='bbox 1985 2832 2010 2857; x_wconf 87' lang='lat' dir='ltr'>a</span> <span class='ocrx_word' id='word_1_726' title='bbox 2037 2820 2194 2857; x_wconf 85' lang='lat' dir='ltr'>caritate</span> <span class='ocrx_word' id='word_1_727' title='bbox 2218 2819 2303 2857; x_wconf 83' lang='lat' dir='ltr'>Dei.</span> 
     </span>
    </p>

    <p class='ocr_par' dir='ltr' id='par_1_38' title="bbox 1523 2869 2593 3239">
     <span class='ocr_line' id='line_1_114' title="bbox 1577 2869 2588 2922; baseline -0.002 -11"><span class='ocrx_word' id='word_1_728' title='bbox 1577 2875 1636 2911; x_wconf 82' lang='lat' dir='ltr'>An</span> <span class='ocrx_word' id='word_1_729' title='bbox 1664 2884 1828 2911; x_wconf 79' lang='lat' dir='ltr'>TERTIUM</span> <span class='ocrx_word' id='word_1_730' title='bbox 1848 2884 2034 2910; x_wconf 74' lang='lat' dir='ltr'>DICENDUM</span> <span class='ocrx_word' id='word_1_731' title='bbox 2054 2873 2158 2922; x_wconf 89' lang='lat' dir='ltr'>quod</span> <span class='ocrx_word' id='word_1_732' title='bbox 2185 2871 2342 2920; x_wconf 83' lang='lat' dir='ltr'>perfecti</span> <span class='ocrx_word' id='word_1_733' title='bbox 2360 2870 2432 2908; x_wconf 89' lang='lat' dir='ltr'>viri</span> <span class='ocrx_word' id='word_1_734' title='bbox 2461 2882 2508 2908; x_wconf 83' lang='lat' dir='ltr'>ex</span> <span class='ocrx_word' id='word_1_735' title='bbox 2533 2869 2588 2909; x_wconf 86' lang='lat' dir='ltr'>in-</span> 
     </span>
     <span class='ocr_line' id='line_1_115' title="bbox 1524 2924 2588 2973; baseline -0.002 -10"><span class='ocrx_word' id='word_1_736' title='bbox 1524 2927 1700 2964; x_wconf 86' lang='lat' dir='ltr'>firmitate</span> <span class='ocrx_word' id='word_1_737' title='bbox 1730 2926 1852 2963; x_wconf 91' lang='lat' dir='ltr'>carnis</span> <span class='ocrx_word' id='word_1_738' title='bbox 1871 2925 2043 2963; x_wconf 91' lang='lat' dir='ltr'>incidunt</span> <span class='ocrx_word' id='word_1_739' title='bbox 2069 2925 2262 2962; x_wconf 90' lang='lat' dir='ltr'>interdum</span> <span class='ocrx_word' id='word_1_740' title='bbox 2291 2924 2328 2962; x_wconf 91' lang='lat' dir='ltr'>in</span> <span class='ocrx_word' id='word_1_741' title='bbox 2348 2924 2474 2972; x_wconf 85' lang='lat' dir='ltr'>aliqua</span> <span class='ocrx_word' id='word_1_742' title='bbox 2496 2930 2588 2973; x_wconf 70' lang='lat' dir='ltr'>peo-</span> 
     </span>
     <span class='ocr_line' id='line_1_116' title="bbox 1524 2975 2589 3021; baseline -0.001 -5"><span class='ocrx_word' id='word_1_743' title='bbox 1524 2987 1607 3016; x_wconf 90' lang='lat' dir='ltr'>cata</span> <span class='ocrx_word' id='word_1_744' title='bbox 1633 2978 1814 3017; x_wconf 89' lang='lat' dir='ltr'>venialia:</span> <span class='ocrx_word' id='word_1_745' title='bbox 1851 2991 1930 3016; x_wconf 92' lang='lat' dir='ltr'>non</span> <span class='ocrx_word' id='word_1_746' title='bbox 1966 2985 2096 3016; x_wconf 86' lang='lat' dir='ltr'>autem</span> <span class='ocrx_word' id='word_1_747' title='bbox 2126 2990 2171 3015; x_wconf 86' lang='lat' dir='ltr'>ex</span> <span class='ocrx_word' id='word_1_748' title='bbox 2199 2977 2361 3015; x_wconf 89' lang='lat' dir='ltr'>aliorum</span> <span class='ocrx_word' id='word_1_749' title='bbox 2390 2975 2499 3015; x_wconf 87' lang='lat' dir='ltr'>dictis</span> <span class='ocrx_word' id='word_1_750' title='bbox 2524 2977 2589 3021; x_wconf 63' lang='lat' dir='ltr'>{vel</span> 
     </span>
     <span class='ocr_line' id='line_1_117' title="bbox 1523 3028 2590 3075; baseline -0.004 -5"><span class='ocrx_word' id='word_1_751' title='bbox 1523 3033 1629 3070; x_wconf 85' lang='lat' dir='ltr'>factis</span> <span class='ocrx_word' id='word_1_752' title='bbox 1665 3031 1969 3070; x_wconf 84' lang='lat' dir='ltr'>scandalizantur</span> <span class='ocrx_word' id='word_1_753' title='bbox 2004 3032 2389 3075; x_wconf 21' lang='lat' dir='ltr'>secundumvveram</span> <span class='ocrx_word' id='word_1_754' title='bbox 2421 3028 2590 3067; x_wconf 71' lang='lat' dir='ltr'>scandali</span> 
     </span>
     <span class='ocr_line' id='line_1_118' title="bbox 1524 3083 2593 3133; baseline -0.003 -11"><span class='ocrx_word' id='word_1_755' title='bbox 1524 3086 1725 3123; x_wconf 84' lang='lat' dir='ltr'>rationem.</span> <span class='ocrx_word' id='word_1_756' title='bbox 1747 3084 1822 3122; x_wconf 88' lang='lat' dir='ltr'>Sed</span> <span class='ocrx_word' id='word_1_757' title='bbox 1843 3092 1969 3133; x_wconf 88' lang='lat' dir='ltr'>potest</span> <span class='ocrx_word' id='word_1_758' title='bbox 1988 3096 2070 3122; x_wconf 91' lang='lat' dir='ltr'>esse</span> <span class='ocrx_word' id='word_1_759' title='bbox 2090 3083 2128 3120; x_wconf 91' lang='lat' dir='ltr'>in</span> <span class='ocrx_word' id='word_1_760' title='bbox 2157 3083 2210 3121; x_wconf 92' lang='lat' dir='ltr'>eis</span> <span class='ocrx_word' id='word_1_761' title='bbox 2230 3084 2423 3132; x_wconf 88' lang='lat' dir='ltr'>quaedam</span> <span class='ocrx_word' id='word_1_762' title='bbox 2449 3094 2593 3132; x_wconf 64' lang='lat' dir='ltr'>appro«</span> 
     </span>
     <span class='ocr_line' id='line_1_119' title="bbox 1524 3134 2587 3187; baseline -0.003 -12"><span class='ocrx_word' id='word_1_763' title='bbox 1524 3138 1720 3187; x_wconf 90' lang='lat' dir='ltr'>pinquatio</span> <span class='ocrx_word' id='word_1_764' title='bbox 1737 3138 1785 3175; x_wconf 92' lang='lat' dir='ltr'>ad</span> <span class='ocrx_word' id='word_1_765' title='bbox 1801 3138 2043 3174; x_wconf 89' lang='lat' dir='ltr'>scandalum:</span> <span class='ocrx_word' id='word_1_766' title='bbox 2060 3136 2274 3174; x_wconf 91' lang='lat' dir='ltr'>secundum</span> <span class='ocrx_word' id='word_1_767' title='bbox 2290 3135 2382 3173; x_wconf 92' lang='lat' dir='ltr'>illud</span> <span class='ocrx_word' id='word_1_768' title='bbox 2398 3134 2587 3173; x_wconf 42' lang='lat' dir='ltr'>Psalm.&amp;-</span> 
     </span>
     <span class='ocr_line' id='line_1_120' title="bbox 1524 3191 2103 3239; baseline -0.002 -11"><span class='ocrx_word' id='word_1_769' title='bbox 1524 3192 1609 3228; x_wconf 88' lang='lat' dir='ltr'>Mei</span> <span class='ocrx_word' id='word_1_770' title='bbox 1628 3203 1728 3239; x_wconf 85' lang='lat' dir='ltr'>pene</span> <span class='ocrx_word' id='word_1_771' title='bbox 1754 3191 1847 3228; x_wconf 88' lang='lat' dir='ltr'>moti</span> <span class='ocrx_word' id='word_1_772' title='bbox 1870 3196 1958 3228; x_wconf 85' lang='lat' dir='ltr'>sunt</span> <span class='ocrx_word' id='word_1_773' title='bbox 1977 3191 2103 3239; x_wconf 87' lang='lat' dir='ltr'>pedes.</span> 
     </span>
    </p>
   </div>
   <div class='ocr_carea' id='block_1_29' title="bbox 1580 3358 1918 3391">
    <p class='ocr_par' dir='ltr' id='par_1_39' title="bbox 1580 3358 1918 3391">
     <span class='ocr_line' id='line_1_121' title="bbox 1580 3358 1918 3391; baseline -0.003 -8"><span class='ocrx_word' id='word_1_774' title='bbox 1580 3360 1608 3391; x_wconf 81' lang='grc' dir='ltr'>γ)</span> <span class='ocrx_word' id='word_1_775' title='bbox 1627 3362 1726 3383; x_wconf 85' lang='lat' dir='ltr'>autem.</span> <span class='ocrx_word' id='word_1_776' title='bbox 1743 3372 1762 3377; x_wconf 94' lang='lat'>—</span> <span class='ocrx_word' id='word_1_777' title='bbox 1780 3359 1849 3383; x_wconf 84' lang='lat' dir='ltr'>enim</span> <span class='ocrx_word' id='word_1_778' title='bbox 1870 3358 1918 3383; x_wconf 82' lang='lat' dir='ltr'>Pa.</span> 
     </span>
    </p>
   </div>
   <div class='ocr_carea' id='block_1_30' title="bbox 2617 1769 2757 1791">
    <p class='ocr_par' dir='ltr' id='par_1_40' title="bbox 2617 1769 2757 1791">
     <span class='ocr_line' id='line_1_122' title="bbox 2617 1769 2757 1791; baseline 0 0"><span class='ocrx_word' id='word_1_779' title='bbox 2617 1769 2628 1781; x_wconf 71' lang='lat'>⁸</span> <span class='ocrx_word' id='word_1_780' title='bbox 2642 1769 2710 1791; x_wconf 73' lang='lat' dir='ltr'>Vm.</span> <span class='ocrx_word' id='word_1_781' title='bbox 2724 1769 2757 1791; x_wconf 82' lang='lat'>1⁶.</span> 
     </span>
    </p>
   </div>
   <div class='ocr_carea' id='block_1_31' title="bbox 2617 1927 2829 1981">
    <p class='ocr_par' dir='ltr' id='par_1_41' title="bbox 2617 1927 2829 1981">
     <span class='ocr_line' id='line_1_123' title="bbox 2617 1927 2829 1979; baseline 0 -30"><span class='ocrx_word' id='word_1_782' title='bbox 2617 1927 2672 1979; x_wconf 60' lang='lat' dir='ltr'>;P²n.</span> <span class='ocrx_word' id='word_1_783' title='bbox 2683 1933 2762 1955; x_wconf 70' lang='lat' dir='ltr'>cxxxv,</span> <span class='ocrx_word' id='word_1_784' title='bbox 2769 1933 2829 1949; x_wconf 75' lang='lat' dir='ltr'>vers.</span> 
     </span>
     <span class='ocr_line' id='line_1_124' title="bbox 2628 1969 2670 1981; baseline 0 -6"><span class='ocrx_word' id='word_1_785' title='bbox 2628 1970 2634 1981; x_wconf 87' lang='lat'><strong><em>‚</em></strong></span> <span class='ocrx_word' id='word_1_786' title='bbox 2663 1969 2670 1975; x_wconf 96' lang='lat'>.</span> 
     </span>
    </p>
   </div>
   <div class='ocr_carea' id='block_1_32' title="bbox 2616 2194 2831 2244">
    <p class='ocr_par' dir='ltr' id='par_1_42' title="bbox 2616 2194 2831 2244">
     <span class='ocr_line' id='line_1_125' title="bbox 2616 2194 2831 2222; baseline 0.005 -6"><span class='ocrx_word' id='word_1_787' title='bbox 2616 2195 2626 2206; x_wconf 72' lang='lat'><strong><em>⁴</em></strong></span> <span class='ocrx_word' id='word_1_788' title='bbox 2636 2194 2675 2218; x_wconf 77' lang='grc' dir='ltr'>Ρι.</span> <span class='ocrx_word' id='word_1_789' title='bbox 2685 2200 2762 2222; x_wconf 80' lang='lat' dir='ltr'>exvm,</span> <span class='ocrx_word' id='word_1_790' title='bbox 2769 2200 2831 2217; x_wconf 77' lang='lat' dir='ltr'>ven.</span> 
     </span>
     <span class='ocr_line' id='line_1_126' title="bbox 2617 2228 2662 2244; baseline -0.022 0"><span class='ocrx_word' id='word_1_791' title='bbox 2617 2228 2625 2244; x_wconf 93' lang='grc' dir='ltr'>ι</span> <span class='ocrx_word' id='word_1_792' title='bbox 2655 2237 2662 2243; x_wconf 94' lang='grc'><em>.</em></span> 
     </span>
    </p>
   </div>
   <div class='ocr_carea' id='block_1_33' title="bbox 2615 2295 2802 2322">
    <p class='ocr_par' dir='ltr' id='par_1_43' title="bbox 2615 2295 2802 2322">
     <span class='ocr_line' id='line_1_127' title="bbox 2615 2295 2802 2322; baseline -0.005 -4"><span class='ocrx_word' id='word_1_793' title='bbox 2615 2297 2687 2319; x_wconf 68' lang='lat' dir='ltr'>’Am</span> <span class='ocrx_word' id='word_1_794' title='bbox 2701 2301 2725 2322; x_wconf 77' lang='lat'>2.</span> <span class='ocrx_word' id='word_1_795' title='bbox 2737 2295 2766 2317; x_wconf 75' lang='lat' dir='ltr'>nd</span> <span class='ocrx_word' id='word_1_796' title='bbox 2780 2302 2802 2317; x_wconf 80' lang='lat'>2.</span> 
     </span>
    </p>
   </div>
   <div class='ocr_carea' id='block_1_34' title="bbox 2883 2655 2892 2792">
    <p class='ocr_par' dir='ltr' id='par_1_44' title="bbox 2883 2655 2892 2792">
     <span class='ocr_line' id='line_1_128' title="bbox 2883 2655 2892 2792; textangle 90"><span class='ocrx_word' id='word_1_797' title='bbox 2885 2772 2892 2792; x_wconf 80' lang='grc'>..</span> <span class='ocrx_word' id='word_1_798' title='bbox 2884 2683 2892 2760; x_wconf 52' lang='lat' dir='ltr'>...nu</span> <span class='ocrx_word' id='word_1_799' title='bbox 2883 2655 2892 2673; x_wconf 66' lang='lat' dir='ltr'>a.</span> 
     </span>
    </p>
   </div>
   <div class='ocr_carea' id='block_1_35' title="bbox 2614 2774 2806 2803">
    <p class='ocr_par' dir='ltr' id='par_1_45' title="bbox 2614 2774 2806 2803">
     <span class='ocr_line' id='line_1_129' title="bbox 2614 2774 2806 2803; baseline -0.016 -5"><span class='ocrx_word' id='word_1_800' title='bbox 2614 2774 2626 2786; x_wconf 74' lang='lat'>⁸</span> <span class='ocrx_word' id='word_1_801' title='bbox 2639 2774 2707 2798; x_wconf 73' lang='lat' dir='ltr'>Von-</span> <span class='ocrx_word' id='word_1_802' title='bbox 2720 2774 2757 2803; x_wconf 82' lang='lat'>38,</span> <span class='ocrx_word' id='word_1_803' title='bbox 2771 2774 2806 2802; x_wconf 81' lang='lat'>39.</span> 
     </span>
    </p>
   </div>
   <div class='ocr_carea' id='block_1_36' title="bbox 2885 2804 2892 2842">
    <p class='ocr_par' dir='ltr' id='par_1_46' title="bbox 2885 2804 2892 2842">
     <span class='ocr_line' id='line_1_130' title="bbox 2885 2804 2892 2842; baseline 0 0"><span class='ocrx_word' id='word_1_804' title='bbox 2885 2804 2892 2842; x_wconf 61' lang='lat' dir='ltr'>l</span> 
     </span>
    </p>
   </div>
   <div class='ocr_carea' id='block_1_37' title="bbox 2616 3143 2828 3170">
    <p class='ocr_par' dir='ltr' id='par_1_47' title="bbox 2616 3143 2828 3170">
     <span class='ocr_line' id='line_1_131' title="bbox 2616 3143 2828 3170; baseline -0.005 -5"><span class='ocrx_word' id='word_1_805' title='bbox 2616 3143 2828 3170; x_wconf 54' lang='lat' dir='ltr'>‘Pon-unacum.</span> 
     </span>
    </p>
   </div>
   <div class='ocr_carea' id='block_1_38' title="bbox 2868 2941 2892 3551">
    <p class='ocr_par' dir='ltr' id='par_1_48' title="bbox 2868 2941 2892 3551">
     <span class='ocr_line' id='line_1_132' title="bbox 2868 2941 2892 3551; baseline 0 505"><span class='ocrx_word' id='word_1_806' title='bbox 2868 2941 2892 3551; x_wconf 95' lang='lat' dir='ltr'> </span> 
     </span>
    </p>
   </div>
  </div>
 </body>
</html>
