2892 4056
1022 140 1290 191 QQAESTIO
1319 141 1349 188 1,
1379 141 1674 178 ARTICULUS
1705 142 1755 178 lV
2256 182 2259 186 ,
2434 145 2475 180 15

361 221 413 252 lV.
438 219 473 251 ln
497 220 607 250 eadem
634 220 840 259 responsione
864 220 904 250 ad
927 220 1104 250 secundum
1127 220 1262 250 dubium
1281 219 1366 250 aliud

306 263 441 295 occurrit
463 263 543 294 circa
566 263 767 294 subiunctam
791 264 946 294 rationem
969 273 1066 305 quare
1081 274 1117 294 ea
1132 274 1214 304 quae
1233 265 1367 295 subsunt

306 307 389 344 fidei,
413 304 472 338 sub
495 307 662 337 communi
685 307 806 338 ratione
830 307 994 344 credibilis,
1020 314 1094 338 sunt
1115 308 1181 338 visa
1198 309 1236 339 ab
1256 319 1295 339 eo
1311 307 1366 349 qui

306 351 412 387 credit,
436 350 569 382 scilicet:
594 351 667 381 Non
692 353 775 381 enim
791 352 934 382 crederet
950 353 1012 382 nisi
1031 352 1150 383 videret
1164 361 1202 383 ea
1219 361 1286 383 esse
1301 361 1367 383 cre-

305 395 422 433 denda,
446 395 497 426 vel
513 400 648 435 propter
671 396 859 426 evidentiam
882 397 1049 438 signorum
1073 397 1123 426 vel
1139 401 1276 437 propter
1304 397 1364 427 ali-

304 439 382 479 quid
402 439 590 469 huiusmodi.
617 439 761 470 Occurrit
781 446 886 470 autem
905 440 956 470 hic
971 440 1106 470 dubium
1121 440 1196 480 quia
1211 440 1270 471 ista
1286 441 1365 471 ratio

305 482 399 513 infert
421 482 636 513 necessitatem
665 483 838 514 evidentiae
866 483 898 513 in
922 484 1087 514 communi
1110 484 1149 513 ad
1173 485 1366 515 credendum

304 526 337 557 in
360 526 556 566 particulari:
581 526 716 558 dicendo
735 527 819 558 enim
836 527 924 568 quod
940 537 1005 558 non
1022 528 1159 558 crederet
1174 528 1233 558 nisi
1248 528 1367 559 videret

305 579 371 601 esse
390 568 558 606 credenda,
584 571 748 602 manifeste
772 571 846 602 dicit
868 572 956 613 quod
979 578 1106 611 oportet
1129 573 1308 603 credentem
1321 573 1365 602 vi-

305 615 376 644 dere
400 615 687 658 essevcredendu'm.
711 615 773 646 Sed
787 615 862 655 quia
877 615 938 645 hoc
954 625 1019 645 non
1035 616 1188 656 probatur
1203 617 1235 646 in
1253 617 1364 653 littera,

304 666 362 688 noc
384 665 513 698 apparet
535 668 656 695 verum,
681 659 754 689 ideo
777 659 966 699 ambiguitas
982 660 1152 699 consurgit.
1177 660 1366 700 Experimur

303 701 389 732 enim
413 712 472 733 nos
495 703 595 733 multa
619 704 744 734 credere
759 702 826 733 sine
841 703 996 734 evidentia
1013 703 1238 734 credibilitatis:
1263 704 1364 735 immo

270 763 275 773 ‚
304 755 340 776 ex
362 746 488 777 levitate
511 746 628 783 cordis,
652 746 840 778 iuxta‘illud
854 746 884 776 *ι
913 747 977 784 Qui
999 749 1061 778 cito
1090 748 1190 779 credit
1218 749 1296 779 levis
1319 755 1366 780 est

303 790 407 822 corde.
432 791 506 821 Non
530 799 643 821 omnes
665 794 795 832 quoque
810 790 980 821 Christiani
1000 791 1159 822 credentes
1176 792 1314 823 fatentur
1333 803 1365 823 se

303 834 407 865 videre
431 834 667 865 credibilitatem
690 844 802 865 eorum
822 844 904 875 quae
923 842 998 865 sunt
1011 834 1100 872 fidei;
1126 836 1180 866 sed
1204 836 1264 866 hoc
1281 836 1364 867 vide-

303 885 354 909 tur
377 886 554 918 paucorum
577 884 654 908 esse.

357 923 395 953 V.
414 923 462 953 Ad
485 922 547 953 hoc
563 922 698 952 dubium
717 921 830 952 dicitur
851 922 966 962 primo,
982 923 1071 963 quod
1087 925 1209 953 Auctor
1223 924 1365 964 loquitur

303 967 343 996 de
350 967 455 997 videre
465 966 533 998 lato
541 966 708 997 vocabulo.
719 983 739 988 -
752 966 813 996 Sed
829 965 891 996 hoc
907 966 970 996 iarn
987 967 1151 997 exclusum
1166 974 1212 998 est
1227 967 1259 997 in
1275 978 1364 1008 prae-

303 1010 424 1041 cedenti
448 1009 565 1041 dubio:
588 1010 664 1051 quia
692 1011 805 1050 periret
835 1010 994 1041 distinctio
1024 1011 1056 1041 in
1080 1011 1138 1042 hac
1161 1011 1262 1042 littera
1285 1012 1365 1043 facta

301 1053 368 1085 nisi·
383 1053 489 1085 videre
522 1053 573 1084 hic
602 1059 748 1084 sumatur
775 1060 811 1084 ut
838 1054 1097 1095 incompossibile
1124 1061 1171 1085 est
1194 1056 1277 1086 actui
1302 1066 1364 1086 cre-

302 1097 396 1128 flendi
420 1104 562 1138 respectu
588 1098 743 1134 eiusdem;
769 1098 861 1139 quod
881 1105 930 1129 est
943 1098 1070 1139 proprie
1086 1099 1177 1140 loqui
1193 1100 1231 1130 de
1247 1099 1363 1131 videre.

355 1140 478 1172 Dicitur
501 1143 651 1178 secundo,
676 1142 765 1182 quod
789 1145 910 1173 Auctor
932 1142 1075 1183 loquitur
1090 1144 1129 1174 de
1144 1143 1250 1174 videre
1265 1154 1362 1185 quan-

300 1190 371 1216 tum
384 1192 436 1216 *est
459 1195 495 1216 ex
511 1193 599 1226 parte
615 1186 741 1216 habitus
757 1185 830 1216 fidei
845 1186 977 1218 infusae.
995 1205 1016 1210 -
1034 1187 1094 1218 Sed
1111 1187 1173 1218 hoc
1189 1189 1364 1220 ostenditur

301 1239 367 1260 non
391 1239 567 1261 consonare
590 1230 711 1261 litterae
734 1230 904 1270 tripliciter.
929 1231 1048 1267 Primo,
1068 1232 1143 1272 quia
1167 1242 1308 1272 expresse
1331 1233 1363 1263 in

266 1275 272 1282 “
300 1273 405 1315 Ιίςῐειῖς
415 1281 479 1312 est
489 1282 601 1304 sermo
624 1274 663 1305 de
686 1274 742 1305 illo
765 1274 821 1315 qui
845 1275 943 1305 credit
966 1282 1001 1306 ut
1023 1276 1076 1311 sic,
1097 1283 1128 1306 et
1143 1286 1208 1306 non
1225 1287 1262 1307 ex
1277 1284 1364 1317 parte

264 1320 275 1323 ”
300 1316 437 1349 Habitus.
462 1318 555 1349 Unde
579 1318 659 1349 ratio
685 1317 811 1349 affertur
833 1319 972 1359 probans
996 1329 1033 1350 ex
1056 1327 1127 1350 actu
1152 1321 1309 1358 credendi,
1334 1328 1364 1352 et

301 1372 367 1392 non
391 1372 428 1392 ex
450 1362 578 1398 habitu,
603 1372 678 1393 cum
702 1362 830 1393 dicitur:
854 1363 928 1393 Non
948 1364 1031 1393 enim
1056 1364 1200 1394 crederet
1234 1366 1297 1395 nisi
1319 1367 1363 1396 ri-

300 1406 399 1437 deret.
425 1424 444 1428 -
467 1406 631 1442 Secundo,
657 1406 732 1447 quia
754 1406 787 1436 in
817 1406 919 1436 littera
948 1416 1041 1436 causa
1064 1407 1194 1437 visionis
1221 1418 1363 1448 expresse

301 1450 476 1490 assignatur
499 1460 535 1480 ex
558 1450 746 1486 extrinsecis,
771 1449 897 1485 scilicet,
908 1456 1045 1490 propter
1062 1452 1221 1481 miracula
1238 1453 1289 1482 vel
1303 1453 1363 1483 ali-

299 1493 377 1534 quid
397 1494 580 1524 huiusmodi
586 1501 600 1531 ‚·
622 1501 652 1524 et
675 1503 740 1523 non
761 1503 798 1523 ex
814 1500 900 1532 parte
914 1494 1050 1525 habitus.
1068 1512 1087 1517 —
1105 1495 1225 1532 Tertio,
1240 1496 1315 1536 quia
1330 1497 1363 1527 in

299 1537 400 1568 littera
422 1544 597 1568 reservatur
619 1537 779 1568 tractanda
802 1537 882 1567 visio
903 1547 938 1567 ex
962 1545 1048 1578 parte
1072 1539 1197 1569 habitus
1221 1540 1252 1569 in
1270 1540 1362 1571 tertio

299 1588 488 1622 argumento
513 1588 544 1612 et
565 1581 649 1612 illius
674 1581 896 1621 responsione:
922 1588 952 1612 et
978 1582 1022 1612 ibi
1046 1589 1193 1614 tractatur
1217 1593 1253 1614 ex
1276 1591 1362 1624 parte

298 1625 434 1661 habitus,
460 1632 495 1656 ut
516 1632 603 1666 patet
626 1625 771 1656 intuenti.
796 1626 869 1655 Non
894 1632 968 1656 sunt
990 1633 1097 1657 autern
1121 1627 1362 1659 confundendae

299 1675 561 1710 argumentorum
585 1668 793 1705 difficultates,
810 1670 865 1700 sed
881 1670 1054 1712 unicuique
1069 1671 1196 1711 propria
1212 1673 1363 1703 servanda

299 1721 364 1745 est:
389 1713 543 1755 quoniam
566 1713 639 1744 ideo
663 1713 868 1744 diversificata
891 1722 973 1744 sunt.
1323 1733 1334 1737 -

333 1757 534 1799 ‘Dicendum
558 1764 604 1788 est
631 1757 726 1797 igitur
756 1758 844 1798 quod
867 1760 989 1789 Auctor
1014 1758 1157 1799 loquitur
1181 1760 1220 1790 de
1242 1761 1363 1791 visione

299 1799 444 1852 proprie;
462 1797 500 1832 'et
522 1801 611 1843 quod
633 1811 704 1832 vere
721 1812 756 1832 ac
771 1802 910 1832 virtuose
928 1803 1051 1832 credere
1067 1802 1160 1843 exigit
1175 1804 1363 1836 evidentiam

299 1844 495 1887 q‘iiod'illud
513 1845 554 1876 sit
577 1845 737 1882 credibile;
760 1846 802 1876 ita
826 1846 915 1887 quod
939 1846 1045 1876 nullus
1069 1847 1188 1888 aliquid
1202 1858 1284 1885 vere,
1301 1849 1362 1880 hoc

299 1896 349 1920 est
368 1889 487 1930 absque
511 1889 680 1920 formidine
710 1890 837 1920 alterius
865 1890 975 1930 partis,
1000 1897 1031 1921 et
1052 1891 1207 1928 virtuose,
1232 1893 1294 1924 hoc
1318 1900 1363 1924 est

299 1934 479 1974 prudenter,
504 1934 601 1964 credit
617 1934 745 1974 aliquid,
762 1934 821 1964 nisi
839 1934 996 1965 evidenter
1013 1943 1184 1975 cognoscat
1199 1936 1279 1967 illud
1295 1947 1363 1968 esse

299 1977 456 2014 credibile.
480 1978 542 2009 Sed
565 1978 720 2009 evidentia
743 1985 869 2009 nostrae
893 1979 1082 2018 cognitionis
1106 1990 1172 2015 non
1195 1982 1302 2012 solum
1317 1989 1363 2012 est

299 2032 336 2057 ex
359 2021 514 2059 terminis,
540 2029 575 2053 ut
598 2022 753 2062 contingit
782 2022 815 2052 in
839 2022 948 2062 primis
972 2023 1147 2064 principiis;
1171 2032 1226 2056 aut
1249 2035 1286 2056 ex
1309 2027 1362 2056 de-

299 2061 546 2102 incastratione,
575 2072 611 2096 ut
641 2066 796 2106 contingit
824 2066 857 2096 in
886 2067 1144 2098 conclusionibus
1174 2069 1276 2105 scitis;
1308 2071 1362 2100 sed

299 2106 395 2142 Etiam
418 2119 455 2140 ex
478 2109 639 2140 oblatione
658 2120 821 2146 sensuum,
839 2118 875 2141 ut
890 2118 975 2151 patet
990 2111 1023 2141 in
1039 2111 1312 2152 propositionibus
1327 2124 1363 2144 ex

299 2162 393 2186 sensu
410 2153 612 2190 clarissimis,
637 2161 731 2194 puta,
755 2155 824 2185 Nix
847 2159 893 2185 est
915 2156 1004 2192 alba,
1029 2155 1096 2186 Iste
1118 2166 1169 2186 me
1189 2159 1361 2198 percussit,

298 2198 363 2236 Ille
382 2198 466 2231 dixit
491 2198 557 2229 tale
583 2198 678 2238 quid,
704 2205 734 2230 et
756 2199 952 2230 huiusmodi.
987 2200 1074 2231 Haec
1103 2200 1203 2237 enim,
1227 2202 1303 2242 quia
1327 2213 1363 2233 ex

299 2251 394 2283 sensu
416 2242 502 2274 claro
521 2242 627 2275 oblata
646 2249 730 2278 sunt,
747 2242 941 2274 convincunt
959 2244 1153 2275 intellectum
1169 2255 1235 2276 non
1251 2256 1287 2276 ex
1303 2253 1363 2277 ter-

299 2285 464 2328 minorum
492 2285 688 2322 connexione
716 2287 860 2319 absolute
898 2295 952 2318 aut
991 2289 1268 2321 demonstrationis
1302 2291 1362 2321 dis-

299 2333 394 2360 cursu
417 2326 604 2366 necessario,
627 2331 682 2360 sed
701 2339 738 2360 ex
757 2331 1026 2362 demonstratione
1041 2333 1081 2362 ad
1097 2343 1236 2364 sensum.
1261 2335 1301 2365 Et
1319 2335 1362 2365 sic

300 2373 454 2413 contingit
482 2373 515 2403 in
534 2374 720 2416 proposito.
753 2375 916 2411 Quoniam
945 2377 1053 2406 nullus
1081 2377 1212 2407 audiens
1243 2378 1362 2418 aliquid

298 2426 371 2448 vete
394 2427 429 2448 ac
453 2417 624 2456 prudenter
646 2417 746 2448 credit
765 2418 844 2448 illud
867 2419 927 2448 nisi
951 2420 989 2449 ad
1013 2429 1142 2451 sensum
1159 2429 1329 2461 cognoscat
1345 2433 1362 2452 a

298 2462 367 2493 viro
376 2460 439 2493 fide
455 2461 552 2500 digno
564 2461 642 2492 illud
654 2461 759 2492 asseri.
783 2462 872 2495 Idem
887 2470 933 2493 est
948 2470 1057 2494 autern
1071 2465 1175 2495 videre
1188 2466 1251 2496 hoc
1269 2467 1363 2496 asseri

299 2513 355 2541 aut
377 2512 530 2536 assertum
554 2515 620 2536 esse
645 2515 662 2535 a
685 2504 746 2535 fide
771 2506 884 2546 digno,
909 2514 940 2536 et
962 2507 1068 2538 videre
1090 2508 1152 2539 hoc
1176 2518 1242 2539 esse
1266 2509 1362 2540 credi-

298 2549 376 2581 bile:
400 2549 556 2591 quoniam
579 2548 640 2579 fide
665 2549 796 2589 dignum
820 2550 1041 2581 testimonium
1064 2552 1228 2583 constituit
1243 2552 1363 2583 dictum

299 2594 332 2627 in
356 2603 422 2624 esse
451 2593 600 2624 credibili.
637 2593 677 2623 Et
706 2593 786 2623 sicut
813 2593 888 2624 solis
915 2593 976 2624 illis
1004 2594 1060 2636 qui
1083 2595 1229 2626 viderunt
1257 2596 1362 2626 nivem

299 2637 427 2669 evidens
442 2644 490 2668 est
503 2636 556 2667 illa
571 2636 760 2677 propositio,
785 2637 854 2668 Nix
871 2643 920 2668 'est
934 2633 1008 2668 alba
1014 2645 1027 2676 ‚⁶
1049 2638 1091 2669 ita
1107 2639 1183 2669 solis
1198 2639 1259 2670 illis
1276 2640 1362 2680 apud

298 2681 454 2723 quasiste
468 2689 610 2711 asserens
626 2688 672 2712 est
687 2679 748 2711 fide
768 2681 892 2721 dignus,
913 2688 943 2712 et
964 2692 982 2712 a
1002 2682 1118 2722 quibus
1135 2683 1281 2719 auditur,
1299 2684 1363 2714 evi-

298 2726 376 2763 dens
399 2732 446 2756 est
468 2725 530 2756 hoc
546 2724 668 2756 dictum
683 2735 750 2756 esse
767 2725 922 2756 credibile.
947 2726 990 2757 Et
1004 2733 1171 2766 propterea
1187 2734 1247 2758 stat
1260 2737 1363 2758 unum

298 2770 438 2810 etssidem
466 2769 588 2800 dictum
611 2769 650 2799 ab
674 2779 740 2800 uno
763 2769 861 2800 videri
885 2770 918 2800 in
941 2770 1063 2801 ratione
1092 2771 1246 2801 credibilis
1271 2766 1302 2802 et
1324 2772 1362 2802 ab

298 2812 371 2844 alio·
385 2821 468 2844 non:
493 2823 529 2844 ex
552 2823 591 2843 eo
619 2812 706 2843 enim
735 2812 827 2853 qu'od-
852 2814 1008 2845 evidentia
1037 2814 1094 2845 ista
1122 2825 1188 2846 non
1217 2815 1363 2846 convenit

299 2856 438 2888 credibili
462 2866 498 2887 ex
522 2863 609 2897 parte
632 2857 676 2887 rei
699 2866 833 2897 semper,
858 2857 913 2888 sed
936 2858 1131 2899 quandoque
1151 2869 1187 2889 ex
1202 2865 1289 2899 parte
1306 2869 1362 2890 no-

298 2901 362 2937 stri,
387 2907 425 2932 ut
446 2906 533 2941 patet
554 2900 587 2931 in
603 2900 753 2941 exemplis
778 2901 868 2938 datis,
882 2902 956 2932 ideo
970 2902 1108 2933 variatur
1121 2903 1153 2932 in
1178 2903 1316 2940 diversis,
1333 2908 1364 2934 et

299 2944 393 2985 exigit
415 2944 556 2985 aliquam
583 2944 802 2975 conditionem
830 2946 944 2976 obiecti
968 2946 1000 2976 in
1024 2946 1134 2977 ordine
1159 2947 1197 2976 ad
1221 2957 1290 2978 nos.
1322 2947 1363 2978 Et

298 2990 360 3020 hoc
385 2988 499 3020 directe
522 2996 679 3020 consonat
695 2989 815 3020 litterae
831 2989 946 3020 dicenti
963 2991 1052 3030 quod
1068 2997 1197 3031 propter
1210 2990 1363 3022 miracula

299 3032 495 3065 testificantia
517 3032 567 3063 vel
589 3032 710 3073 aliquid
731 3033 935 3071 huiusmodi,
960 3041 1038 3074 puta
1061 3034 1280 3066 auctoritatem
1302 3035 1362 3066 Ec—

299 3077 410 3119 clesiae
427 3075 558 3108 dicentis
568 3076 620 3107 vel
635 3083 764 3117 propter
778 3084 916 3108 mortem
932 3085 1118 3119 martyrum,
1135 3079 1263 3109 credens
1278 3078 1364 3110 videt

298 3121 375 3151 haec
398 3130 466 3151 esse
489 3119 658 3151 credibilia.
1335 3158 1337 3160 v

342 3165 395 3195 vl.
409 3165 460 3195 Ad
472 3164 595 3195 obiecta
609 3164 640 3194 in
653 3164 843 3204 oppositum
859 3165 973 3196 dicitur
988 3166 1077 3206 quod
1093 3175 1204 3196 omnes
1214 3166 1360 3197 virtuose

299 3209 469 3244 credentes,
494 3208 519 3238 si
542 3218 655 3238 vocem
671 3208 834 3248 propriam
849 3209 1039 3248 intelligunt,
1057 3209 1193 3240 fatentur
1207 3219 1240 3240 se
1255 3210 1360 3240 videre

299 3252 550 3288 credibilitatem,
576 3252 688 3283 saltem
718 3262 755 3282 ex
773 3259 871 3292 parte
902 3253 1071 3289 credentis,
1096 3260 1132 3284 ut
1159 3253 1279 3284 dictum
1303 3261 1358 3285 est.

299 3297 364 3335 Qui
387 3303 495 3328 autem
519 3296 615 3327 credit
638 3306 675 3326 ex
698 3296 822 3326 levitate
845 3306 910 3327 non
934 3296 1073 3328 virtuose
1096 3297 1209 3334 credit,
1234 3304 1264 3328 et
1286 3298 1359 3328 ideo

298 3351 364 3372 non
388 3341 492 3372 obstat
519 3340 696 3381 proposito.
732 3340 848 3371 Vident
879 3347 986 3371 autem
1009 3340 1178 3373 Christiani
1201 3342 1360 3372 credentes

299 3384 460 3416 credibilia
483 3394 549 3415 esse
574 3395 609 3415 ea
633 3394 714 3425 quae
738 3391 811 3414 sunt
834 3383 921 3421 fidei,
945 3384 1107 3416 audientes
1130 3395 1148 3415 a
1170 3383 1232 3416 fide
1257 3385 1359 3425 dignis

299 3429 411 3460 mundi
446 3429 562 3460 scilicet
581 3428 787 3459 conversione
810 3428 889 3458 *ad
913 3428 1074 3459 Christum
1106 3438 1278 3468 pauperem
1304 3439 1360 3469 per

298 3483 452 3514 pauperes
480 3473 666 3513 piscatores,
692 3472 819 3508 idiotas,
845 3472 925 3504 inter
947 3479 995 3503 tot
1020 3472 1269 3512 persecutiones,
1294 3480 1358 3504 tor·

1419 225 1526 249 menta
1553 226 1584 250 et
1613 226 1746 256 mortes,
1775 226 1806 250 et
1833 220 2042 260 postmodum
2066 230 2083 250 a
2106 227 2155 251 tot
2185 220 2374 251 doctissimis
2405 222 2478 252 viris

1419 273 1493 293 cum
1505 263 1586 293 vitae
1596 264 1742 304 propriae
1758 256 1960 304 castigatione
1975 264 2151 305 mundique
2170 264 2265 295 huius
2281 272 2476 305 contemptu,

1419 307 1602 347 approbata,
1626 307 1863 348 innumerisque
1886 308 2044 338 miraculis
2067 307 2198 339 firmata.

1474 351 1514 382 Et
1537 351 1615 381 scito
1640 353 1744 392 quod,
1775 352 1848 383 licet
1870 352 1975 382 videre
2003 352 2239 383 credibilitatem
2268 353 2407 392 exigatur
2438 354 2477 383 ad

1418 404 1490 425 vere
1513 402 1544 425 et
1565 395 1703 426 virtuose
1728 397 1929 432 credendum,
1947 404 2012 427 non
2029 395 2143 426 sufficit
2156 403 2273 426 tamen.
2298 396 2378 427 Sunt
2393 397 2477 427 enim

1418 439 1511 469 multi
1533 439 1598 479 qui,
1624 440 1680 470 etsi
1703 440 1830 471 videant
1852 440 1971 481 aliquid
1995 450 2061 470 esse
2085 439 2240 475 credibile,
2264 450 2331 470 non
2346 441 2477 471 credunt

1418 490 1523 513 tamen
1547 483 1641 513 illud:
1667 491 1702 514 ut
1725 490 1810 524 patet
1829 485 1867 514 de
1883 485 1992 515 multis
2016 484 2071 525 qui
2095 484 2241 515 viderunt
2264 484 2368 514 Iesum
2392 495 2476 515 resu-

1418 527 1582 558 scitantem
1606 528 1770 564 Lazarum,
1796 535 1825 559 et
1848 535 1953 559 tamen
1977 528 2101 558 iverunt
2123 528 2163 558 ad
2186 528 2398 558 nuntiandum
2415 529 2476 558 hoc

1418 572 1670 610 persecutoribus
1692 572 1802 612 ipsius,
1827 580 1862 602 ut
1885 572 2021 613 amplius
2045 579 2315 613 persequerentur,
2340 579 2375 602 ut
2396 572 2476 603 fece-

1418 621 1500 651 runt,
1523 622 1556 646 ut
1579 622 1665 655 patet
1688 616 1774 646 Ioan.
1790 626 1821 646 x1
1834 615 1860 645 *.
1887 617 1926 647 Et
1941 616 2019 646 ratio
2035 623 2082 646 est
2097 616 2171 656 quia
2188 617 2311 647 credere
2327 623 2374 646 est
2389 623 2476 647 actus

1419 669 1484 689 non
1508 659 1606 690 solius
1630 660 1816 696 intellectus,
1841 661 1895 690 sed
1919 661 2012 691 etiam
2036 660 2223 691 voluntatis:
2247 660 2321 691 hinc
2341 660 2426 690 enim
2442 660 2477 690 fit

1419 710 1454 733 ut
1475 703 1616 734 videntes
1640 704 1760 744 aliquid
1783 704 1928 734 credibile
1944 705 2046 734 nolint
2065 705 2189 734 credere
2205 704 2294 735 illud.
2318 704 2379 734 Sed
2395 714 2476 744 quo-

1419 748 1518 777 modo
1541 749 1664 778 credere
1689 748 1728 778 sit
1749 748 1965 779 voluntarium
1988 748 2147 778 inferius*
2170 748 2359 779 tractabitur.
2383 749 2476 779 Nunc

1418 798 1524 822 autem
1547 792 1608 822 hoc
1633 792 1841 831 praelibatum
1865 792 1904 822 sit
1927 799 1962 822 ut
1985 799 2089 832 pateat
2105 792 2204 832 magis
2218 792 2371 823 habitudo
2388 799 2476 823 actus

1418 835 1564 865 credendi
1587 845 1658 866 vere
1682 842 1712 866 et
1734 835 1873 865 virtuose
1897 837 1935 866 ad
1959 836 2147 866 evidentiam
2170 836 2391 866 credibilitatis.

1473 878 1539 909 Vn.
1566 879 1600 909 In
1623 879 1830 919 responsione
1853 880 1892 909 ad
1915 879 2041 910 tertium
2065 880 2206 909 eiusdem
2230 880 2350 910 articuli
2374 880 2475 920 quarti

1418 923 1553 953 dubium
1577 923 1713 954 occurrit
1735 924 1860 963 duplex.
1884 923 2002 959 Primo,
2027 924 2103 964 quid
2126 923 2267 954 intendat
2285 926 2406 954 Auctor
2421 933 2477 964 per

1418 966 1520 1006 prima
1534 967 1628 997 verba
1650 967 1876 1007 responsionis,
1894 967 2025 997 scilicet:
2052 968 2172 998 Lumen
2178 968 2262 1008 fidei
2269 968 2356 1008 facit
2372 967 2478 998 videre

1418 1020 1455 1040 ea
1478 1020 1561 1051 quae
1583 1011 1777 1042 creduntur:
1795 1021 1835 1040 an
1854 1012 1943 1051 quod
1959 1011 2050 1042 faciat
2064 1012 2168 1041 videre
2186 1021 2221 1041 ea
2237 1012 2294 1041 sub
2311 1012 2476 1042 communi

1418 1054 1538 1085 ratione
1568 1055 1737 1091 credibilis;
1762 1065 1802 1084 an
1829 1055 1862 1084 in
1885 1055 2076 1095 particulari;
2106 1065 2144 1085 an
2169 1056 2227 1085 sub
2256 1055 2393 1096 quadam
2417 1055 2477 1086 alia

1418 1099 1548 1130 ratione.

1471 1143 1628 1179 Secundo,
1653 1149 1810 1183 quantum
1833 1143 1934 1173 valeat
1956 1142 2122 1173 subiuncta
2145 1142 2234 1178 ratio,
2255 1153 2328 1173 curn
2348 1142 2475 1172 dicitur:

1418 1187 1506 1218 Sicut
1528 1188 1612 1217 enim
1636 1197 1701 1227 per
1727 1187 1810 1217 alios
1836 1187 1961 1217 habitus
1984 1187 2135 1217 virtutum
2164 1186 2256 1216 homo
2285 1186 2368 1217 videt
2396 1186 2478 1223 illud

1416 1232 1501 1271 quod
1516 1237 1562 1262 est
1573 1231 1633 1262 sibi
1645 1231 2027 1262 conveniens-secundum
2043 1230 2183 1261 habitum
2201 1231 2303 1268 illum,
2321 1231 2364 1260 ita
2381 1231 2475 1260 etiam

1412 1285 1475 1315 per
1496 1276 1636 1306 habitum
1655 1275 1741 1316 fidei
1769 1275 1945 1305 inclinatur
1967 1284 2056 1305 mens
2078 1275 2215 1305 hominis
2237 1274 2280 1304 ad
2302 1275 2476 1305 assentien-

1416 1320 1492 1350 dum
1511 1321 1561 1350 his
1583 1329 1665 1360 quae
1679 1320 1871 1350 conveniunt
1886 1324 1992 1349 rectae
1997 1319 2081 1359 fidei
2097 1323 2126 1349 et
2143 1328 2205 1348 non
2222 1319 2306 1348 aliis.
2330 1318 2476 1349 Occurrit

1417 1364 1574 1404 siquidem
1598 1363 1648 1393 hic
1672 1363 1788 1403 duplex
1811 1362 1961 1393 defectus.
1985 1363 2108 1393 Primus
2132 1369 2179 1392 est
2201 1362 2418 1402 aequivocatio
2438 1362 2475 1391 de

1416 1407 1547 1437 visione.
1570 1408 1654 1437 Nam
1677 1407 1809 1447 quilibet
1831 1406 1955 1437 habitus
1979 1407 2102 1442 virtutis
2118 1405 2190 1437 facit
2205 1406 2310 1436 videre
2327 1406 2384 1436 sibi
2401 1416 2475 1436 con-

1416 1451 1554 1487 veniens,
1571 1450 1755 1490 accipiendo
1771 1451 1803 1490 ly
1818 1451 1925 1481 videre
1943 1460 2001 1491 pro
2026 1460 2193 1490 apparere,
2211 1450 2295 1481 iuxta
2311 1450 2388 1480 illud
2405 1450 2475 1479 Phi-

1416 1495 1591 1535 losophi*:
1620 1495 1735 1532 Qualis
1763 1496 1979 1534 unusquisque
2002 1500 2065 1531 est,
2091 1495 2164 1524 talis
2181 1494 2264 1534 finis
2288 1495 2315 1524 ei
2339 1494 2474 1530 videtur,

1417 1539 1498 1570 idest
1519 1544 1672 1579 apparet:
1695 1545 1780 1568 casto
1805 1538 1889 1568 enim
1913 1545 2041 1578 apparet
2061 1538 2251 1568 conveniens
2267 1538 2420 1568 abstinere
2437 1538 2475 1567 ab

1417 1583 1526 1614 illicito
1550 1583 1651 1619 coitu„
1676 1589 1706 1612 et
1729 1582 1895 1612 abstinenti
1923 1589 2052 1622 apparet
2080 1582 2269 1612 conveniens
2298 1582 2475 1612 subtrahere

1418 1626 1615 1669 superfluum
1632 1627 1747 1662 cibum,
1762 1633 1792 1656 et
1808 1626 1851 1656 sic
1867 1626 1904 1656 de
1921 1626 1997 1656 aliis.
2016 1626 2050 1656 ln
2067 1626 2233 1665 proposito
2249 1633 2355 1656 autem
2372 1635 2475 1655 sermo

1418 1679 1463 1702 est
1487 1672 1525 1702 de
1549 1671 1653 1701 videre
1677 1677 1712 1701 ut
1734 1670 1886 1710 importat
1900 1670 2088 1701 evidentiam
2104 1670 2281 1701 distinctam
2299 1676 2406 1700 contra
2423 1680 2474 1709 ap-

1417 1715 1592 1756 parentiam
1610 1715 1718 1746 firmae
1737 1714 1944 1745 adhaesionis.
1962 1733 1981 1736 -
1998 1714 2162 1745 Secundus
2178 1721 2224 1744 est
2239 1713 2314 1755 quia
2328 1714 2360 1743 in
2376 1714 2476 1744 littera

1418 1760 1607 1800 proponitur
1634 1759 1723 1800 quod
1745 1759 1855 1789 lumen
1877 1758 1950 1788 fidei
1973 1758 2046 1788 facit
2068 1758 2188 1788 videre:
2213 1765 2243 1789 et
2266 1757 2414 1788 transitur
2437 1758 2475 1787 ad

1418 1804 1618 1845 probandum
1642 1813 1708 1834 non
1731 1803 1819 1843 quod
1843 1802 1916 1833 facit
1935 1802 2050 1838 videre,
2067 1803 2121 1832 sed
2137 1803 2226 1843 quod
2242 1801 2315 1832 facit
2329 1801 2475 1832 assentire

1418 1848 1465 1882 his
1484 1858 1566 1889 quae
1582 1854 1655 1878 sunt
1671 1857 1812 1878 consona
1835 1853 1935 1877 rectae
1951 1845 2022 1876 fidei
2043 1853 2073 1877 et
2089 1856 2154 1876 non
2170 1846 2247 1876 aliis.
2271 1845 2370 1876 Valde
2386 1855 2475 1875 nam-

1417 1903 1478 1933 que
1503 1892 1618 1923 distant
1641 1892 1721 1922 inter
1744 1901 1776 1921 se
1799 1890 1849 1920 isti
1873 1891 1939 1920 duo
1962 1897 2059 1926 actus,
2076 1890 2192 1921 scilicet
2206 1890 2310 1927 videre
2326 1896 2357 1920 et
2371 1899 2475 1920 assen-

1417 1938 1492 1967 tire:
1516 1943 1551 1967 ut
1574 1941 1660 1976 patet
1689 1945 1726 1966 ex
1748 1935 1810 1965 hoc
1833 1935 1921 1974 quod
1950 1935 2097 1965 assentire
2127 1934 2175 1964 his
2203 1944 2285 1975 quae
2308 1940 2382 1964 sunt
2403 1933 2475 1963 fidei

1417 1981 1549 2021 quilibet
1572 1979 1672 2010 fidelis
1696 1979 1809 2010 fatetur
1823 1988 1855 2008 se
1871 1978 2040 2019 intrepide;
2064 1978 2169 2008 videre
2185 1985 2291 2009 autem
2308 1988 2344 2008 ex
2366 1978 2475 2008 intrin-

1417 2035 1490 2056 seco
1512 2025 1633 2055 lumine
1657 2034 1692 2054 ea
1717 2033 1798 2064 quae
1821 2023 1991 2053 creduntur
2013 2023 2120 2054 nullus
2144 2022 2266 2059 fatetur,
2287 2022 2346 2052 nisi
2363 2021 2475 2052 maiori

1416 2069 1537 2100 lumine
1560 2078 1657 2109 quam
1681 2067 1720 2098 sit
1742 2067 1851 2097 lumen
1874 2066 1947 2097 fidei
1969 2066 2150 2097 illustretur.

1471 2113 1553 2144 VIII.
1579 2113 1629 2143 Ad
1652 2111 1793 2152 primum
1816 2111 1932 2141 horum
1949 2111 2061 2141 dicitur
2076 2111 2165 2151 quod
2188 2113 2310 2141 Auctor
2333 2109 2476 2150 loquitur

1418 2159 1456 2188 de
1478 2157 1582 2187 videre
1606 2166 1642 2186 ea
1666 2165 1747 2196 quae
1770 2162 1845 2186 sunt
1866 2154 1939 2185 fidei
1963 2155 2022 2185 sub
2046 2154 2210 2185 communi
2234 2154 2354 2184 ratione
2377 2153 2474 2184 credi-

1417 2202 1497 2232 bilis.
1523 2202 1567 2231 Ita
1591 2201 1678 2241 quod
1701 2200 1805 2229 videre
1829 2199 2063 2229 credibilitatem
2087 2209 2199 2230 eorum
2222 2198 2368 2228 convenit
2390 2197 2475 2227 fideli

1418 2256 1454 2276 ex
1477 2245 1595 2285 duplici
1619 2244 1737 2284 capite:
1762 2244 1878 2274 scilicet
1905 2253 1941 2274 ex
1968 2253 2062 2273 sensu
2089 2242 2152 2273 fide
2179 2242 2264 2282 digni
2287 2241 2473 2277 testimonii,

1416 2291 1502 2322 iuxta
1517 2289 1694 2320 doctrinam
1718 2287 1931 2328 responsionis
1948 2288 1987 2317 ad
2003 2287 2179 2318 secundum
2194 2286 2226 2323 *;
2251 2293 2280 2317 et
2296 2297 2332 2316 ex
2354 2286 2475 2316 lumine

1417 2334 1490 2364 fidei
1512 2333 1597 2363 intus
1621 2332 1783 2368 existente,
1808 2332 1892 2362 iuxta
1921 2331 2090 2372 praesentis
2120 2331 2333 2371 responsionis
2357 2329 2473 2361 doctri-

1417 2388 1502 2408 nam.
1526 2378 1567 2407 Et
1589 2377 1669 2406 hanc
1693 2386 1760 2406 esse
1782 2382 1922 2406 mentem
1945 2375 2092 2406 Auctoris
2109 2382 2194 2415 patet
2210 2385 2246 2404 ex
2262 2376 2323 2405 hoc
2339 2375 2426 2414 quod
2442 2374 2472 2404 in

1417 2421 1560 2462 sequenti
1585 2420 1730 2457 articulo,
1754 2420 1784 2450 in
1810 2419 2014 2459 responsione
2038 2420 2076 2449 ad
2089 2420 2246 2463 primum,
2262 2419 2388 2449 dicitur:
2413 2419 2475 2448 Per

1417 2467 1524 2496 lumen
1548 2465 1622 2501 fidei
1646 2464 1795 2495 videntur
1817 2473 1884 2494 esse
1907 2464 2078 2500 credenda,
2100 2469 2134 2494 ut
2152 2464 2271 2494 dictum
2289 2468 2344 2498 est,
2363 2463 2473 2502 procul

1417 2510 1515 2540 dubio
1543 2509 1606 2538 hoc
1627 2508 1661 2538 in
1683 2508 1772 2543 loco,
1797 2507 1851 2537 ubi
1879 2507 1984 2547 primo
2010 2507 2124 2538 dicitur
2150 2508 2239 2547 quod
2265 2507 2374 2538 lumen
2401 2506 2473 2537 fidei

1415 2553 1489 2583 facit
1500 2552 1614 2582 videre.
1635 2551 1676 2582 Et
1689 2551 1775 2591 iuxta
1790 2551 1927 2581 eundem
1942 2561 2071 2582 sensum
2085 2551 2214 2582 inferius
2224 2551 2241 2570 *
2258 2551 2370 2582 dicitur
2385 2551 2472 2592 quod

1415 2606 1470 2636 per
1494 2596 1617 2626 donum
1640 2594 1816 2625 intellectus
1839 2593 2043 2634 intelligimus
2067 2605 2102 2625 ea
2125 2605 2206 2635 quae
2229 2602 2303 2625 sunt
2318 2594 2389 2625 fidei
2406 2605 2471 2625 esse

1417 2640 1579 2671 credenda.

1473 2684 1526 2714 lX.
1550 2683 1601 2713 Ad
1625 2682 1801 2712 secundum
1824 2682 1937 2712 dicitur
1959 2682 2047 2722 quod
2071 2688 2181 2712 neuter
2195 2682 2334 2712 defectus
2356 2682 2406 2713 hic
2422 2692 2472 2712 ac-

1417 2728 1508 2764 cidit,
1533 2727 1588 2758 sed
1611 2733 1834 2766 argumentum
1856 2725 1891 2756 fit
1914 2736 1931 2755 a
1954 2725 2069 2756 minori
2100 2733 2130 2756 et
2154 2727 2193 2756 ab
2219 2726 2340 2756 effectu.
2364 2728 2393 2756 A
2414 2727 2472 2756 rni-

1417 2772 1487 2802 nori
1510 2771 1651 2811 quidem,
1675 2770 1750 2810 quia
1767 2780 1802 2800 ex
1823 2780 1888 2810 quo
1911 2769 2036 2800 habitus
2058 2770 2180 2800 virtutis
2203 2770 2390 2810 perficientis
2406 2781 2474 2811 par-

1417 2824 1480 2848 tem
1504 2814 1708 2855 appetitivam
1733 2813 1805 2844 facit
1828 2814 2072 2850 occasionaliter,
2091 2814 2153 2844 hoc
2176 2821 2222 2845 est
2243 2814 2425 2845 inclinando
2440 2815 2471 2845 in

1415 2860 1447 2890 id
1471 2859 1559 2900 quod
1582 2857 1739 2894 convenit,
1755 2857 1919 2887 hominem
1935 2857 2049 2894 videre,
2062 2857 2124 2888 hoc
2140 2865 2186 2888 est
2202 2858 2391 2889 evidentiam
2406 2869 2474 2900 pra-

1417 2904 1475 2935 tice
1498 2903 1611 2933 habere
1635 2902 1702 2932 eius
1725 2901 1814 2942 quod
1838 2902 1985 2932 convenit
2003 2902 2180 2938 secundum
2198 2902 2290 2932 illum
2311 2902 2470 2939 habitum;

1415 2948 1519 2978 multo
1543 2946 1642 2986 magis
1665 2945 1789 2976 habitus
1812 2944 1895 2981 fidei,
1919 2946 1974 2986 qui
1997 2953 2044 2976 est
2062 2946 2187 2977 habitus
2201 2946 2324 2977 virtutis
2339 2947 2371 2976 in
2386 2954 2472 2987 parte

1415 2991 1611 3026 intellectiva,
1627 2989 1808 3020 inclinando
1831 2989 1864 3020 in
1888 2989 1946 3020 sibi
1963 2990 2161 3026 conveniens,
2177 2990 2270 3021 faciet
2284 2990 2472 3022 evidentiam

1415 3035 1473 3066 sibi
1497 3034 1688 3075 possibilem.
1714 3033 1877 3070 Quoniam
1899 3033 2049 3074 perfectio
2068 3034 2163 3074 partis
2178 3034 2384 3066 intellectivae
2400 3045 2471 3076 pro-

1414 3079 1566 3120 pinquior
1589 3085 1635 3108 est
1658 3084 1693 3108 ut
1716 3077 1806 3108 faciat
1829 3077 2029 3116 evidentiam,
2052 3088 2134 3119 quae
2157 3085 2203 3109 est
2225 3079 2352 3118 propria
2371 3079 2470 3119 perfe-

1414 3123 1476 3154 ctio
1500 3123 1685 3157 intellectus,
1710 3131 1807 3161 quam
1830 3120 1982 3162 perfectio
2005 3122 2102 3162 partis
2125 3122 2330 3163 appetitivae,
2355 3133 2392 3153 ex
2407 3134 2470 3164 qua

1414 3175 1519 3198 tamen
1547 3165 1583 3196 fit
1605 3165 1759 3196 evidentia
1783 3165 1927 3205 practica.
1952 3166 2162 3206 Temperatus
2193 3167 2350 3207 siquidem
2379 3166 2472 3197 habet

1414 3211 1540 3242 evidens
1571 3210 1723 3240 iudicium
1752 3209 1924 3248 practicum
1955 3210 2038 3240 circa⁴
2062 3218 2149 3241 actus
2177 3210 2414 3250 temperantiae,
2440 3218 2470 3241 et

1413 3256 1514 3286 iustus
1539 3255 1617 3285 circa
1637 3261 1724 3284 actus
1739 3253 1887 3283 iustitiae:
1913 3254 1991 3284 adeo
2009 3261 2044 3284 ut
2061 3254 2102 3284 lx
2118 3255 2220 3285 Ethic.
2237 3254 2253 3273 *
2277 3262 2412 3293 ponatur
2423 3255 2470 3284 vir

1413 3300 1516 3330 bonus
1532 3307 1679 3328 mensura
1696 3297 1914 3328 humanorum
1936 3304 2080 3334 actuum;
2105 3308 2251 3328 mensura
2274 3305 2379 3328 autem
2403 3298 2469 3328 sine

1413 3342 1596 3374 certitudine
1620 3340 1792 3372 evidentiae
1815 3351 1881 3372 non
1905 3348 1959 3372 est.

1467 3387 1516 3417 Ab
1540 3386 1649 3416 effectu
1666 3393 1782 3420 autem,
1802 3385 1877 3425 quia
1892 3396 1929 3416 ex
1943 3385 2006 3416 hoc
2020 3386 2108 3426 quod
2124 3386 2232 3416 lumen
2249 3384 2321 3415 fidei
2339 3386 2469 3417 inclinat

1412 3431 1451 3461 ad
1475 3439 1638 3461 assensum
1666 3429 1809 3465 discrete,
1834 3430 1896 3460 hoc
1924 3438 1970 3460 est
2003 3430 2208 3460 discernendo
2232 3439 2268 3460 ea
2290 3439 2372 3470 quae
2395 3437 2468 3461 sunt

1412 3474 1483 3504 fidei
1507 3475 1545 3504 ab
1570 3474 1617 3504 his
1641 3483 1721 3513 quae
1747 3483 1811 3503 non
1835 3481 1908 3504 sunt
1931 3473 2013 3509 fidei,
2037 3480 2113 3513 puta
2136 3474 2223 3513 quod
2242 3473 2290 3503 sol
2306 3480 2352 3504 est
2367 3474 2468 3504 maior

2504 620 2514 630 ⁸
2531 620 2595 642 Vers.
2611 622 2641 647 46
2651 628 2701 649 sqq.

2503 751 2512 759 ·
2528 751 2576 778 Qu.
2593 757 2622 774 iv,
2638 755 2678 772 art.
2694 758 2714 778 2,

2503 776 2634 798 Comment.

2503 1499 2511 1506 ”
2527 1497 2601 1519 Ethic.
2616 1498 2654 1519 lib.
2669 1498 2714 1526 111,

2503 1530 2649 1572 &Hi’hY'leZ'L
2657 1530 2712 1572 liin..

2501 2296 2509 2303 ⁶
2527 2295 2561 2315 Cf.
2578 2300 2642 2315 num.
2656 2301 2678 2315 v.

2503 2560 2511 2567 ·
2520 2559 2567 2585 Qu.
2577 2564 2626 2584 vni,
2637 2563 2710 2585 ar1.4‚

2499 2584 2526 2606 ad
2542 2591 2562 2606 2.

2497 3295 2514 3319 ⁵:
2522 3263 2576 3318 (fii).
2587 3268 2704 3310 Ietinis?

2497 3315 2532 3335 (A.
2545 3315 2583 3336 lib.
2594 3315 2624 3336 111
2644 3322 2664 3336 c.
2674 3322 2704 3339 iv,

2496 3331 2704 3368 n.5;s.'l'h,iect.x.
