2892 4056
947 200 1214 246 QUAEsT1o
1242 199 1366 246 XXX,
1397 199 1691 237 ARTlcULUs
1723 201 1754 236 11

122 318 135 333 e
158 291 236 334 ¹¹¹th
263 287 324 316 tur
350 278 523 316 diversae
551 284 697 326 partes,
727 286 767 314 ut
796 277 930 314 dicitur
957 278 996 314 in
1023 278 1058 314 V
1083 278 1205 314 Ethic.
1229 278 1248 298 *
1274 278 1325 314 Et

21 1292 80 1320 ,Ψι-
89 1298 166 1321 uuv,
175 1298 236 1316 m.

125 1551 143 1586 β

26 1658 205 1688 ·Ειρ,πιι,π.
215 1664 237 1688 3.

33 3119 59 3164 .⁵
54 3093 111 3142 τί·.
120 3099 243 3142 tacu·

33 3153 170 3182 ·e.1.Vrs5

263 331 476 368 secundum
495 331 569 367 hoc
589 330 724 367 dicitur
742 331 858 368 Eccli.
880 343 951 367 xxx
968 330 1008 367 *z
1037 331 1227 367 Mserere
1245 330 1326 366 ani-

262 395 348 420 mae
375 389 461 420 tuae
490 383 647 430 placens
683 384 778 420 Deo.
818 383 922 420 Sicut
951 395 1039 430 ergo
1068 382 1326 420 misericordia

262 448 342 473 non
369 443 425 472 est
441 435 596 484 proprie
625 436 672 473 ad
693 437 872 484 seipsum,
894 435 963 472 sed
983 436 1104 483 dolor,
1125 443 1217 484 puta
1235 447 1325 472 cum

262 489 428 537 patimur
463 488 606 536 aliquid
641 489 793 526 crudele
821 489 860 525 in
888 488 1018 534 nobis;
1047 488 1098 524 ita
1134 488 1265 535 etiam,
1295 488 1325 525 si

263 541 336 578 sint
354 541 504 590 aliquae
522 553 711 590 personae
739 542 789 578 ita
816 541 927 578 nobis
952 540 1174 577 coniunctae
1194 548 1235 577 ut
1254 541 1326 577 sint

263 593 373 642 quasi
401 593 543 642 aliquid
580 594 719 640 nostri,
747 601 840 643 puta
875 593 941 630 filii
969 600 1034 630 aut
1058 601 1257 641 parentes,
1286 593 1325 630 in

265 657 399 683 eorum
427 645 538 683 malis
567 659 646 684 non
665 646 903 693 miseremur,
924 646 992 682 sed
1021 645 1209 693 dolemus,
1230 647 1326 683 sicut

2364 213 2434 248 241

1376 277 1523 325 sophus
1544 277 1632 314 dicit
1651 278 1756 326 quod
1776 278 1900 314 dirum
1916 284 1932 299 ἰ
1951 284 2006 314 est
2031 278 2265 326 expulsivum
2286 279 2440 314 misera-

1378 329 1499 366 tionis.

1431 383 1490 418 An
1510 393 1670 418 TERTtUM
1690 394 1874 419 nicENDUM
1894 383 2000 431 quod
2029 383 2124 419 sicut
2154 394 2198 419 ex
2218 395 2284 431 spe
2306 390 2342 419 et
2361 395 2442 418 me-

1377 434 1501 471 moria
1530 435 1723 471 bonorum
1752 435 1924 482 sequitur
1952 435 2161 482 delectatio,
2182 436 2233 472 ita
2254 448 2298 472 ex
2318 448 2386 483 spe
2407 443 2443 471 et

1377 488 1566 524 memoria
1594 488 1783 523 malorum
1805 489 1974 536 sequitur
1993 488 2153 525 tristitia:
2183 501 2262 525 non
2282 496 2408 525 autem
2428 487 2442 509 λ

1378 547 1456 576 tam
1493 540 1706 576 vehemens
1743 540 1836 576 sicut
1866 553 1911 576 ex
1939 553 2052 577 sensu
2084 541 2355 590 praesentium.
2395 542 2443 577 Et

1377 592 1466 630 ideo
1504 592 1610 640 signa
1652 592 1861 639 malorum,
1891 593 2117 642 inquantum
2160 601 2443 643 repraesentant

1378 645 1490 682 nobis
1517 646 1619 681 mala
1647 645 1876 682 miserabilia
1914 646 2009 683 sicut
2032 653 2049 675 μ
2076 647 2308 696 praesentia,
2336 659 2444 684 com-

263 699 302 736 in
329 699 552 736 vulneribus
579 699 753 749 propriis.
782 698 832 735 Et
859 698 1073 735 secundum
1095 699 1170 735 hoc
1197 699 1324 736 Philo·
1349 709 1352 748 Ι
1378 706 1538 735 movent
1566 698 1615 735 ad
1643 698 1918 735 miserendum.

317 813 343 846 κ)
362 813 461 838 dirum.
479 827 498 832 -
517 813 614 839 durum
632 812 810 845 PADFHpCK
829 816 854 836 et
872 819 935 842 una,
955 812 1055 837 dictum
1074 813 1103 837 B.

316 847 345 881 λ)
363 852 463 874 autem.
479 862 499 868 -
515 851 604 874 tamen
623 848 672 874 Pa.

1437 813 1464 846 μ.)
1484 812 1560 837 sicut.
1570 826 1589 831 -
1598 813 1636 837 sic
1654 811 1838 844 ABFtLszn.
1852 825 1871 829 -
1885 811 1936 836 Pro
1957 812 2141 843 miserendum,
2160 813 2338 839 miserandum
2353 814 2444 839 puna.

1023 964 1343 1007 ARTICULUS
1373 963 1673 1008 SECUNDUS

632 1048 788 1079 UTRUM
809 1048 1039 1080 DEFECTUS
1063 1048 1130 1079 SIT
1154 1048 1290 1079 RATlo
1313 1048 1545 1079 MISERENDI
1569 1049 1627 1079 EX
1648 1049 1793 1079 PARTE
1817 1049 2074 1080 mSEREan

306 1149 309 1158 ·
353 1149 362 1172 ι(
477 1139 500 1164 n
515 1139 705 1165 SECUNDUM
720 1140 773 1165 stc
789 1139 1030 1165 paoeumrux.
1051 1127 1211 1164 Videtur
1225 1127 1330 1176 quod

317 1191 338 1231 ’χ
453 1197 457 1202 ·
479 1181 648 1218 defectus
666 1193 746 1218 non
765 1181 812 1218 sit
830 1181 924 1218 ratio
940 1180 1146 1218 miserendi
1166 1193 1210 1218 ex
1223 1188 1331 1229 parte

289 1266 295 1274 ,
416 1219 704 1275 &miserentis
732 1234 934 1284 Proprium
964 1234 1065 1271 enim
1093 1233 1166 1271 Dei
1188 1241 1244 1271 est
1261 1234 1331 1271 mi—

277 1299 283 1308 ’
327 1281 411 1328 -“ἕ’,’ἐ
435 1279 612 1324 ksereri:
639 1287 743 1324 unde
764 1287 900 1325 dicitur
927 1287 965 1324 in
987 1288 1128 1324 Psalm.
1148 1286 1185 1324 *ε
1214 1286 1278 1324 M*
1265 1299 1332 1324 se

263 1330 429 1377 rationes
448 1341 527 1377 eius
553 1351 667 1388 super
685 1341 814 1378 omnia
834 1353 950 1390 opera
970 1341 1060 1377 eius.
1090 1339 1194 1377 Sed
1186 1352 1226 1376 m
1244 1341 1330 1376 Deo

264 1393 388 1430 nullus
408 1401 464 1429 est
483 1393 665 1430 defectus.
695 1395 797 1442 Ergo
818 1394 988 1431 defectus
1007 1406 1086 1430 non
1104 1400 1230 1441 potest
1249 1405 1331 1430 esse

265 1445 361 1487 ratio
390 1446 608 1483 miserendi.

319 1509 356 1536 2.
385 1499 620 1545 Puni-Eam,
649 1498 680 1535 si
700 1497 868 1535 defectus
888 1503 980 1534 est²
999 1496 1093 1535 ratio
1114 1497 1331 1544 miserendi,

265 1558 417 1611 oportet
435 1551 542 1599 quod
568 1549 620 1588 mi
638 1550 704 1599 qui
732 1551 900 1588 maxime
922 1558 1011 1588 sunt
1035 1563 1123 1588 cum
1144 1549 1159 1580 β
1180 1551 1332 1587 defectu

264 1602 430 1651 maxime
467 1603 708 1641 miserentur.
749 1604 826 1641 Sed
862 1604 947 1643 hoc
970 1611 1026 1640 est
1052 1603 1206 1641 falsum.
1245 1602 1334 1640 dicit

265 1654 368 1695 enim
396 1655 696 1706 Philosophus,
687 1669 725 1693 m
744 1657 778 1694 II
798 1657 907 1694 Rhet.
929 1658 961 1702 *,
981 1657 1089 1706 quod
1107 1657 1173 1705 qui
1190 1669 1239 1694 ex
1257 1662 1331 1694 toto

257 1704 457 1763 ‘perierunt
491 1722 566 1747 non
611 1710 848 1748 miserentur.
898 1710 1002 1758 Ergo
1038 1709 1191 1747 videtur
1225 1710 1331 1770 quod

265 1759 435 1801 defectus
462 1775 542 1800 non
570 1762 616 1799 sit
643 1763 737 1800 ratio
766 1763 974 1801 miserendi
1003 1775 1048 1800 ex
1079 1771 1187 1812 parte
1219 1764 1332 1801 mise-

265 1815 393 1865 tentis.
418 1817 426 1823 '

267 1874 269 1876 '
318 1869 357 1907 3.
384 1868 621 1916 PRAETEREA,
644 1867 834 1906 sustinere
861 1869 1029 1917 aliquam
1058 1869 1332 1907 contumeliam

264 1921 315 1959 ad
343 1922 535 1960 defectum
563 1921 736 1971 pertinet.
767 1921 844 1959 Sed
873 1921 1130 1971 Philosophus
1159 1922 1248 1960 dicit
1265 1923 1333 1960 ibi-

266 1972 394 2012 dem*
412 1975 519 2024 quod
543 1975 605 2012 ini
621 1976 690 2023 qui
705 1981 794 2012 sunt
819 1975 855 2012 in
882 1975 1185 2013 contumeliativa
1208 1978 1333 2027 dispo-

263 2029 397 2069 sitione
431 2040 506 2066 non
539 2029 776 2066 miserentur.
810 2029 914 2076 Ergo
949 2029 1118 2066 defectus
1147 2042 1192 2067 ex
1221 2038 1331 2080 parte

264 2078 479 2122 miserentis
506 2093 587 2120 non
615 2089 671 2119 est
698 2082 795 2119 ratio
823 2081 1042 2120 miserendi.

312 2135 394 2173 SE»
414 2145 560 2172 CONTRA
579 2146 646 2171 EST
664 2133 769 2183 quod
787 2134 1050 2174 misericordia
1070 2142 1125 2172 est
1140 2137 1332 2196 quaedam

264 2175 422 2238 tfts'titia.
453 2187 530 2226 Sed
550 2186 720 2226 defectus
738 2195 796 2224 est
813 2187 909 2225 ratio
926 2188 1117 2226 tristitiae·
1146 2189 1249 2226 unde
1277 2190 1333 2227 in-

232 2257 238 2268 '
265 2229 372 2285 fumi
394 2239 540 2279 facilius
560 2241 840 2290 contristantur,
859 2249 901 2278 ut
929 2254 1044 2292 supra
1062 2241 1087 2265 *
1102 2241 1245 2279 dictum
1266 2251 1332 2280 est.

266 2287 370 2342 Ergo
398 2294 493 2331 ratio
522 2293 729 2332 miserendi
757 2301 813 2332 est
840 2293 1009 2332 defectus
1036 2294 1260 2333 miserentis.

320 2349 547 2385 stronnno
583 2358 769 2384 monimum
797 2349 923 2407 quod,
957 2360 1047 2385 cum
1073 2347 1335 2386 misericordia

220 2424 226 2430 ·
267 2401 316 2439 sit
330 2400 547 2450 compassio
563 2413 678 2450 super
692 2399 845 2443 miseria
863 2401 997 2447 aliena,
1013 2408 1054 2438 ut
1073 2401 1217 2439 dictum
1233 2409 1289 2439 est
1301 2402 1333 2450 ²⁸,

268 2467 314 2494 ex
335 2453 416 2491 hoc
441 2453 623 2502 contingit
642 2453 749 2502 quod
777 2452 911 2502 aliquis
934 2452 1158 2491 misereatur
1186 2467 1232 2491 ex
1255 2466 1333 2502 quo

267 2506 451 2556 contingit
486 2507 593 2555 quod
630 2505 678 2544 de
714 2506 866 2543 miseria
899 2506 1021 2543 aliena
1058 2506 1195 2544 doleat.
1233 2507 1335 2553 Quia

268 2569 398 2607 autem
435 2559 580 2598 tristitia
614 2571 684 2597 seu
713 2559 823 2596 dolor
856 2566 917 2596 est
950 2559 998 2596 de
1025 2558 1180 2608 proprio
1218 2560 1334 2607 malo,

267 2612 457 2654 intantum
494 2612 628 2662 aliquis
657 2612 705 2650 de
734 2611 887 2649 miseria
924 2611 1046 2649 aliena
1081 2611 1245 2649 tristatur
1272 2619 1336 2649 aut

269 2664 373 2706 dolet
397 2666 626 2716 inquantum
652 2664 851 2702 miseriam
885 2664 1050 2702 alienam
1081 2665 1335 2714 apprehendit

267 2728 309 2762 ut
337 2731 462 2765 suam.
500 2719 587 2757 Hoc
614 2726 743 2756 autem
779 2717 961 2766 contingit
997 2717 1207 2767 dupliciter.
1245 2719 1332 2756 Uno

267 2770 400 2820 modo,
426 2772 644 2811 secundum
667 2770 853 2809 unionem
874 2770 1051 2808 affectus.-
1081 2771 1187 2820 quod
1205 2771 1249 2808 fit
1266 2783 1334 2821 per

269 2838 455 2864 amorem.
486 2825 588 2873 Quia
606 2824 710 2863 enim
727 2836 865 2862 amans
893 2831 1042 2873 reputat
1065 2824 1232 2861 amicum
1253 2830 1334 2861 tan—

263 2891 388 2929 quam
424 2879 615 2928 seipsum,
643 2877 790 2915 malum
819 2876 935 2926 ipsius
963 2884 1113 2926 reputat
1148 2884 1332 2926 tanquam

270 2944 383 2970 suurn
403 2932 568 2968 malum:
599 2937 636 2967 et
661 2930 749 2968 ideo
770 2930 874 2967 dolet
901 2930 949 2967 de
977 2930 1080 2967 malo
1107 2930 1220 2966 amici
1239 2930 1334 2967 sicut

271 2986 319 3022 de
348 2997 431 3022 suo.
470 2985 519 3021 Et
546 2983 636 3021 inde
673 2991 729 3020 est
760 2983 871 3032 -quod
907 2982 1184 3031 Philosophus,
1213 2983 1252 3020 in
1281 2984 1333 3020 IX

269 3037 390 3074 Ethic.
409 3036 442 3083 ²¹⁸,
460 3037 556 3074 inter
583 3035 656 3073 alia
675 3035 891 3073 amicabilia
910 3037 1020 3084 ponit
1045 3036 1121 3072 hoc
1144 3036 1250 3084 quod
1279 3043 1335 3075 est
1356 3081 1359 3084 y

271 3090 470 3127 condolere
487 3089 622 3126 amico.
643 3089 692 3125 Et
706 3089 914 3136 Apostolus
930 3087 1030 3136 dicit,
1046 3089 1098 3125 ad
1109 3089 1222 3126 Rom.
1238 3100 1287 3125 xu
1301 3088 1333 3125 *τ

1382 1133 1514 1175 utpote
1553 1139 1641 1164 cum
1671 1128 1816 1164 malum
1854 1127 2070 1176 aliquorum
2100 1129 2362 1177 propinquum
2393 1139 2449 1168 est

1382 1187 1424 1216 ut
1451 1181 1499 1216 ab
1529 1180 1580 1216 eis
1609 1181 1656 1218 ad
1685 1193 1756 1217 nos
1783 1187 1959 1217 transeat.
1999 1181 2048 1218 Et
2074 1181 2162 1218 ideo
2191 1182 2447 1232 Philosophus

1384 1232 1483 1280 dicit,
1500 1233 1539 1270 in
1554 1233 1586 1269 11
1602 1233 1762 1270 Rhet.'*:
1784 1233 1971 1270 Homines
1991 1234 2217 1271 miserentur
2231 1248 2346 1284 super
2364 1236 2447 1274 illos
2473 1245 2482 1254 ⁴
2517 1250 2546 1265 οε
2569 1249 2582 1264 0
2633 1250 2647 1265 ¹¹

1383 1285 1449 1334 qui
1476 1293 1564 1323 sunt
1591 1286 1644 1322 eis
1678 1286 1868 1323 coniuncti
1897 1295 1933 1324 et
1960 1287 2122 1324 similes:
2161 1288 2249 1336 quia
2275 1301 2345 1337 per
2372 1290 2447 1326 hoc

1382 1340 1425 1375 fit
1454 1339 1506 1376 eis
1535 1339 1746 1376 aestimatio
1775 1340 1880 1388 quod
1900 1340 1970 1389 ipsi
1999 1340 2114 1377 etiam
2137 1341 2284 1390 possint
2312 1342 2447 1380 similia

1381 1391 1471 1440 pati.
1502 1392 1551 1428 Et
1578 1392 1667 1428 inde
1697 1400 1752 1429 est
1772 1393 1884 1429 etiam
1914 1395 2018 1442 quod
2046 1406 2157 1430 senes
2181 1402 2217 1431 et
2245 1395 2446 1443 sapientes,

1383 1445 1448 1493 qui
1470 1445 1713 1481 considerant
1740 1457 1780 1481 se
1799 1457 1913 1494 posse
1940 1446 1979 1483 in
1999 1447 2100 1483 mala
2128 1447 2305 1495 incidere,
2327 1455 2363 1484 et
2383 1449 2446 1485 de-

1384 1497 1478 1533 biles
1508 1504 1543 1533 et
1570 1497 1809 1534 formidolosi
1838 1499 1956 1546 magis
1994 1507 2081 1535 sunt
2108 1500 2384 1537 misericordes.
2414 1503 2446 1538 E

1384 1550 1574 1586 contrario
1594 1558 1722 1587 autem
1743 1550 1815 1598 alii,
1837 1551 1902 1600 qui
1920 1556 1935 1578 Υ
1956 1560 2132 1599 reputant
2151 1565 2191 1588 se
2216 1565 2299 1590 esse
2319 1553 2446 1591 felices

1385 1611 1421 1640 et
1448 1603 1635 1640 intantum
1662 1611 1839 1652 potentes
1867 1604 1973 1653 quod
2001 1605 2091 1642 nihil
2128 1606 2219 1641 mali
2245 1613 2380 1655 putant
2408 1619 2447 1643 se

1383 1668 1497 1705 posse
1515 1656 1606 1705 pati,
1626 1669 1706 1693 non
1731 1656 1782 1694 ita
1802 1656 2029 1694 miserentur
2047 1656 2071 1694 δ.
2093 1678 2118 1687 -
2138 1658 2201 1695 Sic
2219 1658 2331 1707 igitur
2350 1671 2448 1696 sem-

1381 1722 1452 1757 per
1480 1709 1650 1746 defectus
1679 1717 1735 1746 est
1763 1709 1857 1747 ratio
1886 1710 2112 1748 miserendi:
2141 1713 2204 1748 vel
2222 1712 2446 1762 inquantum

1382 1763 1515 1811 aliquis
1545 1763 1735 1800 defectum
1772 1763 1932 1800 alicuius
1961 1771 2110 1812 reputat
2138 1777 2263 1812 suum,
2290 1774 2450 1815 propter

1383 1816 1567 1853 unionem
1605 1816 1763 1863 amoris;
1801 1817 1864 1853 vel
1891 1824 2048 1866 propter
2083 1817 2373 1867 possibilitatem
2402 1820 2448 1856 si-

1384 1868 1487 1906 milia
1515 1869 1696 1918 patiendi.

1437 1923 1495 1959 An
1523 1934 1660 1959 PRIMUM
1688 1933 1787 1959 ERGO
1815 1933 2001 1959 DlCENDUM
2030 1922 2136 1970 quod
2155 1923 2262 1959 Deus
2281 1936 2360 1961 non
2379 1924 2449 1961 mi-

1384 1983 1528 2012 seretur
1564 1975 1635 2012 nisi
1662 1982 1818 2024 propter
1854 1987 2049 2023 amorem,
2083 1975 2308 2024 inquantum
2347 1985 2451 2014 amat

1385 2041 1456 2066 nos
1484 2036 1668 2076 tanquam
1697 2027 1840 2078 aliquid
1868 2028 1937 2065 sui.

1437 2083 1497 2119 An
1525 2093 1716 2118 SECUNDUM
1743 2093 1928 2118 DtCENDUM
1958 2081 2062 2130 quod
2090 2081 2139 2118 illi
2166 2081 2232 2129 qui
2258 2082 2334 2119 iam
2364 2090 2452 2119 sunt

1384 2135 1423 2172 in
1450 2134 1592 2172 infimis
1621 2135 1731 2172 malis
1763 2147 1841 2171 non
1865 2135 1999 2171 timent
2029 2147 2070 2171 se
2099 2135 2252 2172 ulterius
2278 2136 2357 2185 pati
2385 2134 2449 2172 ali-

1385 2188 1495 2237 quid:
1528 2195 1564 2224 et
1591 2187 1679 2224 ideo
1708 2200 1787 2224 non
1815 2187 2054 2225 miserentur.
2074 2207 2099 2215 -
2129 2188 2308 2225 Similiter
2335 2189 2449 2226 etiam

1385 2253 1456 2278 nec
1479 2241 1530 2278 illi
1550 2241 1615 2289 qui
1633 2242 1745 2278 valde
1773 2241 1928 2278 timent:
1956 2239 2048 2288 quia
2076 2247 2223 2277 tantum
2249 2241 2452 2280 intendunt

1382 2294 1562 2343 propriae
1594 2294 1764 2342 passioni
1801 2294 1906 2343 quod
1935 2306 2014 2331 non
2040 2293 2242 2331 intendunt
2274 2295 2450 2332 miseriae

1385 2347 1543 2384 alienae.
1619 2385 1621 2388 Α

1438 2402 1496 2437 An
1525 2411 1687 2437 TERTmM
1706 2411 1892 2438 mcENDUM
1919 2399 2024 2459 quod
2043 2399 2096 2444 illi
2113 2399 2178 2447 qui
2196 2407 2283 2436 sunt
2302 2400 2341 2437 in
2361 2414 2451 2438 con-

1384 2453 1620 2490 tumeliativa
1648 2452 1907 2501 dispositione,
1937 2452 2018 2489 sive
2048 2445 2136 2501 quia
2164 2453 2238 2490 sint
2257 2461 2451 2491 contume-

1385 2506 1476 2542 liam
1505 2505 1619 2554 passi,
1649 2505 1730 2542 sive
1750 2505 1841 2564 quia
1867 2505 1987 2542 velint
2006 2502 2277 2542 contumeliam
2301 2506 2450 2554 inferre,

1385 2565 1646 2607 provocantur
1683 2558 1732 2594 ad
1768 2558 1865 2595 iram
1903 2565 1939 2594 et
1970 2557 2192 2606 audaciam,
2231 2571 2329 2606 quae
2365 2567 2452 2596 sunt

1387 2610 1578 2660 quaedam
1605 2611 1803 2659 passiones
1831 2609 2014 2647 virilitatis
2034 2611 2252 2648 extollentes
2281 2612 2452 2648 animum

1387 2663 1551 2702 hominis
1571 2664 1620 2701 ad
1635 2664 1811 2701 arduum.
1831 2662 1943 2700 Unde
1960 2664 2134 2700 auferunt
2147 2668 2158 2684 ⁸
2173 2664 2322 2701 homini
2343 2665 2452 2702 aesti-

1387 2717 1596 2755 mationem
1618 2716 1723 2766 quod
1751 2716 1797 2753 sit
1824 2715 1966 2765 aliquid
1993 2716 2033 2753 in
2059 2717 2229 2753 futurum
2256 2729 2450 2766 passurus.

1386 2770 1498 2808 Unde
1527 2771 1640 2817 tales,
1671 2769 1764 2807 dum
1793 2777 1880 2806 sunt
1907 2769 1945 2806 in
1972 2769 2045 2806 hac
2074 2769 2342 2818 dispositione,
2373 2783 2451 2808 non

1387 2825 1635 2861 miserentur:
1672 2822 1885 2859 secundum
1922 2822 2014 2859 illud
2049 2823 2163 2860 Prov.
2193 2835 2290 2875 xxvn
2317 2823 2354 2860 *z
2382 2825 2450 2861 Ira

1388 2889 1463 2914 non
1491 2877 1603 2913 habet
1627 2875 1936 2921 misericordiam,
1956 2887 2075 2924 neque
2101 2872 2300 2924 erumpens
2315 2877 2449 2925 furor.

1388 2952 1412 2958 -
1441 2930 1490 2967 Et
1519 2941 1564 2966 ex
1592 2928 1702 2966 simili
1739 2928 1884 2965 ratione
1921 2928 2075 2976 superbi
2102 2941 2182 2965 non
2210 2928 2448 2977 miserentur,

1388 2982 1453 3032 qui
1473 2989 1722 3019 contemnunt
1736 2981 1828 3018 alios
1853 2989 1888 3018 et
1906 2988 2082 3030 reputant
2102 2994 2168 3018 eos
2183 2981 2318 3018 malos.
2338 2982 2451 3020 Unde

1381 3043 1563 3085 reputant
1599 3035 1704 3083 quod
1732 3034 1844 3082 digne
1871 3034 2062 3083 patiantur
2089 3034 2275 3083 quidquid
2302 3035 2449 3083 patiun-

1388 3096 1459 3126 tur.
1489 3087 1600 3126 Unde
1621 3096 1657 3124 et
1677 3087 1884 3135 Gregorius
1904 3087 1992 3125 dicit
2010 3087 2031 3109 '¹‘
2050 3087 2154 3135 quod
2169 3087 2271 3134 falsa
2300 3088 2449 3134 iustitia,

276 3142 452 3180 Gaudere
478 3153 564 3180 cum
591 3141 852 3191 gaudentibus,
872 3141 974 3190 flere
992 3153 1078 3178 cum
1092 3142 1287 3190 flentibus.
1309 3162 1333 3169 —
1388 3142 1526 3179 scilicet
1560 3141 1835 3190 superborum,
1875 3151 1949 3177 non
1986 3141 2098 3177 habet
2131 3141 2449 3190 compassionem,

271 3194 359 3233 Alio
379 3194 499 3233 modo
528 3193 709 3242 contingit
727 3193 940 3231 secundum
968 3194 1152 3232 unionem
1170 3194 1335 3232 realem:

324 3308 356 3340 a)
372 3311 421 3334 ωε.
437 3319 457 3326 -
474 3307 613 3338 „aaut
631 3314 680 3339 pro
698 3310 811 3339 aporia,
829 3297 966 3339 ‹qm-teret
982 3306 1192 3333 moeream
1263 3326 1272 3335 .

327 3343 352 3376 β)
371 3351 440 3368 cum.
452 3355 476 3362 —
486 3343 544 3373 sine
559 3342 760 3375 RFffltLpACx
772 3347 798 3367 et
814 3349 842 3372 n,
861 3342 887 3367 in
906 3342 970 3367 εει.
981 3355 1000 3362 -
1012 3342 1132 3368 maxime
1145 3350 1199 3368 om.
1216 3342 1260 3373 HI,
1271 3348 1333 3375 pout

274 3379 433 3404 miserentur
451 3378 523 3411 ponit
540 3377 574 3409 B;
593 3385 641 3410 pro
661 3377 827 3407 miserentur,
848 3377 1025 3402 misereantur
1039 3376 1120 3402 PDsa
1138 3381 1166 3403 et
1183 3385 1208 3403 a.

416 3545 525 3569 Sumam
544 3544 645 3568 Tnsor..
664 3543 696 3568 D.
708 3543 821 3568 Tuomst
839 3543 872 3568 T.
887 3544 917 3567 V.

1386 3194 1453 3232 sed
1478 3193 1792 3244 dedignationem.

1437 3308 1464 3341 γ)
1483 3308 1539 3339 alii,
1559 3308 1647 3340 qui.-
1663 3307 1748 3339 aliqui
1765 3306 2009 3340 ABCOEFHKpr
2027 3311 2054 3332 et
2069 3314 2096 3337 a,
2115 3307 2200 3339 aliqui
2216 3307 2263 3339 qui
2281 3306 2313 3338 G,
2331 3314 2385 3332 om.
2404 3313 2451 3339 px,

1385 3327 1687 3411 quisssin'milsiergxtluroe·
1704 3377 1924 3403 commiserentur
1943 3377 2008 3402 Pssa.

1439 3414 1461 3445 ε)
1481 3413 1653 3447 auferunt.—
1670 3410 1790 3446 'inferunt
1807 3412 2101 3444 PACDEF'GHKera,
2122 3419 2172 3437 non
2192 3412 2312 3445 inferunt
2327 3411 2361 3438 B.

2275 3543 2305 3568 31

2476 2833 2487 2844 “
2502 2832 2569 2854 Vers.
2584 2840 2607 2859 4.

2476 3095 2531 3116 Ho
2534 3095 2582 3116 mil
2588 3095 2685 3117 XXXIV

2476 3123 2501 3143 in
2515 3121 2609 3149 Evang.
