2892 4056
0 1379 7 1388 v-
0 1362 7 1366 „¹
0 1348 4 1352 ι
0 1290 11 1341 κὴ)
6 1243 8 1247 ,
10 1183 13 1186 .

60 1883 70 1893 ·
83 1881 151 1904 Ven.
165 1887 199 1928 12.K

6 2150 13 2185 s
50 2149 270 2205 ffliiffwis⁴³

0 2211 4 2236 l
123 2230 128 2235 ,
172 2205 193 2218 '¹'
238 2206 241 2214 ⁸

61 2361 71 2371 ¹
85 2359 134 2388 Qu.
149 2365 165 2386 ι,
181 2362 224 2381 art.
239 2365 258 2387 5.

996 204 1262 252 QUAESTxo
1289 204 1394 250 v111,
1423 203 1718 239 ARTICULUS
1749 203 1779 238 11

299 285 492 335 perficitur
523 285 678 332 quando
712 285 761 321 ad
788 286 863 321 hoc
891 284 1136 333 pervenimus
1163 291 1204 319 ut
1230 281 1360 319 intelli-

301 349 435 386 gamus
463 338 554 375 illud
574 337 679 386 quod
698 337 800 386 prius
820 345 900 374 erat
918 337 1100 385 ignotum.
1132 336 1249 383 Quod
1270 346 1359 383 ergo

300 390 570 429 ratiocinamur
589 402 633 427 ex
653 390 780 439 aliquo
798 389 1041 439 praecedenti
1067 389 1254 426 intellectu
1273 398 1360 437 pro-

298 443 411 481 cedit.
439 443 599 480 Donum
624 451 750 480 autem
779 443 917 491 gratiae
945 454 1024 481 non
1052 441 1225 490 procedit
1243 453 1289 477 ex
1307 441 1360 477 lu-

300 497 404 534 mine
419 503 587 541 naturae,
605 495 671 532 sed
692 495 956 544 superadditur
971 494 1016 540 ei,
1033 494 1141 542 quasi
1159 493 1361 542 perficiens

300 549 439 598 ipsum.
463 549 512 585 Et
529 548 616 586 ideo
636 549 706 585 ista
726 546 981 597 superadditio
1002 559 1081 583 non
1101 546 1235 582 dicitur
1253 545 1359 592 ratio,

301 601 367 639 sed
397 601 517 648 magis
546 601 773 638 intellectus:
804 600 893 648 quia
929 600 979 635 ita
1014 611 1053 635 se
1086 599 1201 635 habet
1232 599 1361 634 lumen

301 653 589 703 superadditum
618 653 666 691 ad
695 665 740 690 ea
768 664 865 702 quae
894 650 1004 688 nobis
1032 650 1362 700 supernaturaliter

353 765 382 800 λ)
399 766 571 798 penetrandi.
588 779 608 785 -
620 765 789 798 penetrantis
808 763 909 796 aliquae
928 763 1062 789 editiones.

2423 202 2470 248 67

1412 281 1653 317 innotescunt
1679 281 1774 317 sicut
1802 292 1842 317 se
1870 280 1985 317 habet
2011 281 2142 316 lumen
2171 280 2338 315 naturale
2362 281 2410 316 ad
2431 293 2475 317 ea

1413 345 1511 381 quae
1539 333 1832 382 primordialiter
1859 332 2138 381 cognoscimus.

1466 389 1525 423 AD
1553 397 1712 423 TERTmM
1745 397 1928 423 chENDUM
1962 385 2066 434 quod
2093 385 2270 422 voluntas
2303 384 2476 421 nominat

1413 439 1631 487 simpliciter
1649 439 1897 487 appetitivum
1912 445 2074 485 motum,
2091 438 2234 485 absque
2251 437 2475 474 determina-

1413 492 1515 529 tione
1535 491 1692 528 alicuius
1713 491 1967 528 excellentiae.
1989 491 2067 528 Sed
2082 491 2289 528 intellectus
2305 489 2477 527 nominat

1414 545 1610 593 quandam
1632 544 1888 581 excellentiam
1909 544 2133 592 cognitionis
2151 543 2375 592 penetrandi
2394 541 2408 565 λ
2428 543 2477 580 ad

1415 597 1557 635 intima.
1580 598 1628 634 Et
1648 597 1735 634 ideo
1755 597 2038 645 supernaturale
2054 597 2200 634 donum
2220 596 2340 644 magis
2355 596 2478 633 nomi-

1417 658 1527 687 natur
1542 650 1697 687 nomine
1718 650 1924 687 intellectus
1945 662 2062 698 quam
2084 650 2239 686 nomine
2260 649 2476 686 voluntatis.

971 833 1306 867 Commeat-,aria
1328 834 1580 868 Oardinah‘s
1605 834 1807 868 Caietam·

330 918 351 939 u
374 907 568 949 quaestionis
591 911 719 936 octavae
738 904 870 935 articulo
886 904 991 944 primo
1010 904 1109 934 retine
1125 904 1285 934 senarium
1301 914 1358 934 nu-

304 921 456 983 Imerum
479 945 593 981 eorum
614 949 648 979 in
671 948 787 990 quibus
811 954 843 979 et
855 958 938 989 quae
960 949 1062 988 legere
1079 948 1152 978 facit
1171 949 1294 978 donum
1313 948 1359 978 in-

298 997 452 1028 tellectus.
482 989 570 1025 Haec
595 993 754 1034 siquidem
782 993 891 1023 omnia
921 992 1189 1032 comprehendere
1215 992 1361 1022 videntur

299 1050 382 1082 quae
404 1038 581 1079 intellectus
603 1046 662 1078 pro
685 1036 759 1068 fidei
782 1038 869 1068 bono
885 1043 1048 1076 penetrare
1070 1042 1184 1077 potest.
1208 1037 1293 1066 Nam
1310 1036 1360 1066 vel

298 1085 332 1115 in
355 1082 578 1118 accidentibus,
602 1081 651 1112 vel
674 1081 785 1117 verbis,
805 1081 857 1112 vel
878 1080 988 1120 figuris
1011 1090 1066 1111 seu
1090 1080 1358 1116 similitudinibus,

296 1120 349 1160 ³vel
371 1126 587 1162 sensibilibus,
611 1126 661 1156 vel
696 1124 872 1161 effectibus,
896 1125 946 1155 vel
980 1123 1098 1161 causis.
1133 1125 1231 1155 latent
1265 1133 1359 1165 quae-

297 1171 438 1213 cumque
460 1171 567 1201 latent.
589 1169 631 1201 Et
654 1170 713 1200 sub
737 1169 949 1201 accidentibus
965 1169 1096 1210 quidem
1114 1168 1248 1208 legendo
1273 1177 1359 1199 com·
1386 1179 1388 1203 f

295 1215 526 1258 prehendimus
549 1214 747 1250 substantias,
765 1214 830 1244 sive
853 1213 948 1244 etiam
963 1213 1193 1253 quodcumque
1208 1212 1294 1243 aliud
1310 1222 1360 1243 ac-

299 1261 405 1293 cidens
428 1260 539 1303 latens.
562 1258 628 1290 Sub
651 1258 754 1289 verbis
777 1267 887 1288 sensus
909 1257 1049 1288 litteralis
1072 1257 1218 1297 aperitur.
1244 1256 1310 1287 Sub
1325 1255 1359 1286 fi-

1386 904 1387 950 l
1414 905 1500 944 guris
1515 911 1576 935 tres
1592 905 1705 945 reliqui
1725 915 1835 935 sensus
1854 911 1981 945 patent:
2005 905 2122 935 scilicet
2137 905 2275 940 moralis,
2293 904 2478 944 allegoricus

1386 963 1387 971 κ
1413 955 1445 978 et
1467 949 1676 988 anagogicus;
1705 955 1736 979 et
1763 948 1903 979 litteralis
1927 949 1985 979 sub
2014 948 2173 989 parabola.
2206 949 2253 978 Ex
2280 948 2478 979 sensibilibus

1386 1004 1387 1034 χ
1413 992 1622 1032 intelligibilia
1644 999 1693 1023 tot
1716 993 1868 1032 capimus.
1895 993 1930 1022 In
1955 992 2055 1023 causis
2077 1002 2153 1022 vero
2169 991 2306 1028 effectus,
2324 999 2354 1023 et
2370 1002 2386 1022 e
2404 1002 2478 1023 con-

1386 1038 1387 1065 1
1413 1045 1515 1072 verso,
1539 1037 1765 1076 conspicimus.
1789 1037 1880 1067 Adeo
1905 1043 1941 1067 ut
1960 1036 2038 1066 nihil
2054 1036 2309 1076 praetermissum
2325 1043 2477 1067 occurrat.

1386 1075 1387 1089 ³
1413 1080 1562 1111 Extendit
1585 1081 1744 1121 siquidem
1768 1090 1801 1111 se
1823 1080 2000 1111 intellectus
2029 1081 2152 1111 donum
2181 1081 2220 1110 ad
2248 1081 2478 1120 penetrandum

1386 1126 1387 1173 ζ
1414 1124 1539 1160 omnia;
1564 1125 1604 1154 ad
1627 1134 1850 1166 quaecumque
1867 1124 2035 1154 iudicanda
2049 1125 2100 1154 vel
2115 1124 2300 1164 applicanda
2317 1125 2477 1165 sapientia,

1386 1205 1387 1210 ¹
1414 1168 1543 1198 scientia
1574 1175 1605 1199 et
1635 1168 1805 1199 consilium
1835 1178 1868 1199 se
1898 1168 2088 1204 extendunt;
2113 1175 2143 1199 et
2166 1178 2273 1199 rursus
2304 1169 2343 1199 ad
2371 1169 2479 1199 omnia

1386 1214 1387 1248 l
1414 1212 1531 1253 quibus
1554 1211 1632 1243 fides
1656 1212 1794 1243 assentit.

1063 1395 1380 1437 ARTICULUS
1410 1396 1711 1437 SECUNDUS

714 1488 869 1519 UTRUM
893 1487 1050 1518 DONUM
1074 1487 1374 1518 INTELLECTUS
1397 1487 1544 1518 POSSIT
1569 1488 1698 1519 stMUL
1722 1489 1822 1519 ESSE
1847 1489 1939 1520 CUM
1964 1490 2061 1520 FIDE

438 1584 489 1606 “a
515 1571 537 1596 D
552 1570 741 1596 SECUNDUM
756 1569 810 1594 S1c
825 1568 1064 1594 PROCEDlTUR.
1085 1556 1244 1593 Videtur
1258 1557 1362 1605 quod

440 1592 488 1658 522}
515 1612 660 1650 donum
698 1611 905 1647 intellectus
933 1622 1011 1646 non
1040 1609 1151 1646 simul
1180 1610 1365 1647 habeatur

451 1652 603 1705 'rcum
639 1664 730 1702 fide.
768 1663 868 1700 Dicit
902 1662 1003 1699 enim
1036 1662 1287 1710 Augustinus,
1327 1662 1365 1700 in

337 1764 339 1766 q
415 1716 447 1750 ἵε
472 1713 610 1756 libro
635 1716 947 1767 Octogintatrium
972 1715 1119 1757 Quaest.
1140 1715 1176 1752 *ε
1200 1716 1248 1752 Id
1265 1716 1366 1764 quod

294 1765 518 1821 intelligitur
532 1770 768 1820 intelligentis
783 1769 1114 1817 comprehensione
1115 1769 1267 1816 finitur.
1287 1769 1363 1806 Sed

294 1816 340 1863 ,id
356 1825 462 1874 quod
482 1824 646 1862 creditur
665 1835 744 1860 non
768 1821 1122 1871 comprehenditur:
1151 1821 1362 1858 secundum

295 1876 389 1924 illud
402 1878 589 1926 Apostoli,
604 1877 655 1914 ad
666 1875 824 1924 Philipp.
846 1887 882 1912 111
897 1875 934 1911 ³⁶:
950 1875 1042 1911 Non
1058 1874 1160 1922 quod
1172 1875 1248 1911 iam
1264 1886 1364 1911 com-

291 1926 558 1980 prehenderim
577 1935 643 1967 aut
655 1929 844 1977 perfectus
861 1927 945 1964 sim.
965 1928 1068 1975 Ergo
1088 1927 1240 1964 videtur
1258 1927 1364 1975 quod

297 1982 396 2025 fides
425 1990 462 2020 et
487 1983 696 2020 intellectus
725 1993 806 2019 non
832 1981 980 2029 possint
1009 1992 1090 2017 esse
1118 1979 1158 2016 in
1183 1980 1334 2017 eodem.

290 2071 299 2082 ,d
320 2026 325 2037 Α
346 2048 390 2077 ,2.
404 2033 644 2082 PRAETEREA,
675 2046 790 2072 omne
818 2034 922 2082 quod
942 2032 1154 2080 intelligitur
1173 2033 1363 2070 intellectu

289 2084 449 2135 ‚videtur
469 2094 498 2126 ².
529 2088 607 2126 Sed
634 2087 731 2125 fides
759 2094 815 2124 est
843 2087 890 2124 de
920 2098 998 2123 non
1018 2085 1302 2135 apparentibus,
1322 2094 1364 2123 ut

291 2140 447 2193 supra*
476 2141 619 2179 dictum
648 2148 715 2177 est.
745 2140 847 2188 Ergo
877 2139 974 2176 fides
998 2151 1078 2176 non
1095 2146 1222 2187 potest
1250 2139 1362 2176 simul

295 2192 382 2232 'esse
409 2193 449 2230 in
477 2194 615 2232 eodem
644 2205 732 2230 cum
761 2193 963 2230 intellectu.

294 2290 299 2292 ,
353 2249 389 2285 3.
404 2248 638 2293 PRAETEREA„
655 2246 864 2283 intellectus
884 2252 940 2282 est
956 2244 1092 2282 certior
1106 2257 1224 2294 quam
1244 2245 1363 2281 scien-

298 2298 364 2353 tia.
400 2300 478 2343 Sed
504 2299 661 2339 scientia
694 2307 731 2335 et
766 2298 864 2336 fides
896 2310 976 2335 non
1007 2305 1168 2347 possunt
1201 2310 1284 2334 esse
1314 2299 1361 2335 de

300 2351 452 2405 eodem,
480 2360 524 2389 ut
549 2364 665 2401 supra
683 2351 703 2373 '¹‘
730 2350 904 2388 habitum
934 2359 999 2388 est.
1029 2351 1154 2387 Multo
1183 2363 1272 2399 ergo
1293 2351 1362 2388 rni-

300 2404 610 2446 nusintellectus
637 2411 674 2441 et
700 2403 810 2441 fides.
930 2444 931 2447 Ἴ

311 2479 313 2482 -
353 2457 429 2495 SED
453 2469 599 2495 coum
618 2468 684 2494 EST
711 2456 816 2504 quod
845 2454 1051 2503 Gregorius
1080 2455 1180 2502 dicit,
1208 2454 1248 2492 in
1266 2455 1361 2492 libro

298 2510 444 2548 Moral.
460 2511 491 2557 ²3,
521 2509 628 2558 quod
647 2507 662 2538 β
689 2508 890 2546 intellectus
918 2508 964 2544 de
986 2507 1120 2544 auditis
1139 2513 1300 2544 mentem
1320 2508 1362 2544 il-

299 2563 442 2601 lustrat.
473 2563 551 2600 Sed
579 2561 714 2610 aliquis
742 2562 888 2599 habens
916 2560 1035 2597 fidem
1062 2566 1188 2608 potest
1217 2572 1298 2597 esse
1322 2560 1362 2597 il-

298 2617 475 2655 lustratus
503 2622 630 2653 mente
660 2614 758 2652 circa
784 2613 912 2651 audita
929 2618 963 2650 Y:
991 2613 1095 2650 unde
1115 2612 1249 2650 dicitur
1268 2614 1361 2650 Luc.

298 2670 363 2709 ult.
376 2670 396 2690 *
416 2669 522 2719 quod
536 2668 727 2706 Dominus
747 2667 897 2715 aperuit
914 2665 1102 2714 discipulis
1119 2666 1196 2702 suis
1213 2677 1362 2702 sensum

298 2729 340 2760 ut
355 2721 606 2771 intelligerent
631 2721 855 2768 Scripturas.
886 2719 988 2766 Ergo
1012 2718 1220 2755 intellectus
1239 2726 1363 2767 potest

297 2775 410 2815 simul
437 2787 521 2812 esse
551 2786 639 2811 curn
668 2773 757 2810 fide.

350 2829 577 2867 Responnzo
610 2838 795 2865 mCENDUM
823 2825 927 2873 quod
965 2823 1027 2861 hic
1059 2823 1197 2872 duplici
1234 2821 1363 2861 distin-

299 2881 423 2919 ctione
443 2887 498 2917 est
517 2892 636 2928 opus:
663 2891 741 2916 una
760 2877 917 2927 quidem
947 2889 992 2914 ex
1019 2884 1124 2925 parte
1153 2876 1260 2922 fidei;
1291 2877 1362 2914 alia

299 2942 427 2971 autem
448 2945 493 2969 ex
511 2941 618 2981 parte
637 2931 855 2969 intellectus.
881 2931 939 2967 Ex
958 2937 1064 2978 parte
1084 2929 1239 2978 quidem
1258 2930 1360 2977 fidei,

294 2985 608 3034 distinguendum
638 2991 694 3022 est
725 2983 828 3034 quod
858 2982 1049 3031 quaedam
1076 2995 1146 3031 per
1174 2994 1213 3019 se
1243 2989 1279 3019 et
1306 2982 1361 3020 di-

298 3046 400 3077 recte
428 3037 568 3076 cadunt
595 3037 666 3075 sub
694 3037 785 3084 fide,
814 3048 913 3086 quae
933 3035 1144 3072 naturalem
1173 3035 1360 3072 rationem

353 3151 380 3183 α)
400 3151 514 3176 videtur.
531 3163 550 3170 —-
569 3149 732 3175 naturaliter
749 3149 846 3174 addunt
863 3149 909 3174 Pa.

352 3185 378 3219 β)
397 3186 478 3219 quod.
496 3199 515 3204 -
533 3185 653 3210 videmus
672 3184 744 3217 quod
761 3183 829 3209 PIsC
847 3189 874 3209 et
891 3191 936 3209 xa.

350 3222 378 3255 γ)
397 3221 471 3248 εἰναι
488 3221 592 3246 audita.
609 3233 629 3240 -
645 3219 742 3245 audita
759 3219 944 3252 ABFLpCKx,
962 3219 1057 3244 auditu
1077 3219 1111 3248 E.
1126 3225 1178 3250 per
1206 3219 1302 3244 audita
1326 3219 1360 3244 GI

298 3257 362 3288 sCx,
381 3257 414 3283 de
432 3256 535 3282 auditis
553 3256 586 3286 Η,
605 3255 695 3287 quoad
712 3255 808 3280 audita
828 3255 874 3280 sK.

1418 1558 1625 1594 excedunt:
1669 1558 1764 1595 sicut
1798 1560 1926 1595 Deum
1965 1572 2046 1596 esse
2079 1559 2220 1596 trinum
2263 1568 2300 1596 et
2340 1572 2478 1608 unum,

1417 1610 1556 1647 Filium
1586 1611 1658 1647 Dei
1688 1623 1770 1648 esse
1799 1612 2050 1648 incarnatum.
2081 1613 2285 1659 Quaedam
2304 1625 2398 1650 vero
2421 1625 2480 1650 ca-

1418 1663 1512 1700 dunt
1539 1665 1610 1701 sub
1638 1664 1714 1700 fide
1752 1665 1860 1714 quasi
1893 1665 2066 1702 ordinata
2094 1665 2141 1702 ad
2170 1665 2240 1702 ista
2268 1667 2478 1703 secundum

1417 1716 1584 1764 aliquem
1612 1718 1793 1754 modum:
1824 1718 1919 1755 sicut
1948 1718 2078 1754 omnia
2106 1730 2205 1767 quae
2229 1718 2267 1755 in
2288 1718 2480 1767 Scriptura

1418 1769 1546 1806 divina
1576 1770 1826 1807 continentur.

1470 1822 1528 1859 Ex
1555 1830 1661 1871 parte
1689 1835 1783 1860 vero
1821 1823 2051 1870 intellectus,
2083 1823 2391 1871 distinguendum
2425 1832 2481 1861 est

1417 1875 1522 1923 quod
1551 1875 1749 1924 dupliciter
1777 1876 1849 1913 dici
1877 1889 2084 1925 possumus
2112 1876 2236 1925 aliqua
2264 1876 2479 1924 intelligere.

1416 1927 1504 1965 Uno
1520 1928 1652 1976 modo,
1667 1929 1855 1977 perfecte:
1877 1930 2030 1978 quando
2047 1929 2187 1966 scilicet
2205 1929 2453 1978 pertingimus
2467 1928 2480 1952 δ

1417 1981 1466 2017 ad
1504 1982 1815 2029 cognoscendum
1849 1982 2052 2019 essentiam
2091 1982 2144 2019 rei
2181 1982 2410 2030 intellectae,
2447 1991 2482 2020 et

1417 2033 1538 2082 ipsam
1561 2034 1759 2071 veritatem
1790 2035 2029 2072 enuntiabilis
2058 2035 2246 2082 intellecti,
2268 2035 2480 2073 secundum

1416 2087 1522 2135 quod
1551 2087 1589 2123 in
1619 2100 1658 2124 se
1680 2095 1746 2125 est.
1776 2089 1825 2124 Et
1844 2089 1918 2125 hoc
1937 2088 2055 2125 modo
2077 2101 2122 2124 ea
2140 2100 2239 2136 quae
2260 2089 2399 2126 directe
2421 2101 2481 2126 ca-

1418 2140 1512 2176 dunt
1539 2141 1610 2176 sub
1638 2140 1715 2177 fide
1743 2140 1948 2188 intelligere
1977 2153 2055 2178 non
2082 2153 2300 2189 possumus,
2322 2142 2481 2178 durante

1417 2200 1514 2229 statu
1542 2193 1644 2230 fidei.
1675 2194 1752 2230 Sed
1781 2194 1974 2241 quaedam
2003 2194 2075 2231 alia
2103 2195 2152 2231 ad
2171 2194 2290 2231 fidem
2310 2195 2481 2231 ordinata

1418 2245 1532 2283 etiam
1559 2247 1634 2283 hoc
1667 2246 1786 2283 modo
1822 2247 1972 2295 intelligi
2000 2255 2171 2295 possunt.
2197 2269 2221 2275 -
2245 2247 2331 2284 Alio
2361 2247 2479 2284 modo

1417 2298 1597 2347 contingit
1616 2299 1758 2347 aliquid
1786 2299 1938 2348 intelligi
1966 2300 2205 2348 imperfecte:
2235 2301 2392 2348 quando
2413 2300 2481 2337 sci-

1415 2351 1501 2389 licet
1528 2351 1610 2400 ipsa
1645 2352 1805 2389 essentia
1833 2353 1903 2400 rei,
1932 2354 1994 2390 vel
2021 2353 2161 2390 veritas
2198 2353 2479 2402 propositionis,

1416 2417 1495 2442 non
1529 2405 1769 2452 cognoscitur
1801 2406 1894 2454 quid
1922 2406 1968 2442 sit
1996 2414 2061 2443 aut
2088 2406 2287 2460 quomodo
2317 2407 2382 2453 sit,
2413 2407 2479 2444 sed

1416 2465 1545 2494 tamen
1574 2458 1812 2505 cognoscitur
1830 2464 1843 2479 ⁸
1871 2459 1976 2506 quod
2001 2471 2045 2495 ea
2065 2471 2163 2508 quae
2183 2459 2345 2496 exterius
2365 2471 2480 2508 appa-

1416 2517 1499 2546 rent
1516 2510 1665 2546 veritati
1684 2523 1763 2547 non
1784 2511 2074 2557 contrariantur;
2095 2512 2320 2560 inquantum
2341 2511 2480 2549 scilicet

1415 2562 1535 2598 homo
1573 2562 1742 2610 intelligit
1778 2563 1883 2611 quod
1919 2571 2076 2612 propter
2109 2577 2154 2601 ea
2187 2577 2286 2613 quae
2319 2565 2478 2601 exterius

1416 2622 1600 2663 apparent
1623 2627 1701 2652 non
1731 2623 1786 2652 est
1814 2616 2072 2654 recedendum
2101 2618 2148 2653 ab
2177 2617 2235 2654 his
2265 2630 2363 2666 quae
2392 2625 2479 2654 sunt

1416 2666 1519 2705 fidei.
1548 2668 1598 2704 Et
1625 2668 1838 2705 secundum
1866 2670 1941 2705 hoc
1969 2669 2060 2706 nihil
2087 2669 2284 2718 prohibet,
2319 2670 2478 2707 durante

1417 2727 1515 2757 statu
1542 2720 1644 2767 fidei,
1673 2720 1877 2769 intelligere
1906 2722 2019 2758 etiam
2050 2734 2095 2759 ea
2122 2735 2220 2771 quae
2249 2735 2317 2771 per
2338 2735 2377 2759 se
2407 2724 2477 2760 sub

1415 2773 1493 2810 fide
1523 2773 1672 2810 cadunt.

1469 2826 1519 2862 Et
1546 2838 1614 2875 per
1641 2827 1715 2863 hoc
1742 2834 1846 2875 patet
1874 2827 2073 2876 responsio
2106 2828 2156 2864 ad
2184 2827 2343 2864 obiecta.
2374 2829 2477 2865 Nam

1415 2878 1562 2927 primae
1595 2887 1669 2916 tres
1697 2879 1862 2916 rationes
1889 2880 2103 2929 procedunt
2130 2880 2343 2917 secundum
2373 2881 2478 2930 quod

1416 2931 1556 2980 aliquid
1578 2933 1744 2981 perfecte
1769 2932 1992 2980 intelligitur.
2022 2933 2162 2970 Ultima
2195 2941 2322 2970 autem
2347 2933 2440 2971 ratio
2457 2934 2477 2954 *

1413 2983 1587 3074 Ξὲοεεάὶῐ
1607 2985 1654 3022 de
1682 2985 1870 3022 intellectu
1890 2998 2025 3022 eorum
2055 2998 2153 3035 quae
2177 2986 2401 3024 ordinantur
2429 2987 2477 3024 ad

1472 3049 1546 3074 em.

1468 3152 1493 3185 ὃ)
1508 3152 1698 3185 pertingimus.
1715 3165 1734 3171 —
1748 3152 1934 3186 pertingemus
1952 3152 2083 3185 ABEFpK
2102 3157 2127 3177 et
2145 3159 2189 3177 κα.

1467 3188 1490 3220 ε)
1509 3191 1597 3212 tamen
1616 3188 1794 3221 cognoscitur.
1811 3201 1831 3207 —
1848 3191 1937 3213 tamen
1962 3187 2032 3222 (om.
2051 3187 2091 3220 D)
2110 3191 2307 3221 cognoscuntur
2331 3188 2409 3219 mm
2429 3196 2476 3221 pro

1412 3223 1491 3255 quod,
1511 3223 1549 3248 sic
1567 3223 1639 3255 quod
1656 3224 1702 3254 sA,
1720 3223 1864 3248 secundum
1883 3223 1955 3256 quod
1974 3223 2021 3253 Pa,
2039 3230 2092 3248 om.
2111 3223 2167 3248 ΒΚ.

978 3329 1308 3363 Commentana
1330 3329 1578 3363 Cardinalis
1600 3329 1799 3362 Caietam

329 3414 349 3435 u
373 3404 505 3435 articulo
521 3403 661 3433 secundo
677 3401 819 3432 eiusdem
841 3401 1035 3441 quaestionis
1055 3407 1182 3431 octavae
1197 3407 1273 3431 nota
1288 3401 1355 3431 tria.

302 3415 448 3484 IPrimo,
472 3447 561 3488 quod
584 3445 742 3477 distinctio
766 3445 845 3476 facta
859 3445 893 3475 in
907 3444 1010 3476 littera
1025 3454 1062 3475 ex
1085 3451 1171 3485 parte
1195 3443 1268 3475 fidei
1291 3454 1357 3475 non

300 3498 347 3523 est
360 3491 518 3523 distinctio
534 3491 614 3522 inter
633 3490 793 3522 obiectum
809 3488 942 3519 formale
964 3495 994 3519 et
1016 3488 1175 3519 materiale
1189 3487 1278 3518 fidei:
1303 3488 1357 3518 sed

1411 3407 1458 3431 est
1480 3399 1639 3431 distinctio
1663 3399 1831 3430 materialis
1846 3399 1959 3430 obiecti
1978 3399 2051 3430 fidei
2066 3399 2146 3429 infra
2162 3409 2204 3430 se.
2230 3399 2274 3429 Ita
2290 3399 2379 3439 quod
2394 3398 2474 3429 inter

1411 3454 1447 3474 ea
1462 3454 1544 3485 quae
1560 3451 1634 3475 sunt
1649 3443 1778 3474 materia
1793 3443 1866 3474 fidei
1888 3444 2045 3484 quaedam
2061 3453 2117 3483 per
2133 3453 2164 3473 se
2181 3450 2211 3474 et
2227 3442 2340 3473 directe
2357 3442 2475 3473 cadunt

1411 3488 1470 3518 sub
1492 3487 1572 3519 fide:
1597 3488 1754 3529 quaedam
1785 3487 1984 3523 secundario,
2008 3494 2160 3528 tanquam
2184 3487 2325 3518 ordinata
2349 3486 2388 3517 ad
2409 3486 2471 3517 illa.

2506 2944 2513 2951 ·
2521 2942 2578 2970 Arg.
2592 2942 2640 2965 Sed
2659 2949 2713 2965 σοπ-
