2892 4056
73 1135 162 1158 'bom
187 1135 239 1162 cit„
261 1136 284 1156 in

71 1161 215 1190 mandat-g
215 1167 285 1184 ,ωη-

29 1184 31 1186 ’
71 1191 108 1210 tn
121 1168 224 1210 conclus.
237 1194 256 1211 ι.

277 1417 284 1428 ι
310 1400 562 1440 proficientium,
585 1409 616 1432 et
638 1401 730 1432 tertio
755 1401 969 1441 perfectorum
993 1400 1179 1440 attingimus
1194 1400 1220 1431 *.

965 219 1232 266 QUAESTIO
1262 218 1440 265 xxxlv,
1469 219 1765 256 ARTICULUS
1793 219 1829 256 v

309 298 388 330 aliae
410 296 618 338 perfectiones
648 297 781 328 aliarum
809 297 978 334 virtutum,
1003 304 1035 328 et
1057 297 1198 337 primum
1226 297 1260 327 in
1284 307 1370 327 cotn-

309 341 469 382 positione
492 347 540 372 est
563 341 713 372 ultimum
735 342 769 372 in
792 342 1020 378 destructione,
1044 341 1200 382 procedit;
1226 348 1256 372 et
1279 340 1372 371 infert

309 386 398 427 quod
413 386 500 426 prior
516 391 562 415 est
577 385 709 416 deiectio
726 386 860 416 aliarum
876 386 1028 416 virtutum
1040 396 1096 426 per
1111 385 1172 416 alia
1186 385 1261 416 vitia
1273 394 1372 426 quam

310 430 442 460 deiectio
466 429 643 460 dilectionis
672 440 728 470 per
750 430 864 460 vitium
888 429 964 460 odii.
997 430 1058 461 Ubi
1081 436 1167 470 patet
1196 430 1284 470 quod
1308 429 1372 459 sive

310 474 350 505 sit
371 473 497 514 gravius
521 474 585 504 sive
609 484 685 511 non,
702 474 781 504 nihil
796 474 889 504 refert
904 474 1012 515 quoad
1031 474 1187 504 rationem
1205 474 1308 504 istam.
1333 474 1374 504 Et
1399 480 1400 484 ’

310 525 478 558 propterea
493 528 559 548 non
582 526 657 549 sunt
672 519 798 550 recitata
821 518 931 549 omnia
946 527 1027 558 quae
1051 518 1104 548 ille
1119 518 1292 549 somniavit
1306 527 1374 548 esse
1399 537 1401 544 ·

311 569 421 593 contra
443 562 524 592 hanc
548 563 716 593 rationem.

364 607 416 637 Ad
432 607 626 638 solutionem
641 607 772 638 rationis
787 606 901 636 dicitur
915 606 1005 646 quod
1019 605 1088 645 ipsa
1104 606 1269 645 responsio
1284 606 1374 636 istius

311 656 357 681 est
385 650 583 682 confirmatio
615 651 755 682 rationis.
786 650 950 688 Quoniam
977 649 1056 680 ratio
1085 659 1151 679 non
1180 649 1307 681 affertur
1335 650 1376 680 ad

311 695 543 726 ostendendum
560 697 650 736 quod
672 696 868 737 quicumque
892 693 969 729 odit,
985 699 1112 733 oportet
1127 694 1216 734 quod
1232 694 1376 724 habuerit

310 749 408 770 omne
431 740 537 770 minus
553 740 683 771 vitium:
708 740 764 770 sed
786 739 825 769 ad
841 738 1077 768 ostendendum
1100 738 1275 768 naturalem
1292 738 1376 768 ordi-

311 793 384 813 nem
407 783 475 814 vitii
499 785 588 826 quod
611 791 658 815 est
685 783 798 814 odium
820 782 860 812 ad
883 782 944 811 alia
965 781 1051 812 vitia.
1082 781 1240 812 Naturalis
1268 789 1376 813 autem

311 828 391 858 ordo
415 828 537 868 optime
560 828 738 859 ostenditur
760 835 817 867 per
838 826 871 856 id
894 826 984 866 quod
1007 826 1189 865 regulariter
1207 826 1375 857 invenitur.

310 872 352 902 Et
373 872 446 903 ideo
469 882 507 904 ex
527 872 584 903 illa
606 871 810 903 concessione
832 870 922 910 quod
945 870 1007 900 hoc
1030 877 1077 900 est
1098 880 1211 900 verum
1225 871 1376 910 regulari-

310 923 369 952 ter,
391 926 458 947 nou
480 917 623 953 solvitur,
648 916 704 954 sed
727 914 932 947 confirmatur
954 914 1051 950 ratio;
1076 924 1158 953 quae
1179 914 1323 954 loquitur
1338 915 1378 944 de

311 961 495 992 necessitate
518 960 668 991 naturalis
690 969 875 1000 progressus
898 957 1051 988 vitiorum
1074 958 1252 988 secundum
1274 967 1322 994 se;
1348 965 1378 988 et
1403 966 1404 971 ¹

311 1014 378 1035 non
401 1004 439 1035 de
462 1004 645 1035 necessitate
667 1004 780 1044 logica,
796 1009 852 1033 aut
867 1009 976 1033 contra
998 1001 1174 1032 libertatem
1193 1002 1289 1032 huius
1305 1011 1377 1042 pec-

312 1048 420 1085 cantis,
444 1047 501 1089 qui
523 1048 610 1088 prius
634 1047 746 1087 eligere
769 1053 876 1087 potest
898 1045 1057 1087 posterius
1080 1055 1178 1086 quarn
1201 1046 1298 1086 prius.

366 1092 405 1123 Π.
423 1092 457 1122 In
475 1093 590 1123 eodem
605 1092 720 1132 quinto
735 1091 879 1127 articulo,
896 1091 928 1121 in
945 1090 1155 1130 responsione
1170 1091 1210 1120 ad
1225 1090 1378 1130 primurn,

310 1136 465 1166 Martinus
482 1135 647 1167 occurrit*
662 1142 772 1167 contra
786 1138 961 1166 Auctorem
984 1135 1046 1172 hic,
1062 1134 1187 1165 dicens:
1212 1134 1273 1165 lsta
1291 1134 1378 1165 solu-

309 1179 355 1210 tio
378 1189 445 1210 non
467 1181 572 1220 placet
593 1179 687 1210 mihi:
711 1187 793 1216 tum,
815 1179 932 1220 primo,
956 1179 1032 1220 quia
1054 1179 1232 1210 secundum
1257 1178 1377 1209 Aristo-

277 1239 284 1249 ‚
309 1223 416 1260 telem,
427 1223 461 1254 in
476 1225 622 1256 Praedic.
638 1224 666 1263 *,
679 1224 736 1266 qui
757 1224 826 1255 vult
841 1224 941 1254 redire
952 1235 970 1254 a
985 1223 1069 1254 vitiis
1085 1224 1126 1253 a'd
1140 1223 1281 1259 virtutes,
1298 1233 1377 1263 pau-

309 1267 399 1299 latim
421 1268 567 1308 recedere
575 1269 689 1305 debet,
715 1275 746 1300 et
768 1269 945 1299 secundum
967 1268 1083 1308 gradus
1098 1267 1254 1298 virtutum
1271 1277 1378 1298 ascen-

300 1307 546 1350 zdorera‘Tfim,
562 1313 713 1349 secundo,
730 1313 807 1354 quia
828 1312 1005 1343 secundum
1028 1311 1204 1342 doctrinam
1230 1311 1378 1342 omnium

310 1355 512 1394 Sanctorum,
527 1358 560 1388 in
570 1357 739 1388 virtutibus
754 1357 859 1398 primo
872 1357 1007 1398 gradum
1017 1355 1248 1396 incipientium,
1266 1355 1379 1386 deinde

1242 1416 1263 1422 -
1279 1400 1367 1431 Tum

309 1444 414 1482 tertio,
438 1446 516 1486 quia
532 1446 583 1477 vel
604 1446 748 1486 loquitur
762 1446 814 1477 hic
828 1446 974 1476 Thomas
989 1445 1028 1475 de
1044 1444 1171 1475 caritate
1186 1443 1305 1480 infusa;
1329 1423 1380 1474 vel

276 1503 278 1505 ·
309 1489 474 1530 acquisita.
498 1490 532 1521 Si
553 1491 593 1521 de
616 1489 778 1531 acquisita,
801 1490 855 1520 illa
877 1499 944 1520 non
959 1495 1006 1519 est
1024 1488 1253 1528 perfectissima
1266 1488 1377 1519 virtus.

38 3245 41 3248 ⁴
67 3256 92 3272 '⁸
105 3261 164 3284 lbid.

310 1531 344 1564 Si
367 1532 406 1564 de
428 1533 551 1570 infusa,
574 1541 650 1564 tunc
674 1540 798 1564 constat
827 1534 916 1574 quod
939 1533 1060 1563 multae
1088 1532 1219 1563 virtutes
1252 1532 1319 1562 sine
1344 1542 1380 1562 ea

310 1574 492 1618 frequenter
515 1578 733 1618 acquiruntur.

364 1621 416 1652 Ad
438 1622 580 1662 primum
594 1622 712 1652 horum
728 1621 842 1652 dicitur
864 1621 955 1662 quod
977 1620 1120 1661 primum
1137 1620 1380 1656 documentum,

310 1663 429 1697 ndlioet
452 1667 492 1697 de
514 1676 639 1698 recessu
662 1676 680 1696 a
701 1666 791 1701 vitio,
816 1675 882 1696 non
906 1671 953 1696 est
975 1664 1173 1703 Aristotelis:
1198 1664 1254 1695 sed
1277 1674 1380 1704 oppo-

251 1751 259 1758 ·
274 1719 286 1724 ·
309 1708 408 1741 situm
435 1710 544 1751 potius
567 1711 607 1741 ab
635 1710 707 1750 ipso
733 1710 909 1746 docemur,
932 1709 966 1739 in
990 1709 1016 1739 11
1047 1709 1150 1739 Ethic.
1173 1708 1200 1745 *,
1233 1708 1289 1739 ubi
1312 1718 1379 1739 non

309 1755 538 1794 exemplariter,
555 1755 611 1786 sed
633 1765 671 1786 ex
694 1754 861 1795 proposito
885 1754 980 1784 docet
998 1753 1162 1784 detentum
1177 1753 1286 1793 aliquo
1302 1753 1380 1783 vitio

309 1797 402 1829 valde
425 1799 573 1839 elongare
589 1810 622 1830 se
645 1799 684 1829 ab
708 1799 765 1829 illo
781 1799 904 1834 debere,
924 1797 968 1828 ita
991 1804 1027 1828 ut
1045 1797 1078 1827 in
1094 1797 1181 1828 aliud
1204 1804 1380 1828 extremum

307 1840 424 1872 vitium
445 1843 590 1874 videatur
612 1843 780 1879 declinare,
800 1842 955 1884 quoniam
978 1842 1021 1872 sic
1043 1841 1150 1872 veniet
1172 1842 1213 1871 ad
1236 1841 1380 1872 medium

307 1884 448 1924 virtutis,
471 1888 748 1928 quemadmodum
771 1887 892 1918 faciunt
912 1886 1056 1917 volentes
1079 1895 1190 1916 curvas
1208 1885 1311 1926 virgas
1335 1885 1380 1915 di-

309 1929 420 1970 rigere,
443 1933 659 1972 retorquendo
687 1931 776 1972 prius
799 1941 851 1962 eas
874 1931 908 1961 in
931 1930 1063 1961 alteram
1092 1937 1225 1970 partem.
1256 1930 1379 1961 Verun-

310 1979 418 2005 tamen
441 1975 504 2007 hoc
527 1986 594 2007 non
617 1983 664 2007 est
686 1976 726 2007 ad
749 1975 965 2016 propositum.
989 1974 1154 2012 Quoniam
1178 1974 1258 2004 ordo
1281 1974 1380 2005 virtu-

309 2023 380 2048 tum
403 2029 471 2050 non
493 2020 675 2056 attenditur,
699 2030 756 2060 per
779 2029 812 2050 se
834 2019 1011 2060 loquendo,
1027 2019 1205 2050 secundum
1220 2028 1380 2049 recessum
1404 2037 1406 2058 ;

309 2071 328 2092 a
350 2062 443 2094 vitio:
468 2073 535 2094 nou
559 2071 687 2104 oportet
711 2064 797 2094 enim
819 2064 1000 2094 virtuosum
1024 2063 1178 2094 vitiosum
1207 2062 1314 2094 fuisse.
1339 2063 1381 2094 Et

309 2114 478 2147 propterea
499 2108 602 2148 prima
627 2108 764 2139 obiectio
787 2107 866 2138 nihil
885 2107 960 2138 dicit
978 2114 1088 2138 contra
1110 2107 1304 2147 primitatem
1319 2107 1380 2138 vir-

305 2150 387 2182 tutis
409 2151 557 2183 caritatis

315 2207 317 2210 ¹
365 2196 416 2226 Ad
430 2197 609 2227 secundum
622 2205 764 2237 quoque,
782 2195 967 2227 conceditur
986 2202 1107 2226 totum:
1133 2195 1188 2225 sed
1202 2195 1282 2225 nihil
1305 2205 1380 2226 con-

310 2245 359 2269 tra
379 2241 595 2280 propositum.
618 2240 783 2278 Quoniam
800 2250 875 2271 cum
897 2239 960 2270 hoc
983 2240 1073 2290 quod
1088 2239 1199 2270 caritas
1216 2246 1263 2270 est
1278 2240 1381 2280 prima

309 2280 464 2315 virtutum
486 2291 548 2316 stat
569 2285 659 2326 quod
675 2284 779 2324 primo
804 2291 851 2316 est
871 2284 980 2315 caritas
995 2283 1158 2325 incipiens,
1176 2283 1290 2314 deinde
1305 2294 1381 2324 pro-

311 2325 429 2365 ficiens,
454 2335 485 2359 et
506 2329 598 2360 tertio
622 2328 769 2369 perfecta.

367 2372 420 2402 Ad
440 2373 569 2403 tertium
592 2379 699 2403 autem
723 2372 837 2403 dicitur
866 2373 956 2412 quod
985 2381 1090 2402 sermo
1122 2379 1168 2402 est
1191 2372 1230 2401 de
1253 2372 1380 2403 caritate

311 2414 432 2447 infusa:
457 2426 531 2448 nam
554 2416 707 2457 acquisita
730 2426 797 2447 non
821 2422 868 2446 est
891 2415 1035 2456 specialis
1050 2416 1168 2446 'virtus.
1199 2416 1240 2446 Et
1262 2416 1380 2447 falsum

312 2466 359 2491 est
381 2460 522 2501 aliquam
545 2461 695 2492 virtutem
710 2460 895 2500 simpliciter
913 2460 1021 2490 haberi
1036 2460 1103 2491 sine
1118 2460 1246 2491 caritate
1260 2460 1380 2491 infusa:

280 2526 286 2535 .
312 2509 350 2536 ut
371 2511 458 2544 patet
480 2515 517 2536 ex
539 2505 722 2545 Augustino
747 2512 777 2535 et
800 2506 942 2534 Auctore
956 2504 984 2540 *,
1009 2510 1067 2534 etc.

369 2547 422 2579 111.
448 2549 484 2579 In
507 2550 621 2580 eodem
644 2549 758 2590 quinto
787 2548 938 2586 articulo,
967 2548 1000 2578 in
1027 2547 1236 2588 responsione
1265 2547 1305 2577 ad
1333 2557 1380 2577 se-

282 2613 288 2620 .
314 2592 466 2630 cundum,
479 2594 634 2625 Martinus
647 2592 783 2624 occurrit
792 2592 810 2611 *
823 2592 943 2623 dicens:
964 2605 978 2620 α
987 2592 1076 2622 Haec
1091 2591 1210 2622 solutio
1222 2590 1380 2627 Thomae,

313 2635 432 2668 iudicio
443 2647 528 2674 mec,
542 2648 608 2669 non
625 2637 750 2669 sufficit.
768 2637 863 2674 Quia,
876 2643 912 2667 ut
923 2643 1010 2676 patet
1020 2646 1057 2666 ex
1068 2636 1200 2671 maiore,
1212 2645 1380 2675 argumen-

313 2686 385 2711 tum
400 2682 543 2722 procedit
558 2683 597 2713 de
612 2681 814 2722 passionibus
838 2681 957 2711 malam
979 2680 1220 2711 inclinationem
1236 2679 1381 2710 habenti-

269 2727 274 2732 '
314 2725 384 2757 bus-
412 2725 536 2758 Odium
559 2733 666 2757 autem
689 2725 766 2756 mali
790 2725 932 2765 oppositi
947 2725 1035 2755 bono
1059 2724 1194 2755 naturali
1209 2724 1226 2742 ’¹‘
1244 2734 1310 2754 non
1326 2724 1381 2754 ha-

313 2769 367 2800 bet
389 2769 631 2802 inclinationem
655 2770 784 2801 malam.
808 2770 905 2810 Ergo,
923 2776 982 2799 etc.
1002 2781 1017 2796 ³>

367 2815 419 2844 Ad
442 2814 504 2846 hoc
528 2815 641 2846 dicitur
654 2815 744 2855 quod
768 2813 885 2845 falsum
901 2813 1083 2848 assumitur,
1101 2813 1190 2853 quod
1213 2822 1381 2851 argumen-

313 2864 384 2888 tum
405 2859 557 2898 procedat
579 2860 618 2889 de
641 2858 842 2899 passionibus
865 2858 983 2888 malam
1006 2856 1246 2887 inclinationem
1265 2857 1382 2887 haben-

312 2902 408 2932 tibus.
433 2903 474 2934 Et
489 2914 526 2934 ex
541 2903 613 2943 ipso
637 2909 824 2943 argumento
848 2909 934 2942 patet
950 2901 1148 2941 oppositum.
1174 2901 1258 2938 Quia
1272 2911 1382 2941 proce-

315 2945 361 2976 dit
384 2956 421 2976 ex
444 2957 483 2977 eo
514 2948 604 2987 quod
627 2958 718 2978 amor
746 2953 777 2977 et
807 2946 919 2977 odium
950 2953 1025 2977 sunt
1053 2945 1174 2985 primae
1207 2945 1381 2984 passiones.

316 2989 450 3021 Constat
461 2998 568 3022 autem
583 2991 673 3032 quod
685 2991 827 3031 primitas
843 3000 909 3020 non
926 2989 1105 3020 attribuitur
1120 2989 1222 3020 amori
1238 2996 1274 3020 ut
1288 2989 1384 3020 habet

316 3034 434 3064 malam
455 3035 705 3071 inclinationem,
737 3035 792 3065 sed
815 3035 970 3070 absolute,
996 3041 1031 3064 ut
1054 3041 1101 3065 est
1123 3033 1229 3074 passio
1253 3034 1381 3064 amoris.

315 3077 410 3108 Unde
433 3078 554 3118 optime
576 3082 716 3115 Auctor,
747 3078 972 3118 distinguendo
1006 3078 1118 3108 odium
1141 3088 1237 3118 penes
1261 3078 1382 3108 diversa

317 3121 449 3158 obiecta,
474 3123 568 3154 solvit
591 3123 789 3155 ostendendo
813 3122 901 3162 quali
924 3122 1000 3152 odio
1024 3122 1172 3153 convenit
1187 3122 1329 3162 primitas
1353 3128 1383 3161 et

317 3165 404 3207 quali
427 3176 504 3198 non.

371 3209 424 3241 IV.
448 3210 484 3240 In
507 3211 622 3241 eodem
650 3209 784 3241 articulo
807 3209 936 3250 quinto,
960 3209 994 3239 in
1021 3209 1230 3250 responsione
1258 3210 1305 3240 adr
1321 3216 1382 3241 ter—

317 3253 409 3290 tium,
433 3254 589 3285 Martinus
619 3253 756 3285 occurrit
771 3253 798 3289 *,
823 3253 930 3284 dicens
954 3254 1043 3293 quod
1067 3254 1144 3284 haec
1168 3254 1288 3285 solutio
1316 3264 1383 3285 non

318 3297 443 3329 sufficit.
469 3299 553 3336 Quia
576 3298 687 3329 odium
710 3297 761 3328 vel
784 3304 831 3328 est
852 3304 996 3338 respectu
1006 3297 1087 3328 mali
1103 3298 1182 3335 veri;
1205 3298 1256 3329 vel
1278 3308 1382 3339 respe-

319 3348 371 3373 ctu
395 3342 470 3372 mali
495 3343 673 3384 apparentis
697 3348 832 3373 tantum.
856 3341 889 3372 Si
912 3349 1055 3382 respectu
1079 3342 1156 3372 mali
1177 3342 1261 3378 veri,
1286 3353 1361 3384 ergo
1375 3367 1382 3380 ,

319 3395 394 3417 cum
421 3386 534 3418 vitium
569 3387 709 3422 morale,
746 3386 786 3416 de
808 3395 875 3426 quo
905 3385 1009 3416 maior
1030 3387 1208 3426 argumenti
1241 3387 1382 3424 assumit,

319 3430 359 3461 sit
388 3431 512 3461 malum
535 3441 656 3467 verum,
685 3430 828 3471 sequitur
850 3430 940 3471 quod
963 3437 1188 3470 argumentum
1211 3431 1383 3462 concludit.

319 3474 352 3505 Si
375 3483 518 3515 respectu
534 3476 610 3506 mali
629 3474 818 3516 apparentis,
835 3480 911 3505 tunc
927 3474 1068 3515 sequitur
1090 3475 1179 3515 quod
1201 3485 1258 3515 per
1272 3475 1384 3507 odium

319 3519 478 3559 appetitur
505 3519 594 3551 odito
618 3519 651 3550 id
674 3519 764 3560 quod
791 3524 838 3548 est
860 3519 1038 3549 secundum
1062 3519 1225 3550 veritatem
1248 3520 1382 3557 bonum,

319 3562 391 3593 licet
413 3563 451 3594 ab
475 3564 602 3595 odiente
626 3563 808 3594 aestimetur
824 3563 961 3592 malum:
986 3563 1075 3603 quod
1099 3570 1145 3594 est
1167 3563 1293 3594 falsum.

462 3626 572 3651 Summa
590 3627 692 3651 ‘razon-
711 3624 743 3649 D.
762 3624 878 3649 Tnomn
892 3624 924 3649 T.
938 3625 969 3649 V.

2411 221 2482 256 281

1480 298 1532 328 Ad
1555 298 1616 328 hoc
1639 297 1752 328 dicitur
1775 298 1865 338 quod
1888 297 1954 328 odii
1976 297 2089 328 vitium
2112 297 2226 337 procul
2249 297 2347 327 dubio
2371 304 2418 327 est
2439 307 2492 327 ve-

1425 351 1498 371 rum
1521 342 1644 372 malum
1668 342 1839 378 moraliter,
1856 349 1887 373 et
1909 348 1956 373 est
1974 348 2119 382 respectu
2135 341 2210 371 mali
2226 341 2406 382 apparentis
2422 341 2492 381 qui-

1426 386 1500 416 dem
1523 393 1559 416 ut
1582 396 1737 426 personae
1765 386 1842 417 odio
1865 386 2005 422 habitae,
2033 386 2099 416 veri
2127 393 2235 416 autem
2266 392 2302 415 ut
2331 385 2493 424 concupiti

1426 440 1580 470 personae
1603 430 1679 460 odio
1703 430 1837 461 habitae.
1862 431 1908 462 Ita
1931 431 2020 471 quod
2049 430 2131 460 sicut
2161 439 2252 460 amor
2279 435 2326 460 est
2349 436 2494 468 respectu

1427 474 1503 504 boni
1519 482 1555 505 ut
1570 484 1724 514 personae
1748 482 1870 505 amatae
1895 474 2033 517 (amatur
2054 474 2140 505 enim
2165 484 2300 514 persona
2325 480 2360 504 ut
2383 471 2493 514 bona),

1427 525 1458 549 et
1481 525 1527 550 est
1551 519 1646 549 etiam
1669 525 1812 559 respectu
1841 519 1918 549 boni
1942 526 1977 550 ut
2002 518 2163 560 concupiti
2193 527 2347 558 personae
2371 523 2494 547 amatae

1428 560 1640 605 (concupiscit
1663 563 1749 593 enim
1771 573 1881 593 amans
1905 564 2044 604 aliquem
2067 564 2190 593 bonum
2214 560 2290 604 illi);
2314 561 2356 592 ita
2380 561 2494 591 vitium

1427 607 1517 647 quod
1541 615 1587 638 est
1610 607 1722 638 odium
1744 607 1930 638 terminatur
1950 608 1989 638 ad
2003 617 2174 647 personam
2190 607 2248 636 sub
2270 606 2392 636 ratione
2408 605 2494 640 mali,

1429 661 1510 692 quae
1539 658 1643 682 tamen
1672 651 1705 681 in
1735 651 1864 682 veritate
1895 658 1941 682 est
1964 652 2048 682 bona
2079 650 2123 694 (et
2153 658 2320 691 propterea
2349 655 2494 689 respectu

1429 705 1583 735 personae
1607 696 1684 726 odio
1707 695 1832 726 habitae
1855 696 1968 726 odium
1988 703 2034 726 est
2057 702 2201 736 respectu
2221 694 2298 725 boni
2317 694 2496 724 secundum

1429 749 1506 776 rem,
1530 740 1606 771 mali
1635 747 1743 770 autem
1773 741 1950 771 secundum
1980 738 2226 782 apparentiam),
2258 746 2288 769 et
2310 738 2497 768 terminatur

1430 784 1469 813 ad
1485 784 1608 814 malum
1625 783 1833 824 concupitum
1848 784 1894 814 illi
1915 784 1974 814 sub
1996 783 2116 815 ratione
2132 783 2218 814 mali.
2242 783 2282 813 Et
2300 782 2373 813 ideo
2389 791 2495 822 respe-

1431 834 1481 858 ctu
1508 828 1669 868 concupiti
1692 828 1805 858 odium
1828 835 1875 858 est
1897 828 1973 858 mali
1998 829 2092 860 etiam
2116 827 2292 858 secundum
2314 826 2493 857 veritatem:

1430 878 1466 902 ut
1488 879 1575 911 patet
1598 882 1672 903 cum
1695 872 1767 912 quis
1790 873 1973 915 proximum
2004 873 2079 902 odio
2109 872 2204 902 habet
2225 871 2336 902 volens
2360 870 2405 901 illi
2429 880 2496 900 ma-

1430 915 1499 945 lum
1523 916 1645 946 mortis.
1670 915 1805 946 Constat
1828 917 1914 946 enim
1938 917 2027 956 quod
2051 916 2172 952 odium,
2197 922 2232 946 ut
2254 915 2442 947 terminatur
2457 914 2497 944 ad

1431 959 1625 999 proximum,
1649 967 1695 990 est
1717 967 1861 1000 respectu
1885 961 1962 991 boni
1985 961 2162 991 secundum
2185 970 2262 995 rem,
2279 959 2353 989 mali
2377 966 2431 989 aut
2449 968 2497 988 se-

1432 1004 1575 1033 cundum
1604 1004 1858 1034 aestimationem
1890 1011 2033 1034 tantum:
2064 1011 2100 1034 ut
2129 1014 2204 1034 vero
2240 1003 2426 1034 terminatur
2457 1002 2497 1032 ad

1430 1053 1569 1077 mortem
1593 1048 1723 1078 volitam
1748 1048 1803 1084 illi,
1827 1049 2014 1078 terminatur
2036 1049 2076 1078 ad
2098 1048 2221 1078 malurn
2246 1047 2423 1078 secundum
2445 1056 2497 1076 ve-

1430 1091 1554 1121 ritatem
1580 1099 1610 1122 et
1634 1092 1810 1122 secundum
1835 1092 2098 1123 aestimationem.

1487 1136 1580 1166 Unde
1604 1143 1690 1176 patet
1703 1136 1870 1176 responsio
1888 1137 1928 1166 ad
1943 1143 2176 1176 argumentum.
2202 1135 2286 1172 Quia
2302 1145 2377 1165 cum
2399 1143 2498 1174 quae-

1431 1179 1519 1216 ritur,
1542 1181 1598 1211 Vel
1611 1186 1658 1211 est
1673 1185 1816 1220 respectu
1844 1181 1923 1211 mali
1939 1187 2015 1211 etc.:
2039 1180 2248 1220 respondetur
2262 1180 2351 1220 quod
2370 1177 2499 1208 diversi-

1431 1224 1527 1254 mode
1544 1235 1647 1255 unum
1660 1232 1691 1255 et
1703 1225 1791 1255 idem
1802 1225 1915 1256 odium
1928 1231 1974 1256 est
1985 1232 2129 1265 respectu
2143 1224 2318 1264 utriusque.
2339 1223 2396 1253 Est
2411 1222 2498 1252 enim

1432 1275 1576 1309 respectu
1600 1269 1665 1300 veri
1693 1269 1769 1299 mali
1792 1276 1828 1300 ut
1851 1269 2029 1309 concupiti:
2060 1276 2091 1299 et
2109 1275 2276 1308 propterea
2306 1277 2371 1297 non
2396 1266 2500 1307 sequi-

1432 1319 1484 1343 tur
1515 1314 1605 1354 quod
1635 1321 1860 1353 argumentum
1888 1313 2060 1344 concludit.
2092 1313 2133 1343 Et
2162 1319 2208 1343 est
2237 1318 2380 1351 respectu
2410 1309 2498 1347 boni,

1432 1357 1586 1388 aestimati
1611 1364 1717 1388 tamen
1749 1358 1835 1394 mali,
1859 1364 1895 1388 ut
1918 1367 2074 1398 personae
2103 1356 2179 1387 odio
2202 1356 2343 1386 habitae:
2372 1361 2403 1385 et
2426 1364 2500 1395 pro-

1432 1408 1538 1441 pterea
1560 1411 1626 1432 non
1651 1402 1794 1442 sequitur
1828 1402 1918 1442 quod
1940 1401 2016 1432 odio
2040 1408 2208 1442 appetatur
2229 1410 2341 1431 verum
2364 1400 2499 1434 bonurn,

1432 1453 1468 1477 ut
1491 1453 1588 1486 patet.

1490 1491 1528 1521 V.
1553 1491 1589 1520 In
1611 1489 1750 1520 articulis
1774 1489 1887 1529 quinto
1912 1496 1942 1520 et
1957 1495 2044 1520 sexto
2069 1489 2212 1520 eiusdem
2228 1486 2423 1528 quaestionis
2446 1485 2500 1516 tri-

1431 1535 1700 1575 gesimaequartae
1720 1533 1856 1563 dubium
1871 1533 2016 1569 occurrit,
2034 1533 2108 1573 quia
2126 1533 2269 1563 doctrina
2289 1530 2438 1561 Auctoris
2454 1529 2500 1559 vi-

1432 1579 1524 1609 detur
1539 1578 1694 1609 contraria
1710 1577 1810 1607 dictis.
1828 1577 1926 1607 Iam*
1941 1577 2026 1607 enim
2039 1577 2160 1608 dictum
2175 1583 2222 1607 est
2238 1583 2268 1606 et
2282 1575 2372 1615 quod
2388 1573 2500 1604 odium

1432 1623 1492 1654 Dei
1514 1622 1720 1674 participatur
1742 1621 1775 1651 in
1799 1621 1889 1651 omni
1912 1628 2042 1661 peccato
2067 1621 2205 1657 mortali,
2230 1627 2260 1650 et
2283 1619 2373 1669 quod
2388 1618 2501 1648 odium

1432 1667 1569 1708 proximi
1592 1666 1797 1706 participatur
1818 1665 1852 1695 in
1875 1673 2006 1706 peccato
2029 1665 2063 1695 in
2086 1665 2283 1706 proximum:
2307 1663 2409 1693 immo
2432 1662 2501 1702 ipse

1433 1714 1556 1742 Auctor
1579 1711 1656 1741 dixit
1678 1710 1711 1740 in
1728 1710 1928 1750 praecedenti
1951 1710 2086 1740 articulo
2113 1710 2203 1750 quod
2218 1707 2371 1749 quidquid
2387 1707 2501 1747 culpae

1433 1762 1479 1787 est
1503 1757 1535 1786 in
1560 1754 1774 1786 exterioribus
1783 1755 1927 1794 peccatis
1942 1755 1975 1784 in
1992 1755 2192 1794 proximum,
2213 1758 2313 1784 totum
2330 1756 2376 1782 est
2399 1760 2440 1781 ex
2456 1752 2501 1780 in-

1432 1801 1544 1831 teriori
1566 1800 1648 1830 odio.
1673 1799 1773 1829 Modo
1796 1808 1873 1828 vero
1897 1798 2011 1828 dicitur
2033 1799 2122 1839 quod
2146 1808 2204 1828 nec
2227 1796 2341 1827 odium
2363 1794 2502 1835 proximi

1431 1854 1489 1874 nec
1512 1844 1571 1874 Dei
1595 1850 1642 1874 est
1664 1842 1817 1883 primum,
1837 1843 1892 1872 sed
1916 1842 2067 1873 ultimum
2085 1842 2192 1882 potius
2207 1847 2385 1890 peccatum.
2410 1839 2501 1876 Quo-

1431 1889 1532 1919 modo
1555 1894 1639 1918 stant
1661 1887 1738 1917 haec
1761 1884 1875 1917 simul?
1898 1886 2033 1917 Constat
2056 1886 2142 1917 enim
2165 1886 2255 1927 quod
2278 1883 2502 1925 participatum

1431 1933 1552 1983 aliquid
1575 1931 1734 1982 posterius
1751 1938 1798 1962 est
1821 1931 1926 1970 seipso
1946 1931 2125 1961 secundum
2140 1939 2189 1960 se:
2212 1929 2295 1969 ignis
2312 1928 2399 1958 enim
2412 1927 2501 1967 prius

1431 1984 1478 2008 est
1499 1976 1617 2017 ignitis,
1642 1982 1673 2006 et
1696 1985 1780 2016 aqua
1802 1975 1997 2011 madefactis,
2023 1981 2053 2006 et
2077 1975 2122 2005 sic
2146 1975 2185 2005 de
2208 1973 2286 2004 aliis.

2526 1577 2595 1598 Ἀι-ι.
2602 1583 2613 1599 2
2622 1577 2657 1603 (cf.
2666 1577 2737 1599 Com-

2527 1608 2598 1625 ment.
2613 1610 2677 1625 num.
2692 1607 2735 1630 ι1);

2526 1634 2567 1651 art.
2582 1637 2599 1655 4
2613 1631 2652 1657 (cf.
2667 1631 2739 1652 Com-

2527 1661 2597 1678 ment.
2612 1663 2676 1678 num.
2693 1659 2737 1681 iv).

1486 2022 1538 2052 Ad
1560 2021 1623 2051 hoc
1647 2020 1762 2050 dicitur
1784 2019 1874 2059 quod
1898 2019 2011 2050 odium
2034 2019 2094 2050 Dei
2117 2019 2168 2049 vel
2190 2017 2326 2058 proximi
2343 2015 2428 2047 sumi
2442 2026 2501 2056 po-
2542 2014 2549 2017 ⁷

1430 2071 1491 2096 test
1514 2064 1693 2105 dupliciter.
1718 2064 1793 2095 Uno
1817 2063 1927 2101 modo,
1953 2063 2090 2114 proprie,
2115 2070 2152 2094 ut
2175 2069 2222 2093 est
2244 2061 2378 2102 speciale
2392 2069 2503 2100 pecca-

1429 2116 1516 2140 tum:
1541 2116 1572 2140 et
1595 2109 1638 2139 sic
1661 2118 1727 2138 non
1752 2107 1910 2138 clauditur
1938 2108 1971 2138 in
1995 2108 2105 2139 ceteris
2128 2107 2264 2148 peccatis
2295 2105 2408 2136 odium
2431 2104 2503 2140 Dei,

1430 2164 1490 2184 nec
1511 2154 1545 2184 in
1569 2152 1719 2183 omnibus
1743 2152 1879 2192 peccatis
1899 2159 2009 2182 contra
2023 2152 2207 2192 proximum
2224 2150 2338 2181 odium
2353 2149 2502 2190 proximi.

1431 2199 1472 2228 Et
1494 2198 1538 2228 sic
1562 2204 1610 2228 est
1633 2206 1739 2227 sermo
1768 2196 1920 2227 Auctoris
1943 2197 1982 2227 de
2006 2196 2083 2227 odio
2106 2196 2166 2226 Dei
2191 2203 2222 2226 et
2244 2193 2401 2235 proximi,
2426 2203 2502 2223 cum

1404 2270 1406 2282 ,
1429 2249 1525 2282 negat
1547 2237 1667 2272 habere
1686 2240 1844 2271 rationem
1872 2241 1987 2280 prioris
2018 2240 2149 2280 peccati.
2179 2239 2254 2270 Alio
2278 2239 2389 2288 modo,
2413 2247 2502 2268 com-

1430 2286 1571 2317 muniter
1591 2296 1649 2326 pro
1667 2285 1780 2315 odiosa
1795 2285 1978 2315 voluntate:
2002 2292 2100 2325 prout
2123 2284 2242 2315 scilicet
2265 2283 2371 2314 omnis
2386 2281 2503 2317 refuta-

1430 2331 1476 2362 tio
1498 2330 1587 2367 boni,
1613 2329 1859 2370 quomodolibet
1877 2328 1941 2366 fiat,
1966 2329 2032 2359 odii
2055 2329 2212 2359 rationem
2227 2328 2352 2358 videtur
2374 2326 2502 2356 habere.

1431 2373 1590 2406 Occidens
1614 2383 1755 2414 namque
1778 2373 1948 2403 hominem
1972 2383 2008 2403 ex
2030 2373 2086 2410 ira,
2110 2383 2169 2413 pro
2187 2380 2311 2413 quanto
2332 2372 2365 2402 in
2389 2371 2434 2400 ira
2450 2370 2505 2400 illa

1430 2419 1588 2450 clauditur
1603 2419 1690 2449 nolle
1700 2418 1799 2448 vitam
1812 2417 1909 2454 illius,
1923 2417 2036 2448 odium
2051 2417 2137 2448 illius
2157 2417 2219 2448 dici
2234 2423 2353 2457 potest:
2373 2414 2503 2455 proprie

1430 2470 1539 2494 tamen
1562 2463 1678 2493 odium
1700 2471 1767 2492 non
1791 2469 1848 2498 est,
1873 2462 1950 2502 quia
1972 2472 2039 2492 non
2063 2469 2111 2492 est
2130 2462 2174 2492 ibi
2193 2462 2279 2492 nolle
2298 2460 2396 2491 vitam
2418 2459 2504 2489 illius

1430 2507 1586 2543 absolute,
1607 2507 1663 2536 sed
1679 2505 1896 2545 specificatum
1913 2506 1945 2536 in
1962 2506 2043 2536 velle
2058 2506 2241 2536 vindictam.
2265 2506 2306 2535 Et
2321 2505 2384 2535 hoc
2402 2505 2503 2534 modo

1431 2551 1544 2581 odium
1564 2550 1624 2580 Dei
1639 2550 1674 2580 in
1687 2549 1833 2590 quolibet
1849 2550 1987 2586 mortali,
2005 2557 2035 2580 et
2051 2551 2165 2580 odium
2188 2549 2325 2590 proximi
2347 2549 2382 2579 in
2397 2548 2503 2588 quoli-

1430 2595 1484 2625 bet
1505 2601 1616 2625 contra
1639 2593 1823 2634 proximum
1847 2593 2014 2624 clauditur.
2038 2595 2080 2625 Et
2099 2593 2348 2625 communicatio
2363 2593 2504 2622 vocabu-

1403 2665 1406 2678 ,
1428 2639 1548 2674 lorum,
1573 2637 1669 2668 simul
1692 2647 1766 2667 cum
1789 2638 1923 2678 penuria
1956 2639 2172 2677 propriorum,
2197 2638 2299 2669 facere
2321 2637 2447 2667 videtur
2468 2636 2503 2666 in

1431 2683 1490 2713 hac
1513 2693 1546 2712 re
1569 2681 1807 2712 obscuritatem.
1831 2682 1873 2712 Et
1896 2681 1976 2712 scias
1999 2683 2089 2722 quod
2112 2682 2280 2722 proportio
2297 2681 2428 2711 odiosae
2446 2691 2504 2711 vo-

1429 2727 1562 2758 luntatis
1585 2727 1625 2756 ad
1648 2726 1761 2756 odium
1784 2726 1913 2766 proprie
1935 2726 2061 2756 videtur
2083 2737 2150 2757 esse
2174 2727 2254 2757 sicut
2277 2725 2444 2766 proportio
2459 2725 2502 2755 fe-

1431 2771 1518 2802 brilis
1542 2770 1747 2811 aegritudinis
1770 2771 1810 2800 ad
1833 2777 1987 2801 mortem:
2013 2778 2048 2801 ut
2070 2771 2152 2803 sicut
2174 2770 2330 2801 nonnulla
2352 2779 2440 2800 mors
2456 2776 2504 2800 est

1432 2822 1463 2846 et
1485 2815 1598 2846 mortis
1615 2814 1813 2855 participatio
1838 2814 2002 2854 aegritudo
2018 2816 2178 2855 quaelibet
2201 2814 2329 2850 febrilis,
2344 2814 2387 2845 ita
2402 2814 2505 2854 quod-

1430 2860 1507 2890 libet
1529 2859 1562 2889 in
1578 2859 1762 2899 proximum
1779 2859 1974 2889 nonnullum
1994 2860 2106 2890 odium
2122 2859 2269 2900 proximi,
2286 2866 2316 2889 et
2335 2858 2504 2899 quodlibet

1432 2904 1567 2934 mortale
1591 2904 1747 2934 nonnulla
1770 2903 1919 2934 refutatio
1944 2903 2042 2934 divini
2066 2904 2143 2934 boni
2166 2911 2221 2935 est.
2245 2904 2287 2934 Et
2310 2903 2392 2934 sicut
2415 2912 2503 2932 mors

1432 2948 1536 2989 maius
1552 2948 1675 2978 malum
1699 2955 1745 2978 est
1759 2958 1856 2987 quam
1881 2957 2104 2988 quaecumque
2118 2948 2224 2984 febris,
2248 2948 2291 2978 ita
2313 2947 2426 2978 odium
2442 2947 2503 2977 Dei

1432 2992 1625 3032 simpliciter,
1642 2999 1673 3023 et
1695 2992 1832 3032 proximi
1849 2991 1882 3022 in
1901 3002 1961 3022 suo
1985 2993 2107 3029 ordine,
2127 3000 2164 3023 ut
2187 2993 2308 3023 dictum
2324 2999 2370 3022 est
2384 2991 2411 3028 *,
2432 3001 2503 3031 pes-

1433 3037 1552 3067 simum
1576 3044 1632 3067 est.
1657 3037 1698 3067 Et
1720 3036 1898 3067 secundum
1918 3036 1990 3073 hoc,
2016 3047 2089 3067 cum
2114 3037 2190 3067 dixit
2213 3039 2335 3067 Auctor
2356 3036 2389 3066 in
2413 3045 2502 3075 prae-

1434 3081 1556 3111 cedenti
1579 3081 1713 3111 articulo
1737 3080 1826 3121 quod
1850 3090 1892 3111 ex
1913 3081 1985 3111 odio
2001 3081 2150 3122 procedit
2173 3082 2320 3112 interiori
2342 3087 2411 3116 etc„
2436 3080 2503 3110 odii

1434 3135 1553 3156 nomen
1569 3124 1783 3155 communiter
1794 3124 1915 3165 accepit
1925 3135 1985 3165 pro
1998 3125 2110 3156 odiosa
2119 3126 2295 3156 voluntate.
2318 3125 2385 3155 Nec
2399 3125 2503 3154 obstat

1434 3170 1524 3210 quod
1540 3169 1578 3199 de
1594 3169 1670 3200 odio
1686 3176 1722 3199 ut
1736 3169 1870 3209 speciale
1886 3169 1999 3200 vitium
2015 3177 2071 3206 est,
2091 3170 2234 3201 tractavit
2249 3170 2281 3200 *:
2306 3169 2380 3209 quia
2397 3178 2433 3198 ex
2449 3168 2502 3198 illa

1434 3214 1556 3244 ratione
1579 3214 1674 3244 habet
1695 3213 1865 3244 intentum.
1890 3214 2055 3251 Quoniam
2070 3214 2094 3244 si
2119 3224 2215 3244 omne
2231 3220 2397 3254 peccatum
2419 3219 2501 3242 exte-

1434 3258 1499 3288 rius
1523 3258 1556 3287 in
1579 3258 1761 3297 proximum
1792 3264 1895 3288 totam
1919 3257 2047 3298 culpam
2069 3259 2164 3289 habet
2187 3269 2223 3289 ex
2247 3258 2358 3288 odiosa
2387 3257 2501 3286 volun-

1434 3309 1507 3338 tate,
1532 3311 1613 3342 quae
1637 3302 1749 3332 odium
1772 3301 2004 3342 interpretative
2028 3309 2089 3339 est;
2115 3312 2312 3343 consequens
2335 3300 2500 3331 manifeste

1435 3353 1482 3377 est
1504 3347 1593 3386 quod
1610 3346 1721 3376 odium
1744 3345 1871 3386 proprie
1895 3346 2031 3377 maxime
2046 3347 2064 3366 *
2086 3347 2197 3387 culpae
2217 3346 2372 3377 rationem
2394 3345 2499 3376 habet.

1490 3390 1585 3420 Potes
1614 3397 1722 3420 autem
1755 3390 1846 3420 aliter
1875 3391 2010 3421 eandem
2039 3391 2227 3421 sententiam
2261 3390 2378 3420 dicere:
2410 3389 2500 3429 quod

1437 3434 1560 3469 odium,
1584 3434 1665 3465 sicut
1695 3441 1725 3464 et
1747 3434 1904 3474 superbia,
1937 3442 2138 3475 contemptus
2168 3435 2227 3465 Dei
2250 3441 2281 3465 et
2302 3433 2499 3469 huiusmodi,

1436 3485 1542 3518 potest
1565 3478 1732 3518 dupliciter
1755 3479 1848 3510 sumi.
1873 3479 1991 3516 Primo,
2016 3480 2191 3510 secundum
2215 3478 2376 3509 affectum:
2402 3484 2432 3508 et
2455 3477 2499 3507 sic

1437 3528 1483 3552 est
1506 3522 1641 3562 speciale
1663 3522 1787 3559 vitium,
1813 3529 1843 3554 et
1865 3523 1958 3554 habet
1974 3523 2130 3553 rationem
2153 3523 2266 3553 ultimi.
2291 3522 2365 3553 Alio
2386 3522 2497 3557 modo,

1409 3561 1412 3601 Ι
1437 3567 1614 3597 secundum
1630 3567 1792 3598 effectum:
1818 3574 1848 3598 et
1859 3567 1902 3598 sic
1918 3567 2083 3604 clauditur,
2101 3574 2136 3598 ut
2152 3567 2271 3598 dictum
2288 3574 2342 3602 est,
2359 3567 2391 3596 in
2408 3565 2498 3596 omni

2318 3627 2351 3653 36

2528 3008 2537 3017 ⁸
2552 3007 2612 3028 Ibid.

2530 3180 2538 3187 ·
2553 3178 2667 3199 tractabit
2683 3179 2738 3200 Pae.

2528 3356 2537 3365 ⁸
2552 3354 2670 3375 maximae
2684 3355 2710 3375 P.
