2892 4056
197 1490 275 1504 XXXXXX

297 1802 310 1834 β

194 2122 379 2149 ⁸11¹11st⁴²,qu.xr.v

193 2155 218 2170 ar
231 2165 236 2170 .
252 2155 271 2168 ⁶.

444 224 519 260 290

1108 213 1375 259 QUAESTIO
1404 213 1580 258 xxxvi,
1611 212 1908 248 ARTlcutus
1939 213 1952 248 1

935 409 1345 485 QUAESTIO
1384 408 2125 465 TRIGESIMASEXTA

1292 519 1333 559 D
1353 520 1391 559 E
1447 519 1520 558 IN
1537 518 1578 557 v
1594 519 1610 557 1
1629 519 1670 557 D
1687 518 1704 557 1
1723 518 1765 558 A

1221 625 1256 650 ΙΝ
1285 625 1458 656 QUATUOR
1485 625 1688 651 ARTICULOS
1716 625 1833 651 DIVISA

301 717 306 731 ¹
343 717 412 737 λων
442 719 629 800 Dumna
659 708 979 746 considerandum
1010 717 1066 745 est
1095 709 1141 746 de
1171 709 1313 747 invidia
1331 709 1363 748 ²⁸.

523 762 571 797 Et
599 761 696 797 circa
725 762 799 797 hoc
827 769 1062 810 quaeruntur
1090 770 1267 810 quatuor.

492 814 642 850 Primo:
673 814 765 861 quid
794 813 840 850 sit
867 814 1024 852 invidia.

491 867 692 903 Secundo:
722 875 849 903 utrum
878 867 926 904 sit
952 874 1166 916 peccatum.

1609 711 1762 748 Tertio:
1791 719 1918 748 utrum
1949 712 1994 749 sit
2022 719 2221 761 peccatum
2250 714 2420 753 mortale.

1609 788 1778 834 Quarto:
1805 797 1934 826 utrum
1964 790 2010 827 sit
2027 790 2161 827 vitium
2191 790 2365 839 capitale,
2397 798 2434 827 et
2457 791 2505 828 de
2524 792 2617 828 filia-

1663 870 1735 906 bus
1764 869 1855 908 eius.

1250 956 1568 1019 ARTICULU‘S
1600 977 1807 1020 PRIMUS

1186 1069 1343 1100 UTRUM
1366 1069 1529 1100 INVlDIA
1553 1034 1620 1100 SIT
1644 1071 1864 1102 TRISTITIA

991 1148 1047 1172 Art.
1067 1155 1124 1181 seq.
1131 1156 1138 1179 ;
1160 1147 1201 1173 De
1221 1148 1303 1178 Malo,
1323 1155 1369 1181 qu.
1387 1156 1412 1179 x,
1431 1153 1478 1174 art.
1500 1157 1521 1178 ι,
1541 1149 1573 1174 ad
1591 1148 1608 1174 6
1615 1157 1622 1180 ;
1642 1150 1651 1173 1
1670 1150 1708 1174 ad
1729 1150 1801 1179 Cor„
1821 1157 1877 1182 cap.
1895 1157 1947 1181 xiv,
1966 1151 2026 1175 lect.
2044 1157 2063 1175 1.

478 1235 532 1273 ‘isi
553 1240 622 1281 x<
646 1228 669 1254 D
691 1228 830 1255 pmmum
859 1229 912 1254 sm
940 1229 1181 1255 Pxocunrrun.
1204 1218 1363 1255 Videtur
1391 1218 1497 1266 quod

464 1259 623 1328 &tjssa
646 1269 790 1307 invidia
809 1282 888 1307 non
916 1270 961 1307 sit
984 1270 1139 1307 tristitia.
1170 1271 1372 1307 Obiectum
1396 1271 1497 1307 enirn

482 1319 566 1375 ’ῆς
582 1307 813 1367 tristitiae
844 1330 899 1359 est
926 1324 1085 1360 malum.
1117 1323 1194 1360 Sed
1220 1323 1415 1360 obiectum
1443 1323 1498 1360 in-

490 1352 773 1412 &vidiae
807 1382 862 1412 est
889 1376 1057 1413 bonum:
1097 1376 1186 1414 dicit
1223 1375 1324 1413 enirn
1354 1377 1498 1424 Grego-

435 1426 530 1473 rius,
559 1426 597 1464 in
627 1429 662 1465 V
687 1428 833 1465 Moral.
854 1428 890 1476 ²⁸,
925 1429 972 1466 de
999 1429 1130 1466 invido
1159 1430 1341 1479 loquens:
1381 1430 1417 1467 T
1412 1431 1498 1467 ahe-

433 1485 595 1516 scentem
623 1487 785 1518 mentem
813 1493 883 1519 sua
895 1493 1024 1530 poena
1051 1483 1199 1520 sauciat
1218 1488 1247 1530 ²,
1276 1494 1390 1531 quam
1407 1483 1500 1531 feli-

435 1534 526 1570 citas
544 1539 693 1582 torquet
707 1535 845 1571 aliena.
860 1578 862 1581 y
875 1536 978 1583 Ergo
997 1535 1141 1573 invidia
1164 1548 1243 1573 non
1264 1544 1319 1572 est
1341 1536 1498 1573 tristitia.

490 1586 535 1622 2.'
553 1587 790 1635 ΡΒΑΕΤΕΗΕΑ,
820 1588 1027 1625 similitudo
1056 1601 1135 1626 non
1165 1597 1219 1626 est
1248 1601 1363 1626 causa
1391 1589 1500 1626 tristi-

434 1638 522 1686 tiae,
552 1640 620 1676 sed
648 1641 768 1688 magis
798 1641 1068 1679 delectationis.
1104 1643 1181 1679 Sed
1210 1642 1417 1679 similitudo
1447 1651 1502 1679 est

326 1702 338 1716 ¹¹
361 1702 406 1721 ¹¹²·
434 1704 549 1728 causa
564 1693 746 1730 invidiae:
763 1693 852 1730 dicit
868 1695 968 1731 enim
981 1695 1249 1743 Philosophus,
1261 1695 1299 1732 in
1311 1695 1498 1732 IIRhet.*:

432 1746 659 1782 Invidebunt
685 1747 776 1783 tales
799 1748 932 1795 quibus
958 1753 1046 1784 sunt
1066 1748 1185 1796 aliqui
1201 1748 1340 1784 similes
1362 1754 1429 1784 aut
1445 1761 1500 1785 se-

432 1799 595 1835 cundum
623 1811 756 1848 genus,
782 1806 849 1836 aut
869 1801 1074 1837 secundum
1103 1802 1369 1850 cognationem
1389 1799 1416 1848 β,
1436 1807 1503 1838 aut

431 1852 636 1888 secundum
663 1858 866 1899 staturam,
896 1859 963 1890 aut
988 1854 1193 1891 secundum
1221 1854 1407 1900 habitum,
1436 1860 1504 1891 aut

431 1906 635 1942 secundum
672 1906 897 1954 opinionem.
937 1907 1039 1954 Ergo
1068 1907 1212 1944 invidia
1240 1919 1319 1944 non
1357 1914 1413 1944 est
1440 1907 1502 1944 tri-

434 1966 544 1995 Stltla.

488 2013 522 2048 3.
549 2012 791 2059 PRAETEREA,
827 2011 971 2048 tristitia
1001 2024 1046 2049 ex
1075 2012 1203 2062 aliquo
1234 2013 1385 2050 defectu
1414 2026 1500 2050 cau-

432 2072 553 2102 satur:
584 2065 686 2102 unde
715 2065 765 2102 illi
794 2065 859 2114 qui
887 2073 974 2102 sunt
1002 2065 1040 2102 in
1065 2078 1205 2114 magno
1236 2067 1385 2103 defectu
1415 2074 1501 2103 sunt

382 2126 404 2148 ¹¹2
432 2119 479 2155 ad
509 2117 695 2155 tristitiam
722 2118 854 2167 proni,
891 2127 932 2155 ut
960 2131 1074 2167 supra
1094 2119 1114 2141 ’¹‘
1134 2119 1278 2156 dictum
1307 2127 1380 2167 est,
1411 2132 1499 2156 cum

432 2172 479 2208 de
498 2171 741 2220 passionibus
761 2179 945 2219 ageretur.
977 2172 1055 2209 Sed
1073 2173 1124 2209 illi
1153 2173 1285 2221 quihus
1310 2173 1499 2210 modicum

431 2225 564 2272 deficit,
595 2230 631 2261 et
655 2225 721 2273 qui
746 2231 834 2262 sunt
858 2230 1049 2262 amatores
1076 2227 1243 2272 honoris,
1264 2232 1300 2262 et
1325 2226 1391 2274 qui
1407 2231 1423 2254 Υ
1443 2239 1500 2263 re-

424 2283 611 2326 putantur
636 2279 832 2326 sapientes,
854 2286 940 2315 sunt
968 2278 1108 2325 invidi;
1138 2287 1179 2316 ut
1202 2287 1305 2328 patet
1323 2291 1393 2327 per
1412 2279 1500 2316 Phi-

193 2344 202 2353 ·
233 2350 245 2364 a
264 2349 303 2368 .x.
317 2348 338 2363 n·
351 2348 369 2364 2-
383 2348 403 2370 3·
431 2332 658 2380 losophum,
698 2332 734 2368 in
773 2333 805 2368 II
833 2333 943 2368 Rhet.
965 2332 984 2352 '¹‘
1015 2332 1117 2380 Ergo
1155 2332 1300 2369 invidia
1337 2344 1416 2368 non
1445 2339 1502 2369 est

431 2392 591 2421 tristitia.

483 2449 521 2484 4.
551 2438 793 2484 PRAETEREA,
833 2437 978 2474 tristitia
1006 2437 1247 2475 delectationi
1281 2437 1498 2487 opponitur.

433 2490 711 2539 Oppositorum
729 2498 858 2527 autern
885 2503 963 2527 non
985 2499 1039 2527 est
1066 2491 1203 2528 eadem
1224 2503 1351 2528 causa.
1381 2491 1497 2538 Ergo,

432 2556 520 2580 cum
541 2543 728 2580 memoria
749 2544 941 2580 bonorum
963 2543 1180 2580 habitorum
1202 2541 1215 2566 ⁶
1234 2544 1280 2580 sit
1299 2555 1414 2580 causa
1435 2544 1498 2580 de-

334 2610 405 2631 xxxu,
430 2597 653 2643 lectationis,
683 2604 725 2632 ut
752 2609 867 2645 supra
886 2596 906 2618 ’¹‘
935 2597 1078 2634 dictum
1101 2605 1167 2643 est,
1197 2609 1276 2634 non
1297 2597 1364 2633 erit
1384 2609 1499 2633 causa

430 2650 611 2687 tristitiae.
651 2650 719 2686 Est
747 2658 876 2686 autem
912 2662 1027 2686 causa
1056 2649 1243 2687 invidiae:
1277 2650 1367 2687 dicit
1395 2649 1497 2686 enim

331 2718 344 2732 n
387 2727 392 2732 ·
432 2703 702 2751 Philosophus,
731 2702 768 2739 in
799 2704 830 2739 II
859 2704 968 2740 Rhet.
993 2703 1027 2747 ²⁸,
1049 2703 1155 2752 quod
1183 2702 1242 2739 his
1270 2702 1385 2751 aliqui
1404 2703 1499 2739 invi·

432 2757 522 2794 dent
549 2756 614 2804 qui
639 2757 779 2792 hahent
803 2762 870 2792 aut
895 2756 1145 2804 possederunt
1171 2768 1268 2804 quae
1296 2756 1383 2804 ipsis
1411 2768 1498 2792 con-

430 2811 629 2846 veniebant
663 2815 731 2845 aut
765 2821 862 2857 quae
890 2810 960 2858 ipsi
990 2810 1214 2858 quandoque
1245 2809 1496 2858 possidebant.

432 2864 533 2910 Ergo
563 2861 706 2899 invidia
736 2874 813 2899 non
843 2871 898 2898 est
925 2862 1082 2899 tristitia.

486 2917 560 2952 SED
580 2927 725 2952 CONTRA
741 2927 807 2952 EST
826 2916 930 2963 quod
950 2917 1225 2961 Damascenus,
1246 2915 1283 2951 in
1304 2916 1333 2951 ll
1356 2914 1451 2951 libro
1465 2914 1497 2960 ³⁸,

370 2958 390 2972 ν’
433 2968 540 3017 ponit
567 2968 750 3004 invidiam
780 2968 947 3016 speciem
976 2968 1165 3013 tristitiae,
1205 2976 1241 3004 et
1275 2967 1364 3004 dicit
1392 2968 1498 3016 quod

433 3021 577 3058 invidia
606 3028 661 3057 est
689 3021 835 3057 tristitia
864 3021 900 3057 in
921 3026 932 3042 ²
951 3021 1084 3058 alienis
1111 3021 1230 3058 bonis.

487 3075 711 3110 RESPONDEO
741 3086 925 3111 mCENDUM
962 3075 1067 3122 quod
1103 3073 1296 3110 obiectum
1329 3072 1497 3109 tristitiae

435 3134 490 3163 est
518 3127 663 3163 malum
692 3127 903 3175 proprium.
943 3126 1136 3175 Contingit
1164 3134 1292 3163 autem
1326 3125 1364 3162 id
1393 3126 1496 3174 quod

435 3187 490 3216 est
517 3180 685 3216 alienum
724 3180 871 3216 bonum
901 3179 1136 3228 apprehendi
1163 3188 1205 3216 ut
1233 3179 1379 3215 malum
1409 3191 1497 3227 pro-

433 3233 572 3281 prium.
603 3234 651 3269 Et
679 3233 891 3269 secundum
920 3234 994 3269 hoc
1019 3233 1065 3270 de
1085 3234 1190 3270 bono
1220 3231 1345 3269 alieno
1374 3239 1498 3280 potest

434 3298 516 3322 esse
545 3285 700 3323 tristitia.
742 3285 818 3322 Sed
847 3286 921 3322 hoc
951 3286 1130 3333 contingit
1162 3285 1371 3333 dupliciter.
1410 3284 1496 3321 Uno

1549 1220 1690 1267 modo,
1730 1220 1886 1268 quando
1917 1221 2001 1269 quis
2029 1221 2195 1259 tristatur
2232 1222 2281 1259 de
2318 1222 2423 1259 bono
2459 1221 2618 1260 alicuius

1550 1272 1777 1321 inquantum
1808 1273 1984 1310 imminet
2015 1273 2087 1310 sibi
2125 1285 2170 1310 ex
2206 1274 2281 1310 hoc
2312 1274 2526 1322 periculum
2555 1275 2619 1312 ali-

1551 1325 1658 1362 cuius
1687 1326 1928 1363 nocumenti:
1967 1327 2062 1363 sicut
2099 1338 2186 1362 curn
2220 1327 2338 1363 homo
2376 1327 2552 1364 tristatur·
2570 1328 2618 1365 de

1552 1378 1776 1415 exaltatione
1806 1378 1949 1415 inimici
1977 1379 2055 1427 sui,
2094 1379 2232 1416 timens
2270 1392 2318 1416 ne
2357 1391 2446 1416 eum
2481 1379 2618 1427 laedat.

1551 1431 1600 1467 Et
1619 1432 1701 1468 talis
1720 1431 1865 1468 tristitia
1885 1444 1963 1469 non
1984 1439 2039 1469 est
2057 1432 2211 1478 invidia,
2233 1432 2302 1470 sed
2326 1433 2447 1480 magis
2472 1433 2619 1482 timoris

1551 1484 1732 1530 effectus3
1761 1492 1803 1523 ut
1822 1485 2080 1534 Philosophus
2110 1485 2209 1532 dicit,
2239 1485 2277 1522 in
2297 1486 2329 1522 11
2354 1486 2462 1525 Rhet.
2482 1485 2503 1508 ¹²
2519 1486 2618 1526 ‚Alio
2645 1497 2655 1508 ·

1551 1538 1670 1575 modo
1700 1539 1848 1575 bonum
1878 1538 2030 1576 alterius
2057 1539 2280 1576 aestimatur
2297 1546 2340 1575 ut
2361 1540 2620 1588 malumproo-

1550 1591 1678 1639 prium
1707 1589 1933 1640 inquantum
1963 1600 2018 1628 est
2045 1591 2314 1629 diminutivum
2342 1593 2521 1641 propriae
2541 1593 2619 1641 glo·

1553 1644 1629 1680 riae
1655 1645 1718 1681 vel
1748 1645 2001 1681 excellentiae.
2033 1646 2082 1681 Et
2100 1645 2174 1681 hoc
2195 1645 2315 1681 modo
2336 1645 2383 1681 de
2403 1646 2509 1682 bono
2529 1646 2619 1683 alte-

1553 1697 1629 1733 rius
1657 1697 1822 1734 tristatur
1851 1697 2006 1735 invidia.
2044 1698 2093 1742 Et
2121 1697 2208 1734 ideo
2237 1698 2443 1747 praecipue
2472 1698 2618 1736 deillis

1553 1749 1665 1786 bonis
1692 1751 1871 1787 homines
1900 1750 2072 1788 invident
2098 1751 2136 1787 in
2165 1751 2298 1799 quibus
2325 1757 2379 1787 est
2404 1752 2550 1801 gloria,
2583 1757 2621 1789 et

1553 1802 1590 1839 in
1611 1803 1744 1850 quibus
1771 1804 1940 1840 homines
1967 1809 2100 1840 amant
2124 1804 2310 1840 honorari
2333 1809 2369 1840 et
2385 1805 2422 1841 in
2443 1805 2619 1852 opinione

1553 1867 1653 1900 esse;
1680 1863 1721 1892 ut
1749 1856 2007 1905 Philosophus
2037 1856 2135 1903 dicit,
2156 1857 2194 1893 in
2223 1857 2433 1894 11.Rhet.*

1606 1910 1664 1945 AD
1689 1920 1826 1946 ptumum
1849 1921 1947 1946 ERGO
1973 1921 2158 1946 memnon
2188 1909 2292 1958 quod
2321 1910 2411 1946 nihil
2439 1909 2619 1959 prohibet

1554 1961 1593 1998 id
1626 1962 1729 2010 quod
1766 1970 1820 1999 est
1853 1962 2000 1999 bonum
2034 1963 2099 1999 uni
2133 1962 2370 2011 apprehendi
2403 1971 2444 1999 ut
2471 1963 2617 2000 malum

1554 2014 1670 2051 alteri.
1715 2016 1763 2051 Et
1797 2016 2010 2052 secundum
2048 2017 2123 2052 hoc
2159 2015 2303 2053 tristitia
2331 2016 2457 2064 aliqua
2493 2024 2619 2066 potest

1555 2080 1637 2104 esse
1666 2069 1713 2105 de
1742 2069 1866 2115 bono,
1895 2077 1936 2105 ut
1965 2069 2107 2106 dictum
2139 2077 2194 2105 est
2212 2068 2243 2106 *.

1584 2123 1665 2157 ·AD
1697 2133 1888 2158 SECUNDUM
1921 2123 2105 2159 menmium
2139 2121 2243 2170 quod
2273 2120 2362 2169 quia
2390 2121 2533 2159 invidia
2562 2130 2618 2159 est

1554 2173 1602 2211 de
1638 2174 1757 2222 gloria
1777 2174 1942 2211 'alterius
1982 2174 2210 2224 inquantum
2250 2174 2425 2212 diminuit
2457 2174 2617 2223 gloriam

1553 2239 1670 2276 quam
1709 2227 1792 2276 quis
1821 2227 1983 2276 appetit,
2024 2239 2264 2276 consequens
2298 2235 2353 2264 est
2389 2235 2430 2264 ut
2457 2229 2507 2265 ad
2533 2228 2618 2266 illos

1552 2287 1699 2317 tantum
1735 2280 1878 2317 invidia
1914 2281 2100 2317 habeatur
2136 2281 2275 2329 quibus
2310 2281 2431 2317 homo
2467 2281 2551 2318 vult
2576 2293 2618 2318 se

1552 2344 1717 2381 aequare
1745 2334 1807 2370 vel
1836 2333 2027 2382 praeferre
2056 2334 2094 2370 in
2122 2333 2250 2381 gloria.
2282 2334 2369 2370 Hoc
2393 2341 2518 2370 autem
2538 2346 2619 2372 non

1553 2390 1610 2423 est
1626 2394 1802 2435 respectu
1822 2387 1986 2423 multum
2003 2399 2025 2423 a
2041 2398 2081 2423 se
2094 2386 2337 2423 distantium:
2357 2387 2483 2423 nullus
2503 2387 2616 2434 enim,

1551 2432 1622 2476 nisi
1651 2438 1819 2485 insanus,
1849 2439 1976 2476 studet
2003 2451 2044 2476 se
2073 2451 2241 2487 aequare
2269 2440 2331 2476 vel
2359 2440 2551 2488 praeferre
2579 2440 2618 2478 in

1551 2544 1660 2581 beius
1688 2545 1809 2581 homo
1839 2545 1936 2594 regi3
1960 2546 2021 2582 vel
2043 2545 2156 2582 etiam
2178 2543 2190 2570 ἶ
2210 2557 2274 2582 rex
2301 2545 2465 2594 plebeio,
2499 2557 2616 2595 quem

1550 2598 1716 2635 multum
1746 2598 1903 2635 excedit.
1935 2599 1983 2635 Et
2002 2597 2090 2635 ideo
2114 2598 2173 2635 his
2201 2599 2267 2647 qui
2295 2599 2459 2636 multum
2480 2599 2619 2637 distant

1550 2651 1613 2687 vel
1646 2652 1731 2687 loco
1765 2652 1827 2687 vel
1858 2660 2034 2700 tempore
2066 2653 2127 2688 vel
2161 2659 2258 2688 statu
2295 2652 2415 2689 homo
2452 2664 2531 2690 non
2562 2651 2618 2690 in-

1550 2703 1675 2740 videt:
1706 2703 1772 2740 sed
1801 2704 1859 2740 his
1887 2705 1951 2752 qui
1979 2712 2066 2741 sunt
2093 2704 2309 2754 propinqui,
2339 2705 2477 2753 quibus
2503 2716 2543 2742 se
2562 2705 2618 2742 ni-

1552 2757 1639 2793 titur
1667 2768 1833 2804 aequare
1862 2758 1923 2793 vel
1953 2758 2155 2805 praeferre.
2187 2757 2288 2794 Nam
2319 2769 2406 2795 cum
2431 2757 2482 2794 illi
2510 2769 2618 2795 exce-

1552 2810 1646 2846 dunt
1674 2808 1711 2845 in
1740 2809 1870 2856 gloria,
1901 2810 2037 2847 accidit
2063 2810 2138 2846 hoc
2167 2817 2299 2846 contra
2327 2818 2498 2847 nostram
2522 2810 2618 2848 utili-

1550 2869 1680 2907 tatem,
1703 2870 1737 2898 et
1757 2862 1845 2899 inde
1867 2870 2042 2899 causatur
2059 2862 2217 2900 tristitia.
2249 2862 2466 2900 Similitudo
2488 2871 2616 2901 autem

1551 2914 1841 2951 delectationem
1883 2923 2014 2952 causat
2050 2916 2277 2965 inquantum
2311 2916 2521 2953 concordat
2546 2928 2618 2955 vo-

1551 2967 1696 3004 luntati.
2400 2981 2410 2988 s

1604 3023 1662 3057 An
1691 3032 1851 3058 ’rentium
1879 3032 2063 3058 DlCENDUM
2092 3021 2198 3070 quod
2227 3022 2351 3058 nullus
2381 3029 2541 3058 conatur
2567 3021 2614 3059 ad

1553 3083 1596 3110 ea
1625 3073 1663 3110 in
1687 3073 1825 3122 quibus
1855 3081 1911 3110 est
1937 3074 2098 3110 multum
2128 3074 2320 3111 deficiens.
2350 3075 2399 3111 Et
2418 3074 2506 3112 ideo
2526 3086 2615 3112 curn

1551 3126 1685 3175 aliquis
1713 3126 1751 3163 in
1779 3127 1853 3164 hoc
1882 3138 1971 3163 eum
2001 3127 2170 3173 excedat,
2200 3139 2278 3165 non
2303 3127 2457 3165 invidet.
2489 3127 2567 3165 Sed
2585 3127 2615 3165 si

1549 3179 1745 3216 modicum
1776 3180 1947 3226 deficiat,
1981 3179 2131 3217 videtur
2160 3181 2263 3230 quod
2297 3181 2346 3218 ad
2374 3181 2449 3218 hoc
2476 3180 2616 3229 pertin-

1551 3244 1638 3279 gere
1663 3233 1792 3280 possit,
1823 3241 1859 3269 et
1887 3232 1940 3269 sic
1968 3233 2016 3269 ad
2043 3233 2119 3270 hoc
2148 3241 2317 3270 conatur.
2357 3233 2468 3271 Unde
2492 3233 2522 3270 si
2541 3233 2615 3270 fru-

1552 3293 1731 3322 straretur
1760 3286 1839 3322 eius
1869 3293 2026 3322 conatus
2058 3294 2215 3335 propter
2247 3298 2445 3324 excessum
2473 3286 2614 3334 gloriae

487 3403 514 3435 α)
534 3403 646 3428 sauciat.
662 3417 682 3422 —
691 3403 783 3435 faciat
802 3404 834 3432 H,
848 3403 934 3437 saciet
954 3403 1029 3427 ceteri
1049 3409 1074 3428 et
1094 3403 1140 3428 Ρα.

487 3437 511 3470 β)
531 3439 726 3471 cognationem.
744 3451 763 3457 -·
780 3438 968 3471 cogitationem
988 3439 1118 3470 ABHIpK,
1138 3439 1314 3471 cognitionem
1334 3438 1420 3462 ceteri.

434 3474 521 3533 tam-9„
531 3474 630 3533 esthui.
641 3489 658 3492 -
671 3477 720 3499 etc.
739 3474 874 3507 ABFpr,
889 3476 915 3498 et
933 3474 991 3504 lpC‚
1005 3481 1059 3498 om.
1074 3474 1105 3504 E;
1126 3481 1173 3506 pro
1191 3477 1261 3503 sunt,
1277 3477 1303 3498 et
1316 3476 1379 3498 sunt
1391 3473 1420 3502 Β,
1434 3477 1496 3498 sunt

1573 3438 1590 3462 ‘t
1606 3402 1630 3434 ὃ)
1651 3403 1812 3462 Ιιαῡῖἑονιιηι.
1831 3417 1848 3422 -
1867 3405 2045 3429 humanorum
2070 3404 2340 3437 PABCDEFGHLpK
2366 3410 2392 3429 et
2415 3411 2483 3434 xna,
2505 3389 2614 3436 piaete-

1553 3445 1576 3462 r1
1591 3445 1668 3462 orum
1689 3446 1700 3462 s
1728 3455 1735 3463 .

1605 3474 1627 3504 e)
1648 3473 1683 3497 in.
1701 3486 1720 3491 -
1738 3473 1771 3498 de
1789 3473 1918 3503 PBGHK:
1938 3475 1979 3499 vel
1997 3474 2029 3499 de
2048 3481 2138 3507 margo
2156 3475 2189 3500 D.

1603 3507 1628 3539 ζ)
1648 3508 1738 3533 etiam.
1754 3522 1773 3527 -
1792 3509 1854 3534 Orn.
1873 3510 1948 3534 ΑΒΚ.

2644 1866 2655 1877 “
2669 1865 2727 1894 Cap.
2741 1872 2765 1893 x,
2780 1872 2804 1888 n.
2818 1873 2842 1892 4.
2887 1879 2892 1908 ’-

2642 2075 2654 2087 ⁸
2667 2075 2694 2097 In
2708 2080 2817 2103 eos-pore.

1538 2488 1671 2539 *gloria
1690 2491 1749 2528 his
1769 2491 1833 2540 qui
1861 2500 1949 2528 sunt
1976 2493 2096 2529 multo
2127 2505 2173 2528 eo
2201 2491 2387 2539 maiores,
2415 2501 2508 2542 puta
2538 2494 2618 2542 ple-
2673 2507 2676 2510 ’
