<?xml version="1.0" encoding="UTF-8"?>
<!DOCTYPE html PUBLIC "-//W3C//DTD XHTML 1.0 Transitional//EN"
    "http://www.w3.org/TR/xhtml1/DTD/xhtml1-transitional.dtd">
<html xmlns="http://www.w3.org/1999/xhtml" xml:lang="en" lang="en">
 <head>
  <title>
</title>
<meta http-equiv="Content-Type" content="text/html;charset=utf-8" />
  <meta name='ocr-system' content='tesseract 3.04.00' />
  <meta name='ocr-capabilities' content='ocr_page ocr_carea ocr_par ocr_line ocrx_word'/>
</head>
<body>
  <div class='ocr_page' id='page_1' title='image "./operaomniaiussui08thom_0342.png"; bbox 0 0 2892 4056; ppageno 0'>
   <div class='ocr_carea' id='block_1_1' title="bbox 192 383 312 404">
    <p class='ocr_par' dir='ltr' id='par_1_1' title="bbox 192 383 312 404">
     <span class='ocr_line' id='line_1_1' title="bbox 192 383 312 404; baseline 0.008 -1"><span class='ocrx_word' id='word_1_1' title='bbox 192 385 200 393; x_wconf 77' lang='lat'>⁸</span> <span class='ocrx_word' id='word_1_2' title='bbox 216 383 281 404; x_wconf 84' lang='lat' dir='ltr'>Vers.</span> <span class='ocrx_word' id='word_1_3' title='bbox 298 390 312 404; x_wconf 82' lang='lat' dir='ltr'>r.</span> 
     </span>
    </p>
   </div>
   <div class='ocr_carea' id='block_1_2' title="bbox 189 758 397 785">
    <p class='ocr_par' dir='ltr' id='par_1_2' title="bbox 189 758 397 785">
     <span class='ocr_line' id='line_1_2' title="bbox 189 758 397 785; baseline 0 -6"><span class='ocrx_word' id='word_1_4' title='bbox 189 758 199 769; x_wconf 62' lang='lat'>³</span> <span class='ocrx_word' id='word_1_5' title='bbox 214 758 270 785; x_wconf 76' lang='lat' dir='ltr'>Cap.</span> <span class='ocrx_word' id='word_1_6' title='bbox 287 765 321 784; x_wconf 79' lang='lat' dir='ltr'>ix,</span> <span class='ocrx_word' id='word_1_7' title='bbox 338 765 359 779; x_wconf 91' lang='lat' dir='ltr'>n.</span> <span class='ocrx_word' id='word_1_8' title='bbox 377 759 397 779; x_wconf 71' lang='lat'>8.</span> 
     </span>
    </p>
   </div>
   <div class='ocr_carea' id='block_1_3' title="bbox 188 909 364 937">
    <p class='ocr_par' dir='ltr' id='par_1_3' title="bbox 188 909 364 937">
     <span class='ocr_line' id='line_1_3' title="bbox 188 909 364 937; baseline 0.006 -7"><span class='ocrx_word' id='word_1_9' title='bbox 188 909 274 935; x_wconf 80' lang='lat' dir='ltr'>⁸1bid.,</span> <span class='ocrx_word' id='word_1_10' title='bbox 285 915 308 931; x_wconf 89' lang='lat' dir='ltr'>n.</span> <span class='ocrx_word' id='word_1_11' title='bbox 318 915 333 935; x_wconf 86' lang='lat' dir='ltr'>t,</span> <span class='ocrx_word' id='word_1_12' title='bbox 344 916 364 937; x_wconf 88' lang='grc'>7.</span> 
     </span>
    </p>
   </div>
   <div class='ocr_carea' id='block_1_4' title="bbox 185 1438 394 1464">
    <p class='ocr_par' dir='ltr' id='par_1_4' title="bbox 185 1438 394 1464">
     <span class='ocr_line' id='line_1_4' title="bbox 185 1438 394 1464; baseline 0.01 -6"><span class='ocrx_word' id='word_1_13' title='bbox 185 1438 369 1464; x_wconf 75' lang='lat' dir='ltr'>·Ps.xxxv1,vers</span> <span class='ocrx_word' id='word_1_14' title='bbox 380 1445 394 1460; x_wconf 85' lang='lat'>1.</span> 
     </span>
    </p>
   </div>
   <div class='ocr_carea' id='block_1_5' title="bbox 181 2471 391 2498">
    <p class='ocr_par' dir='ltr' id='par_1_5' title="bbox 181 2471 391 2498">
     <span class='ocr_line' id='line_1_5' title="bbox 181 2471 391 2498; baseline 0.005 -6"><span class='ocrx_word' id='word_1_15' title='bbox 181 2472 190 2481; x_wconf 78' lang='lat'>⁸</span> <span class='ocrx_word' id='word_1_16' title='bbox 197 2471 234 2492; x_wconf 75' lang='lat' dir='ltr'>Ps.</span> <span class='ocrx_word' id='word_1_17' title='bbox 245 2477 322 2498; x_wconf 77' lang='lat' dir='ltr'>xxxvi,</span> <span class='ocrx_word' id='word_1_18' title='bbox 332 2477 391 2493; x_wconf 85' lang='lat' dir='ltr'>vers.</span> 
     </span>
    </p>
   </div>
   <div class='ocr_carea' id='block_1_6' title="bbox 433 265 510 300">
    <p class='ocr_par' dir='ltr' id='par_1_6' title="bbox 433 265 510 300">
     <span class='ocr_line' id='line_1_6' title="bbox 433 265 510 300; baseline -0.026 0"><span class='ocrx_word' id='word_1_19' title='bbox 433 265 510 300; x_wconf 84' lang='lat'>294</span> 
     </span>
    </p>
   </div>
   <div class='ocr_carea' id='block_1_7' title="bbox 428 331 1489 537">
    <p class='ocr_par' dir='ltr' id='par_1_7' title="bbox 428 331 1489 537">
     <span class='ocr_line' id='line_1_7' title="bbox 429 331 1486 378; baseline 0.003 -11"><span class='ocrx_word' id='word_1_20' title='bbox 429 331 601 378; x_wconf 87' lang='lat' dir='ltr'>honesta,</span> <span class='ocrx_word' id='word_1_21' title='bbox 623 331 819 368; x_wconf 87' lang='lat' dir='ltr'>laudabilis</span> <span class='ocrx_word' id='word_1_22' title='bbox 841 339 913 367; x_wconf 91' lang='lat' dir='ltr'>est:</span> <span class='ocrx_word' id='word_1_23' title='bbox 945 332 1156 367; x_wconf 87' lang='lat' dir='ltr'>secundum</span> <span class='ocrx_word' id='word_1_24' title='bbox 1175 331 1264 368; x_wconf 92' lang='lat' dir='ltr'>illud</span> <span class='ocrx_word' id='word_1_25' title='bbox 1294 333 1307 368; x_wconf 91' lang='lat'>1</span> <span class='ocrx_word' id='word_1_26' title='bbox 1327 334 1378 369; x_wconf 88' lang='lat' dir='ltr'>ad</span> <span class='ocrx_word' id='word_1_27' title='bbox 1400 334 1486 370; x_wconf 90' lang='lat' dir='ltr'>Cor.</span> 
     </span>
     <span class='ocr_line' id='line_1_8' title="bbox 428 383 1487 431; baseline 0.003 -12"><span class='ocrx_word' id='word_1_28' title='bbox 428 395 488 420; x_wconf 79' lang='lat' dir='ltr'>xw</span> <span class='ocrx_word' id='word_1_29' title='bbox 516 383 552 420; x_wconf 73' lang='lat' dir='ltr'>*z</span> <span class='ocrx_word' id='word_1_30' title='bbox 590 384 848 420; x_wconf 83' lang='lat' dir='ltr'>Aemulamini</span> <span class='ocrx_word' id='word_1_31' title='bbox 881 384 1100 431; x_wconf 84' lang='lat' dir='ltr'><em>spiritualia.</em></span> <span class='ocrx_word' id='word_1_32' title='bbox 1141 383 1179 419; x_wconf 88' lang='lat' dir='ltr'>Si</span> <span class='ocrx_word' id='word_1_33' title='bbox 1208 392 1337 421; x_wconf 89' lang='lat' dir='ltr'>autern</span> <span class='ocrx_word' id='word_1_34' title='bbox 1366 385 1412 422; x_wconf 92' lang='lat' dir='ltr'>sit</span> <span class='ocrx_word' id='word_1_35' title='bbox 1441 386 1487 422; x_wconf 92' lang='lat' dir='ltr'>de</span> 
     </span>
     <span class='ocr_line' id='line_1_9' title="bbox 430 436 1489 485; baseline 0.002 -13"><span class='ocrx_word' id='word_1_36' title='bbox 430 436 540 472; x_wconf 91' lang='lat' dir='ltr'>bonis</span> <span class='ocrx_word' id='word_1_37' title='bbox 569 436 851 484; x_wconf 79' lang='lat' dir='ltr'>temporalibus,</span> <span class='ocrx_word' id='word_1_38' title='bbox 882 443 1006 484; x_wconf 89' lang='lat' dir='ltr'>potest</span> <span class='ocrx_word' id='word_1_39' title='bbox 1035 447 1115 471; x_wconf 87' lang='lat' dir='ltr'>esse</span> <span class='ocrx_word' id='word_1_40' title='bbox 1146 448 1232 473; x_wconf 91' lang='lat' dir='ltr'>cum</span> <span class='ocrx_word' id='word_1_41' title='bbox 1252 446 1422 485; x_wconf 85' lang='lat' dir='ltr'>peccato,</span> <span class='ocrx_word' id='word_1_42' title='bbox 1453 446 1489 474; x_wconf 91' lang='lat' dir='ltr'>et</span> 
     </span>
     <span class='ocr_line' id='line_1_10' title="bbox 429 489 708 537; baseline -0.007 -11"><span class='ocrx_word' id='word_1_43' title='bbox 429 489 509 526; x_wconf 89' lang='lat' dir='ltr'>sine</span> <span class='ocrx_word' id='word_1_44' title='bbox 538 497 708 537; x_wconf 91' lang='lat' dir='ltr'>peccato.</span> 
     </span>
    </p>
   </div>
   <div class='ocr_carea' id='block_1_8' title="bbox 481 540 1514 588">
    <p class='ocr_par' dir='ltr' id='par_1_8' title="bbox 481 540 1514 588">
     <span class='ocr_line' id='line_1_11' title="bbox 481 540 1514 588; baseline 0.003 -11"><span class='ocrx_word' id='word_1_45' title='bbox 481 541 611 578; x_wconf 87' lang='lat' dir='ltr'>Tertio</span> <span class='ocrx_word' id='word_1_46' title='bbox 641 541 759 577; x_wconf 87' lang='lat' dir='ltr'>modo</span> <span class='ocrx_word' id='word_1_47' title='bbox 788 540 920 588; x_wconf 89' lang='lat' dir='ltr'>aliquis</span> <span class='ocrx_word' id='word_1_48' title='bbox 948 540 1112 577; x_wconf 87' lang='lat' dir='ltr'>tristatur</span> <span class='ocrx_word' id='word_1_49' title='bbox 1137 541 1184 578; x_wconf 91' lang='lat' dir='ltr'>de</span> <span class='ocrx_word' id='word_1_50' title='bbox 1205 542 1307 579; x_wconf 91' lang='lat' dir='ltr'>bono</span> <span class='ocrx_word' id='word_1_51' title='bbox 1337 542 1488 580; x_wconf 88' lang='lat' dir='ltr'>alterius</span> <span class='ocrx_word' id='word_1_52' title='bbox 1513 558 1514 579; x_wconf 45' lang='grc' dir='ltr'><strong>ὲ</strong></span> 
     </span>
    </p>
   </div>
   <div class='ocr_carea' id='block_1_9' title="bbox 422 592 1490 1478">
    <p class='ocr_par' dir='ltr' id='par_1_9' title="bbox 422 592 1490 1478">
     <span class='ocr_line' id='line_1_12' title="bbox 427 592 1486 643; baseline 0.002 -13"><span class='ocrx_word' id='word_1_53' title='bbox 427 594 652 642; x_wconf 83' lang='lat' dir='ltr'>inquantum</span> <span class='ocrx_word' id='word_1_54' title='bbox 671 594 729 630; x_wconf 92' lang='lat' dir='ltr'>ille</span> <span class='ocrx_word' id='word_1_55' title='bbox 750 593 808 628; x_wconf 85' lang='lat' dir='ltr'>cui</span> <span class='ocrx_word' id='word_1_56' title='bbox 830 592 962 630; x_wconf 90' lang='lat' dir='ltr'>accidit</span> <span class='ocrx_word' id='word_1_57' title='bbox 982 594 1128 630; x_wconf 88' lang='lat' dir='ltr'>bonurn</span> <span class='ocrx_word' id='word_1_58' title='bbox 1153 601 1208 630; x_wconf 90' lang='lat' dir='ltr'>est</span> <span class='ocrx_word' id='word_1_59' title='bbox 1233 606 1279 631; x_wconf 92' lang='lat' dir='ltr'>eo</span> <span class='ocrx_word' id='word_1_60' title='bbox 1302 595 1486 643; x_wconf 87' lang='lat' dir='ltr'>indignus.</span> 
     </span>
     <span class='ocr_line' id='line_1_13' title="bbox 428 645 1487 694; baseline 0.004 -12"><span class='ocrx_word' id='word_1_61' title='bbox 428 647 537 693; x_wconf 84' lang='lat' dir='ltr'><strong>Quae</strong></span> <span class='ocrx_word' id='word_1_62' title='bbox 566 646 719 694; x_wconf 88' lang='lat' dir='ltr'>quidem</span> <span class='ocrx_word' id='word_1_63' title='bbox 749 645 891 682; x_wconf 85' lang='lat' dir='ltr'>tristitia</span> <span class='ocrx_word' id='word_1_64' title='bbox 925 657 1003 682; x_wconf 92' lang='lat' dir='ltr'>non</span> <span class='ocrx_word' id='word_1_65' title='bbox 1031 653 1155 694; x_wconf 87' lang='lat' dir='ltr'>potest</span> <span class='ocrx_word' id='word_1_66' title='bbox 1183 647 1271 684; x_wconf 91' lang='lat' dir='ltr'>oriri</span> <span class='ocrx_word' id='word_1_67' title='bbox 1305 659 1349 684; x_wconf 86' lang='lat' dir='ltr'>ex</span> <span class='ocrx_word' id='word_1_68' title='bbox 1378 649 1487 686; x_wconf 92' lang='lat' dir='ltr'>bonis</span> 
     </span>
     <span class='ocr_line' id='line_1_14' title="bbox 427 698 1487 746; baseline 0.002 -11"><span class='ocrx_word' id='word_1_69' title='bbox 427 699 615 745; x_wconf 84' lang='lat' dir='ltr'>honestis,</span> <span class='ocrx_word' id='word_1_70' title='bbox 653 711 698 734; x_wconf 86' lang='lat' dir='ltr'>ex</span> <span class='ocrx_word' id='word_1_71' title='bbox 726 698 863 746; x_wconf 89' lang='lat' dir='ltr'>quibus</span> <span class='ocrx_word' id='word_1_72' title='bbox 892 698 1027 746; x_wconf 84' lang='lat' dir='ltr'>aliquis</span> <span class='ocrx_word' id='word_1_73' title='bbox 1056 698 1175 735; x_wconf 86' lang='lat' dir='ltr'>iustus</span> <span class='ocrx_word' id='word_1_74' title='bbox 1205 700 1385 745; x_wconf 80' lang='lat' dir='ltr'>efficitur3</span> <span class='ocrx_word' id='word_1_75' title='bbox 1420 702 1487 738; x_wconf 91' lang='lat' dir='ltr'>sed</span> 
     </span>
     <span class='ocr_line' id='line_1_15' title="bbox 427 750 1488 799; baseline 0.003 -11"><span class='ocrx_word' id='word_1_76' title='bbox 427 752 521 788; x_wconf 91' lang='lat' dir='ltr'>sicut</span> <span class='ocrx_word' id='word_1_77' title='bbox 549 751 803 799; x_wconf 85' lang='lat' dir='ltr'>Philosophus</span> <span class='ocrx_word' id='word_1_78' title='bbox 833 750 931 797; x_wconf 91' lang='lat' dir='ltr'>dicit,</span> <span class='ocrx_word' id='word_1_79' title='bbox 962 751 999 787; x_wconf 92' lang='lat' dir='ltr'>in</span> <span class='ocrx_word' id='word_1_80' title='bbox 1030 752 1060 787; x_wconf 94' lang='lat' dir='ltr'>lI</span> <span class='ocrx_word' id='word_1_81' title='bbox 1081 752 1189 788; x_wconf 82' lang='lat' dir='ltr'>Rhet.</span> <span class='ocrx_word' id='word_1_82' title='bbox 1210 751 1246 799; x_wconf 81' lang='lat'>*,</span> <span class='ocrx_word' id='word_1_83' title='bbox 1275 761 1330 789; x_wconf 91' lang='lat' dir='ltr'>est</span> <span class='ocrx_word' id='word_1_84' title='bbox 1358 753 1405 790; x_wconf 92' lang='lat' dir='ltr'>de</span> <span class='ocrx_word' id='word_1_85' title='bbox 1436 754 1488 791; x_wconf 87' lang='lat' dir='ltr'>di-</span> 
     </span>
     <span class='ocr_line' id='line_1_16' title="bbox 425 803 1490 854; baseline 0.005 -15"><span class='ocrx_word' id='word_1_86' title='bbox 425 804 524 840; x_wconf 84' lang='lat' dir='ltr'>vitiis</span> <span class='ocrx_word' id='word_1_87' title='bbox 545 812 580 840; x_wconf 85' lang='lat' dir='ltr'>et</span> <span class='ocrx_word' id='word_1_88' title='bbox 606 804 652 840; x_wconf 89' lang='lat' dir='ltr'>de</span> <span class='ocrx_word' id='word_1_89' title='bbox 677 803 824 850; x_wconf 85' lang='lat' dir='ltr'>talibus,</span> <span class='ocrx_word' id='word_1_90' title='bbox 845 816 943 852; x_wconf 81' lang='lat' dir='ltr'>quae</span> <span class='ocrx_word' id='word_1_91' title='bbox 963 812 1125 851; x_wconf 88' lang='lat' dir='ltr'>possunt</span> <span class='ocrx_word' id='word_1_92' title='bbox 1142 805 1347 853; x_wconf 90' lang='lat' dir='ltr'>provenire</span> <span class='ocrx_word' id='word_1_93' title='bbox 1368 806 1490 854; x_wconf 87' lang='lat' dir='ltr'>dignis</span> 
     </span>
     <span class='ocr_line' id='line_1_17' title="bbox 424 856 1486 908; baseline 0.003 -15"><span class='ocrx_word' id='word_1_94' title='bbox 424 865 459 894; x_wconf 88' lang='lat' dir='ltr'>et</span> <span class='ocrx_word' id='word_1_95' title='bbox 488 856 659 904; x_wconf 86' lang='lat' dir='ltr'>indignis.</span> <span class='ocrx_word' id='word_1_96' title='bbox 699 857 747 892; x_wconf 89' lang='lat' dir='ltr'>Et</span> <span class='ocrx_word' id='word_1_97' title='bbox 773 857 869 892; x_wconf 90' lang='lat' dir='ltr'>haec</span> <span class='ocrx_word' id='word_1_98' title='bbox 897 856 1060 903; x_wconf 73' lang='lat' dir='ltr'>tristitia,</span> <span class='ocrx_word' id='word_1_99' title='bbox 1099 858 1310 895; x_wconf 89' lang='lat' dir='ltr'>secundum</span> <span class='ocrx_word' id='word_1_100' title='bbox 1340 859 1486 908; x_wconf 84' lang='lat' dir='ltr'>ipsum,</span> 
     </span>
     <span class='ocr_line' id='line_1_18' title="bbox 423 909 1486 957; baseline 0.003 -10"><span class='ocrx_word' id='word_1_101' title='bbox 423 917 582 947; x_wconf 86' lang='lat' dir='ltr'>vocatur</span> <span class='ocrx_word' id='word_1_102' title='bbox 597 909 764 954; x_wconf 83' lang='lat' dir='ltr'>nemesis,</span> <span class='ocrx_word' id='word_1_103' title='bbox 783 916 817 945; x_wconf 91' lang='lat' dir='ltr'>et</span> <span class='ocrx_word' id='word_1_104' title='bbox 832 910 993 957; x_wconf 84' lang='lat' dir='ltr'>pertinet</span> <span class='ocrx_word' id='word_1_105' title='bbox 1011 910 1060 946; x_wconf 87' lang='lat' dir='ltr'>ad</span> <span class='ocrx_word' id='word_1_106' title='bbox 1076 910 1200 947; x_wconf 92' lang='lat' dir='ltr'>bonos</span> <span class='ocrx_word' id='word_1_107' title='bbox 1219 923 1347 948; x_wconf 89' lang='lat' dir='ltr'>mores</span> <span class='ocrx_word' id='word_1_108' title='bbox 1356 912 1387 949; x_wconf 53' lang='grc' dir='ltr'>’ἦ</span> <span class='ocrx_word' id='word_1_109' title='bbox 1410 913 1486 950; x_wconf 91' lang='lat' dir='ltr'>Sed</span> 
     </span>
     <span class='ocr_line' id='line_1_19' title="bbox 423 961 1487 1012; baseline 0.004 -14"><span class='ocrx_word' id='word_1_110' title='bbox 423 964 497 999; x_wconf 90' lang='lat' dir='ltr'>hoc</span> <span class='ocrx_word' id='word_1_111' title='bbox 525 962 611 998; x_wconf 88' lang='lat' dir='ltr'>ideo</span> <span class='ocrx_word' id='word_1_112' title='bbox 641 961 728 998; x_wconf 92' lang='lat' dir='ltr'>dicit</span> <span class='ocrx_word' id='word_1_113' title='bbox 757 962 845 1010; x_wconf 86' lang='lat' dir='ltr'>quia</span> <span class='ocrx_word' id='word_1_114' title='bbox 866 962 1130 999; x_wconf 87' lang='lat' dir='ltr'>considerabat</span> <span class='ocrx_word' id='word_1_115' title='bbox 1156 963 1238 1012; x_wconf 89' lang='lat' dir='ltr'>ipsa</span> <span class='ocrx_word' id='word_1_116' title='bbox 1267 965 1369 1001; x_wconf 90' lang='lat' dir='ltr'>bona</span> <span class='ocrx_word' id='word_1_117' title='bbox 1391 973 1487 1002; x_wconf 90' lang='lat' dir='ltr'>tern-</span> 
     </span>
     <span class='ocr_line' id='line_1_20' title="bbox 424 1014 1487 1066; baseline 0.006 -16"><span class='ocrx_word' id='word_1_118' title='bbox 424 1014 567 1063; x_wconf 88' lang='lat' dir='ltr'>poralia</span> <span class='ocrx_word' id='word_1_119' title='bbox 587 1015 798 1052; x_wconf 90' lang='lat' dir='ltr'>secundum</span> <span class='ocrx_word' id='word_1_120' title='bbox 818 1027 870 1061; x_wconf 83' lang='lat' dir='ltr'>se,</span> <span class='ocrx_word' id='word_1_121' title='bbox 891 1022 1005 1064; x_wconf 90' lang='lat' dir='ltr'>prout</span> <span class='ocrx_word' id='word_1_122' title='bbox 1022 1024 1184 1064; x_wconf 90' lang='lat' dir='ltr'>possunt</span> <span class='ocrx_word' id='word_1_123' title='bbox 1207 1029 1347 1066; x_wconf 85' lang='lat' dir='ltr'>magna</span> <span class='ocrx_word' id='word_1_124' title='bbox 1364 1019 1487 1056; x_wconf 88' lang='lat' dir='ltr'>videri</span> 
     </span>
     <span class='ocr_line' id='line_1_21' title="bbox 424 1067 1487 1117; baseline 0.005 -13"><span class='ocrx_word' id='word_1_125' title='bbox 424 1080 501 1104; x_wconf 91' lang='lat' dir='ltr'>non</span> <span class='ocrx_word' id='word_1_126' title='bbox 522 1067 808 1117; x_wconf 86' lang='lat' dir='ltr'>respicientibus</span> <span class='ocrx_word' id='word_1_127' title='bbox 830 1068 879 1105; x_wconf 86' lang='lat' dir='ltr'>ad</span> <span class='ocrx_word' id='word_1_128' title='bbox 901 1076 1066 1105; x_wconf 87' lang='lat' dir='ltr'>aeterna.</span> <span class='ocrx_word' id='word_1_129' title='bbox 1089 1070 1166 1107; x_wconf 89' lang='lat' dir='ltr'>Sed</span> <span class='ocrx_word' id='word_1_130' title='bbox 1185 1071 1398 1108; x_wconf 89' lang='lat' dir='ltr'>secundum</span> <span class='ocrx_word' id='word_1_131' title='bbox 1419 1072 1487 1109; x_wconf 90' lang='lat' dir='ltr'>do—</span> 
     </span>
     <span class='ocr_line' id='line_1_22' title="bbox 424 1121 1487 1173; baseline 0.004 -15"><span class='ocrx_word' id='word_1_132' title='bbox 424 1121 583 1158; x_wconf 88' lang='lat' dir='ltr'>ctrinam</span> <span class='ocrx_word' id='word_1_133' title='bbox 603 1121 706 1167; x_wconf 88' lang='lat' dir='ltr'>fidei,</span> <span class='ocrx_word' id='word_1_134' title='bbox 726 1121 948 1169; x_wconf 83' lang='lat' dir='ltr'>temporalia</span> <span class='ocrx_word' id='word_1_135' title='bbox 970 1122 1072 1158; x_wconf 90' lang='lat' dir='ltr'>bona</span> <span class='ocrx_word' id='word_1_136' title='bbox 1100 1135 1199 1170; x_wconf 88' lang='lat' dir='ltr'>quae</span> <span class='ocrx_word' id='word_1_137' title='bbox 1218 1123 1381 1172; x_wconf 86' lang='lat' dir='ltr'>indignis</span> <span class='ocrx_word' id='word_1_138' title='bbox 1400 1137 1487 1173; x_wconf 91' lang='lat' dir='ltr'>pro-</span> 
     </span>
     <span class='ocr_line' id='line_1_23' title="bbox 422 1174 1486 1224; baseline 0.004 -14"><span class='ocrx_word' id='word_1_139' title='bbox 422 1174 580 1210; x_wconf 91' lang='lat' dir='ltr'>veniunt</span> <span class='ocrx_word' id='word_1_140' title='bbox 600 1186 644 1211; x_wconf 86' lang='lat' dir='ltr'>ex</span> <span class='ocrx_word' id='word_1_141' title='bbox 669 1174 764 1210; x_wconf 89' lang='lat' dir='ltr'>iusta</span> <span class='ocrx_word' id='word_1_142' title='bbox 784 1174 855 1210; x_wconf 90' lang='lat' dir='ltr'>Dei</span> <span class='ocrx_word' id='word_1_143' title='bbox 881 1174 1120 1212; x_wconf 90' lang='lat' dir='ltr'>ordinatione</span> <span class='ocrx_word' id='word_1_144' title='bbox 1144 1176 1398 1224; x_wconf 85' lang='lat' dir='ltr'>disponuntur</span> <span class='ocrx_word' id='word_1_145' title='bbox 1424 1179 1486 1214; x_wconf 90' lang='lat' dir='ltr'>vel</span> 
     </span>
     <span class='ocr_line' id='line_1_24' title="bbox 423 1227 1488 1267; baseline 0.003 -4"><span class='ocrx_word' id='word_1_146' title='bbox 423 1227 470 1263; x_wconf 89' lang='lat' dir='ltr'>ad</span> <span class='ocrx_word' id='word_1_147' title='bbox 492 1239 626 1264; x_wconf 88' lang='lat' dir='ltr'>eorum</span> <span class='ocrx_word' id='word_1_148' title='bbox 656 1227 930 1264; x_wconf 85' lang='lat' dir='ltr'>correction&#39;em</span> <span class='ocrx_word' id='word_1_149' title='bbox 950 1228 1012 1264; x_wconf 87' lang='lat' dir='ltr'>vel</span> <span class='ocrx_word' id='word_1_150' title='bbox 1042 1228 1091 1264; x_wconf 86' lang='lat' dir='ltr'>ad</span> <span class='ocrx_word' id='word_1_151' title='bbox 1120 1240 1253 1266; x_wconf 91' lang='lat' dir='ltr'>eorum</span> <span class='ocrx_word' id='word_1_152' title='bbox 1275 1229 1488 1267; x_wconf 85' lang='lat' dir='ltr'>damnatio-</span> 
     </span>
     <span class='ocr_line' id='line_1_25' title="bbox 423 1280 1485 1329; baseline 0.003 -13"><span class='ocrx_word' id='word_1_153' title='bbox 423 1292 529 1316; x_wconf 89' lang='lat' dir='ltr'>nem:</span> <span class='ocrx_word' id='word_1_154' title='bbox 559 1287 595 1316; x_wconf 89' lang='lat' dir='ltr'>et</span> <span class='ocrx_word' id='word_1_155' title='bbox 613 1280 832 1317; x_wconf 87' lang='lat' dir='ltr'>huiusmodi</span> <span class='ocrx_word' id='word_1_156' title='bbox 855 1281 957 1317; x_wconf 88' lang='lat' dir='ltr'>bona</span> <span class='ocrx_word' id='word_1_157' title='bbox 978 1280 1087 1329; x_wconf 86' lang='lat' dir='ltr'>quasi</span> <span class='ocrx_word' id='word_1_158' title='bbox 1105 1281 1196 1318; x_wconf 90' lang='lat' dir='ltr'>nihil</span> <span class='ocrx_word' id='word_1_159' title='bbox 1216 1290 1304 1319; x_wconf 91' lang='lat' dir='ltr'>sunt</span> <span class='ocrx_word' id='word_1_160' title='bbox 1323 1282 1360 1318; x_wconf 91' lang='lat' dir='ltr'>in</span> <span class='ocrx_word' id='word_1_161' title='bbox 1381 1294 1485 1320; x_wconf 91' lang='lat' dir='ltr'>com-</span> 
     </span>
     <span class='ocr_line' id='line_1_26' title="bbox 422 1333 1487 1381; baseline 0.002 -11"><span class='ocrx_word' id='word_1_162' title='bbox 422 1333 619 1381; x_wconf 86' lang='lat' dir='ltr'>paratione</span> <span class='ocrx_word' id='word_1_163' title='bbox 635 1333 683 1370; x_wconf 89' lang='lat' dir='ltr'>ad</span> <span class='ocrx_word' id='word_1_164' title='bbox 699 1335 801 1370; x_wconf 86' lang='lat' dir='ltr'>bona</span> <span class='ocrx_word' id='word_1_165' title='bbox 817 1333 951 1380; x_wconf 89' lang='lat' dir='ltr'>futura,</span> <span class='ocrx_word' id='word_1_166' title='bbox 965 1345 1064 1381; x_wconf 86' lang='lat' dir='ltr'>quae</span> <span class='ocrx_word' id='word_1_167' title='bbox 1079 1342 1279 1371; x_wconf 87' lang='lat' dir='ltr'>servantur</span> <span class='ocrx_word' id='word_1_168' title='bbox 1294 1334 1417 1372; x_wconf 86' lang='lat' dir='ltr'>bonis.</span> <span class='ocrx_word' id='word_1_169' title='bbox 1438 1336 1487 1372; x_wconf 91' lang='lat' dir='ltr'>Et</span> 
     </span>
     <span class='ocr_line' id='line_1_27' title="bbox 422 1385 1486 1436; baseline 0.003 -14"><span class='ocrx_word' id='word_1_170' title='bbox 422 1385 508 1422; x_wconf 90' lang='lat' dir='ltr'>ideo</span> <span class='ocrx_word' id='word_1_171' title='bbox 536 1386 759 1423; x_wconf 90' lang='lat' dir='ltr'>huiusmodi</span> <span class='ocrx_word' id='word_1_172' title='bbox 795 1386 939 1423; x_wconf 87' lang='lat' dir='ltr'>tristitia</span> <span class='ocrx_word' id='word_1_173' title='bbox 966 1386 1191 1434; x_wconf 85' lang='lat' dir='ltr'>prohibetur</span> <span class='ocrx_word' id='word_1_174' title='bbox 1219 1387 1257 1424; x_wconf 92' lang='lat' dir='ltr'>in</span> <span class='ocrx_word' id='word_1_175' title='bbox 1291 1387 1486 1436; x_wconf 87' lang='lat' dir='ltr'>Scriptura</span> 
     </span>
     <span class='ocr_line' id='line_1_28' title="bbox 422 1439 1484 1478; baseline 0.003 -3"><span class='ocrx_word' id='word_1_176' title='bbox 422 1451 543 1475; x_wconf 85' lang='lat' dir='ltr'>sacra:</span> <span class='ocrx_word' id='word_1_177' title='bbox 569 1439 782 1475; x_wconf 90' lang='lat' dir='ltr'>secundum</span> <span class='ocrx_word' id='word_1_178' title='bbox 803 1439 894 1475; x_wconf 90' lang='lat' dir='ltr'>illud</span> <span class='ocrx_word' id='word_1_179' title='bbox 914 1439 1052 1476; x_wconf 89' lang='lat' dir='ltr'>Psalm.</span> <span class='ocrx_word' id='word_1_180' title='bbox 1073 1439 1109 1476; x_wconf 67' lang='grc' dir='ltr'>*ε</span> <span class='ocrx_word' id='word_1_181' title='bbox 1128 1440 1225 1477; x_wconf 87' lang='lat' dir='ltr'>Noli</span> <span class='ocrx_word' id='word_1_182' title='bbox 1241 1441 1431 1478; x_wconf 89' lang='lat' dir='ltr'>aemulari</span> <span class='ocrx_word' id='word_1_183' title='bbox 1448 1442 1484 1478; x_wconf 91' lang='lat' dir='ltr'>in</span> 
     </span>
    </p>
   </div>
   <div class='ocr_carea' id='block_1_10' title="bbox 1084 255 1944 304">
    <p class='ocr_par' dir='ltr' id='par_1_10' title="bbox 1084 255 1944 304">
     <span class='ocr_line' id='line_1_29' title="bbox 1084 255 1944 304; baseline 0.005 -14"><span class='ocrx_word' id='word_1_184' title='bbox 1084 255 1348 300; x_wconf 92' lang='lat' dir='ltr'>QUAESTlO</span> <span class='ocrx_word' id='word_1_185' title='bbox 1379 257 1558 304; x_wconf 85' lang='lat' dir='ltr'>XXXVI,</span> <span class='ocrx_word' id='word_1_186' title='bbox 1587 257 1882 294; x_wconf 90' lang='lat' dir='ltr'>ARTICULUS</span> <span class='ocrx_word' id='word_1_187' title='bbox 1912 259 1944 294; x_wconf 92' lang='grc' dir='ltr'>ΙΙ</span> 
     </span>
    </p>
   </div>
   <div class='ocr_carea' id='block_1_11' title="bbox 1539 334 2605 1489">
    <p class='ocr_par' dir='ltr' id='par_1_11' title="bbox 1542 334 2604 490">
     <span class='ocr_line' id='line_1_30' title="bbox 1543 334 2604 387; baseline 0.007 -18"><span class='ocrx_word' id='word_1_188' title='bbox 1543 334 1848 383; x_wconf 80' lang='lat' dir='ltr'>malignantibus,</span> <span class='ocrx_word' id='word_1_189' title='bbox 1876 346 1996 383; x_wconf 88' lang='lat' dir='ltr'>neque</span> <span class='ocrx_word' id='word_1_190' title='bbox 2022 335 2200 383; x_wconf 66' lang='lat' dir='ltr'>zelaveris</span> <span class='ocrx_word' id='word_1_191' title='bbox 2215 338 2404 385; x_wconf 85' lang='lat' dir='ltr'>facientes</span> <span class='ocrx_word' id='word_1_192' title='bbox 2431 339 2604 387; x_wconf 85' lang='lat' dir='ltr'>iniquita-</span> 
     </span>
     <span class='ocr_line' id='line_1_31' title="bbox 1542 386 2603 441; baseline 0.007 -19"><span class='ocrx_word' id='word_1_193' title='bbox 1542 392 1627 422; x_wconf 87' lang='lat' dir='ltr'>tem.</span> <span class='ocrx_word' id='word_1_194' title='bbox 1653 387 1702 422; x_wconf 92' lang='lat' dir='ltr'>Et</span> <span class='ocrx_word' id='word_1_195' title='bbox 1719 386 1807 423; x_wconf 88' lang='lat' dir='ltr'>alibi</span> <span class='ocrx_word' id='word_1_196' title='bbox 1821 386 1856 422; x_wconf 74' lang='grc' dir='ltr'>*ε</span> <span class='ocrx_word' id='word_1_197' title='bbox 1876 387 1977 424; x_wconf 89' lang='lat' dir='ltr'>Pene</span> <span class='ocrx_word' id='word_1_198' title='bbox 2000 387 2113 436; x_wconf 85' lang='lat' dir='ltr'>effusi</span> <span class='ocrx_word' id='word_1_199' title='bbox 2127 394 2215 425; x_wconf 85' lang='lat' dir='ltr'>sunt</span> <span class='ocrx_word' id='word_1_200' title='bbox 2238 399 2390 439; x_wconf 79' lang='lat' dir='ltr'>gressus</span> <span class='ocrx_word' id='word_1_201' title='bbox 2410 392 2494 437; x_wconf 88' lang='lat' dir='ltr'>mei,</span> <span class='ocrx_word' id='word_1_202' title='bbox 2515 391 2603 441; x_wconf 85' lang='lat' dir='ltr'>quia</span> 
     </span>
     <span class='ocr_line' id='line_1_32' title="bbox 1542 438 2601 490; baseline 0.007 -16"><span class='ocrx_word' id='word_1_203' title='bbox 1542 438 1661 486; x_wconf 69' lang='lat' dir='ltr'>{elavi</span> <span class='ocrx_word' id='word_1_204' title='bbox 1685 450 1797 487; x_wconf 84' lang='lat' dir='ltr'>super</span> <span class='ocrx_word' id='word_1_205' title='bbox 1824 439 1990 489; x_wconf 76' lang='lat' dir='ltr'>iniquos,</span> <span class='ocrx_word' id='word_1_206' title='bbox 2023 451 2159 488; x_wconf 83' lang='lat' dir='ltr'>pacem</span> <span class='ocrx_word' id='word_1_207' title='bbox 2190 448 2434 490; x_wconf 80' lang='lat' dir='ltr'>peccatorum</span> <span class='ocrx_word' id='word_1_208' title='bbox 2462 443 2601 488; x_wconf 77' lang='lat' dir='ltr'>videns,</span> 
     </span>
    </p>

    <p class='ocr_par' dir='ltr' id='par_1_12' title="bbox 1541 491 2604 804">
     <span class='ocr_line' id='line_1_33' title="bbox 1596 491 2601 540; baseline 0.008 -14"><span class='ocrx_word' id='word_1_209' title='bbox 1596 491 1742 537; x_wconf 91' lang='lat' dir='ltr'>Quarto</span> <span class='ocrx_word' id='word_1_210' title='bbox 1771 491 1904 540; x_wconf 89' lang='lat' dir='ltr'>aliquis</span> <span class='ocrx_word' id='word_1_211' title='bbox 1942 492 2107 529; x_wconf 88' lang='lat' dir='ltr'>tristatur</span> <span class='ocrx_word' id='word_1_212' title='bbox 2141 492 2187 530; x_wconf 91' lang='lat' dir='ltr'>de</span> <span class='ocrx_word' id='word_1_213' title='bbox 2216 493 2326 533; x_wconf 91' lang='lat' dir='ltr'>bonis</span> <span class='ocrx_word' id='word_1_214' title='bbox 2364 495 2520 534; x_wconf 86' lang='lat' dir='ltr'>alicuius</span> <span class='ocrx_word' id='word_1_215' title='bbox 2547 496 2601 534; x_wconf 89' lang='lat' dir='ltr'>in-</span> 
     </span>
     <span class='ocr_line' id='line_1_34' title="bbox 1542 545 2604 594; baseline 0.006 -14"><span class='ocrx_word' id='word_1_216' title='bbox 1542 552 1727 591; x_wconf 87' lang='lat' dir='ltr'>quantum</span> <span class='ocrx_word' id='word_1_217' title='bbox 1755 545 1847 581; x_wconf 83' lang='lat' dir='ltr'>altet</span> <span class='ocrx_word' id='word_1_218' title='bbox 1883 545 2029 582; x_wconf 86' lang='lat' dir='ltr'>excedit</span> <span class='ocrx_word' id='word_1_219' title='bbox 2064 546 2189 594; x_wconf 91' lang='lat' dir='ltr'>ipsum</span> <span class='ocrx_word' id='word_1_220' title='bbox 2223 545 2264 584; x_wconf 88' lang='lat' dir='ltr'>in</span> <span class='ocrx_word' id='word_1_221' title='bbox 2290 548 2413 585; x_wconf 87' lang='lat' dir='ltr'>bonis.</span> <span class='ocrx_word' id='word_1_222' title='bbox 2452 549 2502 586; x_wconf 94' lang='lat' dir='ltr'>Et</span> <span class='ocrx_word' id='word_1_223' title='bbox 2527 549 2604 586; x_wconf 87' lang='lat' dir='ltr'>hoc</span> 
     </span>
     <span class='ocr_line' id='line_1_35' title="bbox 1541 596 2601 650; baseline 0.005 -17"><span class='ocrx_word' id='word_1_224' title='bbox 1541 596 1693 645; x_wconf 90' lang='lat' dir='ltr'>proprie</span> <span class='ocrx_word' id='word_1_225' title='bbox 1724 604 1778 634; x_wconf 91' lang='lat' dir='ltr'>est</span> <span class='ocrx_word' id='word_1_226' title='bbox 1797 597 1950 635; x_wconf 85' lang='lat' dir='ltr'>invidia.</span> <span class='ocrx_word' id='word_1_227' title='bbox 1981 599 2030 635; x_wconf 89' lang='lat' dir='ltr'>Et</span> <span class='ocrx_word' id='word_1_228' title='bbox 2047 598 2147 635; x_wconf 88' lang='lat' dir='ltr'>istud</span> <span class='ocrx_word' id='word_1_229' title='bbox 2166 610 2319 647; x_wconf 87' lang='lat' dir='ltr'>semper</span> <span class='ocrx_word' id='word_1_230' title='bbox 2338 608 2396 637; x_wconf 91' lang='lat' dir='ltr'>est</span> <span class='ocrx_word' id='word_1_231' title='bbox 2421 612 2601 650; x_wconf 79' lang='lat' dir='ltr'>pravum,</span> 
     </span>
     <span class='ocr_line' id='line_1_36' title="bbox 1541 648 2603 703; baseline 0.006 -18"><span class='ocrx_word' id='word_1_232' title='bbox 1541 656 1583 685; x_wconf 92' lang='lat' dir='ltr'>ut</span> <span class='ocrx_word' id='word_1_233' title='bbox 1611 649 1725 686; x_wconf 89' lang='lat' dir='ltr'>etiam</span> <span class='ocrx_word' id='word_1_234' title='bbox 1754 650 2010 700; x_wconf 85' lang='lat' dir='ltr'>Philosophus</span> <span class='ocrx_word' id='word_1_235' title='bbox 2039 650 2148 698; x_wconf 77' lang='lat' dir='ltr'>dicit,</span> <span class='ocrx_word' id='word_1_236' title='bbox 2187 651 2224 687; x_wconf 93' lang='lat' dir='ltr'>in</span> <span class='ocrx_word' id='word_1_237' title='bbox 2254 652 2286 688; x_wconf 89' lang='grc' dir='ltr'>Π</span> <span class='ocrx_word' id='word_1_238' title='bbox 2314 653 2423 691; x_wconf 74' lang='lat' dir='ltr'>Rhet.</span> <span class='ocrx_word' id='word_1_239' title='bbox 2442 648 2479 690; x_wconf 50' lang='lat'>¹⁴¹¹:</span> <span class='ocrx_word' id='word_1_240' title='bbox 2513 654 2603 703; x_wconf 89' lang='lat' dir='ltr'>quia</span> 
     </span>
     <span class='ocr_line' id='line_1_37' title="bbox 1542 699 2602 753; baseline 0.007 -15"><span class='ocrx_word' id='word_1_241' title='bbox 1542 702 1645 738; x_wconf 87' lang='lat' dir='ltr'>dolet</span> <span class='ocrx_word' id='word_1_242' title='bbox 1673 701 1719 739; x_wconf 90' lang='lat' dir='ltr'>de</span> <span class='ocrx_word' id='word_1_243' title='bbox 1749 714 1795 739; x_wconf 88' lang='lat' dir='ltr'>eo</span> <span class='ocrx_word' id='word_1_244' title='bbox 1825 703 1872 740; x_wconf 89' lang='lat' dir='ltr'>de</span> <span class='ocrx_word' id='word_1_245' title='bbox 1901 716 1978 753; x_wconf 93' lang='lat' dir='ltr'>quo</span> <span class='ocrx_word' id='word_1_246' title='bbox 2009 706 2064 740; x_wconf 85' lang='lat' dir='ltr'>est</span> <span class='ocrx_word' id='word_1_247' title='bbox 2090 699 2358 752; x_wconf 81' lang='lat' dir='ltr'>gaudendum,</span> <span class='ocrx_word' id='word_1_248' title='bbox 2387 705 2527 744; x_wconf 90' lang='lat' dir='ltr'>scilicet</span> <span class='ocrx_word' id='word_1_249' title='bbox 2555 708 2602 745; x_wconf 92' lang='lat' dir='ltr'>de</span> 
     </span>
     <span class='ocr_line' id='line_1_38' title="bbox 1542 755 1851 804; baseline 0.006 -13"><span class='ocrx_word' id='word_1_250' title='bbox 1542 756 1646 792; x_wconf 94' lang='lat' dir='ltr'>bono</span> <span class='ocrx_word' id='word_1_251' title='bbox 1674 755 1851 804; x_wconf 87' lang='lat' dir='ltr'>proximi.</span> 
     </span>
    </p>

    <p class='ocr_par' dir='ltr' id='par_1_13' title="bbox 1540 809 2604 961">
     <span class='ocr_line' id='line_1_39' title="bbox 1594 809 2604 858; baseline 0.004 -13"><span class='ocrx_word' id='word_1_252' title='bbox 1594 810 1652 845; x_wconf 83' lang='lat' dir='ltr'>An</span> <span class='ocrx_word' id='word_1_253' title='bbox 1682 820 1819 845; x_wconf 75' lang='lat' dir='ltr'>PRIMUM</span> <span class='ocrx_word' id='word_1_254' title='bbox 1846 821 1944 846; x_wconf 83' lang='lat' dir='ltr'>ERGO</span> <span class='ocrx_word' id='word_1_255' title='bbox 1968 820 2152 846; x_wconf 78' lang='lat' dir='ltr'>DtCENDuM</span> <span class='ocrx_word' id='word_1_256' title='bbox 2173 809 2278 858; x_wconf 92' lang='lat' dir='ltr'>quod</span> <span class='ocrx_word' id='word_1_257' title='bbox 2297 809 2348 846; x_wconf 92' lang='lat' dir='ltr'>ibi</span> <span class='ocrx_word' id='word_1_258' title='bbox 2367 810 2530 848; x_wconf 88' lang='lat' dir='ltr'>sumitur</span> <span class='ocrx_word' id='word_1_259' title='bbox 2547 811 2604 849; x_wconf 90' lang='lat' dir='ltr'>in-</span> 
     </span>
     <span class='ocr_line' id='line_1_40' title="bbox 1540 860 2604 912; baseline 0.003 -14"><span class='ocrx_word' id='word_1_260' title='bbox 1540 860 1643 898; x_wconf 89' lang='lat' dir='ltr'>vidia</span> <span class='ocrx_word' id='word_1_261' title='bbox 1670 873 1740 910; x_wconf 91' lang='lat' dir='ltr'>pro</span> <span class='ocrx_word' id='word_1_262' title='bbox 1769 862 1851 898; x_wconf 90' lang='lat' dir='ltr'>zelo</span> <span class='ocrx_word' id='word_1_263' title='bbox 1880 874 1957 910; x_wconf 92' lang='lat' dir='ltr'>quo</span> <span class='ocrx_word' id='word_1_264' title='bbox 1985 861 2070 910; x_wconf 91' lang='lat' dir='ltr'>quis</span> <span class='ocrx_word' id='word_1_265' title='bbox 2099 862 2218 898; x_wconf 90' lang='lat' dir='ltr'>debet·</span> <span class='ocrx_word' id='word_1_266' title='bbox 2240 861 2385 899; x_wconf 90' lang='lat' dir='ltr'>incitari</span> <span class='ocrx_word' id='word_1_267' title='bbox 2413 862 2462 900; x_wconf 89' lang='lat' dir='ltr'>ad</span> <span class='ocrx_word' id='word_1_268' title='bbox 2486 865 2604 912; x_wconf 89' lang='lat' dir='ltr'>profi-</span> 
     </span>
     <span class='ocr_line' id='line_1_41' title="bbox 1542 914 2099 961; baseline 0.002 -11"><span class='ocrx_word' id='word_1_269' title='bbox 1542 914 1722 961; x_wconf 87' lang='lat' dir='ltr'>ciendum</span> <span class='ocrx_word' id='word_1_270' title='bbox 1751 926 1839 951; x_wconf 89' lang='lat' dir='ltr'>cum</span> <span class='ocrx_word' id='word_1_271' title='bbox 1868 914 2099 952; x_wconf 87' lang='lat' dir='ltr'>melioribus.</span> 
     </span>
    </p>

    <p class='ocr_par' dir='ltr' id='par_1_14' title="bbox 1541 967 2604 1111">
     <span class='ocr_line' id='line_1_42' title="bbox 1593 967 2604 1017; baseline 0.002 -13"><span class='ocrx_word' id='word_1_272' title='bbox 1593 969 1651 1004; x_wconf 86' lang='lat' dir='ltr'>An</span> <span class='ocrx_word' id='word_1_273' title='bbox 1671 978 1860 1004; x_wconf 76' lang='lat' dir='ltr'>SECUNDUM</span> <span class='ocrx_word' id='word_1_274' title='bbox 1879 979 2062 1005; x_wconf 72' lang='lat' dir='ltr'>mer-:unum</span> <span class='ocrx_word' id='word_1_275' title='bbox 2091 967 2196 1016; x_wconf 90' lang='lat' dir='ltr'>quod</span> <span class='ocrx_word' id='word_1_276' title='bbox 2224 967 2318 1004; x_wconf 89' lang='lat' dir='ltr'>ratio</span> <span class='ocrx_word' id='word_1_277' title='bbox 2346 967 2408 1004; x_wconf 92' lang='lat' dir='ltr'>illa</span> <span class='ocrx_word' id='word_1_278' title='bbox 2430 967 2604 1017; x_wconf 81' lang='lat' dir='ltr'>procedit</span> 
     </span>
     <span class='ocr_line' id='line_1_43' title="bbox 1541 1019 2604 1070; baseline 0.003 -13"><span class='ocrx_word' id='word_1_279' title='bbox 1541 1019 1587 1057; x_wconf 90' lang='lat' dir='ltr'>de</span> <span class='ocrx_word' id='word_1_280' title='bbox 1620 1019 1763 1057; x_wconf 88' lang='lat' dir='ltr'>tristitia</span> <span class='ocrx_word' id='word_1_281' title='bbox 1799 1020 2011 1059; x_wconf 86' lang='lat' dir='ltr'>alienorum</span> <span class='ocrx_word' id='word_1_282' title='bbox 2048 1020 2240 1058; x_wconf 88' lang='lat' dir='ltr'>bonorum</span> <span class='ocrx_word' id='word_1_283' title='bbox 2279 1020 2492 1058; x_wconf 86' lang='lat' dir='ltr'>secundum</span> <span class='ocrx_word' id='word_1_284' title='bbox 2528 1021 2604 1070; x_wconf 90' lang='lat' dir='ltr'>pri-</span> 
     </span>
     <span class='ocr_line' id='line_1_44' title="bbox 1541 1073 1856 1111; baseline 0 -1"><span class='ocrx_word' id='word_1_285' title='bbox 1541 1085 1649 1110; x_wconf 88' lang='lat' dir='ltr'>mum</span> <span class='ocrx_word' id='word_1_286' title='bbox 1681 1073 1856 1111; x_wconf 88' lang='lat' dir='ltr'>modum.</span> 
     </span>
    </p>

    <p class='ocr_par' dir='ltr' id='par_1_15' title="bbox 1539 1125 2605 1279">
     <span class='ocr_line' id='line_1_45' title="bbox 1593 1125 2604 1173; baseline 0.001 -11"><span class='ocrx_word' id='word_1_287' title='bbox 1593 1128 1652 1162; x_wconf 83' lang='lat' dir='ltr'>An</span> <span class='ocrx_word' id='word_1_288' title='bbox 1684 1137 1845 1163; x_wconf 70' lang='lat' dir='ltr'>marium</span> <span class='ocrx_word' id='word_1_289' title='bbox 1877 1137 2076 1163; x_wconf 67' lang='lat' dir='ltr'>nicaunuu</span> <span class='ocrx_word' id='word_1_290' title='bbox 2098 1125 2204 1173; x_wconf 89' lang='lat' dir='ltr'>quod</span> <span class='ocrx_word' id='word_1_291' title='bbox 2241 1125 2384 1162; x_wconf 87' lang='lat' dir='ltr'>invidia</span> <span class='ocrx_word' id='word_1_292' title='bbox 2422 1125 2548 1163; x_wconf 84' lang='lat' dir='ltr'>differt</span> <span class='ocrx_word' id='word_1_293' title='bbox 2580 1137 2604 1163; x_wconf 80' lang='lat' dir='ltr'>a</span> 
     </span>
     <span class='ocr_line' id='line_1_46' title="bbox 1539 1177 2605 1229; baseline 0.002 -15"><span class='ocrx_word' id='word_1_294' title='bbox 1539 1179 1633 1224; x_wconf 89' lang='lat' dir='ltr'>zelo,</span> <span class='ocrx_word' id='word_1_295' title='bbox 1655 1178 1750 1214; x_wconf 91' lang='lat' dir='ltr'>sicut</span> <span class='ocrx_word' id='word_1_296' title='bbox 1768 1178 1911 1215; x_wconf 89' lang='lat' dir='ltr'>dictum</span> <span class='ocrx_word' id='word_1_297' title='bbox 1933 1185 1988 1214; x_wconf 92' lang='lat' dir='ltr'>est</span> <span class='ocrx_word' id='word_1_298' title='bbox 2005 1177 2036 1214; x_wconf 63' lang='lat'>³⁸.</span> <span class='ocrx_word' id='word_1_299' title='bbox 2067 1178 2178 1215; x_wconf 91' lang='lat' dir='ltr'>Unde</span> <span class='ocrx_word' id='word_1_300' title='bbox 2197 1178 2300 1214; x_wconf 91' lang='lat' dir='ltr'>zelus</span> <span class='ocrx_word' id='word_1_301' title='bbox 2325 1178 2459 1228; x_wconf 85' lang='lat' dir='ltr'>aliquis</span> <span class='ocrx_word' id='word_1_302' title='bbox 2477 1186 2605 1229; x_wconf 89' lang='lat' dir='ltr'>potest</span> 
     </span>
     <span class='ocr_line' id='line_1_47' title="bbox 1540 1229 2418 1279; baseline 0.001 -12"><span class='ocrx_word' id='word_1_303' title='bbox 1540 1242 1622 1267; x_wconf 92' lang='lat' dir='ltr'>esse</span> <span class='ocrx_word' id='word_1_304' title='bbox 1642 1231 1786 1266; x_wconf 89' lang='lat' dir='ltr'>bonus:</span> <span class='ocrx_word' id='word_1_305' title='bbox 1811 1230 1878 1267; x_wconf 90' lang='lat' dir='ltr'>sed</span> <span class='ocrx_word' id='word_1_306' title='bbox 1898 1229 2040 1267; x_wconf 88' lang='lat' dir='ltr'>invidia</span> <span class='ocrx_word' id='word_1_307' title='bbox 2059 1241 2212 1279; x_wconf 78' lang='lat' dir='ltr'>semper</span> <span class='ocrx_word' id='word_1_308' title='bbox 2231 1238 2287 1267; x_wconf 89' lang='lat' dir='ltr'>est</span> <span class='ocrx_word' id='word_1_309' title='bbox 2306 1231 2418 1268; x_wconf 86' lang='lat' dir='ltr'>mala.</span> 
     </span>
    </p>

    <p class='ocr_par' dir='ltr' id='par_1_16' title="bbox 1539 1282 2604 1489">
     <span class='ocr_line' id='line_1_48' title="bbox 1593 1282 2604 1333; baseline 0.002 -13"><span class='ocrx_word' id='word_1_310' title='bbox 1593 1284 1651 1320; x_wconf 87' lang='lat' dir='ltr'>At&gt;</span> <span class='ocrx_word' id='word_1_311' title='bbox 1681 1294 1855 1325; x_wconf 81' lang='lat' dir='ltr'>QUARTUM</span> <span class='ocrx_word' id='word_1_312' title='bbox 1883 1294 2068 1320; x_wconf 63' lang='lat' dir='ltr'>morannum</span> <span class='ocrx_word' id='word_1_313' title='bbox 2096 1282 2204 1330; x_wconf 91' lang='lat' dir='ltr'>quod</span> <span class='ocrx_word' id='word_1_314' title='bbox 2228 1283 2320 1320; x_wconf 89' lang='lat' dir='ltr'>nihil</span> <span class='ocrx_word' id='word_1_315' title='bbox 2343 1283 2522 1333; x_wconf 87' lang='lat' dir='ltr'>prohibet</span> <span class='ocrx_word' id='word_1_316' title='bbox 2538 1284 2604 1330; x_wconf 86' lang='lat' dir='ltr'>ali-</span> 
     </span>
     <span class='ocr_line' id='line_1_49' title="bbox 1540 1334 2603 1386; baseline 0.003 -14"><span class='ocrx_word' id='word_1_317' title='bbox 1540 1335 1645 1383; x_wconf 90' lang='lat' dir='ltr'>quod</span> <span class='ocrx_word' id='word_1_318' title='bbox 1664 1343 1880 1384; x_wconf 86' lang='lat' dir='ltr'>peccatum,</span> <span class='ocrx_word' id='word_1_319' title='bbox 1900 1335 2045 1372; x_wconf 89' lang='lat' dir='ltr'>ratione</span> <span class='ocrx_word' id='word_1_320' title='bbox 2065 1334 2224 1373; x_wconf 89' lang='lat' dir='ltr'>alicuius</span> <span class='ocrx_word' id='word_1_321' title='bbox 2242 1335 2425 1384; x_wconf 79' lang='lat' dir='ltr'>adiuncti„</span> <span class='ocrx_word' id='word_1_322' title='bbox 2440 1338 2603 1386; x_wconf 69' lang='lat' dir='ltr'>poenale</span> 
     </span>
     <span class='ocr_line' id='line_1_50' title="bbox 1539 1388 2603 1438; baseline 0.004 -14"><span class='ocrx_word' id='word_1_323' title='bbox 1539 1400 1644 1433; x_wconf 88' lang='lat' dir='ltr'>esse;</span> <span class='ocrx_word' id='word_1_324' title='bbox 1684 1396 1723 1425; x_wconf 92' lang='lat' dir='ltr'>ut</span> <span class='ocrx_word' id='word_1_325' title='bbox 1759 1401 1873 1437; x_wconf 86' lang='lat' dir='ltr'>supra</span> <span class='ocrx_word' id='word_1_326' title='bbox 1891 1388 1911 1410; x_wconf 71' lang='lat'>’¹‘</span> <span class='ocrx_word' id='word_1_327' title='bbox 1931 1388 2075 1426; x_wconf 90' lang='lat' dir='ltr'>dictum</span> <span class='ocrx_word' id='word_1_328' title='bbox 2113 1395 2190 1435; x_wconf 89' lang='lat' dir='ltr'>est,</span> <span class='ocrx_word' id='word_1_329' title='bbox 2229 1400 2318 1425; x_wconf 86' lang='lat' dir='ltr'>cum</span> <span class='ocrx_word' id='word_1_330' title='bbox 2355 1389 2403 1426; x_wconf 90' lang='lat' dir='ltr'>de</span> <span class='ocrx_word' id='word_1_331' title='bbox 2436 1390 2603 1438; x_wconf 78' lang='lat' dir='ltr'>peccatis</span> 
     </span>
     <span class='ocr_line' id='line_1_51' title="bbox 1539 1448 2602 1489; baseline 0.005 -12"><span class='ocrx_word' id='word_1_332' title='bbox 1539 1448 1722 1489; x_wconf 86' lang='lat' dir='ltr'>ageretur.</span> <span class='ocrx_word' id='word_1_333' title='bbox 2511 1457 2516 1462; x_wconf 93' lang='lat'>·</span> <span class='ocrx_word' id='word_1_334' title='bbox 2564 1458 2565 1461; x_wconf 49' lang='lat'>¹</span> <span class='ocrx_word' id='word_1_335' title='bbox 2596 1453 2602 1460; x_wconf 76' lang='lat'><strong><em>‘</em></strong></span> 
     </span>
    </p>
   </div>
   <div class='ocr_carea' id='block_1_12' title="bbox 1097 1521 1979 1556">
    <p class='ocr_par' dir='ltr' id='par_1_17' title="bbox 1097 1521 1979 1556">
     <span class='ocr_line' id='line_1_52' title="bbox 1097 1521 1979 1556; baseline 0.002 -2"><span class='ocrx_word' id='word_1_336' title='bbox 1097 1521 1430 1556; x_wconf 56' lang='lat' dir='ltr'>Commentariis.</span> <span class='ocrx_word' id='word_1_337' title='bbox 1453 1523 1706 1556; x_wconf 67' lang='lat' dir='ltr'>Cardjnalis</span> <span class='ocrx_word' id='word_1_338' title='bbox 1728 1523 1929 1556; x_wconf 71' lang='lat' dir='ltr'>Caietam·</span> <span class='ocrx_word' id='word_1_339' title='bbox 1972 1543 1979 1546; x_wconf 91' lang='lat'><em>-</em></span> 
     </span>
    </p>
   </div>
   <div class='ocr_carea' id='block_1_13' title="bbox 419 1586 1487 3574">
    <p class='ocr_par' dir='ltr' id='par_1_18' title="bbox 419 1586 1487 2371">
     <span class='ocr_line' id='line_1_53' title="bbox 451 1586 1484 1628; baseline 0.003 -11"><span class='ocrx_word' id='word_1_340' title='bbox 451 1597 472 1617; x_wconf 81' lang='lat' dir='ltr'>N</span> <span class='ocrx_word' id='word_1_341' title='bbox 495 1587 682 1628; x_wconf 82' lang='lat' dir='ltr'>quaestione</span> <span class='ocrx_word' id='word_1_342' title='bbox 705 1586 950 1627; x_wconf 84' lang='lat' dir='ltr'>trigesimasexta</span> <span class='ocrx_word' id='word_1_343' title='bbox 974 1588 1109 1618; x_wconf 91' lang='lat' dir='ltr'>dubium</span> <span class='ocrx_word' id='word_1_344' title='bbox 1132 1588 1261 1627; x_wconf 87' lang='lat' dir='ltr'>accidit,</span> <span class='ocrx_word' id='word_1_345' title='bbox 1286 1589 1319 1619; x_wconf 90' lang='lat' dir='ltr'>in</span> <span class='ocrx_word' id='word_1_346' title='bbox 1343 1590 1484 1620; x_wconf 91' lang='lat' dir='ltr'>secundo</span> 
     </span>
     <span class='ocr_line' id='line_1_54' title="bbox 426 1600 1487 1675; baseline 0.003 -14"><span class='ocrx_word' id='word_1_347' title='bbox 426 1600 597 1670; x_wconf 70' lang='lat' dir='ltr'>Ianiculo,</span> <span class='ocrx_word' id='word_1_348' title='bbox 614 1631 652 1662; x_wconf 91' lang='lat' dir='ltr'>de</span> <span class='ocrx_word' id='word_1_349' title='bbox 668 1631 799 1668; x_wconf 87' lang='lat' dir='ltr'>nemesi,</span> <span class='ocrx_word' id='word_1_350' title='bbox 815 1641 896 1672; x_wconf 87' lang='lat' dir='ltr'>quae</span> <span class='ocrx_word' id='word_1_351' title='bbox 911 1632 950 1662; x_wconf 86' lang='lat' dir='ltr'>ab</span> <span class='ocrx_word' id='word_1_352' title='bbox 974 1631 1042 1662; x_wconf 81' lang='lat' dir='ltr'>aliis</span> <span class='ocrx_word' id='word_1_353' title='bbox 1058 1640 1191 1663; x_wconf 88' lang='lat' dir='ltr'>vocatur</span> <span class='ocrx_word' id='word_1_354' title='bbox 1205 1633 1394 1674; x_wconf 83' lang='lat' dir='ltr'>indignatio:</span> <span class='ocrx_word' id='word_1_355' title='bbox 1412 1633 1487 1675; x_wconf 84' lang='lat' dir='ltr'>quia</span> 
     </span>
     <span class='ocr_line' id='line_1_55' title="bbox 421 1674 1486 1719; baseline 0.003 -13"><span class='ocrx_word' id='word_1_356' title='bbox 421 1685 493 1706; x_wconf 87' lang='lat' dir='ltr'>vere</span> <span class='ocrx_word' id='word_1_357' title='bbox 515 1675 670 1716; x_wconf 89' lang='lat' dir='ltr'>pertinere</span> <span class='ocrx_word' id='word_1_358' title='bbox 699 1676 822 1707; x_wconf 90' lang='lat' dir='ltr'>videtur</span> <span class='ocrx_word' id='word_1_359' title='bbox 845 1676 883 1706; x_wconf 88' lang='lat' dir='ltr'>ad</span> <span class='ocrx_word' id='word_1_360' title='bbox 907 1677 1011 1706; x_wconf 89' lang='lat' dir='ltr'>bonos</span> <span class='ocrx_word' id='word_1_361' title='bbox 1034 1685 1158 1713; x_wconf 91' lang='lat' dir='ltr'>mores;</span> <span class='ocrx_word' id='word_1_362' title='bbox 1190 1687 1247 1708; x_wconf 89' lang='lat' dir='ltr'>nec</span> <span class='ocrx_word' id='word_1_363' title='bbox 1270 1674 1430 1719; x_wconf 90' lang='lat' dir='ltr'>prohiberi</span> <span class='ocrx_word' id='word_1_364' title='bbox 1453 1678 1486 1708; x_wconf 89' lang='lat' dir='ltr'>in</span> 
     </span>
     <span class='ocr_line' id='line_1_56' title="bbox 422 1719 1486 1760; baseline 0.003 -10"><span class='ocrx_word' id='word_1_365' title='bbox 422 1720 565 1750; x_wconf 88' lang='lat' dir='ltr'>doctrina</span> <span class='ocrx_word' id='word_1_366' title='bbox 586 1719 670 1750; x_wconf 84' lang='lat' dir='ltr'>fidei.</span> <span class='ocrx_word' id='word_1_367' title='bbox 694 1720 838 1750; x_wconf 87' lang='lat' dir='ltr'>Primum</span> <span class='ocrx_word' id='word_1_368' title='bbox 861 1721 1014 1760; x_wconf 90' lang='lat' dir='ltr'>probatur</span> <span class='ocrx_word' id='word_1_369' title='bbox 1037 1721 1090 1751; x_wconf 91' lang='lat' dir='ltr'>sic.</span> <span class='ocrx_word' id='word_1_370' title='bbox 1116 1721 1200 1759; x_wconf 82' lang='lat' dir='ltr'>Quia</span> <span class='ocrx_word' id='word_1_371' title='bbox 1215 1722 1330 1753; x_wconf 87' lang='lat' dir='ltr'>tristari</span> <span class='ocrx_word' id='word_1_372' title='bbox 1353 1723 1392 1753; x_wconf 90' lang='lat' dir='ltr'>de</span> <span class='ocrx_word' id='word_1_373' title='bbox 1414 1732 1486 1753; x_wconf 87' lang='lat' dir='ltr'>vere</span> 
     </span>
     <span class='ocr_line' id='line_1_57' title="bbox 421 1765 1486 1804; baseline 0.003 -10"><span class='ocrx_word' id='word_1_374' title='bbox 421 1765 508 1802; x_wconf 85' lang='lat' dir='ltr'>malo</span> <span class='ocrx_word' id='word_1_375' title='bbox 532 1770 578 1795; x_wconf 92' lang='lat' dir='ltr'>est</span> <span class='ocrx_word' id='word_1_376' title='bbox 601 1770 688 1794; x_wconf 82' lang='lat' dir='ltr'>actus</span> <span class='ocrx_word' id='word_1_377' title='bbox 717 1765 821 1795; x_wconf 92' lang='lat' dir='ltr'>bonus</span> <span class='ocrx_word' id='word_1_378' title='bbox 845 1774 881 1794; x_wconf 86' lang='lat' dir='ltr'>ex</span> <span class='ocrx_word' id='word_1_379' title='bbox 903 1774 1016 1804; x_wconf 85' lang='lat' dir='ltr'>genere</span> <span class='ocrx_word' id='word_1_380' title='bbox 1039 1775 1110 1796; x_wconf 89' lang='lat' dir='ltr'>suo.</span> <span class='ocrx_word' id='word_1_381' title='bbox 1135 1766 1197 1796; x_wconf 93' lang='lat' dir='ltr'>Sed</span> <span class='ocrx_word' id='word_1_382' title='bbox 1213 1767 1348 1797; x_wconf 85' lang='lat' dir='ltr'>nemesis</span> <span class='ocrx_word' id='word_1_383' title='bbox 1372 1773 1419 1797; x_wconf 90' lang='lat' dir='ltr'>est</span> <span class='ocrx_word' id='word_1_384' title='bbox 1433 1767 1486 1797; x_wconf 88' lang='lat' dir='ltr'>tri-</span> 
     </span>
     <span class='ocr_line' id='line_1_58' title="bbox 421 1808 1483 1851; baseline 0.003 -13"><span class='ocrx_word' id='word_1_385' title='bbox 421 1808 504 1839; x_wconf 87' lang='lat' dir='ltr'>stitia</span> <span class='ocrx_word' id='word_1_386' title='bbox 526 1809 565 1838; x_wconf 88' lang='lat' dir='ltr'>de</span> <span class='ocrx_word' id='word_1_387' title='bbox 588 1818 660 1838; x_wconf 92' lang='lat' dir='ltr'>vere</span> <span class='ocrx_word' id='word_1_388' title='bbox 684 1809 783 1839; x_wconf 89' lang='lat' dir='ltr'>malo:</span> <span class='ocrx_word' id='word_1_389' title='bbox 814 1818 889 1838; x_wconf 86' lang='lat' dir='ltr'>narn</span> <span class='ocrx_word' id='word_1_390' title='bbox 916 1818 988 1839; x_wconf 90' lang='lat' dir='ltr'>vere</span> <span class='ocrx_word' id='word_1_391' title='bbox 1020 1810 1143 1840; x_wconf 90' lang='lat' dir='ltr'>malum</span> <span class='ocrx_word' id='word_1_392' title='bbox 1171 1817 1217 1841; x_wconf 91' lang='lat' dir='ltr'>est</span> <span class='ocrx_word' id='word_1_393' title='bbox 1243 1811 1332 1851; x_wconf 92' lang='lat' dir='ltr'>quod</span> <span class='ocrx_word' id='word_1_394' title='bbox 1361 1811 1483 1841; x_wconf 91' lang='lat' dir='ltr'>bonum</span> 
     </span>
     <span class='ocr_line' id='line_1_59' title="bbox 421 1852 1485 1896; baseline 0.003 -14"><span class='ocrx_word' id='word_1_395' title='bbox 421 1853 461 1882; x_wconf 89' lang='lat' dir='ltr'>sit</span> <span class='ocrx_word' id='word_1_396' title='bbox 483 1852 515 1882; x_wconf 90' lang='lat' dir='ltr'>in</span> <span class='ocrx_word' id='word_1_397' title='bbox 538 1852 680 1892; x_wconf 89' lang='lat' dir='ltr'>indigno.</span> <span class='ocrx_word' id='word_1_398' title='bbox 713 1853 863 1883; x_wconf 87' lang='lat' dir='ltr'>Dissonat</span> <span class='ocrx_word' id='word_1_399' title='bbox 894 1862 1034 1894; x_wconf 87' lang='lat' dir='ltr'>namque</span> <span class='ocrx_word' id='word_1_400' title='bbox 1057 1853 1171 1885; x_wconf 85' lang='lat' dir='ltr'>rationi</span> <span class='ocrx_word' id='word_1_401' title='bbox 1203 1854 1265 1885; x_wconf 92' lang='lat' dir='ltr'>hoc</span> <span class='ocrx_word' id='word_1_402' title='bbox 1289 1856 1378 1896; x_wconf 92' lang='lat' dir='ltr'>quod</span> <span class='ocrx_word' id='word_1_403' title='bbox 1403 1855 1485 1891; x_wconf 90' lang='lat' dir='ltr'>dico,</span> 
     </span>
     <span class='ocr_line' id='line_1_60' title="bbox 421 1897 1484 1938; baseline 0.003 -12"><span class='ocrx_word' id='word_1_404' title='bbox 421 1897 535 1927; x_wconf 87' lang='lat' dir='ltr'>bonum</span> <span class='ocrx_word' id='word_1_405' title='bbox 560 1897 712 1937; x_wconf 84' lang='lat' dir='ltr'>indigno:</span> <span class='ocrx_word' id='word_1_406' title='bbox 735 1897 815 1927; x_wconf 92' lang='lat' dir='ltr'>sicut</span> <span class='ocrx_word' id='word_1_407' title='bbox 831 1906 987 1929; x_wconf 88' lang='lat' dir='ltr'>consonat</span> <span class='ocrx_word' id='word_1_408' title='bbox 1007 1899 1204 1938; x_wconf 89' lang='lat' dir='ltr'>oppositum,</span> <span class='ocrx_word' id='word_1_409' title='bbox 1222 1899 1351 1938; x_wconf 84' lang='lat' dir='ltr'>scilicet,</span> <span class='ocrx_word' id='word_1_410' title='bbox 1368 1900 1484 1930; x_wconf 89' lang='lat' dir='ltr'>bonum</span> 
     </span>
     <span class='ocr_line' id='line_1_61' title="bbox 420 1941 1486 1981; baseline 0.003 -10"><span class='ocrx_word' id='word_1_411' title='bbox 420 1942 528 1981; x_wconf 83' lang='lat' dir='ltr'>digno.</span> <span class='ocrx_word' id='word_1_412' title='bbox 553 1941 594 1971; x_wconf 91' lang='lat' dir='ltr'>Et</span> <span class='ocrx_word' id='word_1_413' title='bbox 609 1941 681 1972; x_wconf 90' lang='lat' dir='ltr'>licet</span> <span class='ocrx_word' id='word_1_414' title='bbox 697 1941 881 1972; x_wconf 85' lang='lat' dir='ltr'>huiusmodi</span> <span class='ocrx_word' id='word_1_415' title='bbox 897 1943 1020 1973; x_wconf 91' lang='lat' dir='ltr'>bonum</span> <span class='ocrx_word' id='word_1_416' title='bbox 1037 1953 1209 1973; x_wconf 89' lang='lat' dir='ltr'>commune</span> <span class='ocrx_word' id='word_1_417' title='bbox 1233 1944 1326 1974; x_wconf 92' lang='lat' dir='ltr'>bonis</span> <span class='ocrx_word' id='word_1_418' title='bbox 1349 1950 1380 1974; x_wconf 91' lang='lat' dir='ltr'>et</span> <span class='ocrx_word' id='word_1_419' title='bbox 1395 1943 1486 1974; x_wconf 89' lang='lat' dir='ltr'>malis</span> 
     </span>
     <span class='ocr_line' id='line_1_62' title="bbox 421 1986 1487 2028; baseline 0.003 -13"><span class='ocrx_word' id='word_1_420' title='bbox 421 1986 459 2016; x_wconf 90' lang='lat' dir='ltr'>sit</span> <span class='ocrx_word' id='word_1_421' title='bbox 476 1995 620 2025; x_wconf 88' lang='lat' dir='ltr'>parvum,</span> <span class='ocrx_word' id='word_1_422' title='bbox 638 1986 768 2026; x_wconf 82' lang='lat' dir='ltr'>aliquod</span> <span class='ocrx_word' id='word_1_423' title='bbox 791 1993 898 2016; x_wconf 86' lang='lat' dir='ltr'>tamen</span> <span class='ocrx_word' id='word_1_424' title='bbox 914 1987 1037 2017; x_wconf 88' lang='lat' dir='ltr'>bonum</span> <span class='ocrx_word' id='word_1_425' title='bbox 1061 1994 1116 2023; x_wconf 92' lang='lat' dir='ltr'>est,</span> <span class='ocrx_word' id='word_1_426' title='bbox 1135 1994 1165 2018; x_wconf 88' lang='lat' dir='ltr'>et</span> <span class='ocrx_word' id='word_1_427' title='bbox 1180 1994 1304 2018; x_wconf 90' lang='lat' dir='ltr'>tantum</span> <span class='ocrx_word' id='word_1_428' title='bbox 1328 1995 1364 2019; x_wconf 90' lang='lat' dir='ltr'>ut</span> <span class='ocrx_word' id='word_1_429' title='bbox 1378 1987 1487 2028; x_wconf 86' lang='lat' dir='ltr'>gaudii</span> 
     </span>
     <span class='ocr_line' id='line_1_63' title="bbox 421 2029 1487 2063; baseline 0.003 -4"><span class='ocrx_word' id='word_1_430' title='bbox 421 2037 451 2060; x_wconf 91' lang='lat' dir='ltr'>et</span> <span class='ocrx_word' id='word_1_431' title='bbox 473 2029 615 2060; x_wconf 81' lang='lat' dir='ltr'>tristitiae</span> <span class='ocrx_word' id='word_1_432' title='bbox 639 2029 796 2061; x_wconf 86' lang='lat' dir='ltr'>humanae</span> <span class='ocrx_word' id='word_1_433' title='bbox 828 2031 957 2061; x_wconf 87' lang='lat' dir='ltr'>materia</span> <span class='ocrx_word' id='word_1_434' title='bbox 981 2031 1030 2062; x_wconf 88' lang='lat' dir='ltr'>sit.</span> <span class='ocrx_word' id='word_1_435' title='bbox 1054 2049 1076 2054; x_wconf 98' lang='lat'>-</span> <span class='ocrx_word' id='word_1_436' title='bbox 1098 2033 1164 2062; x_wconf 88' lang='lat' dir='ltr'>Nec</span> <span class='ocrx_word' id='word_1_437' title='bbox 1188 2030 1294 2063; x_wconf 83' lang='lat' dir='ltr'>obstat</span> <span class='ocrx_word' id='word_1_438' title='bbox 1315 2032 1340 2062; x_wconf 91' lang='lat' dir='ltr'>si</span> <span class='ocrx_word' id='word_1_439' title='bbox 1365 2032 1487 2063; x_wconf 86' lang='lat' dir='ltr'>dicatur</span> 
     </span>
     <span class='ocr_line' id='line_1_64' title="bbox 421 2074 1486 2115; baseline 0.004 -12"><span class='ocrx_word' id='word_1_440' title='bbox 421 2074 520 2114; x_wconf 91' lang='lat' dir='ltr'>quod,</span> <span class='ocrx_word' id='word_1_441' title='bbox 536 2074 609 2105; x_wconf 93' lang='lat' dir='ltr'>licet</span> <span class='ocrx_word' id='word_1_442' title='bbox 631 2075 755 2104; x_wconf 90' lang='lat' dir='ltr'>bonum</span> <span class='ocrx_word' id='word_1_443' title='bbox 771 2075 903 2115; x_wconf 86' lang='lat' dir='ltr'>indigno</span> <span class='ocrx_word' id='word_1_444' title='bbox 928 2076 1078 2112; x_wconf 83' lang='lat' dir='ltr'>dissonet,</span> <span class='ocrx_word' id='word_1_445' title='bbox 1098 2083 1204 2107; x_wconf 89' lang='lat' dir='ltr'>tamen</span> <span class='ocrx_word' id='word_1_446' title='bbox 1220 2077 1343 2107; x_wconf 89' lang='lat' dir='ltr'>bonum</span> <span class='ocrx_word' id='word_1_447' title='bbox 1363 2077 1401 2107; x_wconf 84' lang='lat' dir='ltr'>ad</span> <span class='ocrx_word' id='word_1_448' title='bbox 1419 2086 1486 2108; x_wconf 90' lang='lat' dir='ltr'>cor-</span> 
     </span>
     <span class='ocr_line' id='line_1_65' title="bbox 420 2118 1484 2160; baseline 0.003 -12"><span class='ocrx_word' id='word_1_449' title='bbox 420 2118 594 2149; x_wconf 86' lang='lat' dir='ltr'>rectionem</span> <span class='ocrx_word' id='word_1_450' title='bbox 618 2119 667 2148; x_wconf 89' lang='lat' dir='ltr'>vel</span> <span class='ocrx_word' id='word_1_451' title='bbox 691 2119 940 2157; x_wconf 79' lang='lat' dir='ltr'>damnationem,</span> <span class='ocrx_word' id='word_1_452' title='bbox 964 2130 1019 2150; x_wconf 89' lang='lat' dir='ltr'>seu</span> <span class='ocrx_word' id='word_1_453' title='bbox 1044 2120 1175 2160; x_wconf 86' lang='lat' dir='ltr'>aliquod</span> <span class='ocrx_word' id='word_1_454' title='bbox 1198 2121 1394 2157; x_wconf 87' lang='lat' dir='ltr'>huiusmodi,</span> <span class='ocrx_word' id='word_1_455' title='bbox 1419 2131 1484 2151; x_wconf 91' lang='lat' dir='ltr'>non</span> 
     </span>
     <span class='ocr_line' id='line_1_66' title="bbox 421 2162 1486 2202; baseline 0.003 -10"><span class='ocrx_word' id='word_1_456' title='bbox 421 2163 563 2194; x_wconf 84' lang='lat' dir='ltr'>dissonat</span> <span class='ocrx_word' id='word_1_457' title='bbox 586 2162 729 2202; x_wconf 83' lang='lat' dir='ltr'>indigno.</span> <span class='ocrx_word' id='word_1_458' title='bbox 753 2164 840 2194; x_wconf 82' lang='lat' dir='ltr'>Haec</span> <span class='ocrx_word' id='word_1_459' title='bbox 863 2164 947 2194; x_wconf 89' lang='lat' dir='ltr'>enim</span> <span class='ocrx_word' id='word_1_460' title='bbox 965 2165 1136 2196; x_wconf 85' lang='lat' dir='ltr'>accidentia</span> <span class='ocrx_word' id='word_1_461' title='bbox 1160 2172 1234 2196; x_wconf 92' lang='lat' dir='ltr'>sunt</span> <span class='ocrx_word' id='word_1_462' title='bbox 1249 2165 1320 2196; x_wconf 80' lang='lat' dir='ltr'>talis</span> <span class='ocrx_word' id='word_1_463' title='bbox 1343 2165 1420 2195; x_wconf 92' lang='lat' dir='ltr'>boni</span> <span class='ocrx_word' id='word_1_464' title='bbox 1439 2165 1486 2195; x_wconf 89' lang='lat' dir='ltr'>in-</span> 
     </span>
     <span class='ocr_line' id='line_1_67' title="bbox 421 2207 1485 2247; baseline 0.004 -11"><span class='ocrx_word' id='word_1_465' title='bbox 421 2207 532 2247; x_wconf 89' lang='lat' dir='ltr'>digno:</span> <span class='ocrx_word' id='word_1_466' title='bbox 558 2217 661 2238; x_wconf 91' lang='lat' dir='ltr'>sermo</span> <span class='ocrx_word' id='word_1_467' title='bbox 687 2215 792 2238; x_wconf 81' lang='lat' dir='ltr'>autem</span> <span class='ocrx_word' id='word_1_468' title='bbox 810 2208 992 2239; x_wconf 88' lang='lat' dir='ltr'>doctrinalis</span> <span class='ocrx_word' id='word_1_469' title='bbox 1012 2209 1154 2239; x_wconf 87' lang='lat' dir='ltr'>formalis</span> <span class='ocrx_word' id='word_1_470' title='bbox 1178 2216 1233 2246; x_wconf 88' lang='lat' dir='ltr'>est,</span> <span class='ocrx_word' id='word_1_471' title='bbox 1255 2217 1285 2240; x_wconf 92' lang='lat' dir='ltr'>et</span> <span class='ocrx_word' id='word_1_472' title='bbox 1309 2210 1347 2240; x_wconf 90' lang='lat' dir='ltr'>de</span> <span class='ocrx_word' id='word_1_473' title='bbox 1362 2209 1485 2240; x_wconf 84' lang='lat' dir='ltr'>tristitia</span> 
     </span>
     <span class='ocr_line' id='line_1_68' title="bbox 420 2251 1485 2293; baseline 0.003 -12"><span class='ocrx_word' id='word_1_474' title='bbox 420 2252 459 2282; x_wconf 90' lang='lat' dir='ltr'>de</span> <span class='ocrx_word' id='word_1_475' title='bbox 482 2252 569 2282; x_wconf 90' lang='lat' dir='ltr'>bono</span> <span class='ocrx_word' id='word_1_476' title='bbox 586 2251 707 2291; x_wconf 83' lang='lat' dir='ltr'>indigni</span> <span class='ocrx_word' id='word_1_477' title='bbox 726 2259 762 2283; x_wconf 88' lang='lat' dir='ltr'>ut</span> <span class='ocrx_word' id='word_1_478' title='bbox 783 2253 826 2283; x_wconf 91' lang='lat' dir='ltr'>sic</span> <span class='ocrx_word' id='word_1_479' title='bbox 845 2253 989 2293; x_wconf 84' lang='lat' dir='ltr'>quaestio</span> <span class='ocrx_word' id='word_1_480' title='bbox 1012 2261 1067 2284; x_wconf 89' lang='lat' dir='ltr'>est.</span> <span class='ocrx_word' id='word_1_481' title='bbox 1093 2254 1184 2284; x_wconf 86' lang='lat' dir='ltr'>Hanc</span> <span class='ocrx_word' id='word_1_482' title='bbox 1199 2253 1284 2284; x_wconf 89' lang='lat' dir='ltr'>enim</span> <span class='ocrx_word' id='word_1_483' title='bbox 1300 2254 1485 2284; x_wconf 80' lang='lat' dir='ltr'>Aristoteles</span> 
     </span>
     <span class='ocr_line' id='line_1_69' title="bbox 420 2296 1486 2338; baseline 0.004 -13"><span class='ocrx_word' id='word_1_484' title='bbox 420 2296 459 2325; x_wconf 86' lang='lat' dir='ltr'>ad</span> <span class='ocrx_word' id='word_1_485' title='bbox 483 2297 586 2326; x_wconf 91' lang='lat' dir='ltr'>bonos</span> <span class='ocrx_word' id='word_1_486' title='bbox 610 2306 715 2327; x_wconf 91' lang='lat' dir='ltr'>mores</span> <span class='ocrx_word' id='word_1_487' title='bbox 739 2297 903 2337; x_wconf 86' lang='lat' dir='ltr'>pertinere,</span> <span class='ocrx_word' id='word_1_488' title='bbox 928 2305 959 2328; x_wconf 90' lang='lat' dir='ltr'>et</span> <span class='ocrx_word' id='word_1_489' title='bbox 983 2300 1104 2328; x_wconf 88' lang='lat' dir='ltr'>Auctor</span> <span class='ocrx_word' id='word_1_490' title='bbox 1127 2298 1286 2338; x_wconf 90' lang='lat' dir='ltr'>prohiberi</span> <span class='ocrx_word' id='word_1_491' title='bbox 1310 2308 1328 2329; x_wconf 84' lang='lat' dir='ltr'>a</span> <span class='ocrx_word' id='word_1_492' title='bbox 1344 2298 1486 2329; x_wconf 80' lang='lat' dir='ltr'>doctrina</span> 
     </span>
     <span class='ocr_line' id='line_1_70' title="bbox 419 2339 661 2371; baseline 0.004 -1"><span class='ocrx_word' id='word_1_493' title='bbox 419 2339 494 2370; x_wconf 88' lang='lat' dir='ltr'>fidei</span> <span class='ocrx_word' id='word_1_494' title='bbox 517 2340 661 2371; x_wconf 87' lang='lat' dir='ltr'>affirmat.</span> 
     </span>
    </p>

    <p class='ocr_par' dir='ltr' id='par_1_19' title="bbox 419 2383 1486 2602">
     <span class='ocr_line' id='line_1_71' title="bbox 474 2383 1485 2427; baseline 0.002 -13"><span class='ocrx_word' id='word_1_495' title='bbox 474 2383 657 2415; x_wconf 89' lang='lat' dir='ltr'>Secundum</span> <span class='ocrx_word' id='word_1_496' title='bbox 677 2391 783 2415; x_wconf 86' lang='lat' dir='ltr'>autem</span> <span class='ocrx_word' id='word_1_497' title='bbox 803 2385 986 2417; x_wconf 82' lang='lat' dir='ltr'>declaratur.</span> <span class='ocrx_word' id='word_1_498' title='bbox 1012 2385 1097 2422; x_wconf 87' lang='lat' dir='ltr'>Quia</span> <span class='ocrx_word' id='word_1_499' title='bbox 1112 2385 1284 2417; x_wconf 83' lang='lat' dir='ltr'>aemulatio</span> <span class='ocrx_word' id='word_1_500' title='bbox 1298 2385 1485 2427; x_wconf 84' lang='lat' dir='ltr'>iniquorum</span> 
     </span>
     <span class='ocr_line' id='line_1_72' title="bbox 420 2427 1486 2471; baseline 0.003 -13"><span class='ocrx_word' id='word_1_501' title='bbox 420 2427 578 2467; x_wconf 87' lang='lat' dir='ltr'>prohibita</span> <span class='ocrx_word' id='word_1_502' title='bbox 601 2428 634 2458; x_wconf 92' lang='lat' dir='ltr'>in</span> <span class='ocrx_word' id='word_1_503' title='bbox 657 2428 816 2469; x_wconf 85' lang='lat' dir='ltr'>Scriptura</span> <span class='ocrx_word' id='word_1_504' title='bbox 839 2429 1042 2468; x_wconf 85' lang='lat' dir='ltr'>intelligenda</span> <span class='ocrx_word' id='word_1_505' title='bbox 1067 2436 1113 2460; x_wconf 88' lang='lat' dir='ltr'>est</span> <span class='ocrx_word' id='word_1_506' title='bbox 1136 2437 1172 2460; x_wconf 90' lang='lat' dir='ltr'>ut</span> <span class='ocrx_word' id='word_1_507' title='bbox 1187 2430 1226 2460; x_wconf 91' lang='lat' dir='ltr'>ab</span> <span class='ocrx_word' id='word_1_508' title='bbox 1249 2430 1385 2471; x_wconf 87' lang='lat' dir='ltr'>ipsamet</span> <span class='ocrx_word' id='word_1_509' title='bbox 1405 2430 1486 2461; x_wconf 90' lang='lat' dir='ltr'>Scri-</span> 
     </span>
     <span class='ocr_line' id='line_1_73' title="bbox 420 2473 1484 2512; baseline 0.003 -10"><span class='ocrx_word' id='word_1_510' title='bbox 420 2479 513 2512; x_wconf 87' lang='lat' dir='ltr'>ptura</span> <span class='ocrx_word' id='word_1_511' title='bbox 537 2473 721 2509; x_wconf 87' lang='lat' dir='ltr'>declaratur,</span> <span class='ocrx_word' id='word_1_512' title='bbox 740 2483 814 2504; x_wconf 91' lang='lat' dir='ltr'>cum</span> <span class='ocrx_word' id='word_1_513' title='bbox 837 2473 1028 2504; x_wconf 88' lang='lat' dir='ltr'>subditur*:</span> <span class='ocrx_word' id='word_1_514' title='bbox 1052 2473 1129 2504; x_wconf 84' lang='lat' dir='ltr'>Noli</span> <span class='ocrx_word' id='word_1_515' title='bbox 1151 2474 1312 2504; x_wconf 84' lang='lat' dir='ltr'>aemulari</span> <span class='ocrx_word' id='word_1_516' title='bbox 1335 2479 1370 2504; x_wconf 88' lang='lat' dir='ltr'>ut</span> <span class='ocrx_word' id='word_1_517' title='bbox 1393 2475 1484 2505; x_wconf 86' lang='lat' dir='ltr'>mali-</span> 
     </span>
     <span class='ocr_line' id='line_1_74' title="bbox 419 2517 1484 2559; baseline 0.002 -12"><span class='ocrx_word' id='word_1_518' title='bbox 419 2518 550 2557; x_wconf 82' lang='lat' dir='ltr'>gneris:</span> <span class='ocrx_word' id='word_1_519' title='bbox 573 2526 610 2547; x_wconf 86' lang='lat' dir='ltr'>ac</span> <span class='ocrx_word' id='word_1_520' title='bbox 632 2517 658 2546; x_wconf 87' lang='lat' dir='ltr'>si</span> <span class='ocrx_word' id='word_1_521' title='bbox 682 2517 813 2548; x_wconf 84' lang='lat' dir='ltr'>diceret:</span> <span class='ocrx_word' id='word_1_522' title='bbox 838 2518 915 2548; x_wconf 87' lang='lat' dir='ltr'>Noli</span> <span class='ocrx_word' id='word_1_523' title='bbox 935 2517 1096 2548; x_wconf 77' lang='lat' dir='ltr'>aemulari</span> <span class='ocrx_word' id='word_1_524' title='bbox 1113 2519 1161 2549; x_wconf 88' lang='lat' dir='ltr'>sic</span> <span class='ocrx_word' id='word_1_525' title='bbox 1183 2523 1219 2548; x_wconf 82' lang='lat' dir='ltr'>ut</span> <span class='ocrx_word' id='word_1_526' title='bbox 1233 2519 1312 2549; x_wconf 84' lang='lat' dir='ltr'>velis</span> <span class='ocrx_word' id='word_1_527' title='bbox 1319 2518 1402 2559; x_wconf 86' lang='lat' dir='ltr'>fieri</span> <span class='ocrx_word' id='word_1_528' title='bbox 1417 2529 1484 2549; x_wconf 86' lang='lat' dir='ltr'>ma—</span> 
     </span>
     <span class='ocr_line' id='line_1_75' title="bbox 419 2562 1137 2602; baseline 0 -10"><span class='ocrx_word' id='word_1_529' title='bbox 419 2562 472 2592; x_wconf 86' lang='lat' dir='ltr'>lus</span> <span class='ocrx_word' id='word_1_530' title='bbox 495 2567 530 2592; x_wconf 86' lang='lat' dir='ltr'>ut</span> <span class='ocrx_word' id='word_1_531' title='bbox 551 2562 669 2592; x_wconf 83' lang='lat' dir='ltr'>habeas</span> <span class='ocrx_word' id='word_1_532' title='bbox 691 2562 773 2592; x_wconf 86' lang='lat' dir='ltr'>bona</span> <span class='ocrx_word' id='word_1_533' title='bbox 796 2572 879 2602; x_wconf 86' lang='lat' dir='ltr'>quae</span> <span class='ocrx_word' id='word_1_534' title='bbox 900 2562 1017 2593; x_wconf 83' lang='lat' dir='ltr'>habent</span> <span class='ocrx_word' id='word_1_535' title='bbox 1039 2562 1137 2602; x_wconf 84' lang='lat' dir='ltr'>impii.</span> 
     </span>
    </p>

    <p class='ocr_par' dir='ltr' id='par_1_20' title="bbox 475 2605 1272 2646">
     <span class='ocr_line' id='line_1_76' title="bbox 475 2605 1272 2646; baseline 0.001 -11"><span class='ocrx_word' id='word_1_536' title='bbox 475 2605 510 2635; x_wconf 90' lang='lat' dir='ltr'>In</span> <span class='ocrx_word' id='word_1_537' title='bbox 534 2605 723 2646; x_wconf 89' lang='lat' dir='ltr'>oppositum</span> <span class='ocrx_word' id='word_1_538' title='bbox 746 2613 854 2637; x_wconf 87' lang='lat' dir='ltr'>autem</span> <span class='ocrx_word' id='word_1_539' title='bbox 877 2613 925 2636; x_wconf 91' lang='lat' dir='ltr'>est</span> <span class='ocrx_word' id='word_1_540' title='bbox 948 2606 1090 2637; x_wconf 86' lang='lat' dir='ltr'>doctrina</span> <span class='ocrx_word' id='word_1_541' title='bbox 1113 2605 1272 2636; x_wconf 85' lang='lat' dir='ltr'>Auctoris.</span> 
     </span>
    </p>

    <p class='ocr_par' dir='ltr' id='par_1_21' title="bbox 419 2649 1487 3487">
     <span class='ocr_line' id='line_1_77' title="bbox 474 2649 1484 2691; baseline 0.001 -12"><span class='ocrx_word' id='word_1_542' title='bbox 474 2649 512 2680; x_wconf 89' lang='lat'>11.</span> <span class='ocrx_word' id='word_1_543' title='bbox 537 2649 588 2680; x_wconf 87' lang='lat' dir='ltr'>Ad</span> <span class='ocrx_word' id='word_1_544' title='bbox 602 2650 664 2681; x_wconf 92' lang='lat' dir='ltr'>hoc</span> <span class='ocrx_word' id='word_1_545' title='bbox 695 2650 809 2681; x_wconf 90' lang='lat' dir='ltr'>dicitur</span> <span class='ocrx_word' id='word_1_546' title='bbox 827 2651 916 2691; x_wconf 92' lang='lat' dir='ltr'>quod</span> <span class='ocrx_word' id='word_1_547' title='bbox 936 2651 1018 2682; x_wconf 89' lang='lat' dir='ltr'>sicut</span> <span class='ocrx_word' id='word_1_548' title='bbox 1036 2649 1190 2690; x_wconf 87' lang='lat' dir='ltr'>proiectio</span> <span class='ocrx_word' id='word_1_549' title='bbox 1210 2649 1323 2680; x_wconf 89' lang='lat' dir='ltr'>mercis</span> <span class='ocrx_word' id='word_1_550' title='bbox 1341 2649 1374 2680; x_wconf 91' lang='lat' dir='ltr'>in</span> <span class='ocrx_word' id='word_1_551' title='bbox 1398 2660 1484 2681; x_wconf 87' lang='lat' dir='ltr'>mare</span> 
     </span>
     <span class='ocr_line' id='line_1_78' title="bbox 419 2694 1485 2736; baseline 0.002 -13"><span class='ocrx_word' id='word_1_552' title='bbox 419 2699 525 2734; x_wconf 89' lang='lat' dir='ltr'>potest</span> <span class='ocrx_word' id='word_1_553' title='bbox 546 2694 736 2725; x_wconf 86' lang='lat' dir='ltr'>considerari</span> <span class='ocrx_word' id='word_1_554' title='bbox 761 2694 936 2736; x_wconf 88' lang='lat' dir='ltr'>dupliciter,</span> <span class='ocrx_word' id='word_1_555' title='bbox 967 2694 1084 2725; x_wconf 88' lang='lat' dir='ltr'>scilicet</span> <span class='ocrx_word' id='word_1_556' title='bbox 1114 2694 1291 2725; x_wconf 89' lang='lat' dir='ltr'>secundum</span> <span class='ocrx_word' id='word_1_557' title='bbox 1314 2704 1362 2731; x_wconf 89' lang='lat' dir='ltr'>se,</span> <span class='ocrx_word' id='word_1_558' title='bbox 1388 2701 1419 2725; x_wconf 89' lang='lat' dir='ltr'>et</span> <span class='ocrx_word' id='word_1_559' title='bbox 1441 2694 1485 2725; x_wconf 87' lang='lat' dir='ltr'>sic</span> 
     </span>
     <span class='ocr_line' id='line_1_79' title="bbox 419 2737 1485 2778; baseline 0.002 -10"><span class='ocrx_word' id='word_1_560' title='bbox 419 2737 513 2769; x_wconf 88' lang='lat' dir='ltr'>habet</span> <span class='ocrx_word' id='word_1_561' title='bbox 539 2739 696 2769; x_wconf 89' lang='lat' dir='ltr'>rationem</span> <span class='ocrx_word' id='word_1_562' title='bbox 724 2739 799 2770; x_wconf 85' lang='lat' dir='ltr'>mali</span> <span class='ocrx_word' id='word_1_563' title='bbox 830 2746 861 2770; x_wconf 91' lang='lat' dir='ltr'>et</span> <span class='ocrx_word' id='word_1_564' title='bbox 884 2738 1114 2775; x_wconf 89' lang='lat' dir='ltr'>contristantis;</span> <span class='ocrx_word' id='word_1_565' title='bbox 1145 2745 1176 2769; x_wconf 91' lang='lat' dir='ltr'>et</span> <span class='ocrx_word' id='word_1_566' title='bbox 1199 2738 1397 2778; x_wconf 87' lang='lat' dir='ltr'>simpliciter,</span> <span class='ocrx_word' id='word_1_567' title='bbox 1422 2738 1485 2770; x_wconf 90' lang='lat' dir='ltr'>hoc</span> 
     </span>
     <span class='ocr_line' id='line_1_80' title="bbox 420 2782 1487 2819; baseline 0.001 -7"><span class='ocrx_word' id='word_1_568' title='bbox 420 2789 466 2812; x_wconf 92' lang='lat' dir='ltr'>est</span> <span class='ocrx_word' id='word_1_569' title='bbox 488 2783 640 2814; x_wconf 86' lang='lat' dir='ltr'>omnibus</span> <span class='ocrx_word' id='word_1_570' title='bbox 663 2783 868 2814; x_wconf 86' lang='lat' dir='ltr'>consideratis</span> <span class='ocrx_word' id='word_1_571' title='bbox 892 2783 1145 2819; x_wconf 88' lang='lat' dir='ltr'>circumstantiis,</span> <span class='ocrx_word' id='word_1_572' title='bbox 1163 2790 1194 2814; x_wconf 86' lang='lat' dir='ltr'>et</span> <span class='ocrx_word' id='word_1_573' title='bbox 1217 2782 1261 2813; x_wconf 88' lang='lat' dir='ltr'>sic</span> <span class='ocrx_word' id='word_1_574' title='bbox 1275 2782 1371 2814; x_wconf 86' lang='lat' dir='ltr'>habet</span> <span class='ocrx_word' id='word_1_575' title='bbox 1392 2783 1487 2813; x_wconf 89' lang='lat' dir='ltr'>ratio-</span> 
     </span>
     <span class='ocr_line' id='line_1_81' title="bbox 419 2827 1485 2869; baseline 0.001 -13"><span class='ocrx_word' id='word_1_576' title='bbox 419 2836 494 2857; x_wconf 87' lang='lat' dir='ltr'>nem</span> <span class='ocrx_word' id='word_1_577' title='bbox 516 2828 593 2858; x_wconf 90' lang='lat' dir='ltr'>boni</span> <span class='ocrx_word' id='word_1_578' title='bbox 617 2834 647 2859; x_wconf 87' lang='lat' dir='ltr'>et</span> <span class='ocrx_word' id='word_1_579' title='bbox 670 2828 858 2869; x_wconf 85' lang='lat' dir='ltr'>appetibilis,</span> <span class='ocrx_word' id='word_1_580' title='bbox 883 2835 919 2859; x_wconf 92' lang='lat' dir='ltr'>ut</span> <span class='ocrx_word' id='word_1_581' title='bbox 942 2828 1079 2858; x_wconf 88' lang='lat' dir='ltr'>salvetur</span> <span class='ocrx_word' id='word_1_582' title='bbox 1101 2827 1180 2858; x_wconf 86' lang='lat' dir='ltr'>vita:</span> <span class='ocrx_word' id='word_1_583' title='bbox 1203 2827 1247 2859; x_wconf 87' lang='lat' dir='ltr'>ita</span> <span class='ocrx_word' id='word_1_584' title='bbox 1262 2827 1386 2858; x_wconf 87' lang='lat' dir='ltr'>bonurn</span> <span class='ocrx_word' id='word_1_585' title='bbox 1405 2827 1485 2858; x_wconf 88' lang='lat' dir='ltr'>indi-</span> 
     </span>
     <span class='ocr_line' id='line_1_82' title="bbox 419 2871 1486 2912; baseline 0.002 -11"><span class='ocrx_word' id='word_1_586' title='bbox 419 2871 472 2911; x_wconf 87' lang='lat' dir='ltr'>gni</span> <span class='ocrx_word' id='word_1_587' title='bbox 495 2879 601 2911; x_wconf 86' lang='lat' dir='ltr'>potest</span> <span class='ocrx_word' id='word_1_588' title='bbox 623 2873 789 2912; x_wconf 88' lang='lat' dir='ltr'>dupliciter</span> <span class='ocrx_word' id='word_1_589' title='bbox 812 2872 1011 2904; x_wconf 80' lang='lat' dir='ltr'>considerari.</span> <span class='ocrx_word' id='word_1_590' title='bbox 1034 2871 1154 2908; x_wconf 87' lang='lat' dir='ltr'>Primo,</span> <span class='ocrx_word' id='word_1_591' title='bbox 1178 2872 1355 2903; x_wconf 86' lang='lat' dir='ltr'>secundum</span> <span class='ocrx_word' id='word_1_592' title='bbox 1377 2881 1421 2902; x_wconf 89' lang='lat' dir='ltr'>se.</span> <span class='ocrx_word' id='word_1_593' title='bbox 1445 2871 1486 2903; x_wconf 92' lang='lat' dir='ltr'>Et</span> 
     </span>
     <span class='ocr_line' id='line_1_83' title="bbox 420 2915 1484 2957; baseline 0.001 -12"><span class='ocrx_word' id='word_1_594' title='bbox 420 2915 463 2946; x_wconf 88' lang='lat' dir='ltr'>sic</span> <span class='ocrx_word' id='word_1_595' title='bbox 483 2915 576 2947; x_wconf 85' lang='lat' dir='ltr'>habet</span> <span class='ocrx_word' id='word_1_596' title='bbox 592 2917 745 2948; x_wconf 86' lang='lat' dir='ltr'>rationem</span> <span class='ocrx_word' id='word_1_597' title='bbox 763 2917 849 2953; x_wconf 88' lang='lat' dir='ltr'>mali,</span> <span class='ocrx_word' id='word_1_598' title='bbox 867 2927 925 2956; x_wconf 91' lang='lat' dir='ltr'>pro</span> <span class='ocrx_word' id='word_1_599' title='bbox 942 2923 1063 2957; x_wconf 89' lang='lat' dir='ltr'>quanto</span> <span class='ocrx_word' id='word_1_600' title='bbox 1079 2916 1174 2947; x_wconf 86' lang='lat' dir='ltr'>habet</span> <span class='ocrx_word' id='word_1_601' title='bbox 1188 2916 1345 2946; x_wconf 87' lang='lat' dir='ltr'>rationem</span> <span class='ocrx_word' id='word_1_602' title='bbox 1359 2915 1484 2947; x_wconf 90' lang='lat' dir='ltr'>iniusti:</span> 
     </span>
     <span class='ocr_line' id='line_1_84' title="bbox 421 2959 1485 3002; baseline 0.001 -13"><span class='ocrx_word' id='word_1_603' title='bbox 421 2969 485 2990; x_wconf 89' lang='lat' dir='ltr'>non</span> <span class='ocrx_word' id='word_1_604' title='bbox 510 2970 546 2990; x_wconf 84' lang='lat' dir='ltr'>eu</span> <span class='ocrx_word' id='word_1_605' title='bbox 570 2961 690 2991; x_wconf 85' lang='lat' dir='ltr'>ratione</span> <span class='ocrx_word' id='word_1_606' title='bbox 722 2971 785 3002; x_wconf 87' lang='lat' dir='ltr'>qua</span> <span class='ocrx_word' id='word_1_607' title='bbox 813 2961 966 2991; x_wconf 88' lang='lat' dir='ltr'>iniustum</span> <span class='ocrx_word' id='word_1_608' title='bbox 996 2961 1111 2991; x_wconf 88' lang='lat' dir='ltr'>dicitur</span> <span class='ocrx_word' id='word_1_609' title='bbox 1139 2959 1260 2990; x_wconf 89' lang='lat' dir='ltr'>malum</span> <span class='ocrx_word' id='word_1_610' title='bbox 1291 2960 1401 3000; x_wconf 85' lang='lat' dir='ltr'>culpae</span> <span class='ocrx_word' id='word_1_611' title='bbox 1431 2966 1485 2990; x_wconf 86' lang='lat' dir='ltr'>aut</span> 
     </span>
     <span class='ocr_line' id='line_1_85' title="bbox 421 3004 1485 3046; baseline -0.001 -11"><span class='ocrx_word' id='word_1_612' title='bbox 421 3013 544 3043; x_wconf 89' lang='lat' dir='ltr'>poenae</span> <span class='ocrx_word' id='word_1_613' title='bbox 568 3005 654 3046; x_wconf 79' lang='lat' dir='ltr'>(quia</span> <span class='ocrx_word' id='word_1_614' title='bbox 673 3015 729 3035; x_wconf 89' lang='lat' dir='ltr'>nec</span> <span class='ocrx_word' id='word_1_615' title='bbox 754 3005 847 3045; x_wconf 84' lang='lat' dir='ltr'>culpa</span> <span class='ocrx_word' id='word_1_616' title='bbox 866 3012 912 3036; x_wconf 90' lang='lat' dir='ltr'>est</span> <span class='ocrx_word' id='word_1_617' title='bbox 941 3015 999 3035; x_wconf 88' lang='lat' dir='ltr'>nec</span> <span class='ocrx_word' id='word_1_618' title='bbox 1015 3014 1120 3045; x_wconf 87' lang='lat' dir='ltr'>poena</span> <span class='ocrx_word' id='word_1_619' title='bbox 1142 3004 1285 3040; x_wconf 88' lang='lat' dir='ltr'>habenti;</span> <span class='ocrx_word' id='word_1_620' title='bbox 1310 3013 1368 3034; x_wconf 90' lang='lat' dir='ltr'>nec</span> <span class='ocrx_word' id='word_1_621' title='bbox 1392 3004 1485 3044; x_wconf 88' lang='lat' dir='ltr'>culpa</span> 
     </span>
     <span class='ocr_line' id='line_1_86' title="bbox 421 3048 1484 3089; baseline 0 -11"><span class='ocrx_word' id='word_1_622' title='bbox 421 3048 559 3078; x_wconf 89' lang='lat' dir='ltr'>aliorum</span> <span class='ocrx_word' id='word_1_623' title='bbox 578 3058 634 3079; x_wconf 90' lang='lat' dir='ltr'>nec</span> <span class='ocrx_word' id='word_1_624' title='bbox 658 3059 763 3088; x_wconf 84' lang='lat' dir='ltr'>poena</span> <span class='ocrx_word' id='word_1_625' title='bbox 785 3049 932 3084; x_wconf 86' lang='lat' dir='ltr'>aliorum,</span> <span class='ocrx_word' id='word_1_626' title='bbox 956 3049 1110 3089; x_wconf 88' lang='lat' dir='ltr'>quoniam</span> <span class='ocrx_word' id='word_1_627' title='bbox 1134 3058 1200 3079; x_wconf 91' lang='lat' dir='ltr'>non</span> <span class='ocrx_word' id='word_1_628' title='bbox 1220 3055 1346 3088; x_wconf 87' lang='lat' dir='ltr'>oportet</span> <span class='ocrx_word' id='word_1_629' title='bbox 1360 3048 1484 3078; x_wconf 84' lang='lat' dir='ltr'>bonum</span> 
     </span>
     <span class='ocr_line' id='line_1_87' title="bbox 421 3092 1485 3133; baseline 0 -11"><span class='ocrx_word' id='word_1_630' title='bbox 421 3092 542 3132; x_wconf 86' lang='lat' dir='ltr'>indigni</span> <span class='ocrx_word' id='word_1_631' title='bbox 566 3103 633 3123; x_wconf 90' lang='lat' dir='ltr'>esse</span> <span class='ocrx_word' id='word_1_632' title='bbox 657 3103 730 3123; x_wconf 91' lang='lat' dir='ltr'>cum</span> <span class='ocrx_word' id='word_1_633' title='bbox 755 3094 873 3124; x_wconf 89' lang='lat' dir='ltr'>damno</span> <span class='ocrx_word' id='word_1_634' title='bbox 896 3093 1034 3129; x_wconf 87' lang='lat' dir='ltr'>alterius,</span> <span class='ocrx_word' id='word_1_635' title='bbox 1058 3100 1094 3124; x_wconf 88' lang='lat' dir='ltr'>ut</span> <span class='ocrx_word' id='word_1_636' title='bbox 1117 3099 1203 3133; x_wconf 82' lang='lat' dir='ltr'>patet</span> <span class='ocrx_word' id='word_1_637' title='bbox 1227 3093 1265 3123; x_wconf 88' lang='lat' dir='ltr'>de</span> <span class='ocrx_word' id='word_1_638' title='bbox 1289 3092 1376 3123; x_wconf 83' lang='lat' dir='ltr'>bono</span> <span class='ocrx_word' id='word_1_639' title='bbox 1403 3092 1485 3122; x_wconf 88' lang='lat' dir='ltr'>vitae</span> 
     </span>
     <span class='ocr_line' id='line_1_88' title="bbox 421 3135 1485 3177; baseline 0.001 -11"><span class='ocrx_word' id='word_1_640' title='bbox 421 3136 471 3167; x_wconf 88' lang='lat' dir='ltr'>vel</span> <span class='ocrx_word' id='word_1_641' title='bbox 489 3137 628 3167; x_wconf 87' lang='lat' dir='ltr'>sanitatis</span> <span class='ocrx_word' id='word_1_642' title='bbox 645 3147 825 3177; x_wconf 88' lang='lat' dir='ltr'>corporeae,</span> <span class='ocrx_word' id='word_1_643' title='bbox 846 3147 927 3177; x_wconf 86' lang='lat' dir='ltr'>quae</span> <span class='ocrx_word' id='word_1_644' title='bbox 952 3137 1094 3168; x_wconf 79' lang='lat' dir='ltr'>habentis</span> <span class='ocrx_word' id='word_1_645' title='bbox 1111 3138 1154 3168; x_wconf 90' lang='lat' dir='ltr'>sic</span> <span class='ocrx_word' id='word_1_646' title='bbox 1179 3143 1225 3168; x_wconf 84' lang='lat' dir='ltr'>est</span> <span class='ocrx_word' id='word_1_647' title='bbox 1248 3142 1284 3168; x_wconf 91' lang='lat' dir='ltr'>ut</span> <span class='ocrx_word' id='word_1_648' title='bbox 1303 3135 1383 3167; x_wconf 87' lang='lat' dir='ltr'>nulli</span> <span class='ocrx_word' id='word_1_649' title='bbox 1399 3135 1485 3166; x_wconf 84' lang='lat' dir='ltr'>aufe·</span> 
     </span>
     <span class='ocr_line' id='line_1_89' title="bbox 422 3179 1485 3223; baseline -0.001 -12"><span class='ocrx_word' id='word_1_650' title='bbox 422 3179 542 3223; x_wconf 85' lang='lat' dir='ltr'>ratur):</span> <span class='ocrx_word' id='word_1_651' title='bbox 567 3181 621 3211; x_wconf 88' lang='lat' dir='ltr'>sed</span> <span class='ocrx_word' id='word_1_652' title='bbox 646 3191 681 3211; x_wconf 82' lang='lat' dir='ltr'>ea</span> <span class='ocrx_word' id='word_1_653' title='bbox 704 3181 826 3212; x_wconf 81' lang='lat' dir='ltr'>ratione</span> <span class='ocrx_word' id='word_1_654' title='bbox 849 3181 1003 3212; x_wconf 89' lang='lat' dir='ltr'>iniustum</span> <span class='ocrx_word' id='word_1_655' title='bbox 1027 3189 1072 3212; x_wconf 87' lang='lat' dir='ltr'>est</span> <span class='ocrx_word' id='word_1_656' title='bbox 1102 3192 1166 3222; x_wconf 89' lang='lat' dir='ltr'>qua</span> <span class='ocrx_word' id='word_1_657' title='bbox 1195 3187 1338 3212; x_wconf 82' lang='lat' dir='ltr'>monstra</span> <span class='ocrx_word' id='word_1_658' title='bbox 1369 3180 1485 3211; x_wconf 85' lang='lat' dir='ltr'>iniusta</span> 
     </span>
     <span class='ocr_line' id='line_1_90' title="bbox 423 3224 1484 3266; baseline -0.001 -11"><span class='ocrx_word' id='word_1_659' title='bbox 423 3231 506 3262; x_wconf 81' lang='lat' dir='ltr'>sunt,</span> <span class='ocrx_word' id='word_1_660' title='bbox 524 3235 587 3266; x_wconf 89' lang='lat' dir='ltr'>qua</span> <span class='ocrx_word' id='word_1_661' title='bbox 602 3225 653 3255; x_wconf 91' lang='lat' dir='ltr'>leo</span> <span class='ocrx_word' id='word_1_662' title='bbox 677 3224 789 3256; x_wconf 89' lang='lat' dir='ltr'>faciem</span> <span class='ocrx_word' id='word_1_663' title='bbox 806 3225 944 3256; x_wconf 89' lang='lat' dir='ltr'>hominis</span> <span class='ocrx_word' id='word_1_664' title='bbox 967 3225 1082 3256; x_wconf 90' lang='lat' dir='ltr'>iniuste</span> <span class='ocrx_word' id='word_1_665' title='bbox 1105 3225 1243 3256; x_wconf 83' lang='lat' dir='ltr'>haberet.</span> <span class='ocrx_word' id='word_1_666' title='bbox 1260 3242 1281 3249; x_wconf 87' lang='lat'>—</span> <span class='ocrx_word' id='word_1_667' title='bbox 1296 3225 1370 3255; x_wconf 87' lang='lat' dir='ltr'>Alio</span> <span class='ocrx_word' id='word_1_668' title='bbox 1385 3225 1484 3255; x_wconf 88' lang='lat' dir='ltr'>modo</span> 
     </span>
     <span class='ocr_line' id='line_1_91' title="bbox 423 3266 1485 3310; baseline 0 -11"><span class='ocrx_word' id='word_1_669' title='bbox 423 3266 528 3310; x_wconf 76' lang='lat' dir='ltr'>potest</span> <span class='ocrx_word' id='word_1_670' title='bbox 551 3269 740 3300; x_wconf 87' lang='lat' dir='ltr'>considerari</span> <span class='ocrx_word' id='word_1_671' title='bbox 767 3270 890 3300; x_wconf 86' lang='lat' dir='ltr'>bonurn</span> <span class='ocrx_word' id='word_1_672' title='bbox 914 3269 1035 3309; x_wconf 79' lang='lat' dir='ltr'>indigni</span> <span class='ocrx_word' id='word_1_673' title='bbox 1059 3269 1258 3309; x_wconf 89' lang='lat' dir='ltr'>simpliciter,</span> <span class='ocrx_word' id='word_1_674' title='bbox 1283 3278 1357 3299; x_wconf 87' lang='lat' dir='ltr'>cum</span> <span class='ocrx_word' id='word_1_675' title='bbox 1381 3268 1485 3299; x_wconf 87' lang='lat' dir='ltr'>omni-</span> 
     </span>
     <span class='ocr_line' id='line_1_92' title="bbox 423 3312 1486 3353; baseline -0.002 -9"><span class='ocrx_word' id='word_1_676' title='bbox 423 3315 483 3344; x_wconf 91' lang='lat' dir='ltr'>bus</span> <span class='ocrx_word' id='word_1_677' title='bbox 507 3312 722 3344; x_wconf 86' lang='lat' dir='ltr'>adiacentibus</span> <span class='ocrx_word' id='word_1_678' title='bbox 751 3313 1008 3350; x_wconf 86' lang='lat' dir='ltr'>circumstantiis,</span> <span class='ocrx_word' id='word_1_679' title='bbox 1039 3321 1136 3353; x_wconf 87' lang='lat' dir='ltr'>prout</span> <span class='ocrx_word' id='word_1_680' title='bbox 1166 3313 1334 3344; x_wconf 88' lang='lat' dir='ltr'>invenitur.</span> <span class='ocrx_word' id='word_1_681' title='bbox 1369 3313 1410 3343; x_wconf 92' lang='lat' dir='ltr'>Et</span> <span class='ocrx_word' id='word_1_682' title='bbox 1432 3312 1486 3349; x_wconf 86' lang='lat' dir='ltr'>sic,</span> 
     </span>
     <span class='ocr_line' id='line_1_93' title="bbox 424 3356 1487 3398; baseline -0.002 -9"><span class='ocrx_word' id='word_1_683' title='bbox 424 3368 497 3389; x_wconf 91' lang='lat' dir='ltr'>cum</span> <span class='ocrx_word' id='word_1_684' title='bbox 521 3356 560 3388; x_wconf 90' lang='lat' dir='ltr'>sit</span> <span class='ocrx_word' id='word_1_685' title='bbox 575 3358 731 3398; x_wconf 84' lang='lat' dir='ltr'>quaedam</span> <span class='ocrx_word' id='word_1_686' title='bbox 748 3357 926 3388; x_wconf 89' lang='lat' dir='ltr'>distributio</span> <span class='ocrx_word' id='word_1_687' title='bbox 951 3358 1074 3388; x_wconf 85' lang='lat' dir='ltr'>divinae</span> <span class='ocrx_word' id='word_1_688' title='bbox 1089 3357 1315 3398; x_wconf 86' lang='lat' dir='ltr'>providentiae,</span> <span class='ocrx_word' id='word_1_689' title='bbox 1330 3357 1487 3388; x_wconf 86' lang='lat' dir='ltr'>rationem</span> 
     </span>
     <span class='ocr_line' id='line_1_94' title="bbox 424 3401 1487 3442; baseline -0.002 -9"><span class='ocrx_word' id='word_1_690' title='bbox 424 3402 500 3433; x_wconf 91' lang='lat' dir='ltr'>boni</span> <span class='ocrx_word' id='word_1_691' title='bbox 516 3402 624 3433; x_wconf 85' lang='lat' dir='ltr'>habet:</span> <span class='ocrx_word' id='word_1_692' title='bbox 649 3402 858 3433; x_wconf 88' lang='lat' dir='ltr'>misericordis</span> <span class='ocrx_word' id='word_1_693' title='bbox 875 3402 993 3442; x_wconf 90' lang='lat' dir='ltr'>quippe</span> <span class='ocrx_word' id='word_1_694' title='bbox 1010 3401 1107 3432; x_wconf 87' lang='lat' dir='ltr'>Patris</span> <span class='ocrx_word' id='word_1_695' title='bbox 1131 3409 1177 3433; x_wconf 88' lang='lat' dir='ltr'>est</span> <span class='ocrx_word' id='word_1_696' title='bbox 1192 3401 1374 3433; x_wconf 86' lang='lat' dir='ltr'>benefacere</span> <span class='ocrx_word' id='word_1_697' title='bbox 1391 3401 1487 3433; x_wconf 87' lang='lat' dir='ltr'>etiam</span> 
     </span>
     <span class='ocr_line' id='line_1_95' title="bbox 425 3446 822 3487; baseline -0.003 -10"><span class='ocrx_word' id='word_1_698' title='bbox 425 3446 474 3477; x_wconf 90' lang='lat' dir='ltr'>his</span> <span class='ocrx_word' id='word_1_699' title='bbox 498 3447 553 3487; x_wconf 92' lang='lat' dir='ltr'>qui</span> <span class='ocrx_word' id='word_1_700' title='bbox 578 3447 714 3477; x_wconf 91' lang='lat' dir='ltr'>oderunt</span> <span class='ocrx_word' id='word_1_701' title='bbox 737 3456 822 3477; x_wconf 90' lang='lat' dir='ltr'>eum.</span> 
     </span>
    </p>

    <p class='ocr_par' dir='ltr' id='par_1_22' title="bbox 426 3484 1487 3574">
     <span class='ocr_line' id='line_1_96' title="bbox 479 3484 1486 3530; baseline -0.002 -9"><span class='ocrx_word' id='word_1_702' title='bbox 479 3491 564 3521; x_wconf 89' lang='lat' dir='ltr'>Cum</span> <span class='ocrx_word' id='word_1_703' title='bbox 588 3498 695 3521; x_wconf 89' lang='lat' dir='ltr'>autern</span> <span class='ocrx_word' id='word_1_704' title='bbox 718 3489 878 3522; x_wconf 85' lang='lat' dir='ltr'>rationalis</span> <span class='ocrx_word' id='word_1_705' title='bbox 902 3496 1030 3520; x_wconf 89' lang='lat' dir='ltr'>naturae</span> <span class='ocrx_word' id='word_1_706' title='bbox 1055 3490 1186 3526; x_wconf 84' lang='lat' dir='ltr'>malum,</span> <span class='ocrx_word' id='word_1_707' title='bbox 1213 3490 1301 3530; x_wconf 89' lang='lat' dir='ltr'>quod</span> <span class='ocrx_word' id='word_1_708' title='bbox 1325 3484 1430 3519; x_wconf 80' lang='lat' dir='ltr'>sosum</span> <span class='ocrx_word' id='word_1_709' title='bbox 1454 3488 1486 3519; x_wconf 91' lang='lat' dir='ltr'>in</span> 
     </span>
     <span class='ocr_line' id='line_1_97' title="bbox 426 3533 1487 3574; baseline -0.002 -8"><span class='ocrx_word' id='word_1_710' title='bbox 426 3535 599 3566; x_wconf 87' lang='lat' dir='ltr'>moralibus</span> <span class='ocrx_word' id='word_1_711' title='bbox 623 3535 744 3565; x_wconf 87' lang='lat' dir='ltr'>malum</span> <span class='ocrx_word' id='word_1_712' title='bbox 769 3541 823 3571; x_wconf 88' lang='lat' dir='ltr'>est,</span> <span class='ocrx_word' id='word_1_713' title='bbox 848 3533 1012 3574; x_wconf 86' lang='lat' dir='ltr'>geminum</span> <span class='ocrx_word' id='word_1_714' title='bbox 1035 3540 1158 3564; x_wconf 90' lang='lat' dir='ltr'>tantum</span> <span class='ocrx_word' id='word_1_715' title='bbox 1179 3534 1227 3570; x_wconf 89' lang='lat' dir='ltr'>sit,</span> <span class='ocrx_word' id='word_1_716' title='bbox 1245 3533 1361 3564; x_wconf 89' lang='lat' dir='ltr'>scilicet</span> <span class='ocrx_word' id='word_1_717' title='bbox 1376 3533 1487 3573; x_wconf 88' lang='lat' dir='ltr'>culpae</span> 
     </span>
    </p>
   </div>
   <div class='ocr_carea' id='block_1_14' title="bbox 1509 335 1515 2830">
    <p class='ocr_par' dir='ltr' id='par_1_23' title="bbox 1509 335 1515 2830">
     <span class='ocr_line' id='line_1_98' title="bbox 1509 335 1515 2830; baseline 0 0"><span class='ocrx_word' id='word_1_718' title='bbox 1509 335 1515 2830; x_wconf 95' lang='lat' dir='ltr'> </span> 
     </span>
    </p>
   </div>
   <div class='ocr_carea' id='block_1_15' title="bbox 1536 1580 2607 2602">
    <p class='ocr_par' dir='ltr' id='par_1_24' title="bbox 1536 1580 2607 2502">
     <span class='ocr_line' id='line_1_99' title="bbox 1538 1580 2606 1628; baseline -0.004 -8"><span class='ocrx_word' id='word_1_719' title='bbox 1538 1589 1656 1620; x_wconf 86' lang='lat' dir='ltr'>malam</span> <span class='ocrx_word' id='word_1_720' title='bbox 1679 1589 1729 1620; x_wconf 85' lang='lat' dir='ltr'>vel</span> <span class='ocrx_word' id='word_1_721' title='bbox 1751 1590 1871 1620; x_wconf 86' lang='lat' dir='ltr'>bonam</span> <span class='ocrx_word' id='word_1_722' title='bbox 1894 1588 2006 1626; x_wconf 87' lang='lat' dir='ltr'>reddit,</span> <span class='ocrx_word' id='word_1_723' title='bbox 2029 1597 2101 1619; x_wconf 84' lang='lat' dir='ltr'>vere</span> <span class='ocrx_word' id='word_1_724' title='bbox 2124 1587 2248 1618; x_wconf 82' lang='lat' dir='ltr'>malum</span> <span class='ocrx_word' id='word_1_725' title='bbox 2263 1587 2375 1627; x_wconf 89' lang='lat' dir='ltr'>culpae</span> <span class='ocrx_word' id='word_1_726' title='bbox 2403 1593 2458 1617; x_wconf 91' lang='lat' dir='ltr'>aut</span> <span class='ocrx_word' id='word_1_727' title='bbox 2480 1580 2606 1628; x_wconf 55' lang='lat' dir='ltr'>poenae·</span> 
     </span>
     <span class='ocr_line' id='line_1_100' title="bbox 1538 1624 2606 1675; baseline -0.003 -11"><span class='ocrx_word' id='word_1_728' title='bbox 1538 1633 1586 1670; x_wconf 89' lang='lat' dir='ltr'>sit,</span> <span class='ocrx_word' id='word_1_729' title='bbox 1611 1634 1651 1664; x_wconf 87' lang='lat' dir='ltr'>ad</span> <span class='ocrx_word' id='word_1_730' title='bbox 1674 1633 1930 1664; x_wconf 84' lang='lat' dir='ltr'>constituendam</span> <span class='ocrx_word' id='word_1_731' title='bbox 1953 1631 2111 1664; x_wconf 88' lang='lat' dir='ltr'>tristitiam</span> <span class='ocrx_word' id='word_1_732' title='bbox 2135 1632 2267 1668; x_wconf 81' lang='lat' dir='ltr'>bonam;</span> <span class='ocrx_word' id='word_1_733' title='bbox 2291 1637 2346 1663; x_wconf 83' lang='lat' dir='ltr'>aut</span> <span class='ocrx_word' id='word_1_734' title='bbox 2373 1631 2445 1661; x_wconf 88' lang='lat' dir='ltr'>vere</span> <span class='ocrx_word' id='word_1_735' title='bbox 2469 1624 2606 1675; x_wconf 50' lang='lat' dir='ltr'>bonum}</span> 
     </span>
     <span class='ocr_line' id='line_1_101' title="bbox 1537 1671 2607 1717; baseline -0.002 -9"><span class='ocrx_word' id='word_1_736' title='bbox 1537 1678 1577 1708; x_wconf 84' lang='lat' dir='ltr'>ad</span> <span class='ocrx_word' id='word_1_737' title='bbox 1601 1677 1862 1709; x_wconf 89' lang='lat' dir='ltr'>constituendum</span> <span class='ocrx_word' id='word_1_738' title='bbox 1884 1676 2045 1708; x_wconf 87' lang='lat' dir='ltr'>tristitiam</span> <span class='ocrx_word' id='word_1_739' title='bbox 2067 1676 2195 1707; x_wconf 88' lang='lat' dir='ltr'>malam.</span> <span class='ocrx_word' id='word_1_740' title='bbox 2219 1674 2315 1706; x_wconf 89' lang='lat' dir='ltr'>Nulla</span> <span class='ocrx_word' id='word_1_741' title='bbox 2338 1682 2446 1706; x_wconf 83' lang='lat' dir='ltr'>autern</span> <span class='ocrx_word' id='word_1_742' title='bbox 2475 1671 2607 1717; x_wconf 52' lang='lat' dir='ltr'>appares</span> 
     </span>
     <span class='ocr_line' id='line_1_102' title="bbox 1537 1712 2603 1763; baseline -0.001 -12"><span class='ocrx_word' id='word_1_743' title='bbox 1537 1722 1617 1752; x_wconf 83' lang='lat' dir='ltr'>ratio</span> <span class='ocrx_word' id='word_1_744' title='bbox 1633 1722 1708 1753; x_wconf 84' lang='lat' dir='ltr'>mali</span> <span class='ocrx_word' id='word_1_745' title='bbox 1724 1731 1847 1763; x_wconf 86' lang='lat' dir='ltr'>poenae</span> <span class='ocrx_word' id='word_1_746' title='bbox 1870 1728 1926 1753; x_wconf 88' lang='lat' dir='ltr'>aut</span> <span class='ocrx_word' id='word_1_747' title='bbox 1941 1720 2054 1762; x_wconf 85' lang='lat' dir='ltr'>culpae</span> <span class='ocrx_word' id='word_1_748' title='bbox 2076 1720 2128 1751; x_wconf 89' lang='lat' dir='ltr'>hic</span> <span class='ocrx_word' id='word_1_749' title='bbox 2141 1718 2175 1751; x_wconf 91' lang='lat' dir='ltr'>in</span> <span class='ocrx_word' id='word_1_750' title='bbox 2198 1720 2269 1760; x_wconf 90' lang='lat' dir='ltr'>ipso</span> <span class='ocrx_word' id='word_1_751' title='bbox 2292 1719 2439 1757; x_wconf 79' lang='lat' dir='ltr'>habente,</span> <span class='ocrx_word' id='word_1_752' title='bbox 2455 1726 2493 1750; x_wconf 90' lang='lat' dir='ltr'>ut</span> <span class='ocrx_word' id='word_1_753' title='bbox 2505 1712 2603 1763; x_wconf 44' lang='lat' dir='ltr'>pat&amp;</span> 
     </span>
     <span class='ocr_line' id='line_1_103' title="bbox 1537 1756 2605 1808; baseline 0 -12"><span class='ocrx_word' id='word_1_754' title='bbox 1537 1765 1598 1796; x_wconf 89' lang='lat' dir='ltr'>Sed</span> <span class='ocrx_word' id='word_1_755' title='bbox 1622 1765 1654 1796; x_wconf 90' lang='lat' dir='ltr'>in</span> <span class='ocrx_word' id='word_1_756' title='bbox 1679 1765 1899 1798; x_wconf 87' lang='lat' dir='ltr'>distributione</span> <span class='ocrx_word' id='word_1_757' title='bbox 1923 1764 2022 1796; x_wconf 84' lang='lat' dir='ltr'>activa</span> <span class='ocrx_word' id='word_1_758' title='bbox 2044 1771 2175 1808; x_wconf 86' lang='lat' dir='ltr'>apparet</span> <span class='ocrx_word' id='word_1_759' title='bbox 2197 1764 2283 1795; x_wconf 66' lang='lat' dir='ltr'>ratio&#39;</span> <span class='ocrx_word' id='word_1_760' title='bbox 2300 1763 2377 1794; x_wconf 81' lang='lat' dir='ltr'>mali</span> <span class='ocrx_word' id='word_1_761' title='bbox 2401 1756 2605 1807; x_wconf 51' lang='lat' dir='ltr'>culpaestiii-‘T</span> 
     </span>
     <span class='ocr_line' id='line_1_104' title="bbox 1536 1803 2605 1852; baseline -0.002 -12"><span class='ocrx_word' id='word_1_762' title='bbox 1536 1810 1638 1840; x_wconf 84' lang='lat' dir='ltr'>iustae</span> <span class='ocrx_word' id='word_1_763' title='bbox 1661 1810 1778 1841; x_wconf 85' lang='lat' dir='ltr'>scilicet</span> <span class='ocrx_word' id='word_1_764' title='bbox 1800 1809 2041 1846; x_wconf 88' lang='lat' dir='ltr'>distributionis,</span> <span class='ocrx_word' id='word_1_765' title='bbox 2066 1815 2097 1840; x_wconf 88' lang='lat' dir='ltr'>et</span> <span class='ocrx_word' id='word_1_766' title='bbox 2118 1808 2152 1839; x_wconf 90' lang='lat' dir='ltr'>in</span> <span class='ocrx_word' id='word_1_767' title='bbox 2174 1803 2605 1852; x_wconf 50' lang='lat' dir='ltr'>proportionalitate‘pers‘oss</span> 
     </span>
     <span class='ocr_line' id='line_1_105' title="bbox 1537 1845 2606 1896; baseline -0.002 -12"><span class='ocrx_word' id='word_1_768' title='bbox 1537 1864 1651 1884; x_wconf 88' lang='lat' dir='ltr'>narum</span> <span class='ocrx_word' id='word_1_769' title='bbox 1670 1854 1787 1896; x_wconf 90' lang='lat' dir='ltr'>quibus</span> <span class='ocrx_word' id='word_1_770' title='bbox 1803 1853 2058 1884; x_wconf 89' lang='lat' dir='ltr'>distribuendum</span> <span class='ocrx_word' id='word_1_771' title='bbox 2077 1859 2133 1889; x_wconf 88' lang='lat' dir='ltr'>est,</span> <span class='ocrx_word' id='word_1_772' title='bbox 2151 1858 2183 1882; x_wconf 88' lang='lat' dir='ltr'>et</span> <span class='ocrx_word' id='word_1_773' title='bbox 2196 1861 2300 1883; x_wconf 86' lang='lat' dir='ltr'>rerum</span> <span class='ocrx_word' id='word_1_774' title='bbox 2318 1860 2400 1893; x_wconf 84' lang='lat' dir='ltr'>quae</span> <span class='ocrx_word' id='word_1_775' title='bbox 2417 1845 2606 1887; x_wconf 43' lang='lat' dir='ltr'>distribuet&amp;</span> 
     </span>
     <span class='ocr_line' id='line_1_106' title="bbox 1538 1890 2606 1939; baseline -0.003 -10"><span class='ocrx_word' id='word_1_776' title='bbox 1538 1898 1596 1928; x_wconf 86' lang='lat' dir='ltr'>dae</span> <span class='ocrx_word' id='word_1_777' title='bbox 1619 1905 1702 1929; x_wconf 90' lang='lat' dir='ltr'>sunt.</span> <span class='ocrx_word' id='word_1_778' title='bbox 1728 1901 1870 1939; x_wconf 86' lang='lat' dir='ltr'>Apparet</span> <span class='ocrx_word' id='word_1_779' title='bbox 1893 1904 1923 1928; x_wconf 91' lang='lat' dir='ltr'>et</span> <span class='ocrx_word' id='word_1_780' title='bbox 1945 1897 2068 1928; x_wconf 84' lang='lat' dir='ltr'>malum</span> <span class='ocrx_word' id='word_1_781' title='bbox 2095 1905 2218 1937; x_wconf 87' lang='lat' dir='ltr'>poenae</span> <span class='ocrx_word' id='word_1_782' title='bbox 2247 1896 2280 1926; x_wconf 89' lang='lat' dir='ltr'>in</span> <span class='ocrx_word' id='word_1_783' title='bbox 2304 1904 2417 1936; x_wconf 80' lang='lat' dir='ltr'>genere</span> <span class='ocrx_word' id='word_1_784' title='bbox 2447 1890 2606 1933; x_wconf 54' lang='lat' dir='ltr'>human&amp;</span> 
     </span>
     <span class='ocr_line' id='line_1_107' title="bbox 1537 1939 2603 1983; baseline -0.003 -10"><span class='ocrx_word' id='word_1_785' title='bbox 1537 1943 1616 1972; x_wconf 89' lang='lat' dir='ltr'>dum</span> <span class='ocrx_word' id='word_1_786' title='bbox 1639 1943 1776 1979; x_wconf 84' lang='lat' dir='ltr'>divitiae,</span> <span class='ocrx_word' id='word_1_787' title='bbox 1800 1942 1951 1983; x_wconf 86' lang='lat' dir='ltr'>potentia,</span> <span class='ocrx_word' id='word_1_788' title='bbox 1976 1942 2082 1972; x_wconf 90' lang='lat' dir='ltr'>honor</span> <span class='ocrx_word' id='word_1_789' title='bbox 2104 1947 2135 1971; x_wconf 89' lang='lat' dir='ltr'>et</span> <span class='ocrx_word' id='word_1_790' title='bbox 2157 1941 2353 1976; x_wconf 89' lang='lat' dir='ltr'>huiusmodi,</span> <span class='ocrx_word' id='word_1_791' title='bbox 2371 1940 2475 1971; x_wconf 84' lang='lat' dir='ltr'>debita</span> <span class='ocrx_word' id='word_1_792' title='bbox 2490 1939 2603 1982; x_wconf 77' lang='lat' dir='ltr'>dignis,</span> 
     </span>
     <span class='ocr_line' id='line_1_108' title="bbox 1537 1983 2606 2027; baseline -0.003 -9"><span class='ocrx_word' id='word_1_793' title='bbox 1537 1987 1652 2018; x_wconf 87' lang='lat' dir='ltr'>dantur</span> <span class='ocrx_word' id='word_1_794' title='bbox 1673 1987 1821 2027; x_wconf 86' lang='lat' dir='ltr'>indignis,</span> <span class='ocrx_word' id='word_1_795' title='bbox 1846 1993 1877 2017; x_wconf 91' lang='lat' dir='ltr'>et</span> <span class='ocrx_word' id='word_1_796' title='bbox 1899 1996 1956 2027; x_wconf 88' lang='lat' dir='ltr'>per</span> <span class='ocrx_word' id='word_1_797' title='bbox 1977 1986 2039 2017; x_wconf 86' lang='lat' dir='ltr'>hoc</span> <span class='ocrx_word' id='word_1_798' title='bbox 2062 1985 2226 2026; x_wconf 89' lang='lat' dir='ltr'>privantur</span> <span class='ocrx_word' id='word_1_799' title='bbox 2249 1985 2345 2025; x_wconf 83' lang='lat' dir='ltr'>digni.</span> <span class='ocrx_word' id='word_1_800' title='bbox 2370 1985 2462 2015; x_wconf 87' lang='lat' dir='ltr'>Unde</span> <span class='ocrx_word' id='word_1_801' title='bbox 2485 1991 2517 2016; x_wconf 91' lang='lat' dir='ltr'>et</span> <span class='ocrx_word' id='word_1_802' title='bbox 2533 1983 2606 2015; x_wconf 80' lang='lat' dir='ltr'>Ati-</span> 
     </span>
     <span class='ocr_line' id='line_1_109' title="bbox 1537 2029 2603 2070; baseline -0.002 -8"><span class='ocrx_word' id='word_1_803' title='bbox 1537 2031 1674 2068; x_wconf 86' lang='lat' dir='ltr'>stoteles,</span> <span class='ocrx_word' id='word_1_804' title='bbox 1691 2031 1724 2062; x_wconf 90' lang='lat' dir='ltr'>in</span> <span class='ocrx_word' id='word_1_805' title='bbox 1748 2031 1775 2062; x_wconf 85' lang='lat'>11</span> <span class='ocrx_word' id='word_1_806' title='bbox 1797 2031 1887 2062; x_wconf 85' lang='lat' dir='ltr'>Rhet.</span> <span class='ocrx_word' id='word_1_807' title='bbox 1907 2031 1934 2067; x_wconf 86' lang='lat'>*‚</span> <span class='ocrx_word' id='word_1_808' title='bbox 1958 2030 2070 2062; x_wconf 85' lang='lat' dir='ltr'>fundat</span> <span class='ocrx_word' id='word_1_809' title='bbox 2094 2029 2270 2060; x_wconf 82' lang='lat' dir='ltr'>doctrinam</span> <span class='ocrx_word' id='word_1_810' title='bbox 2294 2038 2386 2059; x_wconf 85' lang='lat' dir='ltr'>suam</span> <span class='ocrx_word' id='word_1_811' title='bbox 2409 2038 2504 2070; x_wconf 88' lang='lat' dir='ltr'>super</span> <span class='ocrx_word' id='word_1_812' title='bbox 2530 2029 2603 2066; x_wconf 86' lang='lat' dir='ltr'>hoc,</span> 
     </span>
     <span class='ocr_line' id='line_1_110' title="bbox 1537 2072 2604 2116; baseline -0.003 -10"><span class='ocrx_word' id='word_1_813' title='bbox 1537 2075 1668 2107; x_wconf 88' lang='lat' dir='ltr'>scilicet:</span> <span class='ocrx_word' id='word_1_814' title='bbox 1696 2076 1790 2114; x_wconf 82' lang='lat' dir='ltr'>Quod</span> <span class='ocrx_word' id='word_1_815' title='bbox 1806 2080 1942 2116; x_wconf 80' lang='lat' dir='ltr'>praeter</span> <span class='ocrx_word' id='word_1_816' title='bbox 1964 2075 2152 2116; x_wconf 79' lang='lat' dir='ltr'>dignitatem</span> <span class='ocrx_word' id='word_1_817' title='bbox 2167 2074 2223 2114; x_wconf 88' lang='lat' dir='ltr'>fit,</span> <span class='ocrx_word' id='word_1_818' title='bbox 2249 2074 2401 2104; x_wconf 83' lang='lat' dir='ltr'>iniustum</span> <span class='ocrx_word' id='word_1_819' title='bbox 2419 2078 2475 2104; x_wconf 83' lang='lat' dir='ltr'>est.</span> <span class='ocrx_word' id='word_1_820' title='bbox 2499 2072 2561 2103; x_wconf 88' lang='lat' dir='ltr'>Sed</span> <span class='ocrx_word' id='word_1_821' title='bbox 2577 2072 2604 2103; x_wconf 84' lang='lat' dir='ltr'>si</span> 
     </span>
     <span class='ocr_line' id='line_1_111' title="bbox 1538 2116 2604 2160; baseline -0.002 -10"><span class='ocrx_word' id='word_1_822' title='bbox 1538 2119 1703 2160; x_wconf 89' lang='lat' dir='ltr'>diligenter</span> <span class='ocrx_word' id='word_1_823' title='bbox 1726 2119 1973 2156; x_wconf 84' lang='lat' dir='ltr'>consideremus,</span> <span class='ocrx_word' id='word_1_824' title='bbox 1998 2126 2030 2150; x_wconf 89' lang='lat' dir='ltr'>et</span> <span class='ocrx_word' id='word_1_825' title='bbox 2053 2117 2261 2149; x_wconf 85' lang='lat' dir='ltr'>confiteamur</span> <span class='ocrx_word' id='word_1_826' title='bbox 2288 2117 2378 2158; x_wconf 91' lang='lat' dir='ltr'>quod</span> <span class='ocrx_word' id='word_1_827' title='bbox 2400 2117 2433 2147; x_wconf 88' lang='lat' dir='ltr'>in</span> <span class='ocrx_word' id='word_1_828' title='bbox 2457 2116 2604 2148; x_wconf 77' lang='lat' dir='ltr'>distribu-</span> 
     </span>
     <span class='ocr_line' id='line_1_112' title="bbox 1537 2161 2604 2204; baseline -0.004 -9"><span class='ocrx_word' id='word_1_829' title='bbox 1537 2164 1625 2195; x_wconf 90' lang='lat' dir='ltr'>tione</span> <span class='ocrx_word' id='word_1_830' title='bbox 1641 2165 1741 2195; x_wconf 79' lang='lat' dir='ltr'>activa</span> <span class='ocrx_word' id='word_1_831' title='bbox 1761 2164 1878 2195; x_wconf 86' lang='lat' dir='ltr'>horum</span> <span class='ocrx_word' id='word_1_832' title='bbox 1893 2167 1959 2200; x_wconf 79' lang='lat' dir='ltr'>non</span> <span class='ocrx_word' id='word_1_833' title='bbox 1983 2169 2090 2204; x_wconf 86' lang='lat' dir='ltr'>potest</span> <span class='ocrx_word' id='word_1_834' title='bbox 2102 2161 2235 2192; x_wconf 88' lang='lat' dir='ltr'>inveniri</span> <span class='ocrx_word' id='word_1_835' title='bbox 2251 2161 2374 2192; x_wconf 83' lang='lat' dir='ltr'>malurn</span> <span class='ocrx_word' id='word_1_836' title='bbox 2391 2161 2512 2202; x_wconf 86' lang='lat' dir='ltr'>culpae,</span> <span class='ocrx_word' id='word_1_837' title='bbox 2529 2161 2604 2203; x_wconf 84' lang='lat' dir='ltr'>quia</span> 
     </span>
     <span class='ocr_line' id='line_1_113' title="bbox 1538 2205 2605 2248; baseline -0.004 -9"><span class='ocrx_word' id='word_1_838' title='bbox 1538 2215 1584 2239; x_wconf 90' lang='lat' dir='ltr'>est</span> <span class='ocrx_word' id='word_1_839' title='bbox 1607 2208 1688 2239; x_wconf 86' lang='lat' dir='ltr'>actio</span> <span class='ocrx_word' id='word_1_840' title='bbox 1705 2208 1830 2238; x_wconf 87' lang='lat' dir='ltr'>divinae</span> <span class='ocrx_word' id='word_1_841' title='bbox 1847 2207 2078 2248; x_wconf 88' lang='lat' dir='ltr'>providentiae;</span> <span class='ocrx_word' id='word_1_842' title='bbox 2103 2213 2134 2237; x_wconf 90' lang='lat' dir='ltr'>et</span> <span class='ocrx_word' id='word_1_843' title='bbox 2149 2206 2238 2247; x_wconf 89' lang='lat' dir='ltr'>quod</span> <span class='ocrx_word' id='word_1_844' title='bbox 2254 2205 2328 2236; x_wconf 86' lang='lat' dir='ltr'>viris</span> <span class='ocrx_word' id='word_1_845' title='bbox 2343 2215 2414 2236; x_wconf 89' lang='lat' dir='ltr'>vere</span> <span class='ocrx_word' id='word_1_846' title='bbox 2430 2205 2522 2236; x_wconf 85' lang='lat' dir='ltr'>bonis</span> <span class='ocrx_word' id='word_1_847' title='bbox 2537 2214 2605 2236; x_wconf 87' lang='lat' dir='ltr'>non</span> 
     </span>
     <span class='ocr_line' id='line_1_114' title="bbox 1538 2249 2605 2291; baseline -0.003 -7"><span class='ocrx_word' id='word_1_848' title='bbox 1538 2253 1692 2284; x_wconf 88' lang='lat' dir='ltr'>debentur</span> <span class='ocrx_word' id='word_1_849' title='bbox 1706 2253 1792 2283; x_wconf 81' lang='lat' dir='ltr'>bona</span> <span class='ocrx_word' id='word_1_850' title='bbox 1814 2251 2001 2283; x_wconf 88' lang='lat' dir='ltr'>huiusmodi</span> <span class='ocrx_word' id='word_1_851' title='bbox 2016 2251 2206 2291; x_wconf 85' lang='lat' dir='ltr'>temporalia</span> <span class='ocrx_word' id='word_1_852' title='bbox 2229 2250 2407 2280; x_wconf 85' lang='lat' dir='ltr'>secundum</span> <span class='ocrx_word' id='word_1_853' title='bbox 2422 2259 2466 2286; x_wconf 80' lang='grc' dir='ltr'>ιε,</span> <span class='ocrx_word' id='word_1_854' title='bbox 2479 2249 2605 2286; x_wconf 57' lang='grc' dir='ltr'>Μῶ-</span> 
     </span>
     <span class='ocr_line' id='line_1_115' title="bbox 1537 2289 2607 2343; baseline -0.004 -15"><span class='ocrx_word' id='word_1_855' title='bbox 1537 2297 1607 2328; x_wconf 83' lang='lat' dir='ltr'>lutn</span> <span class='ocrx_word' id='word_1_856' title='bbox 1629 2297 1661 2328; x_wconf 90' lang='lat' dir='ltr'>in</span> <span class='ocrx_word' id='word_1_857' title='bbox 1685 2297 1796 2327; x_wconf 88' lang='lat' dir='ltr'>ordine</span> <span class='ocrx_word' id='word_1_858' title='bbox 1820 2297 1861 2327; x_wconf 84' lang='lat' dir='ltr'>ad</span> <span class='ocrx_word' id='word_1_859' title='bbox 1882 2295 1981 2328; x_wconf 82' lang='lat' dir='ltr'>vitam</span> <span class='ocrx_word' id='word_1_860' title='bbox 1999 2301 2160 2326; x_wconf 84' lang='lat' dir='ltr'>aeternam</span> <span class='ocrx_word' id='word_1_861' title='bbox 2182 2294 2272 2337; x_wconf 76' lang='lat' dir='ltr'>(quia</span> <span class='ocrx_word' id='word_1_862' title='bbox 2294 2294 2339 2325; x_wconf 83' lang='lat' dir='ltr'>sic</span> <span class='ocrx_word' id='word_1_863' title='bbox 2361 2289 2607 2343; x_wconf 48' lang='lat' dir='ltr'>mlum&#39;qfflt</span> 
     </span>
     <span class='ocr_line' id='line_1_116' title="bbox 1538 2338 2584 2379; baseline -0.005 -7"><span class='ocrx_word' id='word_1_864' title='bbox 1538 2341 1597 2372; x_wconf 90' lang='lat' dir='ltr'>sub</span> <span class='ocrx_word' id='word_1_865' title='bbox 1613 2341 1740 2378; x_wconf 87' lang='lat' dir='ltr'>merito,</span> <span class='ocrx_word' id='word_1_866' title='bbox 1757 2347 1793 2372; x_wconf 93' lang='lat' dir='ltr'>ut</span> <span class='ocrx_word' id='word_1_867' title='bbox 1814 2340 1847 2371; x_wconf 86' lang='lat' dir='ltr'>in</span> <span class='ocrx_word' id='word_1_868' title='bbox 1871 2341 1928 2372; x_wconf 87' lang='lat' dir='ltr'>ult.</span> <span class='ocrx_word' id='word_1_869' title='bbox 1945 2347 2001 2371; x_wconf 88' lang='lat' dir='ltr'>art.</span> <span class='ocrx_word' id='word_1_870' title='bbox 2019 2339 2060 2371; x_wconf 79' lang='lat'>1⁸·</span> <span class='ocrx_word' id='word_1_871' title='bbox 2078 2339 2132 2371; x_wconf 78' lang='lat'>11⁸·</span> <span class='ocrx_word' id='word_1_872' title='bbox 2152 2338 2274 2372; x_wconf 80' lang='lat' dir='ltr'>dictum</span> <span class='ocrx_word' id='word_1_873' title='bbox 2298 2346 2358 2369; x_wconf 87' lang='lat' dir='ltr'>est:</span> <span class='ocrx_word' id='word_1_874' title='bbox 2384 2345 2416 2369; x_wconf 90' lang='lat' dir='ltr'>et</span> <span class='ocrx_word' id='word_1_875' title='bbox 2440 2338 2509 2371; x_wconf 65' lang='lat' dir='ltr'>hoe</span> <span class='ocrx_word' id='word_1_876' title='bbox 2526 2343 2528 2346; x_wconf 87' lang='lat'>&#39;</span> <span class='ocrx_word' id='word_1_877' title='bbox 2580 2374 2584 2379; x_wconf 88' lang='lat'>.</span> 
     </span>
     <span class='ocr_line' id='line_1_117' title="bbox 1538 2337 2606 2459; baseline -0.003 -43"><span class='ocrx_word' id='word_1_878' title='bbox 1538 2391 1612 2416; x_wconf 87' lang='lat' dir='ltr'>sunt</span> <span class='ocrx_word' id='word_1_879' title='bbox 1635 2385 1715 2416; x_wconf 84' lang='lat' dir='ltr'>adeo</span> <span class='ocrx_word' id='word_1_880' title='bbox 1739 2395 1835 2426; x_wconf 86' lang='lat' dir='ltr'>parva</span> <span class='ocrx_word' id='word_1_881' title='bbox 1849 2385 1934 2415; x_wconf 85' lang='lat' dir='ltr'>bona</span> <span class='ocrx_word' id='word_1_882' title='bbox 1958 2391 1994 2415; x_wconf 90' lang='lat' dir='ltr'>ut</span> <span class='ocrx_word' id='word_1_883' title='bbox 2017 2393 2082 2414; x_wconf 91' lang='lat' dir='ltr'>non</span> <span class='ocrx_word' id='word_1_884' title='bbox 2105 2382 2169 2414; x_wconf 86' lang='lat' dir='ltr'>sint</span> <span class='ocrx_word' id='word_1_885' title='bbox 2191 2383 2275 2415; x_wconf 85' lang='lat' dir='ltr'>bona</span> <span class='ocrx_word' id='word_1_886' title='bbox 2290 2377 2475 2423; x_wconf 80' lang='lat' dir='ltr'>simpliciter</span> <span class='ocrx_word' id='word_1_887' title='bbox 2492 2337 2606 2459; x_wconf 35' lang='lat' dir='ltr'>iffi</span> 
     </span>
     <span class='ocr_line' id='line_1_118' title="bbox 1536 2420 2532 2502; baseline -0.004 -42"><span class='ocrx_word' id='word_1_888' title='bbox 1536 2428 1716 2460; x_wconf 84' lang='lat' dir='ltr'>videbimus</span> <span class='ocrx_word' id='word_1_889' title='bbox 1733 2429 1821 2470; x_wconf 90' lang='lat' dir='ltr'>quod</span> <span class='ocrx_word' id='word_1_890' title='bbox 1845 2438 1902 2459; x_wconf 88' lang='lat' dir='ltr'>nec</span> <span class='ocrx_word' id='word_1_891' title='bbox 1926 2427 2001 2458; x_wconf 87' lang='lat' dir='ltr'>mali</span> <span class='ocrx_word' id='word_1_892' title='bbox 2017 2428 2129 2468; x_wconf 84' lang='lat' dir='ltr'>culpae</span> <span class='ocrx_word' id='word_1_893' title='bbox 2153 2431 2210 2457; x_wconf 89' lang='lat' dir='ltr'>nec</span> <span class='ocrx_word' id='word_1_894' title='bbox 2235 2425 2310 2457; x_wconf 78' lang='lat' dir='ltr'>mali</span> <span class='ocrx_word' id='word_1_895' title='bbox 2329 2420 2532 2502; x_wconf 56' lang='lat' dir='ltr'>poenae&#39;rafl¹</span> 
     </span>
    </p>

    <p class='ocr_par' dir='ltr' id='par_1_25' title="bbox 1537 2469 2525 2512">
     <span class='ocr_line' id='line_1_119' title="bbox 1537 2469 2525 2512; baseline -0.004 -8"><span class='ocrx_word' id='word_1_896' title='bbox 1537 2473 1723 2504; x_wconf 85' lang='lat' dir='ltr'>huiusmodi</span> <span class='ocrx_word' id='word_1_897' title='bbox 1749 2472 1842 2503; x_wconf 85' lang='lat' dir='ltr'>bonis</span> <span class='ocrx_word' id='word_1_898' title='bbox 1863 2472 2071 2512; x_wconf 86' lang='lat' dir='ltr'>indignorum</span> <span class='ocrx_word' id='word_1_899' title='bbox 2094 2470 2266 2510; x_wconf 86' lang='lat' dir='ltr'>invenitur;</span> <span class='ocrx_word' id='word_1_900' title='bbox 2292 2477 2323 2501; x_wconf 90' lang='lat' dir='ltr'>et</span> <span class='ocrx_word' id='word_1_901' title='bbox 2346 2470 2435 2512; x_wconf 85' lang='lat' dir='ltr'>quod</span> <span class='ocrx_word' id='word_1_902' title='bbox 2450 2469 2525 2501; x_wconf 69' lang='lat' dir='ltr'>Aris</span> 
     </span>
    </p>

    <p class='ocr_par' dir='ltr' id='par_1_26' title="bbox 1536 2514 2605 2602">
     <span class='ocr_line' id='line_1_120' title="bbox 1536 2514 2605 2558; baseline -0.001 -10"><span class='ocrx_word' id='word_1_903' title='bbox 1536 2518 1593 2556; x_wconf 87' lang='lat' dir='ltr'>les,</span> <span class='ocrx_word' id='word_1_904' title='bbox 1614 2517 1670 2558; x_wconf 89' lang='lat' dir='ltr'>qui</span> <span class='ocrx_word' id='word_1_905' title='bbox 1693 2518 1779 2547; x_wconf 87' lang='lat' dir='ltr'>bona</span> <span class='ocrx_word' id='word_1_906' title='bbox 1800 2523 1926 2547; x_wconf 89' lang='lat' dir='ltr'>tantum</span> <span class='ocrx_word' id='word_1_907' title='bbox 1950 2516 2126 2556; x_wconf 86' lang='lat' dir='ltr'>praesentia</span> <span class='ocrx_word' id='word_1_908' title='bbox 2150 2516 2183 2546; x_wconf 88' lang='lat' dir='ltr'>in</span> <span class='ocrx_word' id='word_1_909' title='bbox 2204 2516 2351 2546; x_wconf 81' lang='lat' dir='ltr'>humano</span> <span class='ocrx_word' id='word_1_910' title='bbox 2366 2518 2480 2555; x_wconf 77' lang='lat' dir='ltr'>genere</span> <span class='ocrx_word' id='word_1_911' title='bbox 2503 2514 2605 2552; x_wconf 65' lang='lat' dir='ltr'>uffltj</span> 
     </span>
     <span class='ocr_line' id='line_1_121' title="bbox 1537 2559 2605 2602; baseline 0.001 -10"><span class='ocrx_word' id='word_1_912' title='bbox 1537 2569 1568 2592; x_wconf 91' lang='lat' dir='ltr'>et</span> <span class='ocrx_word' id='word_1_913' title='bbox 1591 2561 1825 2602; x_wconf 84' lang='lat' dir='ltr'>providentiam</span> <span class='ocrx_word' id='word_1_914' title='bbox 1855 2560 1996 2591; x_wconf 88' lang='lat' dir='ltr'>divinam</span> <span class='ocrx_word' id='word_1_915' title='bbox 2026 2568 2170 2601; x_wconf 87' lang='lat' dir='ltr'>respectu</span> <span class='ocrx_word' id='word_1_916' title='bbox 2202 2559 2405 2600; x_wconf 80' lang='lat' dir='ltr'>singulorum</span> <span class='ocrx_word' id='word_1_917' title='bbox 2428 2559 2605 2595; x_wconf 36' lang='lat' dir='ltr'>&gt;hominurn</span> 
     </span>
    </p>
   </div>
   <div class='ocr_carea' id='block_1_16' title="bbox 1509 2603 2604 2647">
    <p class='ocr_par' dir='ltr' id='par_1_27' title="bbox 1509 2603 2604 2647">
     <span class='ocr_line' id='line_1_122' title="bbox 1509 2603 2604 2647; baseline -0.002 -10"><span class='ocrx_word' id='word_1_918' title='bbox 1509 2607 1511 2616; x_wconf 67' lang='lat'><strong><em>¹</em></strong></span> <span class='ocrx_word' id='word_1_919' title='bbox 1537 2615 1668 2646; x_wconf 84' lang='lat' dir='ltr'>negasse</span> <span class='ocrx_word' id='word_1_920' title='bbox 1690 2605 1815 2636; x_wconf 87' lang='lat' dir='ltr'>videtur</span> <span class='ocrx_word' id='word_1_921' title='bbox 1837 2605 1869 2636; x_wconf 91' lang='lat' dir='ltr'>in</span> <span class='ocrx_word' id='word_1_922' title='bbox 1893 2605 1951 2636; x_wconf 75' lang='lat' dir='ltr'>xli</span> <span class='ocrx_word' id='word_1_923' title='bbox 1974 2605 2160 2646; x_wconf 77' lang='lat' dir='ltr'>Metaphys.</span> <span class='ocrx_word' id='word_1_924' title='bbox 2181 2604 2208 2642; x_wconf 71' lang='lat'>¹¹⁸,</span> <span class='ocrx_word' id='word_1_925' title='bbox 2232 2604 2265 2634; x_wconf 88' lang='lat' dir='ltr'>id</span> <span class='ocrx_word' id='word_1_926' title='bbox 2288 2604 2378 2647; x_wconf 86' lang='lat' dir='ltr'>quod</span> <span class='ocrx_word' id='word_1_927' title='bbox 2399 2604 2432 2636; x_wconf 84' lang='lat' dir='ltr'>in</span> <span class='ocrx_word' id='word_1_928' title='bbox 2456 2603 2604 2646; x_wconf 76' lang='lat' dir='ltr'>distribu—</span> 
     </span>
    </p>
   </div>
   <div class='ocr_carea' id='block_1_17' title="bbox 1536 2644 2605 3573">
    <p class='ocr_par' dir='ltr' id='par_1_28' title="bbox 1536 2644 2604 2907">
     <span class='ocr_line' id='line_1_123' title="bbox 1536 2644 2563 2691; baseline -0.001 -10"><span class='ocrx_word' id='word_1_929' title='bbox 1536 2650 1624 2681; x_wconf 89' lang='lat' dir='ltr'>tione</span> <span class='ocrx_word' id='word_1_930' title='bbox 1647 2650 1788 2680; x_wconf 82' lang='lat' dir='ltr'>humana</span> <span class='ocrx_word' id='word_1_931' title='bbox 1810 2649 1966 2680; x_wconf 88' lang='lat' dir='ltr'>iniustum</span> <span class='ocrx_word' id='word_1_932' title='bbox 1988 2649 2110 2681; x_wconf 85' lang='lat' dir='ltr'>invenit</span> <span class='ocrx_word' id='word_1_933' title='bbox 2131 2648 2263 2691; x_wconf 73' lang='lat' dir='ltr'>elevavit</span> <span class='ocrx_word' id='word_1_934' title='bbox 2286 2644 2563 2690; x_wconf 49' lang='lat' dir='ltr'>ad&#39;distributit&#39;ust¹</span> 
     </span>
     <span class='ocr_line' id='line_1_124' title="bbox 1538 2683 2604 2738; baseline -0.002 -13"><span class='ocrx_word' id='word_1_935' title='bbox 1538 2694 1724 2726; x_wconf 88' lang='lat' dir='ltr'>huiusmodi</span> <span class='ocrx_word' id='word_1_936' title='bbox 1746 2695 1919 2730; x_wconf 88' lang='lat' dir='ltr'>bonorum,</span> <span class='ocrx_word' id='word_1_937' title='bbox 1937 2703 2019 2735; x_wconf 89' lang='lat' dir='ltr'>quae</span> <span class='ocrx_word' id='word_1_938' title='bbox 2042 2703 2109 2724; x_wconf 90' lang='lat' dir='ltr'>non</span> <span class='ocrx_word' id='word_1_939' title='bbox 2133 2693 2171 2723; x_wconf 90' lang='lat' dir='ltr'>ab</span> <span class='ocrx_word' id='word_1_940' title='bbox 2194 2692 2336 2730; x_wconf 86' lang='lat' dir='ltr'>homine,</span> <span class='ocrx_word' id='word_1_941' title='bbox 2353 2695 2407 2724; x_wconf 82' lang='lat' dir='ltr'>se&#39;d</span> <span class='ocrx_word' id='word_1_942' title='bbox 2422 2683 2553 2738; x_wconf 20' lang='lat' dir='ltr'>ayDe&#39;o*</span> <span class='ocrx_word' id='word_1_943' title='bbox 2579 2702 2604 2723; x_wconf 74' lang='lat' dir='ltr'>t-</span> 
     </span>
     <span class='ocr_line' id='line_1_125' title="bbox 1537 2735 2586 2783; baseline -0.002 -14"><span class='ocrx_word' id='word_1_944' title='bbox 1537 2738 1735 2770; x_wconf 86' lang='lat' dir='ltr'>sericorditer</span> <span class='ocrx_word' id='word_1_945' title='bbox 1758 2738 1852 2768; x_wconf 90' lang='lat' dir='ltr'>dante</span> <span class='ocrx_word' id='word_1_946' title='bbox 1876 2737 1953 2768; x_wconf 86' lang='lat' dir='ltr'>haec</span> <span class='ocrx_word' id='word_1_947' title='bbox 1977 2736 2110 2768; x_wconf 81' lang='lat' dir='ltr'>minima</span> <span class='ocrx_word' id='word_1_948' title='bbox 2133 2738 2217 2767; x_wconf 81' lang='lat' dir='ltr'>bona</span> <span class='ocrx_word' id='word_1_949' title='bbox 2241 2735 2334 2768; x_wconf 61' lang='lat' dir='ltr'>malis</span> <span class='ocrx_word' id='word_1_950' title='bbox 2356 2736 2401 2768; x_wconf 78' lang='lat' dir='ltr'>fit.</span> <span class='ocrx_word' id='word_1_951' title='bbox 2425 2736 2502 2768; x_wconf 74' lang='lat' dir='ltr'>—·*Si</span> <span class='ocrx_word' id='word_1_952' title='bbox 2568 2773 2586 2783; x_wconf 67' lang='lat'>‚</span> 
     </span>
     <span class='ocr_line' id='line_1_126' title="bbox 1538 2779 2604 2822; baseline -0.001 -9"><span class='ocrx_word' id='word_1_953' title='bbox 1538 2789 1645 2814; x_wconf 87' lang='lat' dir='ltr'>autem</span> <span class='ocrx_word' id='word_1_954' title='bbox 1669 2782 1744 2812; x_wconf 82' lang='lat' dir='ltr'>mali</span> <span class='ocrx_word' id='word_1_955' title='bbox 1768 2791 1891 2822; x_wconf 87' lang='lat' dir='ltr'>poenae</span> <span class='ocrx_word' id='word_1_956' title='bbox 1914 2782 2043 2812; x_wconf 79' lang='lat' dir='ltr'>alterius</span> <span class='ocrx_word' id='word_1_957' title='bbox 2066 2782 2100 2812; x_wconf 89' lang='lat' dir='ltr'>in</span> <span class='ocrx_word' id='word_1_958' title='bbox 2122 2781 2309 2813; x_wconf 76' lang='lat' dir='ltr'>huiusmodi</span> <span class='ocrx_word' id='word_1_959' title='bbox 2333 2781 2426 2812; x_wconf 76' lang='lat' dir='ltr'>bonis</span> <span class='ocrx_word' id='word_1_960' title='bbox 2441 2787 2486 2811; x_wconf 71' lang='lat' dir='ltr'>&#39;ex</span> <span class='ocrx_word' id='word_1_961' title='bbox 2508 2779 2604 2821; x_wconf 61' lang='lat' dir='ltr'>prov}</span> 
     </span>
     <span class='ocr_line' id='line_1_127' title="bbox 1537 2824 2604 2865; baseline 0 -8"><span class='ocrx_word' id='word_1_962' title='bbox 1537 2827 1710 2858; x_wconf 89' lang='lat' dir='ltr'>hominum</span> <span class='ocrx_word' id='word_1_963' title='bbox 1731 2826 1896 2857; x_wconf 88' lang='lat' dir='ltr'>voluntate</span> <span class='ocrx_word' id='word_1_964' title='bbox 1919 2826 2107 2862; x_wconf 84' lang='lat' dir='ltr'>annectitur,</span> <span class='ocrx_word' id='word_1_965' title='bbox 2131 2825 2246 2856; x_wconf 82' lang='lat' dir='ltr'>tristari</span> <span class='ocrx_word' id='word_1_966' title='bbox 2269 2827 2308 2857; x_wconf 88' lang='lat' dir='ltr'>de</span> <span class='ocrx_word' id='word_1_967' title='bbox 2330 2825 2393 2856; x_wconf 90' lang='lat' dir='ltr'>hoc</span> <span class='ocrx_word' id='word_1_968' title='bbox 2416 2834 2483 2859; x_wconf 83' lang='lat' dir='ltr'>non</span> <span class='ocrx_word' id='word_1_969' title='bbox 2499 2824 2604 2865; x_wconf 77' lang='lat' dir='ltr'>&#39;peni-¹·</span> 
     </span>
     <span class='ocr_line' id='line_1_128' title="bbox 1537 2869 2228 2907; baseline -0.003 -5"><span class='ocrx_word' id='word_1_970' title='bbox 1537 2878 1591 2903; x_wconf 89' lang='lat' dir='ltr'>net</span> <span class='ocrx_word' id='word_1_971' title='bbox 1614 2871 1655 2901; x_wconf 86' lang='lat' dir='ltr'>ad</span> <span class='ocrx_word' id='word_1_972' title='bbox 1678 2870 1845 2907; x_wconf 82' lang='lat' dir='ltr'>nemesim,</span> <span class='ocrx_word' id='word_1_973' title='bbox 1865 2876 1901 2900; x_wconf 93' lang='lat' dir='ltr'>ut</span> <span class='ocrx_word' id='word_1_974' title='bbox 1923 2869 1957 2900; x_wconf 89' lang='lat' dir='ltr'>in</span> <span class='ocrx_word' id='word_1_975' title='bbox 1978 2870 2081 2901; x_wconf 89' lang='lat' dir='ltr'>littera</span> <span class='ocrx_word' id='word_1_976' title='bbox 2104 2869 2228 2901; x_wconf 88' lang='lat' dir='ltr'>dicitur.</span> 
     </span>
    </p>

    <p class='ocr_par' dir='ltr' id='par_1_29' title="bbox 1537 2910 2605 3528">
     <span class='ocr_line' id='line_1_129' title="bbox 1592 2910 2602 2954; baseline -0.001 -9"><span class='ocrx_word' id='word_1_977' title='bbox 1592 2915 1666 2946; x_wconf 90' lang='lat' dir='ltr'>Non</span> <span class='ocrx_word' id='word_1_978' title='bbox 1684 2921 1730 2946; x_wconf 87' lang='lat' dir='ltr'>est</span> <span class='ocrx_word' id='word_1_979' title='bbox 1745 2924 1820 2954; x_wconf 83' lang='lat' dir='ltr'>ergo</span> <span class='ocrx_word' id='word_1_980' title='bbox 1837 2914 1979 2945; x_wconf 88' lang='lat' dir='ltr'>eiusdem</span> <span class='ocrx_word' id='word_1_981' title='bbox 1995 2913 2126 2945; x_wconf 83' lang='lat' dir='ltr'>rationis</span> <span class='ocrx_word' id='word_1_982' title='bbox 2145 2912 2259 2947; x_wconf 72' lang='lat' dir='ltr'>tristari</span> <span class='ocrx_word' id='word_1_983' title='bbox 2278 2913 2316 2944; x_wconf 90' lang='lat' dir='ltr'>de</span> <span class='ocrx_word' id='word_1_984' title='bbox 2335 2910 2499 2944; x_wconf 75' lang='lat' dir='ltr'>vexatione</span> <span class='ocrx_word' id='word_1_985' title='bbox 2515 2912 2602 2951; x_wconf 86' lang='lat' dir='ltr'>boni,</span> 
     </span>
     <span class='ocr_line' id='line_1_130' title="bbox 1538 2957 2604 3000; baseline 0 -11"><span class='ocrx_word' id='word_1_986' title='bbox 1538 2965 1568 2989; x_wconf 91' lang='lat' dir='ltr'>et</span> <span class='ocrx_word' id='word_1_987' title='bbox 1591 2958 1798 3000; x_wconf 87' lang='lat' dir='ltr'>prosperitate</span> <span class='ocrx_word' id='word_1_988' title='bbox 1822 2958 1907 2995; x_wconf 88' lang='lat' dir='ltr'>mali,</span> <span class='ocrx_word' id='word_1_989' title='bbox 1923 2965 1959 2988; x_wconf 91' lang='lat' dir='ltr'>ut</span> <span class='ocrx_word' id='word_1_990' title='bbox 1974 2958 2158 2989; x_wconf 80' lang='lat' dir='ltr'>Aristoteles</span> <span class='ocrx_word' id='word_1_991' title='bbox 2181 2957 2318 2998; x_wconf 82' lang='lat' dir='ltr'>putavit;</span> <span class='ocrx_word' id='word_1_992' title='bbox 2342 2957 2415 2988; x_wconf 84' lang='lat' dir='ltr'>licet</span> <span class='ocrx_word' id='word_1_993' title='bbox 2433 2957 2604 3000; x_wconf 73' lang='lat' dir='ltr'>utrobique</span> 
     </span>
     <span class='ocr_line' id='line_1_131' title="bbox 1537 3000 2605 3043; baseline 0 -10"><span class='ocrx_word' id='word_1_994' title='bbox 1537 3003 1578 3033; x_wconf 89' lang='lat' dir='ltr'>sit</span> <span class='ocrx_word' id='word_1_995' title='bbox 1600 3003 1779 3042; x_wconf 81' lang='lat' dir='ltr'>indignitas.</span> <span class='ocrx_word' id='word_1_996' title='bbox 1804 3002 1845 3033; x_wconf 88' lang='lat' dir='ltr'>Et</span> <span class='ocrx_word' id='word_1_997' title='bbox 1874 3003 1953 3033; x_wconf 86' lang='lat' dir='ltr'>ratio</span> <span class='ocrx_word' id='word_1_998' title='bbox 1978 3009 2025 3033; x_wconf 88' lang='lat' dir='ltr'>est</span> <span class='ocrx_word' id='word_1_999' title='bbox 2048 3002 2123 3043; x_wconf 86' lang='lat' dir='ltr'>quia</span> <span class='ocrx_word' id='word_1_1000' title='bbox 2150 3001 2276 3033; x_wconf 82' lang='lat' dir='ltr'>vexatio</span> <span class='ocrx_word' id='word_1_1001' title='bbox 2292 3001 2369 3032; x_wconf 90' lang='lat' dir='ltr'>boni</span> <span class='ocrx_word' id='word_1_1002' title='bbox 2392 3001 2424 3032; x_wconf 91' lang='lat' dir='ltr'>in</span> <span class='ocrx_word' id='word_1_1003' title='bbox 2449 3009 2483 3032; x_wconf 85' lang='lat' dir='ltr'>se</span> <span class='ocrx_word' id='word_1_1004' title='bbox 2509 3000 2605 3033; x_wconf 64' lang='lat' dir='ltr'>habet</span> 
     </span>
     <span class='ocr_line' id='line_1_132' title="bbox 1538 3044 2604 3087; baseline -0.001 -10"><span class='ocrx_word' id='word_1_1005' title='bbox 1538 3048 1622 3078; x_wconf 89' lang='lat' dir='ltr'>unde</span> <span class='ocrx_word' id='word_1_1006' title='bbox 1639 3047 1679 3078; x_wconf 92' lang='lat' dir='ltr'>sit</span> <span class='ocrx_word' id='word_1_1007' title='bbox 1691 3047 1824 3083; x_wconf 83' lang='lat' dir='ltr'>malum,</span> <span class='ocrx_word' id='word_1_1008' title='bbox 1838 3056 1962 3086; x_wconf 89' lang='lat' dir='ltr'>poenae</span> <span class='ocrx_word' id='word_1_1009' title='bbox 1977 3047 2100 3078; x_wconf 85' lang='lat' dir='ltr'>saltem.</span> <span class='ocrx_word' id='word_1_1010' title='bbox 2117 3046 2310 3087; x_wconf 80' lang='lat' dir='ltr'>Prosperitas</span> <span class='ocrx_word' id='word_1_1011' title='bbox 2322 3052 2430 3077; x_wconf 86' lang='lat' dir='ltr'>autem</span> <span class='ocrx_word' id='word_1_1012' title='bbox 2445 3044 2604 3077; x_wconf 73' lang='lat' dir='ltr'>malinon</span> 
     </span>
     <span class='ocr_line' id='line_1_133' title="bbox 1538 3090 2603 3131; baseline -0.001 -9"><span class='ocrx_word' id='word_1_1013' title='bbox 1538 3092 1631 3122; x_wconf 87' lang='lat' dir='ltr'>habet</span> <span class='ocrx_word' id='word_1_1014' title='bbox 1649 3091 1682 3122; x_wconf 91' lang='lat' dir='ltr'>in</span> <span class='ocrx_word' id='word_1_1015' title='bbox 1698 3101 1732 3122; x_wconf 81' lang='lat' dir='ltr'>se</span> <span class='ocrx_word' id='word_1_1016' title='bbox 1746 3091 1821 3122; x_wconf 89' lang='lat' dir='ltr'>mali</span> <span class='ocrx_word' id='word_1_1017' title='bbox 1838 3092 1951 3131; x_wconf 80' lang='lat' dir='ltr'>culpae</span> <span class='ocrx_word' id='word_1_1018' title='bbox 1967 3097 2023 3122; x_wconf 81' lang='lat' dir='ltr'>aut</span> <span class='ocrx_word' id='word_1_1019' title='bbox 2036 3101 2160 3131; x_wconf 83' lang='lat' dir='ltr'>poenae</span> <span class='ocrx_word' id='word_1_1020' title='bbox 2175 3091 2342 3127; x_wconf 77' lang='lat' dir='ltr'>rationem,</span> <span class='ocrx_word' id='word_1_1021' title='bbox 2359 3091 2414 3121; x_wconf 89' lang='lat' dir='ltr'>sed</span> <span class='ocrx_word' id='word_1_1022' title='bbox 2434 3090 2535 3122; x_wconf 76' lang='lat' dir='ltr'>solius</span> <span class='ocrx_word' id='word_1_1023' title='bbox 2548 3099 2603 3121; x_wconf 75' lang='lat' dir='ltr'>na·</span> 
     </span>
     <span class='ocr_line' id='line_1_134' title="bbox 1537 3135 2603 3176; baseline 0.001 -10"><span class='ocrx_word' id='word_1_1024' title='bbox 1537 3136 1645 3167; x_wconf 85' lang='lat' dir='ltr'>turalis</span> <span class='ocrx_word' id='word_1_1025' title='bbox 1669 3136 1941 3173; x_wconf 82' lang='lat' dir='ltr'>inconsonantiae,</span> <span class='ocrx_word' id='word_1_1026' title='bbox 1965 3136 2046 3167; x_wconf 84' lang='lat' dir='ltr'>sicut</span> <span class='ocrx_word' id='word_1_1027' title='bbox 2068 3142 2266 3167; x_wconf 86' lang='lat' dir='ltr'>monstrum:</span> <span class='ocrx_word' id='word_1_1028' title='bbox 2291 3142 2422 3176; x_wconf 84' lang='lat' dir='ltr'>propter</span> <span class='ocrx_word' id='word_1_1029' title='bbox 2443 3135 2534 3176; x_wconf 88' lang='lat' dir='ltr'>quod</span> <span class='ocrx_word' id='word_1_1030' title='bbox 2554 3144 2603 3167; x_wconf 65' lang='lat' dir='ltr'>re»</span> 
     </span>
     <span class='ocr_line' id='line_1_135' title="bbox 1538 3179 2602 3222; baseline 0 -11"><span class='ocrx_word' id='word_1_1031' title='bbox 1538 3180 1617 3211; x_wconf 89' lang='lat' dir='ltr'>tioni</span> <span class='ocrx_word' id='word_1_1032' title='bbox 1648 3179 1790 3211; x_wconf 87' lang='lat' dir='ltr'>dissonat</span> <span class='ocrx_word' id='word_1_1033' title='bbox 1820 3180 2097 3222; x_wconf 84' lang='lat' dir='ltr'>quemadmodum</span> <span class='ocrx_word' id='word_1_1034' title='bbox 2126 3186 2157 3211; x_wconf 85' lang='lat' dir='ltr'>et</span> <span class='ocrx_word' id='word_1_1035' title='bbox 2186 3186 2379 3211; x_wconf 87' lang='lat' dir='ltr'>monstrum.</span> <span class='ocrx_word' id='word_1_1036' title='bbox 2411 3179 2495 3217; x_wconf 87' lang='lat' dir='ltr'>Quia</span> <span class='ocrx_word' id='word_1_1037' title='bbox 2526 3187 2602 3220; x_wconf 82' lang='lat' dir='ltr'>ergo</span> 
     </span>
     <span class='ocr_line' id='line_1_136' title="bbox 1537 3220 2604 3268; baseline 0 -14"><span class='ocrx_word' id='word_1_1038' title='bbox 1537 3225 1624 3255; x_wconf 86' lang='lat' dir='ltr'>nulla</span> <span class='ocrx_word' id='word_1_1039' title='bbox 1639 3231 1686 3254; x_wconf 89' lang='lat' dir='ltr'>est</span> <span class='ocrx_word' id='word_1_1040' title='bbox 1708 3223 1740 3254; x_wconf 89' lang='lat' dir='ltr'>in</span> <span class='ocrx_word' id='word_1_1041' title='bbox 1757 3223 1965 3266; x_wconf 86' lang='lat' dir='ltr'>prosperitate</span> <span class='ocrx_word' id='word_1_1042' title='bbox 1980 3223 2100 3264; x_wconf 86' lang='lat' dir='ltr'>indigni</span> <span class='ocrx_word' id='word_1_1043' title='bbox 2115 3223 2195 3266; x_wconf 79' lang='lat' dir='ltr'>ratio</span> <span class='ocrx_word' id='word_1_1044' title='bbox 2212 3221 2304 3260; x_wconf 86' lang='lat' dir='ltr'>mali;</span> <span class='ocrx_word' id='word_1_1045' title='bbox 2330 3230 2360 3254; x_wconf 93' lang='lat' dir='ltr'>et</span> <span class='ocrx_word' id='word_1_1046' title='bbox 2384 3230 2430 3254; x_wconf 87' lang='lat' dir='ltr'>est</span> <span class='ocrx_word' id='word_1_1047' title='bbox 2445 3223 2477 3254; x_wconf 91' lang='lat' dir='ltr'>in</span> <span class='ocrx_word' id='word_1_1048' title='bbox 2493 3220 2604 3268; x_wconf 69' lang='lat' dir='ltr'>eaden:</span> 
     </span>
     <span class='ocr_line' id='line_1_137' title="bbox 1538 3266 2602 3308; baseline -0.001 -9"><span class='ocrx_word' id='word_1_1049' title='bbox 1538 3268 1616 3299; x_wconf 84' lang='lat' dir='ltr'>ratio</span> <span class='ocrx_word' id='word_1_1050' title='bbox 1632 3268 1709 3299; x_wconf 88' lang='lat' dir='ltr'>boni</span> <span class='ocrx_word' id='word_1_1051' title='bbox 1725 3268 1860 3299; x_wconf 88' lang='lat' dir='ltr'>iustitiae</span> <span class='ocrx_word' id='word_1_1052' title='bbox 1876 3278 1912 3299; x_wconf 82' lang='lat' dir='ltr'>ac</span> <span class='ocrx_word' id='word_1_1053' title='bbox 1928 3267 2160 3299; x_wconf 81' lang='lat' dir='ltr'>misericordiae</span> <span class='ocrx_word' id='word_1_1054' title='bbox 2177 3267 2300 3298; x_wconf 72' lang='lat' dir='ltr'>divinae</span> <span class='ocrx_word' id='word_1_1055' title='bbox 2315 3266 2359 3299; x_wconf 82' lang='lat' dir='ltr'>sic</span> <span class='ocrx_word' id='word_1_1056' title='bbox 2375 3266 2602 3308; x_wconf 70' lang='lat' dir='ltr'>dispensantis:</span> 
     </span>
     <span class='ocr_line' id='line_1_138' title="bbox 1538 3311 2604 3353; baseline 0 -11"><span class='ocrx_word' id='word_1_1057' title='bbox 1538 3322 1736 3353; x_wconf 87' lang='lat' dir='ltr'>consequens</span> <span class='ocrx_word' id='word_1_1058' title='bbox 1751 3319 1799 3343; x_wconf 86' lang='lat' dir='ltr'>est</span> <span class='ocrx_word' id='word_1_1059' title='bbox 1820 3313 1909 3353; x_wconf 91' lang='lat' dir='ltr'>quod</span> <span class='ocrx_word' id='word_1_1060' title='bbox 1933 3313 2046 3344; x_wconf 79' lang='lat' dir='ltr'>tristari</span> <span class='ocrx_word' id='word_1_1061' title='bbox 2070 3313 2108 3342; x_wconf 90' lang='lat' dir='ltr'>de</span> <span class='ocrx_word' id='word_1_1062' title='bbox 2131 3312 2318 3343; x_wconf 79' lang='lat' dir='ltr'>huiusmodi</span> <span class='ocrx_word' id='word_1_1063' title='bbox 2341 3311 2434 3342; x_wconf 88' lang='lat' dir='ltr'>bonis</span> <span class='ocrx_word' id='word_1_1064' title='bbox 2457 3311 2604 3352; x_wconf 69' lang='lat' dir='ltr'>indigno·</span> 
     </span>
     <span class='ocr_line' id='line_1_139' title="bbox 1538 3355 2603 3397; baseline 0.001 -10"><span class='ocrx_word' id='word_1_1065' title='bbox 1538 3366 1610 3387; x_wconf 86' lang='lat' dir='ltr'>rum</span> <span class='ocrx_word' id='word_1_1066' title='bbox 1621 3364 1668 3387; x_wconf 87' lang='lat' dir='ltr'>est</span> <span class='ocrx_word' id='word_1_1067' title='bbox 1678 3357 1791 3388; x_wconf 72' lang='lat' dir='ltr'>tristari</span> <span class='ocrx_word' id='word_1_1068' title='bbox 1803 3357 1843 3387; x_wconf 86' lang='lat' dir='ltr'>de</span> <span class='ocrx_word' id='word_1_1069' title='bbox 1859 3357 1963 3388; x_wconf 82' lang='lat' dir='ltr'>divina</span> <span class='ocrx_word' id='word_1_1070' title='bbox 1975 3355 2206 3388; x_wconf 79' lang='lat' dir='ltr'>distributione.</span> <span class='ocrx_word' id='word_1_1071' title='bbox 2216 3357 2352 3397; x_wconf 74' lang='lat' dir='ltr'>Propter</span> <span class='ocrx_word' id='word_1_1072' title='bbox 2362 3356 2451 3397; x_wconf 88' lang='lat' dir='ltr'>quod</span> <span class='ocrx_word' id='word_1_1073' title='bbox 2464 3355 2603 3395; x_wconf 56' lang='lat' dir='ltr'>Ginaia*</span> 
     </span>
     <span class='ocr_line' id='line_1_140' title="bbox 1538 3400 2603 3443; baseline 0.001 -13"><span class='ocrx_word' id='word_1_1074' title='bbox 1538 3410 1575 3431; x_wconf 84' lang='lat' dir='ltr'>ex</span> <span class='ocrx_word' id='word_1_1075' title='bbox 1590 3401 1770 3443; x_wconf 80' lang='lat' dir='ltr'>Augustino</span> <span class='ocrx_word' id='word_1_1076' title='bbox 1786 3401 1817 3431; x_wconf 90' lang='lat' dir='ltr'>in</span> <span class='ocrx_word' id='word_1_1077' title='bbox 1834 3401 1962 3432; x_wconf 87' lang='lat' dir='ltr'>Psalmo</span> <span class='ocrx_word' id='word_1_1078' title='bbox 1976 3411 2078 3438; x_wconf 79' lang='lat' dir='ltr'>xxxvi,</span> <span class='ocrx_word' id='word_1_1079' title='bbox 2090 3410 2186 3441; x_wconf 83' lang='lat' dir='ltr'>super</span> <span class='ocrx_word' id='word_1_1080' title='bbox 2200 3401 2281 3441; x_wconf 57' lang='lat' dir='ltr'>iilud</span> <span class='ocrx_word' id='word_1_1081' title='bbox 2294 3401 2428 3432; x_wconf 86' lang='lat' dir='ltr'>verbum</span> <span class='ocrx_word' id='word_1_1082' title='bbox 2441 3400 2468 3436; x_wconf 80' lang='grc'>*,</span> <span class='ocrx_word' id='word_1_1083' title='bbox 2482 3400 2603 3441; x_wconf 75' lang='lat' dir='ltr'>Desine</span> 
     </span>
     <span class='ocr_line' id='line_1_141' title="bbox 1539 3443 2600 3486; baseline 0 -12"><span class='ocrx_word' id='word_1_1084' title='bbox 1539 3445 1578 3475; x_wconf 84' lang='lat' dir='ltr'>ab</span> <span class='ocrx_word' id='word_1_1085' title='bbox 1593 3446 1643 3475; x_wconf 85' lang='lat' dir='ltr'>ira</span> <span class='ocrx_word' id='word_1_1086' title='bbox 1660 3451 1728 3480; x_wconf 65' lang='lat' dir='ltr'>etc„</span> <span class='ocrx_word' id='word_1_1087' title='bbox 1747 3444 1835 3475; x_wconf 89' lang='lat' dir='ltr'>dicit:</span> <span class='ocrx_word' id='word_1_1088' title='bbox 1856 3445 1937 3476; x_wconf 82' lang='lat' dir='ltr'>Inde</span> <span class='ocrx_word' id='word_1_1089' title='bbox 1953 3446 2051 3476; x_wconf 82' lang='lat' dir='ltr'>irasci</span> <span class='ocrx_word' id='word_1_1090' title='bbox 2066 3449 2096 3476; x_wconf 83' lang='lat' dir='ltr'>et</span> <span class='ocrx_word' id='word_1_1091' title='bbox 2111 3445 2283 3486; x_wconf 79' lang='lat' dir='ltr'>dedignari</span> <span class='ocrx_word' id='word_1_1092' title='bbox 2298 3449 2344 3475; x_wconf 82' lang='lat' dir='ltr'>est</span> <span class='ocrx_word' id='word_1_1093' title='bbox 2367 3447 2480 3476; x_wconf 74' lang='lat' dir='ltr'>contra</span> <span class='ocrx_word' id='word_1_1094' title='bbox 2495 3443 2600 3474; x_wconf 85' lang='lat' dir='ltr'>Deum</span> 
     </span>
     <span class='ocr_line' id='line_1_142' title="bbox 1539 3498 2064 3528; baseline -0.002 -9"><span class='ocrx_word' id='word_1_1095' title='bbox 1539 3498 1757 3519; x_wconf 86' lang='lat' dir='ltr'>murmurare.</span> <span class='ocrx_word' id='word_1_1096' title='bbox 2058 3522 2064 3528; x_wconf 28' lang='lat'><strong>⁴</strong></span> 
     </span>
    </p>

    <p class='ocr_par' dir='ltr' id='par_1_30' title="bbox 1595 3530 2603 3573">
     <span class='ocr_line' id='line_1_143' title="bbox 1595 3530 2603 3573; baseline -0.002 -10"><span class='ocrx_word' id='word_1_1097' title='bbox 1595 3533 1651 3563; x_wconf 88' lang='lat' dir='ltr'>Est</span> <span class='ocrx_word' id='word_1_1098' title='bbox 1666 3532 1761 3572; x_wconf 84' lang='lat' dir='ltr'>igitur</span> <span class='ocrx_word' id='word_1_1099' title='bbox 1775 3531 1897 3563; x_wconf 87' lang='lat' dir='ltr'>tristitia</span> <span class='ocrx_word' id='word_1_1100' title='bbox 1914 3533 1952 3563; x_wconf 91' lang='lat' dir='ltr'>de</span> <span class='ocrx_word' id='word_1_1101' title='bbox 1975 3532 2063 3563; x_wconf 90' lang='lat' dir='ltr'>bono</span> <span class='ocrx_word' id='word_1_1102' title='bbox 2079 3532 2201 3573; x_wconf 85' lang='lat' dir='ltr'>indigni</span> <span class='ocrx_word' id='word_1_1103' title='bbox 2217 3531 2402 3572; x_wconf 85' lang='lat' dir='ltr'>simpliciter</span> <span class='ocrx_word' id='word_1_1104' title='bbox 2417 3530 2510 3568; x_wconf 87' lang='lat' dir='ltr'>mala,</span> <span class='ocrx_word' id='word_1_1105' title='bbox 2527 3531 2603 3573; x_wconf 88' lang='lat' dir='ltr'>quia</span> 
     </span>
    </p>
   </div>
   <div class='ocr_carea' id='block_1_18' title="bbox 427 3573 2602 3620">
    <p class='ocr_par' dir='ltr' id='par_1_31' title="bbox 427 3573 2602 3620">
     <span class='ocr_line' id='line_1_144' title="bbox 427 3573 2602 3620; baseline -0.002 -10"><span class='ocrx_word' id='word_1_1106' title='bbox 427 3585 457 3610; x_wconf 90' lang='lat' dir='ltr'>et</span> <span class='ocrx_word' id='word_1_1107' title='bbox 479 3587 617 3620; x_wconf 85' lang='lat' dir='ltr'>poenae;</span> <span class='ocrx_word' id='word_1_1108' title='bbox 642 3585 768 3619; x_wconf 89' lang='lat' dir='ltr'>oportet</span> <span class='ocrx_word' id='word_1_1109' title='bbox 792 3585 827 3609; x_wconf 93' lang='lat' dir='ltr'>ut</span> <span class='ocrx_word' id='word_1_1110' title='bbox 849 3579 974 3609; x_wconf 89' lang='lat' dir='ltr'>bonum</span> <span class='ocrx_word' id='word_1_1111' title='bbox 997 3577 1132 3618; x_wconf 89' lang='lat' dir='ltr'>indigni,</span> <span class='ocrx_word' id='word_1_1112' title='bbox 1157 3578 1182 3608; x_wconf 90' lang='lat' dir='ltr'>si</span> <span class='ocrx_word' id='word_1_1113' title='bbox 1206 3577 1363 3608; x_wconf 87' lang='lat' dir='ltr'>tristitiam</span> <span class='ocrx_word' id='word_1_1114' title='bbox 1392 3577 1430 3608; x_wconf 90' lang='lat' dir='ltr'>de</span> <span class='ocrx_word' id='word_1_1115' title='bbox 1455 3587 1486 3607; x_wconf 91' lang='lat' dir='ltr'>se</span> <span class='ocrx_word' id='word_1_1116' title='bbox 1540 3583 1587 3607; x_wconf 91' lang='lat' dir='ltr'>est</span> <span class='ocrx_word' id='word_1_1117' title='bbox 1609 3577 1648 3607; x_wconf 92' lang='lat' dir='ltr'>de</span> <span class='ocrx_word' id='word_1_1118' title='bbox 1671 3577 1758 3607; x_wconf 91' lang='lat' dir='ltr'>bono</span> <span class='ocrx_word' id='word_1_1119' title='bbox 1782 3576 1974 3616; x_wconf 85' lang='lat' dir='ltr'>simpliciter,</span> <span class='ocrx_word' id='word_1_1120' title='bbox 1999 3576 2116 3608; x_wconf 87' lang='lat' dir='ltr'>scilicet</span> <span class='ocrx_word' id='word_1_1121' title='bbox 2138 3578 2314 3607; x_wconf 88' lang='lat' dir='ltr'>secundum</span> <span class='ocrx_word' id='word_1_1122' title='bbox 2337 3575 2477 3607; x_wconf 83' lang='lat' dir='ltr'>divinam</span> <span class='ocrx_word' id='word_1_1123' title='bbox 2501 3573 2602 3606; x_wconf 88' lang='lat' dir='ltr'>distri-</span> 
     </span>
    </p>
   </div>
   <div class='ocr_carea' id='block_1_19' title="bbox 2880 0 2892 119">
    <p class='ocr_par' dir='ltr' id='par_1_32' title="bbox 2880 0 2892 119">
     <span class='ocr_line' id='line_1_145' title="bbox 2880 0 2892 119; textangle 90"><span class='ocrx_word' id='word_1_1124' title='bbox 2884 114 2892 119; x_wconf 86' lang='grc' dir='ltr'>ι</span> <span class='ocrx_word' id='word_1_1125' title='bbox 2880 0 2892 106; x_wconf 42' lang='lat' dir='ltr'>‘nmis-We}</span> 
     </span>
    </p>
   </div>
   <div class='ocr_carea' id='block_1_20' title="bbox 2631 404 2840 459">
    <p class='ocr_par' dir='ltr' id='par_1_33' title="bbox 2631 404 2840 459">
     <span class='ocr_line' id='line_1_146' title="bbox 2632 404 2840 431; baseline 0.01 -6"><span class='ocrx_word' id='word_1_1126' title='bbox 2632 405 2642 414; x_wconf 74' lang='lat'>⁸</span> <span class='ocrx_word' id='word_1_1127' title='bbox 2652 404 2688 425; x_wconf 79' lang='grc' dir='ltr'>Ρι.</span> <span class='ocrx_word' id='word_1_1128' title='bbox 2699 410 2771 431; x_wconf 70' lang='grc' dir='ltr'>ικκιι,</span> <span class='ocrx_word' id='word_1_1129' title='bbox 2782 411 2840 427; x_wconf 71' lang='grc' dir='ltr'>νει-ι.</span> 
     </span>
     <span class='ocr_line' id='line_1_147' title="bbox 2631 436 2686 459; baseline 0 -7"><span class='ocrx_word' id='word_1_1130' title='bbox 2631 436 2651 456; x_wconf 80' lang='lat'>2,</span> <span class='ocrx_word' id='word_1_1131' title='bbox 2666 437 2686 459; x_wconf 86' lang='lat'>3.</span> 
     </span>
    </p>
   </div>
   <div class='ocr_carea' id='block_1_21' title="bbox 2630 662 2840 690">
    <p class='ocr_par' dir='ltr' id='par_1_34' title="bbox 2630 662 2840 690">
     <span class='ocr_line' id='line_1_148' title="bbox 2630 662 2840 690; baseline 0.01 -7"><span class='ocrx_word' id='word_1_1132' title='bbox 2630 663 2640 673; x_wconf 76' lang='lat'>⁸</span> <span class='ocrx_word' id='word_1_1133' title='bbox 2655 662 2713 690; x_wconf 84' lang='lat' dir='ltr'>Cap.</span> <span class='ocrx_word' id='word_1_1134' title='bbox 2731 668 2766 689; x_wconf 74' lang='grc' dir='ltr'>ιι,</span> <span class='ocrx_word' id='word_1_1135' title='bbox 2786 669 2809 685; x_wconf 83' lang='grc' dir='ltr'>ιι.</span> <span class='ocrx_word' id='word_1_1136' title='bbox 2824 669 2840 685; x_wconf 73' lang='grc' dir='ltr'>ι.</span> 
     </span>
    </p>
   </div>
   <div class='ocr_carea' id='block_1_22' title="bbox 2875 125 2892 827">
    <p class='ocr_par' dir='ltr' id='par_1_35' title="bbox 2875 125 2892 827">
     <span class='ocr_line' id='line_1_149' title="bbox 2875 125 2892 827; textangle 90"><span class='ocrx_word' id='word_1_1137' title='bbox 2885 674 2892 827; x_wconf 47' lang='grc' dir='ltr'>..ψ-...ψ</span> <span class='ocrx_word' id='word_1_1138' title='bbox 2875 457 2892 668; x_wconf 52' lang='grc' dir='ltr'>ψ-.</span> <span class='ocrx_word' id='word_1_1139' title='bbox 2885 416 2892 451; x_wconf 47' lang='grc' dir='ltr'>..Ν</span> <span class='ocrx_word' id='word_1_1140' title='bbox 2881 125 2892 400; x_wconf 37' lang='grc' dir='ltr'>,ιψψηι-ωμ-ν,</span> 
     </span>
    </p>
   </div>
   <div class='ocr_carea' id='block_1_23' title="bbox 2629 1187 2802 1214">
    <p class='ocr_par' dir='ltr' id='par_1_36' title="bbox 2629 1187 2802 1214">
     <span class='ocr_line' id='line_1_150' title="bbox 2629 1187 2802 1214; baseline 0 -5"><span class='ocrx_word' id='word_1_1141' title='bbox 2629 1187 2641 1199; x_wconf 81' lang='grc'><em>·</em></span> <span class='ocrx_word' id='word_1_1142' title='bbox 2655 1187 2680 1209; x_wconf 88' lang='lat' dir='ltr'>ln</span> <span class='ocrx_word' id='word_1_1143' title='bbox 2694 1192 2802 1214; x_wconf 80' lang='lat' dir='ltr'>corpore.</span> 
     </span>
    </p>
   </div>
   <div class='ocr_carea' id='block_1_24' title="bbox 2630 1395 2892 1462">
    <p class='ocr_par' dir='ltr' id='par_1_37' title="bbox 2630 1395 2892 1462">
     <span class='ocr_line' id='line_1_151' title="bbox 2631 1395 2892 1424; baseline 0.004 -6"><span class='ocrx_word' id='word_1_1144' title='bbox 2631 1396 2642 1407; x_wconf 77' lang='lat'>⁸</span> <span class='ocrx_word' id='word_1_1145' title='bbox 2655 1395 2842 1424; x_wconf 76' lang='lat' dir='ltr'>1⁸11··,qu·c·1.</span> <span class='ocrx_word' id='word_1_1146' title='bbox 2886 1400 2892 1410; x_wconf 69' lang='lat'>··‘</span> 
     </span>
     <span class='ocr_line' id='line_1_152' title="bbox 2630 1407 2892 1462; baseline 0.004 -18"><span class='ocrx_word' id='word_1_1147' title='bbox 2630 1427 2740 1450; x_wconf 66' lang='lat' dir='ltr'>m,</span> <span class='ocrx_word' id='word_1_1148' title='bbox 2754 1426 2796 1445; x_wconf 64' lang='lat' dir='ltr'>m.</span> <span class='ocrx_word' id='word_1_1149' title='bbox 2810 1429 2831 1445; x_wconf 72' lang='lat'>2.</span> <span class='ocrx_word' id='word_1_1150' title='bbox 2885 1407 2892 1462; x_wconf 76' lang='lat'>1</span> 
     </span>
    </p>
   </div>
   <div class='ocr_carea' id='block_1_25' title="bbox 2631 2034 2842 2090">
    <p class='ocr_par' dir='ltr' id='par_1_38' title="bbox 2631 2034 2842 2090">
     <span class='ocr_line' id='line_1_153' title="bbox 2631 2034 2842 2063; baseline 0.009 -7"><span class='ocrx_word' id='word_1_1151' title='bbox 2631 2034 2714 2063; x_wconf 72' lang='lat'>⁸0¹9·</span> <span class='ocrx_word' id='word_1_1152' title='bbox 2732 2040 2772 2061; x_wconf 82' lang='lat' dir='ltr'>tx,</span> <span class='ocrx_word' id='word_1_1153' title='bbox 2791 2041 2806 2057; x_wconf 88' lang='lat' dir='ltr'>n</span> <span class='ocrx_word' id='word_1_1154' title='bbox 2828 2035 2842 2058; x_wconf 78' lang='lat'><strong>8</strong></span> 
     </span>
     <span class='ocr_line' id='line_1_154' title="bbox 2631 2067 2682 2090; baseline 0 0"><span class='ocrx_word' id='word_1_1155' title='bbox 2631 2067 2682 2090; x_wconf 63' lang='grc' dir='ltr'>*Ἧ-</span> 
     </span>
    </p>
   </div>
   <div class='ocr_carea' id='block_1_26' title="bbox 2656 2411 2714 2429">
    <p class='ocr_par' dir='ltr' id='par_1_39' title="bbox 2656 2411 2714 2429">
     <span class='ocr_line' id='line_1_155' title="bbox 2656 2411 2714 2429; baseline 0 0"><span class='ocrx_word' id='word_1_1156' title='bbox 2656 2411 2688 2429; x_wconf 57' lang='lat' dir='ltr'>if·</span> <span class='ocrx_word' id='word_1_1157' title='bbox 2710 2417 2714 2426; x_wconf 85' lang='lat'><strong><em>¹</em></strong></span> 
     </span>
    </p>
   </div>
   <div class='ocr_carea' id='block_1_27' title="bbox 2630 2614 2888 2717">
    <p class='ocr_par' dir='ltr' id='par_1_40' title="bbox 2630 2614 2888 2717">
     <span class='ocr_line' id='line_1_156' title="bbox 2631 2614 2888 2646; baseline 0.008 -10"><span class='ocrx_word' id='word_1_1158' title='bbox 2631 2614 2718 2646; x_wconf 69' lang='lat' dir='ltr'>⁸S.T‘h.</span> <span class='ocrx_word' id='word_1_1159' title='bbox 2724 2615 2776 2637; x_wconf 78' lang='lat' dir='ltr'>lect.</span> <span class='ocrx_word' id='word_1_1160' title='bbox 2784 2621 2825 2638; x_wconf 67' lang='grc' dir='ltr'>ιιι.</span> <span class='ocrx_word' id='word_1_1161' title='bbox 2832 2626 2843 2632; x_wconf 91' lang='grc'>-</span> <span class='ocrx_word' id='word_1_1162' title='bbox 2884 2618 2888 2619; x_wconf 69' lang='grc'>’</span> 
     </span>
     <span class='ocr_line' id='line_1_157' title="bbox 2630 2641 2841 2717; baseline 0.019 -32"><span class='ocrx_word' id='word_1_1163' title='bbox 2630 2641 2841 2717; x_wconf 42' lang='grc' dir='ltr'>εςςνζᾰξςψτ</span> 
     </span>
    </p>
   </div>
   <div class='ocr_carea' id='block_1_28' title="bbox 2628 3357 2762 3435">
    <p class='ocr_par' dir='ltr' id='par_1_41' title="bbox 2628 3357 2762 3435">
     <span class='ocr_line' id='line_1_158' title="bbox 2629 3357 2752 3380; baseline 0.016 -2"><span class='ocrx_word' id='word_1_1164' title='bbox 2629 3358 2638 3368; x_wconf 88' lang='grc'><em>·</em></span> <span class='ocrx_word' id='word_1_1165' title='bbox 2652 3357 2752 3380; x_wconf 73' lang='lat' dir='ltr'>lutet-tin.</span> 
     </span>
     <span class='ocr_line' id='line_1_159' title="bbox 2628 3405 2762 3435; baseline 0.015 -8"><span class='ocrx_word' id='word_1_1166' title='bbox 2628 3406 2639 3416; x_wconf 72' lang='lat'><strong>⁶</strong></span> <span class='ocrx_word' id='word_1_1167' title='bbox 2655 3405 2722 3428; x_wconf 72' lang='lat' dir='ltr'>Vere.</span> <span class='ocrx_word' id='word_1_1168' title='bbox 2732 3406 2762 3435; x_wconf 65' lang='lat'>,8-</span> 
     </span>
    </p>
   </div>
   <div class='ocr_carea' id='block_1_29' title="bbox 2867 2120 2892 4004">
    <p class='ocr_par' dir='ltr' id='par_1_42' title="bbox 2867 2120 2892 4004">
     <span class='ocr_line' id='line_1_160' title="bbox 2867 2120 2892 4004; baseline 0 0"><span class='ocrx_word' id='word_1_1169' title='bbox 2867 2120 2892 4004; x_wconf 95' lang='lat' dir='ltr'> </span> 
     </span>
    </p>
   </div>
  </div>
 </body>
</html>
