2892 4056
70 529 143 551 'Aru
162 529 278 557 praeced,

68 555 97 578 td
109 561 130 584 ³-

66 903 78 915 ⁸
91 904 116 926 S.
126 903 171 926 Th.
192 904 244 926 leet.
261 910 278 926 ι.

0 2808 5 2859 ἰ

0 2874 5 2906 ‚¹

0 2919 5 2970 ἰ

0 3010 3 3042 i

1059 130 1324 176 QUAESTIO
1355 130 1385 177 Ι,
1414 130 1709 166 ARTlCULUS
1738 130 1772 166 V
2426 141 2468 176 17

358 212 418 247 An
437 219 574 246 Palmum
593 220 690 246 ERGO
711 220 893 246 monimum
913 209 1017 258 quod
1036 208 1208 246 infideles
1228 220 1360 245 eorum

307 274 405 311 quae
433 269 520 299 sunt
546 261 636 298 fidei
670 261 920 309 ignorantiam
952 262 1108 298 habent:
1143 261 1231 310 quia
1259 273 1330 298 nec
1353 266 1360 281 ⁶

305 315 437 352 vident
464 321 528 352 aut
556 313 676 351 sciunt
693 327 736 351 ea
754 314 793 351 in
812 314 955 363 seipsis,
975 326 1046 351 nec
1065 321 1298 362 cognoscunt
1317 325 1362 350 ea

307 380 389 406 esse
418 366 619 404 credibilia.
651 367 725 404 Sed
744 379 813 416 per
836 368 938 404 hunc
957 367 1118 404 modum
1146 366 1278 404 fideles
1297 367 1362 403 ha-

306 421 398 458 bent
425 432 559 457 eorum
588 420 776 467 notitiam,
812 432 891 457 non
918 419 1024 468 quasi
1052 419 1360 466 demonstrative,

306 473 372 511 sed
399 472 625 521 inquantum
643 485 712 521 per
729 474 860 509 lumen
877 472 968 510 fidei
985 471 1164 508 videntur
1183 484 1264 508 esse
1285 483 1362 508 cre-

306 525 443 572 denda,
473 533 514 562 ut
542 524 684 562 dictum
714 533 770 562 est
796 525 826 561 ²3.

358 580 416 615 An
445 589 634 615 SECUNDUM
661 588 844 615 menmium
874 576 977 625 quod
998 576 1161 613 rationes
1180 588 1278 625 quae
1306 576 1362 613 in-

306 630 496 668 ducuntur
523 643 545 667 a
574 631 719 668 Sanctis
747 631 796 667 ad
823 628 1066 678 probandum
1096 641 1140 665 ea
1160 641 1257 677 quae
1276 636 1362 665 sunt

305 683 396 720 fidei
424 696 502 720 non
531 691 618 720 sunt
646 681 977 728 demonstrativae,
1007 680 1075 717 sed
1098 681 1361 730 persuasiones

305 737 495 784 quaedam
515 736 796 773 manifestantes
811 746 888 771 non
909 746 991 770 esse
1011 734 1241 782 impossibile
1257 734 1361 782 quod

305 789 343 825 in
377 789 721 837 fideproponitur.
749 787 819 824 Vel
854 786 1067 835 procedunt
1099 798 1145 822 ex
1170 786 1361 835 principiis

305 841 406 888 fidei,
436 841 574 878 scilicet
602 853 646 877 ex
670 839 951 877 auctoritatibus
981 851 1108 875 sacrae
1129 839 1359 887 Scripturae:

305 894 401 931 sicut
441 894 647 942 Dionysius
685 892 794 938 dicit,
824 904 846 928 11
876 903 957 940 cap.
986 892 1032 928 de
1059 891 1145 928 Div.
1188 892 1305 929 Nom.
1342 891 1362 912 ‘³‘

305 947 363 984 Ex
389 946 448 984 his
465 954 594 984 autem
612 944 804 995 principiis
832 945 883 982 ita
900 945 1082 993 probatur
1101 943 1241 992 aliquid
1259 944 1362 992 apud

302 999 436 1038 fideles
464 999 561 1036 sicut
588 998 701 1036 etiarn
731 1009 775 1034 ex
802 997 991 1046 principiis
1023 996 1238 1034 naturaliter
1265 996 1363 1034 notis

301 1051 485 1101 probatur
513 1051 655 1099 aliquid
683 1050 786 1100 apud
814 1062 961 1088 omnes.
990 1049 1102 1088 Unde
1122 1049 1236 1086 etiarn
1254 1050 1361 1086 theo-

302 1104 401 1153 logia
423 1110 439 1125 ἰ
467 1103 622 1141 scientia
650 1111 723 1150 est,
756 1111 798 1141 ut
825 1103 863 1140 in
889 1102 1072 1152 principio
1102 1102 1239 1152 Operis
1257 1102 1277 1123 ’¹‘
1309 1101 1363 1139 di-

269 1160 276 1171 ’
303 1165 407 1195 etum
435 1164 500 1194 est.

353 1212 414 1247 An
442 1221 602 1247 TERTmM
629 1221 814 1246 Dici-:unum
848 1209 953 1258 quod
986 1220 1032 1245 ea
1067 1220 1166 1257 quae
1203 1207 1362 1245 demon-

302 1262 455 1312 strative
472 1262 628 1312 probari
649 1270 810 1336 possunt
828 1261 923 1299 inter
951 1260 1141 1298 credenda
1160 1267 1362 1298 numeran-

267 1320 280 1326 ’“
302 1323 374 1364 tur,
393 1327 471 1353 non
495 1314 584 1364 quia
612 1315 659 1352 de
686 1315 778 1365 ipsis
796 1313 875 1351 Ksit
902 1313 1117 1363 simpliciter
1144 1313 1240 1350 fides
1259 1313 1362 1361 apud
1386 1331 1388 1333 ·

302 1380 460 1411 omnes:
488 1368 557 1407 sed
584 1368 673 1417 quia
699 1367 990 1418 praeexiguntur
1017 1366 1066 1404 ad
1090 1378 1134 1403 ea
1158 1378 1255 1414 quae
1276 1372 1362 1402 sunt

301 1421 404 1467 fidei,
433 1428 470 1457 et
488 1428 638 1470 oportet
655 1433 701 1457 ea
719 1420 852 1457 saltem
880 1431 950 1468 per
966 1419 1086 1456 fidem
1105 1417 1362 1467 praesupponi

302 1473 351 1511 ab
370 1473 428 1510 his
456 1473 520 1521 qui
547 1473 687 1510 horum
717 1471 1081 1509 demonstrationem
1110 1483 1188 1508 non
1205 1471 1359 1507 habent.

353 1611 373 1643 ι)
393 1616 447 1636 noc.
461 1624 482 1630 —
499 1617 550 1635 non
570 1609 633 1643 CpK
652 1615 677 1635 et
695 1617 752 1634 a.-
769 1610 819 1635 Pro
837 1612 912 1635 aut...
930 1612 1100 1642 cognoscunt,
1116 1615 1163 1633 nec
1179 1609 1267 1633 sciunt
1285 1615 1316 1633 ea
1335 1609 1361 1633 in

301 1646 394 1679 seipsis
412 1649 442 1671 ue
459 1649 622 1679 cognoscant
639 1645 700 1675 PH;
719 1645 806 1678 proin
819 1645 920 1678 seipsis,
933 1651 1001 1678 quae
1018 1648 1081 1669 sunt
1100 1644 1126 1669 in
1139 1644 1232 1676 seipsis
1251 1644 1289 1675 G;
1308 1644 1364 1669 in...

301 1687 333 1707 ea
350 1689 404 1706 om.
423 1680 454 1706 C.

351 1717 380 1749 ιι)
399 1715 572 1749 theologia.—
591 1715 739 1748 theologica
757 1715 911 1745 ABDEFIL,
931 1720 956 1739 et
974 1714 1003 1740 n?

354 1750 384 1784 λ)
403 1752 436 1779 de
453 1751 528 1784 ipsis.
539 1751 638 1776 -0m.
656 1751 732 1776 ΑΒΕ.

267 1801 269 1804 <
355 1786 519 1822 1¹.)quidem.
537 1800 555 1805 -·
573 1786 636 1811 Orn.
654 1786 731 1811 Pa.-
749 1786 799 1810 Pro
811 1785 884 1819 fides
908 1789 935 1810 et
953 1785 1074 1814 scientia,
1094 1784 1206 1810 scientia
1230 1788 1256 1809 et
1275 1784 1364 1816 opinio

302 1822 334 1848 A.
352 1835 372 1842 ·-
388 1822 439 1847 Pro
456 1821 579 1851 subiecto,
600 1821 632 1846 de
650 1821 765 1846 subiecto
784 1821 812 1845 P.

1467 209 1525 244 An
1546 220 1719 250 QUARTUM
1738 219 1922 245 memnon
1950 208 2066 256 quod,
2097 208 2189 244 sicut
2215 207 2471 256 Philosophus

1414 260 1556 297 ibidem
1592 260 1697 308 dicit,
1740 274 1762 298 a
1792 260 1950 298 diversis
1990 260 2209 298 hominibus
2248 260 2294 297 de
2333 261 2470 298 eodem

1415 313 1574 350 omnino
1603 321 1728 362 potest
1754 314 1886 350 haberi
1914 313 2068 350 scientia
2088 321 2124 350 et
2143 312 2285 362 opini0,
2315 313 2409 350 sicut
2438 322 2473 350 et

1415 378 1515 402 nunc
1547 366 1567 386 ⁹⁶
1597 365 1736 403 dicrum
1768 374 1822 403 est
1850 367 1897 403 de
1926 365 2080 404 scientia
2118 374 2153 402 et
2180 365 2270 403 fide.
2315 366 2391 403 Sed
2425 367 2472 403 ab

1414 430 1492 455 uno
1523 426 1560 455 et
1588 418 1726 456 eodem
1763 426 1887 467 potest
1921 419 2076 467 quidem
2101 425 2118 447 μ
2145 419 2276 456 haberi
2307 419 2404 455 fides
2437 427 2474 455 et

1415 470 1571 508 scientia
1599 471 1645 508 de
1676 471 1814 508 eodem
1843 472 2054 509 secundum
2083 471 2190 519 quid,
2221 471 2359 508 scilicet
2387 472 2474 508 sub-

1415 523 1524 569 iecto‚
1555 524 1621 560 sed
1641 536 1719 560 non
1739 525 1951 561 secundum
1971 525 2096 562 idem:
2126 531 2250 572 potest
2268 525 2371 560 enim
2391 537 2473 561 esse

1414 577 1520 625 quod
1559 577 1606 613 de
1634 588 1712 613 una
1747 584 1783 613 et
1811 576 1945 614 eadem
1976 590 2014 614 re
2052 577 2185 625 aliquis
2215 576 2356 626 aliquid
2384 576 2476 613 sciat

1415 636 1452 665 et
1479 628 1621 676 aliquid
1652 629 1752 666 aliud
1786 630 1960 677 opinetur
1983 637 2013 673 “’;
2050 637 2085 666 et
2112 629 2278 666 similiter
2313 629 2359 666 de
2389 630 2473 666 Deo

1414 689 1540 730 potest
1566 681 1698 730 aliquis
1724 682 2019 719 demonstrative
2045 682 2137 718 scire
2167 682 2271 730 quod
2290 682 2335 718 sit
2361 694 2473 728 unus,

1416 741 1452 770 et
1471 734 1625 771 credere
1655 734 1758 782 quod
1778 734 1822 770 sit
1849 735 1979 771 trinus.
2011 735 2087 771 Sed
2116 735 2162 771 de
2183 735 2321 771 eodem
2342 747 2474 771 secun-

1415 787 1508 824 dum
1527 787 1631 823 idern
1660 799 1739 823 non
1762 794 1886 835 potest
1906 799 1987 824 esse
2016 787 2127 824 simul
2156 787 2194 823 in
2221 800 2299 824 uno
2319 787 2474 824 homine

1416 838 1599 876 scientiaE
1625 851 1696 876 nec
1725 852 1812 875 curn
1841 840 2020 888 opinione
2050 852 2120 876 nec
2141 852 2227 876 cum
2256 840 2332 876 fide
2351 840 2381 886 ²³⁶,
2403 840 2474 876 alia

1415 898 1545 928 tamen
1574 899 1609 927 et
1637 891 1710 927 alia
1739 891 1895 929 ratione.
1940 892 2104 928 Scientia
2133 892 2235 928 enim
2274 905 2360 929 cum
2395 893 2476 941 opi-

1416 943 1530 980 nione
1551 943 1662 980 simul
1683 956 1765 980 esse
1781 957 1859 981 non
1878 952 2003 993 potest
2022 945 2240 992 simpliciter
2256 945 2303 982 de
2323 945 2474 991 eodem,

1416 996 1506 1045 quia
1526 996 1572 1033 de
1592 996 1735 1033 ratione
1755 996 1931 1034 scientiae
1952 1005 2007 1033 est
2035 997 2138 1045 quod
2168 997 2206 1034 id
2233 997 2338 1046 quod
2362 997 2476 1034 scitur

1416 1049 1648 1086 existimetur
1676 1061 1758 1086 esse
1782 1050 2017 1098 impossibile
2037 1050 2142 1086 aliter
2169 1062 2209 1086 se
2237 1051 2398 1096 habere3
2428 1051 2475 1087 de

1415 1101 1559 1139 ratione
1583 1110 1710 1139 autem
1743 1102 1931 1151 opinionis
1961 1110 2017 1139 est
2052 1102 2156 1150 quod
2188 1102 2227 1139 id
2263 1102 2367 1151 quod
2391 1102 2476 1150 quis

1416 1154 1618 1202 existimat,
1658 1154 1842 1192 existimet
1870 1161 1882 1176 ⁰
1910 1155 2089 1204 possibile
2127 1155 2230 1192 aliter
2258 1168 2298 1191 se
2321 1156 2474 1192 habere.

1416 1207 1492 1245 Sed
1520 1207 1558 1245 id
1588 1208 1692 1256 quod
1721 1208 1797 1246 fide
1826 1216 1986 1254 tenetur,
2018 1215 2175 1256 propter
2201 1208 2292 1245 fidei
2326 1208 2477 1244 certitu-

1416 1260 1557 1308 dinem,
1579 1260 1808 1297 existimatur
1835 1261 1949 1298 etiam
1968 1261 2200 1310 impossibile
2229 1260 2334 1297 aliter
2353 1273 2393 1297 se
2410 1261 2476 1297 ha-

1415 1314 1525 1349 bere:
1564 1313 1631 1350 sed
1661 1325 1705 1349 ea
1734 1313 1876 1350 ratione
1909 1326 1988 1350 non
2015 1321 2139 1362 potest
2167 1313 2276 1350 simul
2304 1313 2407 1350 idem
2441 1321 2477 1349 et

1416 1365 1629 1402 secundum
1667 1366 1769 1402 idem
1807 1378 1889 1403 esse
1918 1366 2053 1403 scitum
2082 1374 2118 1402 et
2147 1366 2349 1412 creditum,
2389 1365 2476 1414 quia

1416 1417 1551 1454 scitum
1580 1425 1637 1454 est
1653 1418 1781 1455 visum
1811 1427 1848 1455 et
1876 1419 2059 1455 creditum
2089 1426 2144 1455 est
2172 1431 2250 1455 non
2268 1419 2408 1464 visum,
2436 1426 2477 1455 ut

1415 1470 1558 1508 dictum
1589 1477 1646 1507 est
1663 1471 1693 1506 ²³³.

1418 1608 1468 1633 scit
1486 1607 1565 1640 (sciat
1582 1609 1615 1639 H,
1634 1609 1718 1633 scitur
1732 1609 1790 1642 GK)
1807 1612 1833 1634 et
1844 1610 1920 1634 aliud
1938 1610 2040 1642 aliquid
2053 1609 2166 1642 <aliquid
2184 1610 2260 1634 aliud
2278 1610 2327 1641 Bc,
2341 1611 2416 1635 aliud
2429 1610 2478 1634 ali-

1418 1643 1478 1676 quis
1495 1644 1514 1675 1,
1532 1644 1602 1668 alius
1619 1644 1723 1676 aliquid
1741 1645 1771 1675 L,
1789 1645 1864 1670 aliud
1882 1653 1936 1670 om.
1955 1645 1990 1679 G)
2009 1646 2137 1677 opinatur
2154 1646 2263 1670 codices.

1473 1676 1496 1711 ξ)
1515 1679 1665 1704 scientia.-
1683 1680 1793 1704 scientia
1811 1687 1875 1705 uera
1894 1680 1934 1710 1K,
1954 1681 2064 1706 scientia
2083 1688 2145 1705 vero
2164 1681 2234 1712 Hpa.

1472 1715 1498 1746 ο)
1518 1714 1576 1746 quis
1594 1714 1741 1746 existimat,
1756 1715 1900 1740 existimet.
1913 1730 1932 1734 -
1950 1716 2008 1748 quis
2025 1716 2196 1740 existimetur
2214 1716 2351 1740 existimet
2364 1715 2478 1748 BFpAK,

1418 1749 1477 1781 quis
1495 1749 1622 1782 opinatur
1639 1749 1810 1775 existimetur
1828 1750 1897 1780 DsK,
1911 1751 1970 1783 quis
1992 1751 2128 1776 existimet
2146 1752 2178 1781 Η,
2193 1751 2257 1783 quid
2275 1751 2402 1783 opinatur
2419 1751 2478 1776 exi-

1418 1784 1508 1809 stimet
1527 1785 1544 1815 1,
1563 1788 1603 1810 est
1621 1785 1758 1817 opinatum
1777 1786 1947 1811 existimetur
1966 1786 2016 1816 Pa;
2035 1786 2160 1811 scientiae
2177 1789 2242 1811 est...
2261 1787 2293 1811 de
2312 1786 2416 1811 ratione
2439 1794 2479 1810 re-

1421 1820 1485 1852 petit
1501 1827 1527 1850 x,
1541 1825 1567 1844 et
1584 1821 1691 1853 repetita
1710 1821 1743 1845 ita
1762 1821 1865 1853 corrigit
1881 1827 1910 1846 ut
1928 1821 1968 1846 hic
1987 1822 2068 1853 legat:
2092 1825 2180 1846 autem
2200 1821 2332 1853 opinionis
2351 1824 2390 1846 est
2408 1821 2480 1854 quod

355 1857 379 1891 ν)
392 1857 519 1890 aliquis...
533 1857 698 1891 opinetur-
716 1856 818 1889 aliquid
831 1856 951 1889 (quidam
963 1856 1067 1888 aliquid
1086 1856 1117 1886 D,
1131 1862 1199 1880 unus
1217 1855 1321 1887 aliquid
1334 1855 1366 1887 L)
1421 1855 1592 1881 existimetur
1609 1863 1665 1881 esse
1679 1856 1804 1888 possibile
1822 1861 1871 1882 etc.

977 1929 1309 1963 Commentaria
1332 1927 1582 1961 cardinalis
1606 1929 1806 1962 Caietam

331 2023 352 2044 u
375 2012 510 2044 articulo
540 2011 670 2052 quinto,
698 2011 734 2042 in
757 2010 964 2051 responsione
992 2010 1032 2040 ad
1054 2009 1214 2050 primum,
1238 2009 1363 2040 adverte

305 2024 423 2098 Iquod
445 2066 512 2089 non
536 2055 612 2087 dicit
630 2055 775 2086 absolute
798 2055 888 2095 quod
902 2053 1010 2085 fideles
1026 2054 1058 2084 in
1081 2054 1143 2084 hoc
1163 2053 1309 2084 differunt
1324 2054 1362 2083 ab

302 2099 482 2132 infidelibus
506 2099 582 2140 quia
603 2099 726 2130 vident:
751 2099 807 2129 sed
829 2098 905 2139 quia
927 2099 1044 2128 habent
1067 2097 1212 2128 notitiam
1229 2099 1364 2138 inquan-

303 2150 369 2176 tum
395 2154 460 2186 per
488 2144 594 2174 lumen
607 2143 692 2186 fidei
714 2142 864 2174 videntur
892 2151 959 2173 esse
990 2141 1157 2173 credenda.
1193 2141 1291 2178 Quod
1320 2148 1366 2171 est

303 2189 404 2220 dictu.
429 2187 556 2219 Habent
573 2187 726 2218 notitiam
742 2193 900 2227 quantum
919 2193 965 2217 est
979 2196 1016 2216 ex
1035 2192 1123 2226 parte
1137 2185 1267 2216 luminis
1281 2185 1365 2221 fidei,

304 2233 395 2274 quod
416 2238 463 2264 est
484 2238 597 2264 natum
618 2232 720 2263 facere
749 2231 839 2272 quod
867 2230 1034 2262 videantur
1063 2230 1226 2260 credenda.
1255 2229 1296 2260 Et
1320 2229 1365 2260 sic

304 2286 372 2309 non
395 2283 523 2317 oportet
551 2275 653 2306 dicere
686 2275 775 2316 quod
804 2275 937 2316 quilibet
965 2273 1066 2305 fidelis
1095 2274 1188 2304 habet
1218 2274 1257 2304 de
1281 2273 1364 2304 facto

304 2319 491 2353 huiusmodi
503 2319 692 2351 evidentiam
703 2329 740 2350 ex
750 2319 871 2350 lumine
883 2317 971 2350 fidei:
997 2318 1052 2349 sed
1067 2319 1156 2359 quod
1171 2318 1265 2348 habet
1276 2317 1364 2348 illam

305 2370 462 2406 quantum
486 2370 532 2394 est
555 2373 591 2394 ex
613 2369 701 2404 parte
723 2362 853 2393 luminis
875 2361 958 2394 fidei.
983 2362 1081 2400 Quod
1101 2369 1147 2393 est
1170 2361 1255 2392 dictu
1272 2362 1363 2403 quod

305 2407 399 2438 habet
420 2408 531 2438 lumen
563 2407 648 2438 unde
677 2412 782 2446 potest
810 2405 925 2436 habere
954 2405 1139 2436 huiusmodi
1162 2405 1307 2436 notitiam
1331 2412 1362 2436 et

303 2451 492 2483 evidentiam
508 2450 536 2481 θ.

359 2495 398 2527 11.
423 2495 458 2526 In
482 2495 596 2526 eodem
628 2494 777 2530 articulo,
807 2493 840 2524 in
870 2493 1077 2534 responsione
1106 2493 1147 2522 ad
1176 2493 1363 2528 secundum,

305 2539 440 2571 dubium
473 2538 610 2570 occurrit
632 2547 669 2568 ex
698 2538 812 2572 Scoto.
836 2537 869 2567 in
898 2548 969 2568 xxiv
991 2537 1062 2567 dist.
1095 2536 1136 2566 111
1166 2536 1265 2573 Sent„
1289 2536 1365 2577 quia

304 2586 426 2615 Auctor
449 2583 515 2614 duo
539 2581 779 2614 contradictoria
801 2581 918 2612 tenuit:
952 2581 1070 2612 scilicet
1093 2580 1181 2621 quod
1203 2579 1363 2621 theologia

247 2649 254 2656 .
270 2650 277 2661 ,
305 2634 412 2658 nostra
444 2633 490 2658 est
517 2636 588 2657 vere
616 2625 744 2656 scientia
774 2625 984 2655 subalternata
1005 2625 1038 2660 *;
1063 2630 1093 2654 et
1116 2623 1204 2664 quod
1234 2622 1310 2654 fides
1334 2630 1364 2654 et

305 2671 433 2703 scientia
455 2680 521 2701 non
550 2676 685 2711 possunt
708 2678 774 2699 esse
805 2669 844 2699 de
872 2669 996 2699 eodem.
1021 2667 1107 2699 Cum
1136 2667 1221 2698 enim
1249 2667 1364 2698 credita

305 2715 441 2747 aciamus
472 2724 529 2755 per
559 2713 773 2753 theologiam
805 2719 836 2743 et
868 2712 1029 2752 theologia
1060 2712 1100 2742 sit
1131 2721 1203 2742 vere
1236 2711 1364 2743 scientia

305 2760 536 2795 subalternam
571 2757 714 2799 sequitur
742 2758 831 2798 quod
866 2757 952 2787 idem
987 2756 1027 2788 sit
1055 2756 1170 2787 scitum
1203 2762 1234 2786 et
1268 2755 1363 2786 credi-

304 2810 376 2835 tum
398 2804 436 2834 ab
459 2803 574 2834 eodem
597 2802 703 2833 simul.
725 2801 795 2832 Nec
815 2806 921 2841 potest
942 2801 1083 2838 solvere,
1107 2799 1211 2840 inquit
1233 2799 1363 2836 Scotus,

304 2846 388 2879 hanc
411 2845 691 2878 contradictionem
723 2846 785 2876 nisi
806 2845 940 2876 dicendo
963 2844 1047 2886 quod
1070 2846 1101 2874 in
1125 2844 1184 2875 hoc
1207 2844 1275 2874 loco
1297 2846 1363 2874 Au-

306 2897 374 2923 ctor
400 2890 542 2932 loquitur
563 2890 603 2921 de
624 2890 756 2921 scientia
784 2889 1042 2926 subalternam&
1066 2893 1096 2919 et
1119 2898 1181 2918 non
1207 2887 1362 2930 subalter-

305 2939 393 2965 nata.

360 2978 411 3008 Ad
433 2977 495 3008 hoc
518 2977 653 3008 dubium
674 2976 808 3007 breviter
829 2976 942 3007 dicitur
964 2976 1053 3018 quod
1075 2978 1197 3006 Auctor
1221 2975 1365 3016 loquitur

306 3022 344 3052 de
367 3021 496 3053 scientia
517 3021 742 3057 universaliter,
768 3027 798 3051 et
820 3030 887 3051 non
911 3021 949 3051 de
971 3020 1204 3052 subalternante
1225 3026 1360 3051 tantum.

305 3066 346 3097 Et
368 3066 459 3107 quod
481 3066 514 3095 in
537 3065 627 3096 nullo
651 3064 709 3096 sibi
732 3065 931 3101 contradicit,
967 3071 1096 3105 propter
1130 3064 1206 3094 duo.
1241 3063 1359 3100 Primo,

305 3109 381 3150 quia
410 3119 476 3140 non
506 3116 582 3140 sunt
611 3109 650 3139 de
680 3109 810 3140 eodem:
845 3108 920 3149 quia
950 3107 1026 3139 fides
1056 3114 1102 3138 est
1130 3108 1168 3138 de
1197 3107 1358 3149 principiis

305 3152 500 3193 theologiae;
531 3153 599 3193 ipsa
627 3162 702 3183 vero
726 3152 885 3192 theologia
915 3159 961 3182 est
984 3152 1023 3182 de
1046 3150 1302 3182 conclusionibus
1325 3157 1362 3182 ex

304 3197 381 3238 ipsis
404 3196 574 3237 principiis.
592 3214 611 3219 -
628 3196 785 3233 Secundo,
809 3196 884 3236 quia
906 3195 1066 3235 theologia
1089 3201 1205 3232 nostra,
1229 3195 1301 3226 licet
1315 3206 1360 3226 se-

305 3241 449 3272 cundum
471 3251 563 3271 suam
586 3240 723 3281 speciem
747 3240 786 3271 sit
808 3239 945 3276 scientia,
962 3249 1028 3270 non
1043 3245 1149 3270 tamen
1164 3246 1211 3270 est
1229 3239 1262 3270 in
1278 3246 1360 3271 statu

305 3285 466 3316 scientiae:
491 3285 585 3315 habet
611 3283 697 3314 enim
730 3282 951 3324 imperfectum
974 3289 1101 3314 statum.
1125 3282 1213 3314 Sicut
1237 3293 1360 3324 perspe-

305 3329 385 3360 ctiva
408 3335 667 3369 non-geometrae
689 3328 866 3358 secundum
889 3336 981 3358 suam
1001 3327 1139 3368 speeiem
1163 3334 1210 3358 est
1231 3328 1358 3358 scientia

305 3373 524 3409 subalternam,
548 3372 603 3403 sed
626 3382 691 3402 non
715 3371 856 3412 pervenit
871 3371 974 3402 adhuc
996 3371 1036 3402 ad
1050 3370 1225 3412 perfectum
1241 3378 1359 3403 statum

271 3428 291 3436 f
306 3416 466 3453 scientiae;
491 3423 522 3447 et
545 3423 710 3457 propterea
740 3425 806 3446 non
829 3414 902 3446 facit
931 3414 1007 3446 scire
1037 3414 1097 3445 nisi
1128 3415 1304 3447 inchoative
1329 3423 1359 3447 et

447 3478 556 3502 simma
574 3477 675 3501 Tar-201„
695 3477 726 3501 D.
745 3476 859 3501 Tuomn
877 3476 909 3500 T.
929 3475 960 3499 V.

1417 2009 1617 2050 imperfecte:
1643 2010 1728 2050 quia,
1754 2018 1789 2040 ut
1811 2010 1927 2041 dicitur
1941 2011 1974 2040 in
1990 2010 2001 2040 1
2018 2011 2139 2042 Poster.
2156 2011 2180 2046 *,
2198 2020 2264 2041 non
2281 2011 2356 2042 sciet
2372 2021 2479 2042 carens
2507 2019 2578 2067 {eff

1418 2054 1612 2084 resolutione
1643 2064 1745 2095 usque
1774 2055 1814 2084 ad
1837 2054 1990 2094 principia
2020 2054 2174 2086 evidentia
2203 2055 2271 2085 sibi.
2303 2055 2480 2095 Theologia

1419 2107 1494 2138 ergo
1518 2097 1550 2128 in
1581 2098 1673 2128 nobis
1702 2097 1873 2129 viatoribus
1903 2105 1949 2129 est
1978 2099 2155 2129 secundum
2189 2109 2220 2129 se
2250 2109 2321 2130 vere
2352 2099 2479 2131 scientia

1419 2141 1644 2172 subalternata:
1670 2151 1736 2172 non
1760 2148 1865 2172 tamen
1888 2142 1921 2172 in
1938 2148 2019 2172 statu
2044 2142 2199 2178 scientiae,
2216 2153 2386 2184 quousque
2402 2153 2477 2173 con-

1419 2185 1559 2216 tinuetur
1582 2195 1656 2216 cum
1679 2185 1834 2216 evidentia
1863 2186 2092 2226 principiorum
2114 2186 2209 2217 illius.
2239 2186 2281 2217 Et
2302 2194 2477 2227 propterca,

1420 2230 1494 2261 dato
1517 2230 1607 2271 quod
1630 2230 1670 2260 sit
1691 2230 1730 2260 de
1746 2230 1878 2267 creditis,
1895 2240 1962 2261 non
1981 2230 2122 2270 sequitur
2138 2230 2243 2271 aliqua
2263 2231 2477 2266 contradictio,

1419 2284 1478 2305 nec
1501 2274 1590 2315 quod
1613 2273 1690 2305 fides
1714 2281 1744 2304 et
1767 2274 1895 2306 scientia
1918 2274 1980 2305 sint
2003 2275 2041 2304 de
2065 2275 2194 2305 eodem:
2226 2275 2302 2315 quia
2323 2275 2395 2311 hoc,
2420 2275 2479 2305 sci-

1419 2319 1491 2349 licet
1514 2318 1604 2359 quod
1633 2318 1763 2349 scientia
1786 2325 1816 2349 et
1838 2317 1916 2349 fides
1939 2328 2006 2349 non
2036 2325 2172 2358 possunt
2201 2329 2267 2350 esse
2291 2319 2330 2349 de
2353 2319 2478 2354 eodem,

1418 2361 1602 2403 intelligitur
1624 2362 1662 2392 de
1687 2361 1813 2393 scientia
1836 2362 1869 2392 in
1893 2369 1974 2393 statu
1991 2362 2145 2398 scientiae,
2163 2369 2193 2393 et
2209 2372 2274 2393 non
2290 2363 2328 2393 de
2352 2362 2479 2394 scientia

1418 2407 1452 2437 in
1475 2412 1557 2437 statu
1581 2405 1778 2445 imperfecto.

1475 2450 1526 2481 111.
1551 2450 1586 2480 In
1609 2450 1815 2490 responsione
1838 2450 1878 2480 ad
1901 2456 2050 2490 quartum
2069 2450 2210 2481 eiusdem
2234 2450 2354 2481 articuli
2378 2451 2480 2481 recole

1419 2494 1501 2529 dicta
1523 2494 1555 2524 in
1575 2493 1678 2524 Prima
1694 2494 1856 2524 Secundae
1871 2494 1898 2523 *.
1922 2494 1963 2525 Et
1981 2494 2105 2525 adverte
2121 2495 2219 2534 quod,
2238 2494 2310 2525 licet
2325 2495 2385 2524 alia
2399 2495 2479 2525 ratio

1419 2537 1459 2568 sit
1473 2537 1513 2567 de
1527 2537 1843 2577 incompossibilitate
1858 2537 2006 2568 scientiae
2021 2548 2096 2568 cum
2111 2538 2262 2578 opinione
2277 2546 2308 2569 et
2319 2549 2393 2569 cum
2404 2538 2478 2577 fide,

1419 2581 1566 2612 convenit
1578 2587 1684 2611 tamen
1694 2581 1728 2611 in
1740 2581 1802 2611 hoc
1813 2581 1918 2611 omnis
1930 2591 2040 2612 earum
2051 2581 2375 2622 incompossibilitatis
2387 2583 2476 2619 ratio,

1418 2625 1493 2666 quia
1516 2624 1633 2655 scilicet
1660 2631 1743 2655 tenet
1766 2635 1798 2654 se
1822 2634 1859 2655 ex
1882 2632 1968 2664 parte
1997 2625 2127 2656 subiecti
2150 2625 2332 2666 simpliciter
2359 2633 2389 2657 et
2411 2636 2477 2657 non

1418 2668 1595 2700 secundum
1618 2668 1705 2709 quid.
1730 2668 1915 2699 Existimare
1939 2678 2077 2710 namque
2101 2672 2128 2699 A
2153 2679 2218 2699 esse
2238 2675 2268 2700 et
2286 2680 2351 2700 non
2375 2669 2477 2701 existi-

1417 2722 1504 2743 mare
1526 2715 1556 2743 A
1579 2722 1655 2748 esse,
1678 2713 1783 2742 videre
1807 2716 1835 2743 A
1859 2722 1924 2743 esse
1944 2719 1974 2743 et
1992 2722 2058 2743 non
2077 2712 2180 2743 videre
2196 2715 2224 2743 A
2241 2723 2317 2749 esse,
2338 2723 2375 2744 ex
2390 2721 2477 2754 parte

1418 2757 1550 2787 subiecti
1573 2756 1811 2796 distinguuntur
1830 2763 1860 2787 et
1875 2764 2096 2796 opponuntur:
2122 2764 2153 2788 et
2170 2764 2336 2797 propterea
2352 2757 2474 2788 incom-

1417 2800 1580 2841 possibilia
1609 2807 1683 2831 sunt
1713 2801 1746 2830 in
1769 2801 1883 2831 eodem
1906 2801 2046 2831 subiecto
2077 2801 2268 2841 simpliciter.
2297 2801 2348 2832 Sic
2371 2809 2477 2833 autem

1418 2844 1653 2884 distinguuntur
1675 2844 1814 2880 scientia,
1833 2844 1910 2875 fides
1927 2851 1957 2875 et
1973 2845 2095 2885 opinio.
2118 2846 2202 2875 Nam
2225 2845 2325 2876 sciens
2348 2846 2434 2877 videt
2447 2848 2476 2876 A

1417 2898 1484 2919 esse
1508 2889 1551 2919 sic
1574 2888 1663 2929 quod
1686 2887 1841 2919 existimat
1863 2888 2058 2929 impossibile
2082 2888 2170 2920 aliter
2194 2899 2225 2919 se
2249 2889 2378 2926 habere;
2407 2890 2476 2930 opi-

1417 2942 1495 2963 nans
1519 2931 1693 2973 aliqualiter
1715 2931 1799 2963 videt
1821 2934 1850 2962 A
1874 2941 1956 2969 esse,
1981 2933 2035 2964 sed
2058 2942 2123 2963 non
2147 2933 2190 2963 ita
2213 2933 2301 2974 quod
2325 2933 2477 2964 existimet

1416 2976 1611 3017 impossibile
1635 2976 1722 3006 aliter
1736 2986 1768 3006 se
1784 2976 1913 3013 habere;
1938 2977 2066 3007 credens
2090 2983 2206 3013 autem,
2229 2977 2301 3008 licet
2324 2978 2478 3008 existimet

1415 3020 1613 3060 impossibile
1635 3020 1723 3051 aliter
1745 3030 1779 3050 se
1801 3019 1926 3056 habere,
1949 3030 2015 3051 non
2038 3027 2144 3051 tamen
2168 3021 2230 3051 hoc
2252 3021 2346 3052 habet
2361 3032 2397 3052 ex
2413 3022 2476 3052 evi-

1417 3065 1530 3101 dentia,
1555 3074 1614 3095 nec
1635 3064 1720 3095 videt
1742 3067 1771 3095 A
1795 3074 1871 3096 esse.
1895 3065 1976 3096 Dico
2000 3072 2106 3096 autem
2128 3066 2258 3096 subiecti
2279 3066 2475 3106 simpliciter,

1415 3109 1455 3139 ad
1470 3108 1702 3139 excludendum
1716 3108 1894 3140 subiectum
1913 3109 2089 3140 secundum
2103 3109 2197 3150 quid:
2222 3116 2298 3149 puta
2314 3109 2476 3140 Socratem

1415 3159 1451 3184 ut
1473 3159 1684 3192 geometram,
1709 3160 1744 3183 ut
1767 3152 1811 3183 sic
1835 3152 2038 3193 dispositum,
2071 3161 2106 3184 ut
2130 3153 2321 3189 credentem,
2351 3160 2381 3183 et
2407 3153 2475 3193 opi-

1415 3203 1554 3232 nantem,
1579 3203 1609 3227 et
1632 3196 1674 3227 sic
1690 3196 1727 3226 de
1744 3196 1823 3227 aliis.
1845 3197 1920 3227 Non
1944 3197 2029 3227 enim
2052 3197 2210 3228 distinctio
2227 3197 2343 3227 horum
2367 3197 2399 3227 in
2415 3197 2475 3227 hoc

1415 3240 1557 3271 consistit
1580 3241 1668 3281 quod
1692 3241 1820 3271 credens
1843 3246 1878 3271 ut
1900 3242 1947 3271 sic
1969 3251 2034 3271 non
2058 3241 2171 3277 videat,
2198 3248 2234 3271 ut
2256 3241 2390 3281 opinans
2414 3241 2474 3271 exi-

1414 3285 1519 3316 stimet
1541 3284 1692 3325 possibile
1714 3284 1802 3315 aliter
1826 3294 1858 3315 se
1882 3284 2005 3321 habere,
2030 3292 2065 3315 ut
2081 3285 2180 3315 sciens
2194 3285 2307 3320 videat,
2323 3291 2394 3315 etc.:
2421 3285 2475 3315 sed

1413 3328 1446 3358 in
1469 3329 1531 3359 hoc
1554 3328 1643 3369 quod
1667 3328 1844 3359 subiectum
1867 3329 1906 3359 de
1925 3339 1991 3369 quo
2006 3329 2188 3369 simpliciter
2211 3336 2241 3359 et
2264 3328 2408 3360 absolute
2422 3339 2474 3359 ve-

1412 3371 1549 3403 rificatur
1573 3373 1698 3403 credere
1720 3374 1750 3402 A
1773 3382 1850 3409 esse,
1874 3373 1912 3403 de
1936 3373 2050 3403 eodem
2073 3383 2138 3403 non
2157 3379 2262 3413 potest
2278 3372 2373 3403 simul
2395 3372 2474 3404 veri-

1412 3415 1495 3447 ficari
1519 3416 1596 3447 scire
1621 3418 1649 3446 A
1673 3425 1754 3452 esse;
1779 3423 1810 3447 et
1832 3416 1974 3447 similiter
1997 3424 2042 3447 est
2065 3417 2103 3447 de
2119 3416 2271 3457 opinione
2291 3424 2321 3447 et
2335 3416 2473 3448 scientia.

2284 3477 2297 3501 3

2502 381 2509 388 ·
2525 378 2550 399 In
2565 383 2670 404 corpore.

2505 875 2511 881 ¹
2527 871 2554 892 D.
2570 871 2619 892 610.

2505 1474 2515 1483 ¹
2529 1473 2553 1493 In
2568 1478 2623 1500 corp
2627 1478 2673 1494 ore.

2581 2034 2587 2040 .
2599 2026 2625 2046 11,
2640 2025 2663 2041 n.
2675 2020 2696 2042 8.
2704 2030 2716 2036 —

2601 2047 2653 2067 lect.
2668 2052 2699 2068 ιν.

2543 2490 2639 2511 u.‚r.xvn
2646 2488 2687 2505 art.
2693 2490 2713 2512 3.

2556 2500 2714 2532 .Comment.
