2892 4056
182 2076 191 2084 ⁸
202 2075 280 2096 Matth.
297 2081 346 2102 cap.
360 2081 393 2100 v1,

182 2107 241 2123 vers.
256 2107 289 2129 33.

179 2949 188 2958 ⁸
204 2948 260 2976 Cap.
275 2954 316 2970 xii.

180 3164 190 3174 ⁸
205 3163 262 3190 Cap.
277 3169 316 3184 vn.

437 192 513 238 296
1081 188 1347 237 QUAEsrlo
1376 191 1553 238 xxxvl,
1584 191 1881 228 ARTICULUS
1911 193 1960 227 111

430 268 517 307 leges
540 268 578 297 ab
602 267 738 307 indignis
762 267 918 303 auferunt,
943 277 1016 297 curn
1039 266 1171 306 possint,
1188 267 1272 297 bona
1295 267 1492 308 temporalia.
1518 268 1520 330 j
1561 285 1564 288 -
1600 267 1725 297 Solutio
1749 276 1824 296 vero
1847 267 2003 297 secundae
2026 267 2156 298 rationis
2179 268 2361 299 confutatur
2381 279 2418 299 ex
2433 269 2495 299 hoc
2518 269 2607 309 quod

432 312 537 342 Immo
562 318 642 342 esset
665 312 843 342 subvertere
867 320 978 351 pacem
1003 309 1135 340 humani
1164 312 1296 350 generis,
1321 312 1345 342 si
1369 312 1494 342 daretur
1546 311 1628 340 male
1643 310 1780 340 sumitur
1803 317 1834 340 et
1848 310 2025 350 applicatur
2039 310 2119 342 ratio
2135 312 2293 344 Auctoris.
2318 313 2401 343 Nam
2423 316 2545 343 Auctor
2559 312 2606 342 in-

431 366 530 395 opera
553 362 587 386 ut
611 356 794 385 tollerentur
818 356 855 384 ab
878 355 1014 393 indignis
1045 354 1249 393 temporalia,
1280 362 1335 386 aut
1357 355 1491 395 impedi·
1518 335 1520 391 l
1546 354 1632 384 ducit
1647 354 1734 384 illam
1750 355 1789 384 ad
1808 354 2036 384 destruendum
2052 354 2296 386 fundamentum
2314 356 2501 393 Aristotelis,
2518 357 2607 397 quod

431 407 539 430 rentur
561 400 681 439 indigni
705 400 742 429 ab
766 399 962 428 assecutione
987 397 1221 437 temporalium.
1245 399 1328 429 Nam
1345 400 1388 430 sic
1411 406 1442 429 et
1456 398 1492 428 fi·
1518 393 1519 431 ἶ
1546 398 1688 428 consistit
1715 398 1747 428 in
1772 398 1834 428 hoc
1863 398 1952 439 quod
1975 398 2096 437 indigni
2123 400 2315 439 prosperitas
2343 407 2391 432 est
2416 401 2542 431 iniusta.
2567 401 2608 431 Et

431 444 492 474 lius
516 451 661 483 peccator
684 443 904 482 impediendus
929 449 1008 472 esset
1031 442 1069 471 ab
1094 443 1289 482 assequenda
1311 443 1490 478 hereditate,
1545 442 1607 472 hoc
1631 441 1794 472 efficaciter
1817 442 1954 479 excludit
1976 441 2056 472 ratio
2079 443 2229 473 Auctoris
2251 453 2288 474 ex
2310 443 2372 475 hoc
2395 445 2484 484 quod
2507 454 2544 474 ex
2560 444 2606 474 di-

431 495 461 518 et
485 489 522 517 ab
546 487 607 517 hoc
632 493 666 517 ut
689 487 869 517 instituatur
898 486 986 515 heres
1018 495 1035 514 a
1058 492 1159 525 patre;
1184 493 1213 516 et
1237 494 1391 518 mercator
1421 497 1491 526 pec·
1517 503 1518 506 =
1544 486 1616 515 vina
1640 485 1846 525 dispositione
1871 486 1947 516 haec
1976 486 2169 526 proveniunt
2191 486 2341 527 indignis:
2371 498 2408 518 ex
2430 488 2493 518 hoc
2521 488 2607 518 enim

430 539 518 561 cator
541 541 580 560 ne
609 531 794 566 lucraretur;
820 537 850 560 et
872 529 962 559 miles
987 536 1041 559 aut
1071 529 1134 559 dux
1157 537 1303 570 peccator
1333 540 1373 561 ne
1395 531 1492 561 victo—
1545 536 1630 570 patet
1652 530 1758 560 haberi
1782 530 1871 571 quod
1903 530 1982 560 nihil
2004 529 2112 560 iniusti
2143 530 2321 562 continetur
2342 531 2375 562 in
2398 532 2607 572 prosperitate

430 576 510 605 riam
533 575 675 610 haberet;
701 581 731 604 et
754 575 814 604 alia
838 573 1024 603 huiusmodi
1053 581 1260 614 sequerentur
1287 584 1368 615 quae
1397 575 1490 605 etiam
1517 569 1518 575 ¹
1542 573 1674 613 indigni.
1694 574 1848 604 Martinus
1864 581 1970 604 autem
1990 574 2078 604 aliter
2094 574 2214 614 accepit
2229 574 2311 606 hanc
2328 575 2495 612 rationem,
2515 575 2606 616 quasi

430 619 568 658 cogitare
585 626 629 648 est
646 618 779 648 fatuum.
797 636 815 640 -
832 618 967 647 Nullum
983 627 1115 658 quoque
1131 625 1297 658 peccatum
1314 625 1360 649 est
1376 628 1491 659 coope-
1516 617 1518 650 ἕ
1545 618 1620 658 quia
1642 617 1705 648 hoc
1736 625 1782 649 est
1809 618 1936 649 effectus
1967 618 2035 654 Dei,
2068 627 2142 658 ergo
2166 627 2232 648 non
2259 619 2331 650 licet
2353 620 2392 650 de
2416 629 2454 650 eo
2481 619 2604 650 tristari.

430 664 489 693 rari
513 662 729 702 peccatoribus
760 663 798 691 ad
830 663 913 692 bona
944 662 1131 701 temporalia
1158 662 1319 699 habenda,
1344 663 1490 703 quamvis
1516 663 1517 669 ¹
1545 663 1642 699 Quod
1666 671 1724 692 nec
1747 662 1919 693 somniavit
1940 664 2071 693 Auctor.
2103 662 2144 692 Et
2165 662 2238 692 ideo
2263 663 2382 693 solutio
2412 673 2470 695 sua
2493 663 2606 694 confu-

430 708 491 737 sint
520 706 579 736 illis
610 706 744 745 indigni:
775 706 855 736 sicut
883 715 939 736 nec
969 706 1055 736 Deus
1083 713 1192 746 peccat
1222 707 1277 747 qui
1304 707 1489 737 huiusmodi
1515 706 1517 727 ⁴=
1543 713 1627 736 tatur
1649 713 1761 746 utpote
1784 713 1868 737 extra
1890 706 2093 746 propositum
2116 706 2255 737 rationis.

429 750 614 790 temporalia
639 750 746 779 donat.
1515 779 1516 782 ,
1599 750 1731 781 Glossae
1747 757 1853 781 autem
1870 760 1965 791 super
1986 751 2130 781 Psalmos
2145 750 2255 781 allatae
2271 750 2476 781 confutantur
2492 759 2528 781 ex
2543 751 2607 781 hoc

483 795 533 824 Ad
557 801 707 834 quartum
731 793 843 823 dicitur
870 794 959 833 quod
989 794 1050 823 hoc
1081 801 1127 824 est
1148 804 1205 834 per
1233 794 1376 825 accidens
1400 795 1489 835 quod
1515 794 1516 799 ’
1543 794 1642 835 quod,
1667 795 1742 825 dato
1765 795 1854 835 quod
1876 794 1964 834 ipsae
1986 795 2048 825 sint
2069 804 2176 831 verae,
2201 803 2268 824 non
2297 801 2403 824 tamen
2434 795 2606 825 excludunt

428 849 465 868 ex
488 839 579 868 bonis
603 837 830 878 temporalibus
854 837 951 878 aliqui
974 837 1051 868 fiant
1072 838 1205 878 peiores,
1226 848 1261 868 ac
1284 849 1341 879 per
1355 838 1418 869 hoc
1441 838 1489 868 in·
1515 838 1516 858 ἕ
1542 839 1631 879 quin,
1655 839 1695 869 ad
1717 839 1852 869 litteram
1883 839 2089 878 exponendo,
2114 839 2152 869 de
2176 838 2389 878 aemulatione
2417 845 2447 869 et
2469 838 2540 869 zelo
2562 837 2606 869 ibi

428 883 602 921 digniores:
634 892 690 922 per
717 882 861 912 accidens
890 882 976 911 enim
1004 889 1050 912 est
1078 883 1167 922 quod
1197 883 1312 923 aliquis
1342 883 1490 914 abutatur
1514 902 1516 911 ε
1542 882 1582 913 sit
1605 892 1720 920 sermo,
1745 883 1832 913 nulla
1855 883 1936 914 facta
1958 883 2121 914 mentione
2146 883 2184 913 de
2207 882 2384 914 imitatione
2407 889 2462 913 aut
2484 882 2607 913 involu—

427 928 524 958 bono.
550 927 660 956 Sermo
685 933 792 956 autern
816 925 997 956 doctrinalis
1028 933 1075 956 est
1098 927 1136 957 de
1161 926 1209 956 his
1233 937 1314 968 quae
1337 934 1412 958 sunt
1434 937 1490 968 per
1514 918 1516 934 '
1541 927 1639 958 tione.

427 981 468 1001 se.
485 989 506 994 —
523 971 562 1001 Et
585 980 692 1000 rursus
709 970 821 1000 tristari
845 970 883 1000 de
900 970 991 1000 bonis
1014 970 1135 1011 indigni
1151 971 1226 1011 quia
1248 971 1283 1002 fit
1306 972 1405 1012 peior,
1423 982 1489 1002 non
1514 969 1515 998 ἶ
1598 972 1679 1006 vul.
1705 972 1739 1002 In
1764 973 1879 1003 eodem
1906 972 2039 1003 articulo
2070 972 2228 1008 secundo,
2253 972 2333 1002 circa
2362 979 2513 1012 quartum
2536 979 2606 1002 mo—

427 1022 547 1054 spectat
569 1015 608 1044 ad
632 1015 796 1050 nemesim,
822 1015 875 1045 sed
900 1015 940 1044 ad
964 1015 1134 1046 caritatem.
1165 1015 1311 1046 Nemesis
1334 1016 1420 1046 enim
1443 1023 1490 1047 est
1514 1018 1515 1047 ἶ
1542 1016 1620 1046 dum
1643 1016 1795 1053 tristitiae,
1819 1017 1881 1047 hoc
1904 1022 1950 1047 est
1972 1016 2139 1053 invidiam,
2165 1016 2244 1046 circa
2268 1015 2363 1046 illud:
2400 1016 2543 1046 Tristitia
2564 1014 2606 1045 de

426 1059 547 1089 tristitia
570 1059 644 1099 quia
667 1059 815 1098 indignus
838 1066 1050 1098 prosperatur,
1075 1069 1141 1089 non
1164 1060 1238 1100 quia
1261 1059 1296 1090 fit
1318 1060 1419 1100 magis
1442 1060 1488 1090 in·
1514 1053 1515 1067 ³
1541 1060 1622 1091 bono
1652 1061 1788 1091 alterius
1820 1062 2010 1101 inquantum
2034 1061 2119 1091 alter
2148 1060 2274 1091 excedit
2302 1061 2404 1100 ipsum
2436 1061 2468 1090 in
2497 1060 2604 1096 bonis,

426 1103 556 1143 dignus:
581 1103 643 1133 hoc
667 1103 751 1133 enim
775 1103 919 1139 caritatis,
944 1110 979 1133 ut
1002 1103 1122 1134 dictum
1146 1111 1203 1142 est,
1227 1111 1317 1134 esset.
1514 1104 1515 1119 ¹
1540 1114 1666 1144 semper
1689 1110 1735 1135 est
1750 1110 1932 1144 peccatum,
1957 1104 2111 1135 Martinus
2135 1104 2272 1136 occurrit
2293 1104 2311 1123 ’¹‘
2343 1113 2479 1144 arguens
2503 1103 2606 1144 dupli—

481 1148 546 1178 VII.
565 1147 615 1177 Ad
630 1147 839 1178 confutandas
854 1154 961 1178 autem
977 1148 1154 1178 solutiones
1169 1148 1296 1178 Martini
1312 1148 1384 1178 dico
1400 1149 1489 1188 quod
1513 1163 1515 1191 ὲ
1541 1148 1626 1179 citer.
1646 1148 1770 1184 Primo,
1793 1148 1870 1188 quia
1891 1157 1984 1178 verus
2013 1148 2184 1188 theologus
2214 1155 2297 1179 recte
2319 1149 2407 1179 dolet
2434 1148 2510 1189 quia
2532 1148 2606 1178 hae-

425 1191 526 1231 prima
545 1191 624 1222 ratio
645 1192 727 1222 male
751 1192 892 1222 solvitur.
917 1192 1082 1229 Quoniam
1101 1191 1180 1222 ratio
1201 1191 1343 1222 consistit
1361 1192 1394 1222 in
1410 1193 1486 1222 hoc:
1513 1197 1514 1212 z
1540 1192 1655 1222 reticus
1684 1192 1804 1222 excedit
1826 1192 1934 1232 ipsum
1956 1192 1990 1222 in
2013 1191 2107 1228 fama,
2131 1202 2195 1233 qua
2218 1192 2344 1224 attrahit
2366 1193 2446 1223 alios
2470 1193 2509 1222 ad
2532 1192 2606 1223 hae-

425 1236 621 1266 Huiusmodi
636 1237 720 1266 bona
737 1242 811 1266 sunt
834 1236 924 1276 quasi
945 1236 1024 1266 nihil
1046 1236 1080 1266 in
1095 1236 1332 1275 comparatione
1347 1237 1386 1265 ad
1404 1236 1488 1266 bona
1512 1244 1514 1272 ξ
1539 1237 1645 1266 resim.
1661 1253 1684 1259 -
1700 1236 1859 1272 Secundo,
1883 1236 1958 1276 quia
1986 1236 2111 1266 doctior
2139 1243 2221 1267 recte
2244 1237 2331 1267 dolet
2358 1237 2434 1277 quia
2460 1237 2606 1277 garrulus

425 1287 563 1310 aeterna:
588 1281 677 1320 quod
694 1287 801 1311 autem
825 1281 915 1320 quasi
934 1280 1013 1310 nihil
1037 1287 1082 1310 est
1105 1289 1164 1320 pro
1189 1279 1290 1309 nihilo
1307 1286 1484 1320 reputatur:
1512 1286 1513 1311 1
1539 1280 1660 1311 excedit
1677 1280 1785 1320 ipsum
1800 1279 1833 1309 in
1857 1279 1957 1310 fama:
1981 1289 2056 1310 curn
2078 1280 2131 1310 ille
2154 1289 2298 1311 excessus
2318 1289 2386 1311 non
2409 1281 2449 1311 sit
2467 1281 2535 1312 sine
2558 1279 2605 1311 in—

423 1334 459 1355 ac
482 1334 538 1365 per
560 1324 631 1359 hoc,
656 1325 694 1354 de
719 1324 904 1354 huiusmodi
927 1334 993 1353 non
1017 1324 1109 1354 debet
1132 1333 1199 1354 esse
1223 1323 1343 1354 tristitia
1367 1324 1487 1364 simpli·
1539 1325 1621 1355 iuria
1639 1324 1697 1354 viri
1721 1324 1817 1355 docti.

424 1368 499 1398 citer
515 1376 546 1399 et
562 1368 714 1399 absolute.
740 1368 865 1399 Solutio
889 1375 996 1398 autem
1011 1368 1118 1398 dicens
1141 1369 1230 1408 quod
1245 1368 1303 1398 ista
1327 1374 1401 1398 sunt
1420 1378 1486 1398 ma·
1511 1374 1513 1409 g
1595 1369 1646 1399 Ad
1670 1369 1731 1398 hoc
1761 1367 1895 1398 breviter
1925 1367 2040 1398 dicitur
2066 1367 2155 1408 quod
2183 1367 2242 1398 iste
2271 1367 2376 1399 bonus
2406 1367 2507 1398 horno
2536 1377 2604 1399 non

423 1422 484 1452 gna
507 1413 665 1449 absolute,
690 1422 749 1452 pro
773 1419 894 1453 quanto
919 1419 965 1442 est
987 1422 1076 1448 vera,
1108 1422 1173 1442 non
1198 1413 1301 1443 solvit.
1333 1413 1417 1450 Quia
1441 1419 1488 1443 est
1511 1447 1512 1452 ¹
1538 1413 1672 1453 percipit
1693 1412 1882 1443 sententiam
1901 1411 2060 1448 Auctoris,
2080 1421 2138 1442 nec
2159 1412 2254 1442 verba
2277 1411 2416 1452 propria.
2440 1412 2606 1454 Quoniam

422 1467 494 1487 vera
511 1465 546 1488 ut
557 1457 589 1497 ly
601 1457 744 1487 absolute
762 1457 870 1487 «idest
886 1456 1015 1486 seclusis
1031 1456 1298 1487 circumstantiis»
1318 1457 1484 1496 significat,
1511 1455 1512 1468 ³
1538 1458 1646 1488 dolere
1669 1458 1708 1487 de
1731 1458 1818 1487 bono
1842 1456 1970 1487 alterius
2001 1455 2077 1497 quia
2099 1456 2152 1486 ille
2175 1456 2311 1494 excedit,
2335 1465 2401 1486 non
2426 1463 2517 1493 esset,
2541 1456 2606 1488 for—

422 1501 502 1532 sicut
526 1501 678 1542 proiectio
702 1502 814 1531 mercis
837 1501 869 1531 in
892 1511 978 1531 mare
1002 1501 1146 1531 absolute
1169 1501 1283 1532 dicitur
1305 1501 1486 1532 involunta-
1510 1499 1512 1526 !
1538 1502 1662 1533 maliter
1693 1501 1877 1542 loquendo,
1903 1501 1963 1531 alia
1993 1500 2211 1541 appositione,
2247 1507 2283 1530 ut
2305 1509 2440 1540 arguens
2470 1501 2606 1542 apponit

422 1546 476 1582 ria,
502 1553 531 1576 et
553 1545 729 1585 aequivalet
752 1546 790 1575 ad
814 1545 847 1586 ly
869 1545 1043 1576 secundum
1074 1545 1159 1585 quid.
1191 1546 1248 1576 Est
1277 1553 1385 1576 autem
1408 1546 1486 1577 falsa
1510 1535 1511 1550 ¹

423 1597 458 1620 ut
479 1590 513 1630 ly
535 1590 678 1620 absolute
706 1589 883 1630 aequivalet
910 1589 948 1619 ad
972 1589 1005 1630 ly
1027 1590 1174 1620 omnibus
1203 1590 1421 1621 consideratis.
1445 1591 1486 1621 Et
1537 1591 1619 1627 rulo,
1644 1597 1675 1620 et
1697 1590 1723 1620 si
1745 1589 1825 1630 quid
1848 1596 1896 1620 est
1918 1589 2092 1620 eiusmodi:
2117 1589 2194 1620 haec
2218 1589 2304 1620 enim
2327 1595 2402 1620 sunt
2424 1596 2509 1621 extra
2531 1596 2605 1631 prov

421 1634 465 1664 sic
489 1634 602 1664 debent
625 1633 755 1664 iudicari
781 1634 820 1663 ad
835 1634 898 1664 hoc
922 1640 957 1664 ut
979 1634 1042 1664 sint
1055 1633 1185 1664 materia
1208 1633 1348 1665 tristitiae
1365 1634 1485 1675 simpli-
1537 1635 1690 1676 positum.
1715 1634 1756 1664 Et
1778 1640 1946 1674 propterea
1968 1642 2034 1664 non
2054 1635 2186 1674 oportet
2209 1633 2298 1664 aliter
2320 1635 2522 1675 respondere.

422 1678 509 1714 citer;
535 1686 566 1709 et
581 1688 646 1708 non
663 1678 767 1718 primo
793 1678 901 1709 modo.
917 1695 938 1701 -—
955 1678 1053 1715 Quod
1072 1678 1167 1708 etiam
1191 1678 1304 1709 dicitur
1319 1680 1408 1719 quod
1423 1679 1485 1710 illis
1509 1686 1511 1696 ¹
1592 1680 1645 1710 IX.
1666 1679 1700 1709 ln
1724 1679 1839 1709 eodem
1862 1677 1995 1708 articulo
2018 1678 2170 1715 secundo,
2192 1678 2224 1708 in
2247 1679 2455 1718 responsione
2478 1678 2518 1709 ad
2541 1678 2604 1719 pri-

422 1722 496 1752 mali
520 1730 594 1752 sunt
617 1722 746 1762 indigni,
764 1732 875 1752 verum
899 1729 959 1752 est:
983 1723 1058 1762 quia
1077 1722 1171 1752 etiam
1187 1730 1484 1764 quantumcumque
1538 1733 1640 1759 mum,
1653 1723 1807 1753 Martinus
1823 1722 1960 1753 occurrit
1973 1721 1992 1741 *
2009 1721 2131 1752 dicens:
2147 1739 2167 1745 -
2182 1722 2244 1753 Ista
2262 1722 2381 1754 solutio
2397 1732 2463 1754 non
2476 1722 2604 1760 suffieit,

420 1767 561 1796 minimis
584 1774 658 1796 sunt
680 1766 810 1805 indigni,
836 1776 909 1796 cum
933 1766 1019 1805 digni
1042 1766 1105 1796 sint
1128 1773 1163 1796 ut
1185 1767 1217 1796 in
1241 1767 1377 1798 nihilum
1401 1768 1482 1798 redi·
1537 1768 1656 1798 scilicet
1677 1767 1768 1807 quod
1790 1765 1908 1796 invidia
1931 1771 2076 1796 sumatur
2098 1776 2116 1796 a
2139 1766 2340 1807 Hieronymo
2363 1777 2423 1807 pro
2453 1768 2524 1798 zelo
2546 1772 2603 1799 seu

420 1818 544 1850 gantur.
569 1811 667 1847 Quod
690 1820 766 1841 vero
783 1810 896 1841 dicitur
919 1811 1008 1850 quod
1032 1810 1108 1840 boni
1125 1817 1199 1841 sunt
1220 1811 1287 1841 istis
1303 1812 1400 1852 digni,
1425 1812 1483 1842 mi·
1509 1815 1511 1819 '
1537 1811 1761 1842 aemulatione.
1791 1813 1916 1850 Arguo,
1945 1810 2060 1852 inquit,
2084 1810 2139 1841 sic.
2170 1810 2390 1852 Hieronymus
2418 1812 2488 1842 vult
2513 1812 2605 1853 quod

421 1865 480 1885 nus
497 1854 674 1894 theologice
694 1854 822 1885 dicitur:
847 1854 1002 1895 quoniam
1016 1854 1074 1885 ista
1090 1862 1165 1885 sunt
1179 1855 1260 1886 adeo
1276 1855 1350 1886 vilia
1366 1864 1402 1887 ut
1417 1866 1483 1887 non
1536 1856 1600 1887 filia
1614 1855 1804 1886 mordeatur
1817 1855 1958 1885 aliarum
1974 1854 2132 1885 laudilms.
2156 1855 2199 1885 Et
2220 1855 2364 1886 similiter
2386 1855 2604 1892 Quintilianus

420 1907 599 1930 mereantur
623 1900 662 1928 ad
685 1899 868 1939 dignitatern
892 1899 1054 1929 bonorum
1077 1907 1227 1939 spectare.
1256 1900 1349 1930 Unde
1372 1901 1483 1931 Domi·
1536 1900 1605 1931 vult
1625 1899 1643 1919 '¹‘
1665 1900 1754 1940 quod
1776 1908 1863 1939 puer
1886 1900 1988 1930 victus
2006 1899 2101 1938 fleat.
2132 1899 2227 1930 Tunc
2249 1899 2303 1930 sic.
2332 1900 2450 1930 Nullus
2473 1900 2604 1932 flet'nut

420 1954 480 1974 nus
502 1944 561 1974 ista
584 1953 650 1973 non
673 1943 705 1973 in
730 1943 918 1983 praemium,
949 1944 1037 1984 quod
1062 1943 1245 1983 dignitatem
1269 1945 1404 1986 respicit,
1429 1945 1483 1976 sed
1537 1945 1702 1975 mordetur
1725 1943 1785 1974 nisi
1808 1942 1883 1984 quia
1906 1943 2047 1974 tristatur
2068 1943 2159 1983 quod
2182 1944 2222 1974 nb
2245 1943 2308 1975 alio
2324 1945 2494 1976 exceditur.
2517 1945 2603 1986 Ergo

420 1998 476 2028 per
499 1987 803 2018 administrationem
827 1988 989 2028 quandam
1012 1988 1106 2018 docet
1127 1988 1220 2019 bonis
1239 1988 1389 2019 affutura:
1414 1991 1483 2020 Pri-
1537 1989 1584 2020 vir
1603 1990 1711 2019 bonus
1733 1987 1803 2018 vult
1825 1988 1914 2028 quod
1937 1986 2021 2018 filius
2044 1987 2095 2018 vel
2117 1986 2182 2018 filia
2204 1987 2344 2020 tristetur
2366 1989 2455 2030 quod
2478 1989 2603 2021 aliiet‘·

420 2042 507 2063 mum
531 2034 676 2072 quaerite
690 2042 828 2073 regnum
845 2033 908 2062 Dei
923 2037 954 2063 et
969 2034 1124 2063 iustitiam
1141 2034 1221 2071 eius,
1238 2039 1269 2064 et
1283 2034 1363 2064 haec
1377 2035 1483 2064 omnia
1537 2034 1654 2065 cedunt
1676 2033 1784 2073 ipsum
1802 2032 1853 2062 vel
1875 2032 1989 2072 ipsam.
2014 2032 2113 2069 Quod
2136 2037 2184 2062 est
2206 2038 2316 2063 contra
2336 2033 2527 2064 'rhomum‘
2560 2035 2576 2052 ’-

419 2078 611 2107 adiicientur
626 2077 712 2108 vobis
726 2077 752 2107 *.
770 2095 790 2099 —
809 2076 934 2108 Solutio
954 2077 1049 2116 igitur
1065 2076 1247 2108 confutatur
1265 2087 1302 2108 ex
1325 2078 1387 2109 hoc
1409 2078 1484 2119 quia
1510 2094 1511 2120 ἢ
1591 2078 1642 2108 Ad
1665 2078 1728 2108 hoc
1751 2076 1866 2114 dicitur
1887 2077 1976 2117 quod
1995 2086 2123 2107 morsus
2147 2082 2178 2107 et
2199 2076 2292 2107 fletus
2316 2086 2353 2108 ex
2369 2077 2478 2108 alienis
2501 2077 2602 2109 laudi-

420 2122 504 2152 bona
528 2121 715 2161 temporalia
738 2121 930 2161 simpliciter,
948 2121 1009 2151 hoc
1033 2129 1079 2152 est
1103 2122 1254 2152 omnibus
1270 2123 1483 2159 consideratis,
1536 2124 1606 2159 bus,
1624 2129 1655 2153 et
1677 2121 1874 2157 huiusmodi,
1892 2127 2022 2161 optatur
2043 2120 2077 2151 in
2095 2120 2203 2160 pueris
2226 2121 2419 2152 discentibus
2437 2125 2502 2152 non
2526 2121 2603 2163 quia

419 2172 516 2206 prout
539 2165 655 2196 scilicet
669 2172 743 2196 sunt
765 2165 797 2195 in
815 2166 974 2200 universo,
991 2173 1066 2196 sunt
1082 2165 1146 2196 fere
1170 2166 1261 2203 nihil;
1286 2177 1322 2197 ac
1340 2177 1396 2207 per
1411 2167 1483 2204 hoc,
1537 2167 1589 2198 alii
1613 2167 1777 2202 excedunt,
1794 2166 1849 2196 sed
1872 2165 1947 2206 quia
1970 2165 2031 2205 ipsi
2054 2174 2120 2195 non
2137 2164 2309 2204 proficiunt
2331 2166 2414 2197 sicut
2428 2166 2487 2197 illi:
2512 2167 2602 2208 quod

420 2220 484 2240 non
509 2217 582 2240 sunt
605 2210 766 2240 obiectum
790 2210 931 2241 tristitiae
954 2209 1148 2250 simpliciter,
1173 2211 1227 2241 sed
1251 2211 1357 2241 solum
1373 2222 1484 2242 secun·
1536 2211 1664 2252 proprie
1688 2216 1808 2251 spectat
1823 2209 1863 2240 ad
1885 2209 1991 2240 zelum
2015 2219 2071 2239 seu
2087 2209 2346 2240 aemulationem.
2370 2210 2464 2241 Unde
2483 2210 2602 2242 falsum

419 2255 498 2284 dum
521 2254 614 2294 quid;
639 2261 670 2285 et
693 2261 858 2294 propterea
882 2264 947 2284 non
971 2261 1017 2285 est
1035 2255 1202 2285 laudabilis
1225 2255 1348 2287 tristitia
1364 2256 1484 2297 simpli·
1537 2255 1716 2290 assumitur,
1742 2253 1917 2285 formaliter
1939 2259 1970 2284 et
1992 2262 2048 2293 per
2071 2263 2104 2284 se
2126 2253 2301 2294 loquendo.
2536 2255 2553 2263 ”
2574 2256 2577 2261 ’

419 2299 495 2329 citer
518 2308 631 2328 eorum
655 2309 728 2329 cum
753 2299 868 2329 adsunt
890 2298 1038 2338 indignis.
1510 2308 1511 2314 ¹

1374 2379 1639 2387 mwfs&

1220 2444 1538 2486 ARTICULUS
1566 2442 1796 2485 TERTIUS

1037 2535 1192 2566 UTRUM
1218 2535 1380 2566 [NvmiA
1404 2536 1471 2566 srr
1495 2535 1736 2567 PECCATUM
1759 2534 1971 2566 MORTALE

1321 2615 1362 2639 De
1380 2614 1471 2644 Malo,
1491 2623 1536 2648 qu.
1555 2622 1579 2645 x,
1597 2619 1646 2640 art.
1667 2600 1705 2639 2..

469 2728 477 2735 .
502 2704 509 2716 ι
535 2701 603 2738 »24‘
629 2697 650 2722 n
669 2697 829 2722 Tannum
848 2697 902 2722 Sic
922 2697 1162 2723 PROCEmTUR.
1183 2686 1342 2724 Videtur
1371 2687 1476 2734 quod
1502 2691 1505 2736 J
1586 2687 1620 2723 3.
1650 2687 1889 2732 PRAETEREA,
1918 2697 2036 2723 omne
2064 2693 2266 2735 peccatum
2295 2687 2458 2724 mortale
2486 2687 2600 2725 alicui

478 2735 492 2756 *⁴
541 2737 605 2799 '²32
628 2738 767 2774 invidia
796 2750 874 2774 non
902 2738 947 2774 sit
975 2746 1175 2787 peccatum
1205 2740 1378 2776 mortale.
1418 2741 1477 2775 ln-
1529 2739 1659 2775 virtuti
1688 2738 1946 2776 contrariatur.
1978 2739 2054 2775 Sed
2075 2739 2219 2776 invidia
2247 2751 2326 2777 non
2351 2733 2600 2790 contrariatur

568 2789 731 2833 ‘f'vidia
760 2790 874 2838 enirn,
896 2803 983 2827 cum
1012 2791 1058 2828 sit
1085 2791 1241 2839 tristitia,
1267 2799 1323 2828 est
1348 2792 1476 2840 passio
1503 2827 1504 2842 χ
1531 2791 1642 2828 alicui
1668 2790 1808 2838 virtuti,
1830 2791 1897 2829 sed
1917 2791 2075 2839 nemesi,
2097 2803 2196 2840 quae
2221 2799 2278 2829 est
2301 2792 2491 2842 quaedam
2511 2794 2598 2842 pas*-

1538 1553 1771 1585 nocumentum
1793 1545 1983 1586 proveniens
2005 1555 2043 1575 ex
2065 1545 2223 1576 haeretico
2237 1545 2288 1575 vel
2302 1545 2452 1576 iniuriam
2475 1555 2512 1576 ex
2537 1546 2616 1586 gur(

2631 1112 2641 1122 ‘⁴
2651 1111 2699 1139 Qu.
2715 1112 2769 1139 eit..
2782 1117 2841 1134 eon-

2631 1138 2688 1160 clm.
2702 1145 2727 1166 4.

2629 1730 2842 1780 &ffatim

2631 1911 2640 1921 “
2653 1911 2755 1934 Iasum.
2777 1912 2840 1934 Ora-

2629 1939 2675 1960 tor.
2681 1937 2722 1960 lib.
2726 1938 2746 1966 1,
2753 1945 2803 1967 cap.
2810 1945 2840 1961 iv.

506 2843 513 2852 ¹
584 2836 816 2892 &appetitus
845 2844 1023 2881 sensitivi.
1063 2845 1141 2882 Sed
1167 2845 1206 2882 in
1238 2844 1477 2883 sensualitate
1503 2850 1504 2855 ’
1532 2844 1605 2890 sio;
1625 2852 1666 2880 ut
1684 2851 1787 2893 patet
1805 2856 1874 2892 per
1893 2844 2184 2893 Philosophum,
2205 2843 2244 2883 in
2264 2846 2296 2883 ΙΙ
2316 2845 2424 2883 Rhet.
2445 2845 2465 2868 *
2493 2845 2595 2894 Ergo
2623 2861 2835 2890 ·c·p.12,n.1.3.

419 2907 496 2931 non
526 2903 581 2932 est
607 2905 809 2944 peccatum
828 2898 1000 2944 mortale,
1021 2897 1088 2935 sed
1108 2899 1234 2935 solum
1254 2898 1292 2935 in
1313 2897 1476 2943 ratione;
1503 2865 1505 2935 i
1530 2897 1674 2935 invidia
1702 2909 1781 2934 non
1810 2904 1866 2934 est
1892 2906 2093 2946 peccatum
2123 2899 2296 2935 mortale.

418 2955 459 2984 ut
486 2956 588 2996 patet
619 2962 688 2997 per
720 2949 995 2997 Augustinum,
1025 2951 1093 2987 X11
1123 2952 1169 2988 de
1201 2952 1304 2988 Trin.
1325 2950 1346 2973 *
1373 2951 1476 2998 Ergo
1503 2940 1505 2975 l
1570 2951 1661 2988 ,San
1689 2952 1934 2988 conmissi
1961 2951 2067 2999 quod
2097 2951 2232 2988 dicitur
2256 2952 2326 2988 Iob
2344 2951 2421 2988 v*:
2449 2952 2596 2988 Parvm
2622 2965 2750 2988 -venm

417 3000 560 3037 invidia
587 3014 665 3038 non
694 3010 749 3038 est
777 3011 975 3050 peccatum
1004 3005 1176 3041 mortale.
1503 3011 1505 3043 r
1531 3004 1608 3040 lum
1637 3004 1772 3040 occidit
1798 3003 1950 3040 invidia.
1980 3004 2085 3042 Nihil
2113 3002 2242 3042 autem
2268 3004 2406 3042 occidit
2424 3004 2598 3054 spiritua*

474 3065 509 3090 2.
538 3055 779 3101 PRAETEREA,
819 3055 855 3091 in
884 3055 1088 3093 infantibus
1127 3069 1204 3094 non
1241 3063 1367 3106 potest
1395 3068 1477 3094 esse
1503 3058 1505 3104 ξ
1530 3056 1611 3093 liter
1630 3055 1701 3093 nisi
1719 3062 1919 3106 peccatum
1939 3057 2113 3095 mortale.
2143 3058 2246 3106 Ergo
2270 3057 2416 3096 invidia
2435 3065 2491 3095 est
2507 3066 2597 3109 pec-

419 3114 616 3155 peccatum
637 3108 808 3144 mortale.
839 3108 915 3145 Sed
935 3108 973 3145 in
994 3109 1046 3145 eis
1066 3117 1191 3158 potest
1210 3122 1293 3146 esse
1311 3108 1475 3147 invidia:
1503 3123 1505 3159 g
1532 3117 1660 3146 catum
1689 3109 1861 3147 mortale.
2344 3155 2346 3157 Ι

419 3159 507 3196 dicit
526 3159 629 3196 enim
649 3160 892 3208 Augustinus,
909 3161 946 3197 in
967 3162 980 3197 1
1002 3163 1167 3211 Confess.
1189 3162 1225 3199 *ε
1252 3162 1337 3200 Vidi
1353 3174 1425 3212 ego
1444 3168 1480 3199 et
1503 3164 1505 3206 i
1586 3163 1812 3200 Respounsso
1843 3174 2031 3200 morannum
2067 3163 2174 3212 quod
2208 3163 2351 3201 invidia
2382 3175 2429 3200 ex
2456 3173 2596 3212 genere

418 3218 593 3260 expertus
619 3225 702 3250 sum
731 3213 909 3261 zelantem
941 3226 1125 3261 puerum.-
1154 3215 1320 3252 nondum
1353 3215 1477 3264 loque·
1503 3208 1505 3266 l
1531 3227 1601 3252 suo
1622 3223 1677 3252 est
1695 3223 1898 3264 peccatum
1926 3216 2100 3253 mortale.
2131 3217 2263 3254 Genus
2289 3216 2392 3254 enim
2413 3221 2430 3238 '¹
2448 3215 2595 3266 peceati
2719 3233 2737 3250 ι

418 3266 544 3311 batur,
574 3272 610 3302 et
635 3267 849 3303 intuebatur
870 3267 1035 3314 pallidus
1062 3280 1198 3305 amaro
1226 3273 1376 3316 aspectu
1404 3268 1478 3304 col—
1532 3280 1577 3304 ex
1593 3268 1743 3306 obiecto
1764 3268 2036 3307 consideratur.
2058 3269 2205 3307 Invidia
2224 3277 2364 3316 autem,
2381 3269 2594 3316 secundum

417 3319 628 3356 lactaneum
656 3331 778 3357 suum.
807 3320 910 3367 Ergo
940 3319 1081 3357 invidia
1105 3333 1184 3358 non
1203 3328 1259 3358 est
1277 3327 1476 3369 peccatum
1504 3337 1506 3369 ᾗ
1533 3321 1718 3358 rationem
1753 3321 1812 3359 sui
1844 3322 2002 3370 obiecti,
2042 3322 2291 3361 contrariatur
2326 3320 2489 3370 caritati,
2525 3318 2595 3373 per

419 3373 590 3408 mortale.
1504 3375 1506 3412 i
1532 3386 1648 3422 quam
1670 3382 1726 3411 est
1742 3374 1821 3411 vita
1850 3375 2000 3413 animae
2029 3374 2243 3424 spiritualis,
2263 3374 2478 3414 secundum
2503 3373 2594 3418 illud

472 3481 498 3518 a)
518 3486 596 3510 enim.
613 3499 632 3504 -
649 3489 737 3511 autem
758 3486 827 3511 ΡΑα.

2878 403 2892 451 nze
2878 262 2892 398 *sane-³202·
2876 152 2892 257 ,ἰωὴ-’Λ
