2892 4056
0 2063 2 2066 ,
57 2039 71 2052 “
201 2044 266 2066 uun,

0 2068 9 2099 Τ
58 2071 121 2094 Y*
126 2089 130 2092 .
176 2072 180 2092 l
229 2079 234 2091 ι

0 2100 4 2109 ,

985 163 1252 210 QUAESTIO
1281 163 1333 208 X,
1361 161 1655 198 ARTICULUS
1685 162 1753 197 XII
2402 161 2450 207 93

346 243 380 280 3.
402 243 632 287 Falernum,
653 249 852 290 peccatum
882 242 1108 279 infidelitatis
1132 250 1187 278 est
1205 241 1345 289 gravis-

291 295 441 340 simum,
470 301 512 330 ut
539 306 653 342 supra
671 294 690 315 ²¹*
721 295 862 331 dictum
893 302 958 331 est.
989 295 1066 331 Sed
1095 294 1167 331 alia
1191 301 1345 342 peccata

291 359 368 384 non
396 347 613 393 tolerantur,
634 348 700 384 sed
720 348 802 394 lege
834 347 1060 395 puniuntur:
1090 347 1184 383 sicut
1203 347 1343 384 adulte-

292 399 402 446 rium,
423 399 563 436 furtum
585 407 620 435 et
640 399 712 436 alia
739 399 968 436 huiusmodi.
1000 400 1101 446 Ergo
1123 399 1234 435 etiam
1255 398 1345 435 ritus

290 451 501 488 infidelium
530 451 714 488 tolerandi
743 464 822 488 non
850 460 947 488 sunt.

344 504 419 541 SED
438 515 584 541 CONTRA
602 515 668 541 EST
682 505 787 552 quod
806 505 843 540 in
858 503 1038 549 Decretis,
1062 503 1144 540 dist.
1164 515 1245 550 xcv,
1262 515 1343 539 can.

55 560 263 615 {gssi‘gfss-,lib-xss
295 557 369 598 Qui
387 557 546 602 sincera,
568 556 655 594 dicit
682 556 888 604 Gregorius
901 556 921 577 '¹‘
941 555 988 592 de
1008 555 1175 592 Iudaeis:
1211 556 1345 592 Omnes

276 609 501 656 festivitates
518 621 617 655 suas,
632 610 728 646 sicut
737 610 915 646 hactenus
933 608 1004 655 ipsi
1020 613 1055 644 et
1066 614 1195 655 patres
1214 620 1344 644 eorum

283 673 356 709 per
383 661 498 710 longa
519 662 677 698 colentes
695 667 863 709 tempora
883 666 1088 705 tenuerunt,
1106 661 1262 697 liberam
1280 662 1346 697 ha-

289 715 399 751 beant
425 715 650 751 ohservandi
674 713 957 760 celebrandique
983 712 1181 749 licentiam.

343 767 567 805 Responnao
591 777 774 803 mesanum
802 766 908 813 quod
935 766 1146 801 humanum
1177 765 1345 812 regimen

291 818 482 857 derivatur
499 831 521 856 a
542 819 672 856 divino
692 817 886 865 regimine,
917 825 952 853 et
980 817 1104 865 ipsum
1135 818 1247 854 debet
1265 817 1347 853 imi-

289 871 358 908 tari
385 872 416 908 ³⁶.
445 873 551 909 Deus
579 878 725 916 autem,
756 870 932 918 quamvis
961 869 1007 906 sit
1039 869 1282 917 omnipotens
1311 877 1347 905 et

290 936 441 961 summe
469 925 605 970 bonus,
634 922 813 971 permittit
840 929 967 958 tamen
989 921 1115 969 aliqua
1134 922 1235 957 mala
1262 922 1346 958 fieri

289 976 328 1013 in
354 975 547 1022 universo,
577 987 676 1023 quae
703 974 906 1025 prohibere
934 981 1074 1022 posset,
1096 985 1156 1019 ne,
1179 973 1231 1010 eis
1260 975 1348 1010 sub-

289 1028 386 1075 latis,
417 1028 562 1065 maiora
590 1028 692 1064 bona
719 1027 955 1073 tollerentur,
985 1027 1046 1063 vel
1075 1026 1188 1062 etiam
1216 1027 1347 1074 peiora

288 1081 387 1119 mala
415 1088 674 1129 sequerentur.
711 1080 774 1116 Sic
802 1079 911 1127 igitur
938 1086 974 1116 et
1001 1079 1039 1116 in
1069 1078 1250 1126 regimine
1278 1080 1347 1116 hu-

289 1144 406 1171 mano
424 1132 475 1170 illi
501 1133 566 1181 qui
593 1125 773 1181 praesun't
792 1139 890 1169 recte
910 1132 1035 1180 aliqua
1054 1132 1155 1168 mala
1173 1132 1344 1179 tolerant,

1400 241 1536 284 manis,
1566 240 1774 276 turbaveris
1809 239 1936 276 omnia
1964 238 2184 275 lihidinibus.
2224 237 2286 274 Sic
2323 237 2451 284 igitur,

1400 292 1575 340 quamvis
1603 292 1774 329 infideles
1803 291 1841 328 in
1868 291 1944 328 suis
1964 290 2094 327 ritibus
2116 297 2286 339 peccent,
2306 290 2454 326 tolerari

1399 352 1556 393 possunt
1583 345 1645 380 vel
1673 352 1827 392 propter
1854 343 2007 392 aliquod
2035 343 2181 383 bonum
2207 342 2311 390 quod
2331 354 2376 378 ex
2401 342 2453 378 eis

1398 397 1584 446 provenit,
1599 397 1661 432 vel
1676 404 1830 444 propter
1849 396 2003 443 aliquod
2018 396 2162 431 malum
2183 394 2288 442 quod
2302 394 2452 431 vitatur.

1451 450 1509 486 Ex
1536 449 1610 485 hoc
1638 456 1764 484 autem
1798 449 1903 495 quod
1932 447 2059 485 ludaei
2088 447 2178 484 ritus
2207 459 2297 484 suos
2325 447 2453 484 obser-

1399 509 1501 549 vant,
1530 501 1567 538 in
1596 501 1733 549 quibus
1753 501 1844 537 olim
1864 501 2190 548 praefigurabatur
2206 499 2344 536 veritas
2362 499 2454 536 fidei

1401 567 1515 603 quam
1543 562 1728 592 tenemus,
1758 554 1832 589 hoc
1861 554 2006 589 bonum
2025 552 2201 600 provenit
2226 552 2331 600 quod
2355 551 2453 589 testi-

1401 607 1572 644 monium
1601 606 1691 642 fidei
1725 613 1874 642 nostrae
1908 606 2094 642 habemus
2123 605 2170 641 ab
2198 604 2388 651 hostibus,
2418 611 2454 640 et

1401 659 1506 709 quasi
1535 659 1572 696 in
1601 659 1720 705 figura
1748 657 1858 694 nobis
1877 663 1889 678 ⁸
1918 665 2217 706 repraesentatur
2241 656 2346 705 quod
2374 669 2452 693 cre-

1401 713 1536 750 dimus.
1566 712 1614 748 Et
1642 710 1727 747 ideo
1757 710 1794 747 in
1821 710 1896 746 suis
1916 710 2043 746 ritibus
2071 710 2287 747 tolerantur.
2306 729 2331 736 -
2350 709 2453 746 Alio-

1402 777 1484 801 rum
1512 775 1606 801 vero
1634 762 1844 799 infidelium
1873 762 1974 809 ritus,
2003 762 2068 810 qui
2095 762 2182 799 nihil
2205 761 2370 798 veritatis
2389 769 2454 798 aut

1401 817 1562 853 utilitatis
1591 815 1769 860 afferunt,
1799 827 1878 851 non
1905 822 1992 851 sunt
2023 814 2230 862 aliqualiter
2257 813 2452 860 tolerandi,

1402 869 1471 905 nisi
1488 869 1583 905 forte
1603 867 1651 904 ad
1671 866 1824 914 aliquod
1844 867 1988 902 malum
2007 866 2222 903 vitandum:
2248 866 2386 903 scilicet
2404 866 2453 903 ad

1401 922 1597 958 vitandum
1625 919 1845 955 scandalum
1873 920 1934 955 vel
1962 918 2156 955 dissidium
2185 918 2290 966 quod
2316 930 2360 954 ex
2379 919 2454 955 hoc

1401 981 1529 1022 posset
1556 971 1773 1021 provenire,
1803 973 1863 1007 vel
1893 971 2207 1019 impedimentum
2235 971 2362 1007 salutis
2391 983 2454 1007 eo-

1402 1038 1498 1072 rum,
1528 1026 1592 1074 qui
1619 1023 1810 1072 paulatim,
1841 1023 1893 1060 sic
1920 1023 2077 1070 tolerati,
2107 1030 2378 1060 convertuntur
2405 1023 2455 1060 ad

1401 1079 1531 1116 fidem.
1561 1079 1722 1125 Propter
1749 1076 1829 1124 hoc,
1852 1075 1953 1112 enim
1983 1077 2095 1112 etiam
2124 1075 2398 1112 haereticorum
2418 1083 2455 1112 et

1401 1142 1636 1180 paganorum
1680 1128 1769 1165 ritus
1811 1128 2015 1176 aliquando
2053 1127 2221 1164 Ecclesia
2262 1127 2453 1175 toleravit,

288 1197 337 1223 ne
364 1185 491 1233 aliqua
519 1186 621 1222 bona
649 1185 913 1234 impediantur,
933 1185 995 1221 vel
1015 1184 1128 1221 etiam
1152 1196 1200 1221 ne
1220 1184 1344 1232 aliqua
1400 1185 1553 1232 quando
1584 1189 1662 1220 erat
1689 1192 1828 1228 magna
1855 1180 2065 1218 infidelium
2093 1180 2303 1217 multitudo.

288 1237 389 1276 mala
416 1238 550 1286 peiora
577 1238 812 1275 incurrantur
830 1236 860 1274 ⁶:
885 1237 979 1274 sicut
996 1237 1227 1284 Augustinus
1247 1237 1344 1285 dicit,

265 1290 608 1334 >maledic-sordine
624 1290 660 1327 *t
689 1291 811 1339 Aufer
835 1291 1048 1327 meretrices
1074 1290 1120 1326 de
1147 1290 1256 1326 rebus
1278 1291 1346 1326 hu-

341 1423 366 1456 8)
386 1424 568 1450 incurrantur.
586 1437 606 1442 —
624 1424 764 1449 incurrant
782 1423 896 1452 BHsAE.
916 1423 1040 1448 oriantur
1058 1430 1083 1447 a.

1453 1238 1502 1274 Et
1529 1248 1598 1286 per
1625 1237 1700 1272 hoc
1728 1240 1830 1281 patet
1858 1233 2054 1282 responsio
2083 1233 2131 1270 ad
2160 1232 2318 1269 obiecta.

1452 1424 1473 1455 ε)
1494 1425 1576 1449 nobis.
1594 1439 1613 1443 -
1630 1433 1647 1449 a
1667 1426 1739 1450 nobis
1758 1427 1786 1451 Ρ.
1804 1441 1822 1445 -
1840 1427 1890 1451 Pro
1910 1431 2138 1459 repraesentatur,
2157 1430 2299 1459 reputatur
2316 1427 2455 1452 ABDFGH

1371 1427 1374 1440 ι

1372 1441 1374 1491 l
1400 1458 1537 1490 1LpC1-:Ka
1555 1465 1581 1483 et
1598 1466 1643 1484 κα.

960 1535 1290 1569 commentaria
1313 1536 1563 1570 cardinalis
1583 1537 1784 1570 Caietam

316 1613 340 1637 ε
362 1602 497 1634 articulo
520 1601 692 1633 undecimo
716 1602 858 1633 eiusdem
876 1601 1070 1642 quaestionis
1094 1602 1235 1642 perspice
1259 1612 1348 1642 regu-

318 1647 384 1691 lam
406 1645 654 1687 permissionum
677 1645 709 1676 in
733 1645 904 1685 regimine,
929 1652 1059 1686 propter
1088 1646 1214 1676 bonum
1237 1655 1349 1686 prove-

289 1686 379 1721 tii‘ens
405 1689 456 1721 vel
482 1689 605 1720 malum
627 1689 810 1726 vitandum;
834 1696 871 1720 ut
898 1689 971 1719 inde
994 1689 1097 1729 possis
1127 1689 1206 1720 circa
1229 1689 1349 1720 diversa

289 1727 428 1766 indicare
449 1734 607 1774 principes
631 1733 807 1774 spirituales
830 1739 861 1763 et
880 1733 1069 1773 temporales
1084 1733 1117 1763 in
1134 1733 1349 1773 permissioni-

289 1778 350 1810 bus
372 1787 541 1810 usurarum
569 1783 600 1808 et
623 1778 759 1808 aliorum
786 1777 980 1807 huiusmodi.
1010 1777 1093 1807 Hinc
1122 1778 1207 1807 enim
1239 1777 1349 1808 elicere

290 1828 382 1864 potes
405 1822 503 1863 quod,
519 1831 594 1853 cum
616 1821 782 1862 permissio
803 1821 972 1852 criminum
987 1830 1052 1851 non
1069 1821 1109 1851 sit
1127 1822 1302 1852 secundum
1316 1831 1349 1851 se

290 1865 375 1902 mala
398 1865 560 1897 moraliter
582 1863 623 1907 (si
647 1865 732 1896 enim
756 1871 837 1895 esset
858 1865 951 1901 mala,
977 1874 1042 1896 non
1066 1865 1246 1896 conveniret
1268 1866 1348 1902 Deo,

291 1919 349 1943 nec
367 1909 432 1943 ulla
453 1909 630 1940 intentione
645 1916 753 1949 posset
768 1909 848 1940 bene
863 1907 955 1951 fieri),
972 1909 998 1940 si
1013 1918 1050 1940 ex
1065 1909 1241 1940 rationabili
1258 1919 1351 1940 causa

291 1953 458 1995 permIssio
481 1952 530 1990 fit,
553 1954 638 1983 bona
661 1953 822 1984 moraliter
845 1959 904 1989 est,
929 1959 1040 1993 utpote
1063 1953 1176 1984 rationi
1200 1963 1349 1984 consona.

292 1996 398 2028 Causa
420 2003 528 2028 autem
551 1996 743 2027 rationabilis
765 1997 798 2027 in
821 1996 923 2027 littera
942 1996 1072 2036 ponitur
1094 2006 1130 2027 ex
1153 2003 1240 2037 parte
1262 1997 1349 2033 boni,

291 2049 332 2072 ne
353 2041 477 2075 bonum
499 2040 700 2081 impediatur,
724 2041 810 2071 iuxta
832 2040 964 2070 Domini
988 2040 1175 2071 sententiam
1190 2040 1217 2077 *‚
1239 2041 1349 2079 Sinite,

292 2094 332 2117 ne
345 2085 440 2126 sorte
461 2086 559 2116 simul
581 2084 750 2116 eradicetis
771 2089 802 2115 et
823 2085 984 2121 triticum,·
1007 2091 1038 2115 et
1052 2094 1089 2114 ex
1104 2091 1190 2124 parte
1210 2085 1294 2120 mali,
1311 2095 1351 2115 ne

291 2128 355 2166 fiat,
379 2129 464 2160 iuxta
487 2128 674 2159 sententiam
697 2128 877 2169 Augustini,
901 2127 1006 2169 Aufer
1029 2130 1211 2160 meretrices
1230 2135 1288 2162 etc.
1311 2129 1352 2159 Et

292 2179 460 2215 propterea
489 2173 529 2203 ad
558 2172 614 2204 has
639 2182 748 2203 causas
776 2172 982 2202 examinanda
1012 2179 1058 2203 est
1083 2173 1261 2212 permissio.
1290 2172 1351 2203 Sed

293 2226 367 2248 cave
389 2226 430 2248 ne
451 2216 618 2259 permissio
641 2215 681 2247 sit
703 2215 840 2246 admixta
862 2215 1103 2256 participationi.

349 2260 386 2290 11.
412 2260 448 2291 In
470 2260 584 2291 eodem
600 2259 732 2290 articulo
747 2259 918 2290 undecimo
934 2259 1067 2290 dubium
1083 2260 1228 2296 occurrit,
1245 2270 1285 2290 an
1300 2266 1351 2291 to-

292 2303 413 2334 lerandi
439 2304 503 2334 sint
529 2304 599 2334 libri
628 2303 837 2340 Iudaeorum,
861 2303 942 2334 sicut
969 2303 1151 2334 tolerandus
1179 2311 1225 2335 est
1249 2304 1352 2335 cultus

294 2357 416 2379 eorum.
440 2347 482 2379 Et
504 2354 551 2379 est
564 2347 645 2379 ratio
662 2347 749 2378 dubii
764 2347 840 2387 quia
853 2347 924 2378 libri
939 2347 1091 2378 defensivi
1111 2355 1186 2379 sunt
1201 2347 1273 2378 fidei
1295 2358 1351 2379 seu

294 2390 442 2432 perfidiae
464 2400 587 2428 eorum,
602 2397 634 2422 et
648 2397 877 2431 consequenter
892 2391 1013 2427 cultus;
1033 2398 1063 2422 et
1079 2398 1254 2432 propterea,
1271 2392 1353 2423 sicut

293 2434 425 2476 perfidia
448 2441 479 2466 et
501 2435 604 2466 cultus
618 2434 769 2466 toleratur
784 2444 906 2470 eorum,
921 2434 965 2466 ita
978 2434 1132 2466 tolerandi
1151 2442 1225 2466 sunt
1239 2436 1320 2467 libri.
1331 2454 1352 2459 —

294 2478 330 2510 In
353 2479 540 2519 oppositum
563 2485 669 2509 autem
693 2484 739 2508 est
761 2477 835 2518 quia
858 2477 928 2508 libri
952 2487 1064 2508 eorum
1088 2478 1173 2519 pleni
1192 2486 1267 2510 sunt
1285 2479 1353 2510 bla-

295 2522 447 2564 sphemiis
472 2529 580 2553 contra
604 2522 777 2553 Christum.

1457 1603 1508 1633 Ad
1530 1603 1592 1634 hoc
1616 1604 1729 1635 dicitur
1755 1606 1844 1645 quod
1872 1605 1941 1636 libri
1970 1606 2161 1637 Iudaeorum
2188 1613 2262 1637 sunt
2283 1606 2316 1636 in
2340 1607 2457 1647 duplici

1402 1646 1582 1678 differentia.
1607 1648 1747 1684 Quidam
1770 1656 1984 1689 competentes
2005 1650 2126 1680 Iudaeis
2150 1651 2302 1686 absolute,
2327 1658 2362 1681 ut
2385 1658 2458 1682 sunt

1401 1690 1470 1720 libri
1487 1691 1681 1722 Testamenti
1703 1693 1813 1723 veteris
1830 1700 1860 1724 et
1877 1693 2087 1733 expositiones
2110 1703 2235 1724 eorum:
2253 1701 2283 1725 et
2298 1694 2331 1724 hi
2345 1695 2457 1734 procul

1403 1734 1500 1765 dubio
1524 1735 1721 1777 relinquendi
1741 1744 1815 1767 sunt
1830 1737 1960 1767 Iudaeis.
1986 1737 2125 1774 Quidam
2142 1737 2215 1768 editi
2231 1738 2269 1767 ad
2287 1738 2457 1769 confoven-

1403 1778 1476 1808 dam
1500 1789 1591 1809 suam
1618 1779 1782 1819 perfidiam
1809 1787 1917 1811 contra
1941 1781 2010 1811 Iesu
2034 1781 2150 1812 Christi
2183 1781 2393 1818 divinitatem,
2418 1792 2458 1813 ne

1403 1829 1624 1858 convertantur
1639 1824 1745 1854 ludaei
1769 1825 1808 1854 ad
1831 1825 1901 1855 lesu
1921 1824 2036 1855 Christi
2052 1824 2158 1861 fidem,
2174 1826 2230 1855 sed
2245 1826 2411 1865 persistant
2425 1826 2458 1856 in

1403 1876 1459 1896 sua
1482 1865 1612 1905 perfidia
1635 1867 1782 1898 obstinati
1796 1877 1802 1898 :
1826 1875 1857 1898 et
1875 1869 1908 1899 hi
1923 1868 2003 1904 libri,
2020 1869 2045 1898 si
2064 1869 2195 1900 facultas
2211 1869 2300 1905 adsit,
2315 1876 2389 1900 sunt
2402 1879 2459 1910 per

1403 1909 1576 1941 Ecclesiam
1591 1911 1807 1942 comburendi.
1824 1912 1865 1942 Et
1880 1918 1927 1943 est
1942 1912 2020 1943 ratio
2037 1912 2225 1943 differentiae
2240 1913 2321 1943 inter
2337 1913 2459 1944 cultum

1403 1960 1434 1984 et
1456 1953 1532 1984 istos
1555 1954 1662 1991 libros,
1686 1955 1762 1996 quia
1784 1955 1887 1986 cultus
1911 1956 2100 1986 ludaeorum
2120 1963 2166 1987 est
2181 1956 2271 1997 quasi
2286 1957 2370 1988 testis
2386 1956 2459 1987 fidei

1404 2004 1538 2034 nostrae,
1563 1997 1643 2029 sicut
1666 1998 1765 2039 figura
1787 1999 1923 2030 veritatis
1947 2006 1978 2030 et
2000 2000 2112 2030 umbra
2138 2000 2288 2040 corporis,
2307 2008 2342 2031 ut
2361 2000 2394 2031 in
2410 2001 2458 2031 lit-

1404 2049 1468 2072 tera
1491 2042 1620 2072 dicitur:
1646 2049 1675 2073 et
1702 2043 1775 2073 ideo
1804 2043 1916 2073 merito
1946 2043 2136 2074 tolerandus.
2174 2043 2256 2074 Libri
2280 2051 2387 2075 autem
2409 2044 2459 2075 isti

1404 2085 1518 2116 directe
1541 2086 1716 2125 blasphemi
1740 2094 1822 2123 sunt,
1847 2093 1878 2117 et
1900 2087 2036 2118 totaliter
2058 2087 2228 2118 mendaciis
2243 2087 2328 2127 pleni
2351 2095 2459 2119 contra

1404 2128 1500 2160 fidem
1515 2130 1585 2160 Iesu
1601 2130 1738 2161 Christi:
1763 2138 1794 2161 et
1809 2137 1975 2170 propterea
1989 2141 2055 2162 non
2074 2131 2228 2162 tolerandi
2243 2138 2326 2167 sunt,
2343 2132 2369 2162 si
2385 2141 2458 2172 sup-

1405 2173 1498 2213 primi
1522 2180 1667 2214 possunt.
1692 2174 1784 2205 Unde
1807 2177 1928 2206 Auctor
1950 2175 1981 2205 in
2006 2182 2061 2207 art.
2079 2175 2097 2205 8
2123 2175 2198 2205 dixit
2216 2175 2304 2215 quod
2320 2175 2460 2206 infideles

1405 2217 1616 2258 compellendi
1640 2225 1714 2249 sunt
1737 2225 1772 2249 ut
1794 2218 1890 2248 fidem
1914 2228 1979 2249 non
2001 2219 2175 2259 impediant
2193 2219 2395 2259 blasphemiis
2410 2219 2460 2250 vel

1403 2261 1493 2291 malis
1516 2262 1789 2301 persuasionibus:
1815 2269 1936 2293 constat
1959 2263 2045 2292 enim
2067 2263 2143 2293 tales
2157 2262 2255 2292 libros
2272 2269 2302 2293 et
2317 2263 2460 2303 blasphe-

1406 2305 1477 2335 miis
1501 2312 1532 2336 et
1554 2305 1644 2335 malis
1668 2306 1924 2346 persuasionibus
1947 2314 2056 2337 contra
2079 2306 2175 2336 fidem
2194 2316 2261 2336 esse
2276 2306 2397 2346 plenos.
2421 2307 2463 2337 Et

1404 2349 1435 2379 in
1460 2355 1516 2380 art.
1539 2359 1576 2379 10
1599 2349 1638 2380 de
1662 2349 1785 2380 Iudaeis
1807 2350 1884 2380 dixit
1898 2350 1997 2390 quod,
2014 2360 2088 2380 cum
2108 2350 2214 2380 Iudaei
2230 2350 2292 2380 sint
2307 2350 2386 2380 servi
2402 2350 2460 2380 Ec-

1404 2392 1524 2429 clesiae,
1541 2399 1646 2434 potest
1663 2393 1801 2424 Ecclesia
1820 2394 1987 2434 disponere
2003 2394 2041 2424 de
2056 2394 2149 2425 rebus
2165 2404 2287 2425 eorum.
2312 2394 2356 2424 Ita
2372 2394 2461 2434 quod

1404 2437 1543 2467 Ecclesia
1566 2443 1675 2468 contra
1698 2447 1810 2468 omnes
1833 2437 1973 2468 infideles
1992 2447 2028 2468 ex
2047 2438 2148 2478 prima
2162 2437 2292 2474 ratione,
2309 2444 2339 2468 et
2352 2445 2461 2469 contra

1406 2480 1537 2529 ludaeos
1562 2480 1656 2511 etiam
1672 2490 1709 2511 ex
1723 2481 1844 2512 ratione
1862 2481 2028 2518 servitutis,
2045 2488 2150 2522 potest
2163 2481 2260 2512 libros
2275 2481 2460 2512 huiusmodi

1408 2533 1614 2564 supprimere.

1013 2662 1328 2704 ARTICULUS
1359 2662 1739 2705 DUODECIMUS

368 2749 524 2785 UTRUM
547 2748 672 2780 PUER1
698 2746 955 2778 1UDAEORUM
978 2746 1036 2777 ET
1059 2745 1258 2777 ALIORUM
1282 2746 1530 2777 INFIDELIUM
1554 2746 1649 2778 SINT
1674 2747 1827 2779 1NV1T1s
1849 2747 2114 2778 PARENTIBUS
2135 2747 2389 2779 BAPTIZANDI

975 2816 1042 2840 Part.
1061 2815 1100 2847 111,
1119 2823 1164 2848 qu.
1183 2823 1268 2846 mnu,
1287 2821 1333 2840 art.
1355 2823 1398 2846 10;
1419 2816 1515 2846 Quodl.
1534 2817 1562 2846 11,
1581 2824 1625 2849 qu.
1643 2824 1677 2847 ιν,
1695 2821 1742 2842 art.
1761 2824 1786 2842 2.

308 2923 312 2928 ’
430 2911 480 2989 *ji
509 2930 613 2980 quod
641 2930 749 2979 pueri
771 2930 1001 2968 Iudaeorum
1025 2938 1062 2966 et
1081 2929 1242 2966 aliorum
1272 2929 1355 2966 infi-

308 2984 361 3025 ἢ
377 2980 435 3025 ³22⁷,
459 2981 652 3020 delium
680 2983 753 3020 sint
780 2983 994 3032 baptizandi
1015 2982 1235 3031 parentibus
1262 2981 1356 3019 invi-

317 3009 450 3070 ''AC-³⁴⁵5
467 3028 497 3069 N<
509 3035 566 3072 tis.
598 3035 722 3072 Maius
746 3035 848 3072 enim
869 3043 925 3072 est
943 3036 1139 3072 vinculum
1159 3034 1355 3071 matrimo-

300 3087 397 3124 niale
425 3099 542 3136 quam
570 3087 628 3124 ius
655 3088 797 3136 patriae
825 3088 1019 3137 potestatis
1039 3092 1072 3123 ²:
1103 3087 1191 3136 quia
1215 3087 1272 3124 ius
1289 3098 1355 3136 pa-

300 3139 392 3176 triae
418 3139 612 3188 potestatis
637 3147 763 3189 potest
794 3152 861 3189 per
893 3140 1090 3177 hominem
1120 3139 1236 3186 solvi,
1265 3150 1354 3176 cum

300 3192 560 3230 filiusfamilias
579 3193 839 3241 emancipatur
855 3191 886 3237 β;
911 3193 1108 3230 vinculum
1127 3199 1255 3229 autem
1275 3203 1355 3229 ma·

300 3245 514 3282 trimoniale
543 3258 621 3282 non
648 3253 773 3294 potest
791 3245 887 3282 solvi
906 3257 974 3294 per
992 3244 1202 3292 hominem,
1223 3257 1355 3281 secun-

354 3372 383 3404 ι)
396 3371 549 3404 potestatis.
565 3385 584 3390 —
601 3371 628 3396 in
643 3377 729 3403 puero
747 3371 844 3396 addunt
861 3370 929 3395 msc
948 3375 973 3395 et
990 3378 1034 3395 m.

354 3405 380 3439 β)
399 3407 590 3439 emancipatur.
608 3420 627 3425 -
644 3405 824 3437 emancipetur
843 3405 870 3429 Ρ.

354 3442 380 3475 γ)
400 3443 465 3468 vult.
482 3455 502 3461 —
519 3442 576 3467 uult
593 3442 714 3466 habitare
732 3441 788 3470 Da,
807 3441 863 3465 vult
885 3440 1039 3465 cohabitare
1058 3448 1104 3471 sm
1122 3448 1170 3472 pm
1187 3448 1247 3465 cun
1269 3441 1355 3465 attero

507 2890 531 2915 n
559 2889 797 2915 nnooacmun
833 2889 887 2915 εις
925 2888 1163 2914 paoeemrua.
1196 2877 1356 2914 Videtur

1410 2877 1501 2914 dum
1539 2877 1630 2914 illud
1663 2876 1796 2914 Matth.
1830 2890 1891 2915 iux
1916 2877 1957 2914 *ε
1990 2878 2100 2920 Quod
2130 2879 2234 2915 Deus
2268 2879 2462 2915 coniunxit
2490 2890 2499 2899 ·

1409 2930 1519 2966 homo
1548 2942 1621 2967 non
1649 2936 1805 2978 separet.
1835 2931 1910 2968 Sed
1938 2938 2094 2980 propter
2111 2930 2368 2968 infidelitatem
2389 2932 2460 2968 sol-

1409 2982 1509 3019 vitur
1526 2982 1720 3019 vinculum
1748 2982 2042 3020 matrimoniale:
2071 2982 2160 3020 dicit
2178 2983 2280 3020 enim
2298 2985 2461 3032 Aposto-

1410 3035 1485 3082 lus,
1516 3036 1529 3071 Ι
1558 3036 1610 3072 ad
1640 3036 1726 3073 Cor.
1751 3047 1800 3072 vn
1819 3035 1855 3072 *z
1893 3035 2003 3078 Quod
2035 3036 2070 3072 si
2101 3036 2256 3082 infidelis
2291 3036 2459 3082 discedit,
2488 3028 2622 3070 '’Vm-¹⁵·

1410 3088 1588 3124 discedat:
1616 3100 1690 3125 non
1718 3088 1816 3125 enim
1851 3089 2020 3125 servituti
2046 3088 2230 3126 subiectus
2260 3094 2315 3125 est
2331 3089 2462 3136 frater

1410 3145 1477 3177 aut
1500 3152 1610 3178 soror
1637 3141 1674 3177 in
1706 3141 1919 3178 huiusmodi
1926 3154 1939 3185 ‚·
1971 3148 2007 3178 et
2035 3141 2170 3178 Canon
2193 3141 2213 3163 '¹‘
2241 3141 2330 3177 dicit
2355 3140 2460 3188 quod
2487 3142 2647 3196 {gf-‘¹532‘
2687 3179 2697 3184 ,

1410 3193 1440 3230 si
1468 3193 1605 3230 coniux
1632 3193 1793 3230 infidelis
1811 3205 1890 3230 non
1907 3195 1989 3230 vult
2007 3198 2022 3221 Υ
2047 3193 2127 3231 sine
2155 3192 2384 3230 contumelia
2402 3193 2459 3229 sui
2487 3193 2696 3250 ggthnffll&

1411 3246 1600 3282 Creatoris
1628 3258 1715 3282 curn
1745 3246 1860 3291 altero
1888 3253 1996 3293 stare,
2018 3246 2123 3294 quod
2146 3246 2238 3282 alter
2257 3245 2459 3293 coniugum

1408 3371 1628 3430 stare,phab1'tare
1643 3371 1660 3400 1,
1674 3371 1827 3396 cohabitare
1839 3372 1885 3399 sK.
1897 3378 1950 3395 om.
1964 3370 2185 3402 ABCDEFHLpK
2199 3376 2224 3395 et
2238 3377 2264 3394 κ.
2282 3382 2301 3388 -
2319 3369 2368 3393 Pro
2382 3369 2460 3401 quod,

1409 3409 1472 3431 tunc
1510 3414 1535 3430 α.

2515 2889 2582 2911 Vm.
2613 2904 2620 2910 .
