2892 4056
346 260 508 282 Anncunus
522 260 563 280 vu

428 303 443 319 t

428 382 442 396 Ὠ

429 421 443 436 3>

428 500 443 515 θ

429 539 443 554 »

523 300 576 319 vm

523 378 554 398 IX

524 418 544 437 X

523 496 555 516 XI

524 535 566 555 111

346 776 508 797 nncuzus
522 777 533 796 1

428 819 443 834 >v

428 897 442 912 θ

428 976 442 990 )

523 815 546 836 11

524 894 556 914 111

523 973 554 992 1v

345 1169 507 1190 nummus
520 1169 531 1189 1

428 1251 442 1266 )>

427 1290 442 1305 >

428 1369 442 1383 »

523 1248 545 1267 11

523 1287 557 1307 111

524 1366 554 1386 Π

602 253 704 280 Utrum
724 251 812 280 timor
832 252 868 280 sit
887 252 999 280 initium
1024 250 1188 288 sapientiae.
1211 272 1218 278 .

604 293 706 319 Utrum
731 291 819 320 timor
845 291 960 320 initialis
980 291 1094 319 differat
1120 299 1222 319 secun-

623 331 693 359 dum
714 331 902 360 substantiam
923 340 941 359 a
960 331 1064 359 timore
1084 329 1161 358 filiali
1183 351 1190 357 .
1213 351 1219 358 .

604 371 706 398 Utrum
717 370 806 398 timor
817 370 852 398 sit
862 371 973 398 donum
984 370 1104 406 Spiritus
1115 368 1220 397 Sancti.

604 410 707 437 Utrum
734 416 878 438 crescente
903 409 1019 438 caritate
1046 409 1222 437 diminuatur

623 449 711 477 timor

604 489 707 516 Utrum
727 488 815 516 timor
834 494 981 516 remaneat
1001 488 1031 515 in
1050 487 1142 524 patria
1156 508 1162 515 .
1186 508 1192 514 .
1216 508 1222 514 .

602 528 705 555 Utrum
725 533 878 564 paupertas
898 527 1013 564 spiritus
1027 527 1062 554 sit
1075 526 1222 554 beatitudo

622 567 801 603 respondens
826 567 905 594 dono
930 566 1041 594 timoris
1063 586 1220 594 ......

675 643 867 678 QUAESTIO
888 643 1068 671 VIGESIMA

712 698 762 727 De
782 697 1034 734 desperatione.

601 765 705 796 Utrum
726 767 887 804 desperatio
909 768 945 796 sit
965 775 1130 804 peccatum.
1154 789 1160 795 .
1185 789 1191 795 .

603 808 706 836 Utrum
719 807 882 844 desperatio
901 807 962 835 sine
981 807 1146 836 infidelitate
1160 815 1222 835 0550

623 847 714 883 possit
739 867 1220 875 .................

603 887 706 914 Utrum
732 886 892 923 desperatio
918 886 954 914 sit
974 886 1130 914 maximum
1158 894 1224 921 pec-

624 931 754 954 catorum
766 945 1221 954 ................

604 966 706 993 Utrum
727 964 889 1000 desperatio
908 973 942 992 ex
955 964 1054 992 acedia
1074 963 1192 991 oriatur.
1215 984 1221 990 .

622 1043 813 1078 QUAESTIO
834 1043 1131 1071 VlGESlMAPRIMA

692 1096 743 1125 De
761 1095 1052 1132 praesumptione.

605 1161 707 1189 Utrum
740 1160 936 1197 praesumptio
974 1160 1112 1189 innitatur
1144 1161 1221 1195 Deo,

622 1209 660 1228 an
680 1199 814 1236 propriae
834 1200 929 1228 virtuti
945 1221 1221 1228 ..........

600 1240 703 1268 Utrum
723 1239 920 1276 praesumptio
941 1239 977 1267 sit
996 1245 1160 1276 peccatum.
1184 1261 1190 1267 .
1214 1261 1220 1267 .

604 1279 707 1307 Utrum
722 1278 924 1316 praesumptio
950 1279 1040 1316 magis
1061 1283 1225 1315 opponatur

621 1317 719 1346 timori
740 1327 829 1355 quam
849 1318 909 1354 spei
913 1339 1219 1346 ...........

604 1358 708 1386 Utrum
728 1357 925 1394 praesumptio
946 1364 1078 1386 causetur
1092 1366 1126 1385 ex
1145 1357 1225 1385 inani

622 1397 713 1434 gloria
733 1418 1220 1428 .................

590 1474 783 1510 QUAESTIO
803 1475 1161 1502 VIGESIMASECUNDA

1346 172 1510 209 INDEX

1255 259 1327 288 pag·
1347 258 1401 283 ¹44

1283 340 1297 355 w
1359 328 1400 356 ib.

1285 379 1298 394 »
1346 369 1398 402 146

1285 457 1299 471 ἲ
1347 456 1399 482 ¹47

1286 496 1300 510 >v
1348 487 1399 525 ¹48.

1285 575 1298 590 »
1346 573 1398 599 149

1285 778 1299 792 »
1347 767 1395 794 151

1285 857 1299 871 »
1348 846 1400 872 152

1285 935 1299 949 >>
1347 923 1397 950 153

1285 974 1299 987 »
1347 963 1401 995 154

1285 1211 1299 1225 »
1346 1200 1399 1226 156

1285 1250 1298 1264 »
1347 1239 1399 1275 157

1285 1329 1298 1343 a>
1346 1317 1398 1345 158

1285 1407 1298 1421 2>
1346 1396 1399 1432 159

389 1529 440 1559 De
458 1528 654 1566 praeceptis
674 1528 923 1564 pertinentibus
943 1527 989 1556 ad
1008 1535 1106 1563 apem
1127 1529 1162 1556 et
1181 1527 1349 1557 timorem.

344 1608 507 1631 ARTICULus
520 1609 532 1628 1

426 1691 441 1705 ²>

522 1687 545 1707 11

344 1924 507 1947 ARncusz
521 1924 532 1944 1

427 1968 441 1983 )>

426 2047 442 2180 ⁸⁸⁸⁸

523 1963 545 1984 t:

523 2319 575 2339 ᾗ
523 2240 564 2260 Ξ
522 2042 556 2181 5<ΞΕ

343 2510 508 2533 ARthtmus
521 2510 532 2530 1

426 2554 441 2569 D

522 2985 553 3005 a
522 2865 575 2925 ἐξ
523 2707 554 2807 s<2
523 2628 556 2648 a
522 2550 544 2569 ἔ

522 3103 553 3162 fib<

602 1600 705 1628 Utrum
735 1600 772 1627 de
802 1608 854 1636 spe
883 1599 985 1627 debeat
1015 1598 1076 1627 dari
1103 1598 1222 1635 aliquod

621 1645 810 1676 praeceptum
825 1659 1222 1667 ..............

600 1679 703 1707 Utrum
724 1679 760 1706 de
781 1678 884 1706 timore
911 1677 995 1706 fuerit
1015 1678 1144 1706 dandum
1171 1678 1222 1706 ali-

622 1719 704 1755 quod
723 1724 907 1755 praeceptum
910 1738 1221 1746 ...........

605 1797 797 1832 QUAESTIO
817 1797 1139 1825 VIGESIMATERTIA

625 1851 675 1880 De
695 1851 843 1881 caritate
863 1850 1049 1881 secundnm
1070 1858 1121 1880 se.

601 1915 705 1943 Utrum
726 1914 828 1943 0011105
849 1914 885 1943 511
908 1915 1032 1944 0111101110
1034 1936 1222 1944 .......

600 1955 703 1983 Utrum
724 1954 826 1983 caritas
852 1954 889 1982 sit
909 1954 1018 1992 aliquid
1044 1961 1170 1984 creatum
1192 1955 1223 1984 in

623 1994 722 2023 anima
732 2015 1221 2024 .................

601 2035 704 2062 Utrum
726 2033 828 2062 caritas
849 2033 885 2062 sit
905 2033 993 2062 virtus
1005 2056 1222 2063 ........

601 2074 705 2102 Utrum
726 2073 827 2102 caritas
847 2073 884 2101 sit
902 2073 992 2102 virtus
1013 2073 1142 2111 specialis
1154 2096 1160 2103 .
1184 2095 1191 2102 .

602 2114 705 2141 Utrum
726 2113 828 2141 caritas
853 2113 888 2141 sit
907 2123 966 2142 una
985 2113 1074 2141 virtus
1096 2136 1221 2142 .....

599 2153 701 2180 Utrum
723 2153 825 2181 caritas
850 2153 886 2181 sit
910 2153 1146 2183 excellentissima
1166 2154 1221 2182 vir-

621 2198 716 2220 tutum
732 2213 1221 2222 .................

603 2232 706 2260 Utrum
726 2231 788 2260 sine
801 2231 918 2260 caritate
937 2232 1029 2268 possit
1047 2242 1108 2261 esse
1126 2233 1222 2270 aliqua

622 2280 690 2299 vera
716 2271 805 2300 virtus
828 2292 1222 2301 ..............

599 2311 703 2338 Utrum
724 2310 825 2339 caritas
846 2310 882 2339 sit
902 2311 996 2339 forma
1014 2311 1161 2341 virtutum.
1186 2334 1193 2340 .
1215 2334 1222 2341 .

597 2383 789 2418 QUAESTIO
810 2383 1150 2418 VIGEslMAQUAR'rA

668 2436 718 2466 De
738 2436 896 2466 caritatis
917 2437 1084 2467 subiecto.

602 2502 704 2529 Utrum
717 2501 850 2530 voluntas
863 2501 900 2529 sit
913 2501 1073 2530 subiectum
1089 2501 1221 2530 caritatis.

602 2541 706 2568 Utrum
734 2540 836 2568 caritas
863 2546 995 2569 causetur
1022 2541 1052 2569 in
1078 2541 1163 2570 nobis
1189 2551 1223 2570 ex

624 2580 768 2608 infusione
796 2602 1221 2610 ...............

602 2621 705 2648 Utrum
736 2619 837 2648 caritas
868 2620 1035 2649 infundatur
1064 2621 1223 2649 secundum

623 2658 811 2696 quantitatem
832 2660 1005 2688 naturalium
1034 2681 1221 2689 .......

599 2700 703 2727 Utrum
723 2699 826 2727 caritas
847 2699 944 2736 augeri
968 2699 1060 2736 possit
1063 2721 1222 2728 ......

604 2739 707 2767 Utrum
717 2738 820 2767 caritas
829 2745 968 2776 augeatur
977 2749 1029 2776 per
1034 2739 1223 2768 additionem.

603 2779 707 2807 Utrum
728 2778 858 2815 quolibet
882 2785 949 2807 actu
974 2779 1097 2808 caritatis
1122 2779 1224 2808 caritas

624 2824 763 2855 augeatur
765 2839 1222 2847 ................

604 2859 707 2886 Utrum
727 2857 830 2886 caritas
856 2864 994 2895 augeatur
1017 2858 1047 2886 in
1068 2858 1222 2886 infinitum.

602 2898 707 2925 Utrum
727 2896 829 2925 caritas
850 2897 880 2926 in
901 2899 954 2926 hac
974 2897 1032 2926 vita
1051 2897 1143 2935 possit
1163 2907 1225 2926 esse

622 2937 748 2974 perfecta
766 2959 1222 2966 ................

603 2977 706 3004 Utrum
725 2977 928 3005 convenienter
942 2977 1154 3015 distinguantur
1166 2984 1224 3005 tres

621 3017 726 3053 gradus
747 3015 879 3052 caritatis,
901 3016 1049 3053 incipiens,
1071 3017 1224 3054 proficiens

623 3062 651 3084 et
670 3056 795 3092 perfecta
797 3077 1220 3085 ...............

601 3096 705 3123 Utrum
726 3094 828 3123 caritas
848 3095 941 3132 possit
961 3095 1132 3124 diminui..
1155 3117 1166 3124 c
1185 3117 1192 3124 .

602 3135 705 3163 Utrum
740 3133 842 3163 caritas
877 3135 965 3164 semel
1000 3135 1097 3163 habita
1133 3135 1224 3172 possit

621 3173 713 3202 amitti
735 3196 1222 3204 .................

523 3221 565 3242 xn
600 3215 704 3242 Utrum
739 3213 840 3242 caritas
874 3214 1021 3243 amittatur
1050 3224 1102 3252 per
1131 3224 1222 3243 unum

343 3446 506 3467 ARTlcULus
520 3447 531 3466 1

425 3529 440 3544 v

521 3526 543 3545 11

620 3259 716 3282 actum
737 3253 847 3290 peccati
867 3253 997 3283 mortalis
1003 3275 1220 3283 ........

603 3320 796 3354 QUAESTIO
817 3320 1144 3355 VIGESIMAQUINTA

673 3373 723 3403 De
744 3374 879 3404 obiecto
899 3374 1069 3404 caritatis.

603 3439 706 3466 Utrum
727 3438 842 3466 dilectio
863 3438 986 3467 caritatis
1007 3438 1088 3467 sistat
1104 3439 1134 3467 in
1148 3440 1220 3475 Deo,

622 3487 661 3506 an
681 3487 711 3506 se
729 3479 862 3506 extendat
883 3478 969 3506 etiam
990 3479 1027 3506 ad
1047 3479 1220 3515 proximmm.

600 3518 703 3545 Utrum
725 3517 826 3546 caritas
841 3517 876 3546 sit
889 3527 923 3546 ex
937 3517 1053 3546 caritate
1066 3518 1219 3556 diligenda.

484 3574 594 3599 5111111Αο
612 3573 714 3599 Taaor„
733 3574 764 3598 D.
783 3574 897 3598 Tamna
916 3573 948 3598 Τ.
967 3574 999 3599 V.

1285 1649 1300 1663 »
1347 1639 1400 1665 160

1285 1728 1299 1742 »
1348 1718 1395 1745 161

1286 1928 1300 1942 »
1347 1916 1398 1944 163

1286 2007 1300 2021 »
1346 1997 1401 2031 164

1285 2047 1301 2061 »
1347 2036 1400 2072 167

1285 2086 1300 2101 >
1347 2076 1399 2103 168

1285 2126 1300 2140 5
1347 2116 1400 2151 169

1286 2205 1300 2219 »
1347 2203 1400 2231 170

1285 2284 1298 2298 >›
1346 2282 1395 2309 171

1285 2323 1300 2338 >>
1347 2320 1399 2348 172

1286 2514 1300 2528 ¹⁹
1347 2513 1401 2540 174

1285 2593 1299 2608 x>
1347 2583 1398 2619 175

1286 2672 1300 2686 »
1362 2662 1399 2690 ib.

1286 2712 1301 2726 2
1348 2711 1400 2738 177

1287 2752 1301 2766 1>
1348 2742 1401 2777 178

1287 2830 1300 2845 »
1348 2820 1402 2847 180

1287 2870 1300 2885 :u
1349 2860 1401 2887 182

1286 2949 1301 2964 »
1347 2947 1401 2975 190

1285 3068 1299 3082 »
1346 3067 1395 3094 191

1287 3108 1301 3122 »
1347 3104 1400 3133 192

1285 3187 1300 3202 ¹*
1347 3172 1401 3213 194

1285 3266 1299 3281 »
1346 3256 1398 3291 195

1284 3491 1298 3505 »
1346 3489 1398 3516 197

1285 3530 1298 3544 »
1346 3521 1398 3556 198

1452 255 1615 276 AR'rlcous
1631 256 1663 276 m

1535 337 1549 351 »
1631 333 1661 353 1v

1535 415 1549 429 0

1631 411 1650 431 <

1535 494 1549 508 »
1631 490 1662 510 VI

1536 572 1550 586 »
1630 569 1672 588 VII

1536 611 1550 626 ›>
1631 608 1684 627 vm

1537 689 1550 703 >>
1632 687 1663 706 Ix

1537 807 1551 821 ²
1632 805 1654 824 X

1537 885 1550 900 >v
1631 883 1663 903 XI

1537 964 1551 978 »
1631 962 1674 982 111

1453 1282 1616 1304 Alt'rlcums
1632 1284 1644 1304 1

1536 1326 1551 1341 re
1632 1323 1654 1343 Π

1536 1405 1550 1419 »
1632 1403 1664 1422 ΠΙ

1536 1483 1551 1497 ὶ
1631 1481 1662 1500 Iv

1537 1562 1551 1576 ³>
1633 1559 1653 1579 V

1710 247 1812 275 Utrum
1850 249 1936 278 etiarn
1970 257 2116 279 creaturae
2152 251 2331 281 irrationales

1730 286 1786 314 sint
1806 296 1839 315 ex
1860 289 1976 318 caritate
1996 290 2156 327 diligendae
2168 312 2325 320 ......

1711 326 1814 354 Utrum
1825 328 1916 357 homo
1924 330 2027 357 debeat
2036 330 2162 366 seipsum
2174 340 2207 358 ex
2217 331 2333 359 caritate

1731 364 1849 402 diligere
1868 389 2329 399 ................

1710 405 1814 433 Utrum
1834 408 1924 435 homo
1946 409 2049 437 debeat
2069 418 2174 445 corpus
2195 419 2279 438 suum
2299 419 2332 438 ex

1731 444 1847 474 caritate
1868 446 1985 484 diligere
1993 469 2330 478 ............

1711 483 1814 512 Utrum
1835 493 2000 522 peccatores
2021 487 2077 515 sint
2097 497 2131 515 ex
2152 488 2268 517 caritate
2289 489 2331 517 di-

1730 521 1836 559 ligendi
1844 547 2331 556 .................

1712 562 1814 591 Utrum
1835 572 2000 601 peccatores
2021 566 2140 602 diligant
2161 567 2271 612 seipsos
2294 589 2300 595 .
2323 589 2330 595 .

1710 601 1813 630 Utrum
1840 604 1877 632 sit
1896 605 1933 632 de
1960 605 2128 634 necessitate
2156 607 2280 635 caritatis
2300 613 2333 635 ut

1732 640 1840 671 inimici
1862 643 2016 681 diligantur
2024 666 2331 674 ...........

1710 681 1811 709 Utrum
1834 682 1868 710 sit
1883 683 1919 711 de
1933 683 2101 712 necessitate
2115 685 2238 713 caritatis
2252 686 2333 722 quod

1733 720 1836 766 aliquis
1861 722 1945 759 signa
1972 729 2000 751 et
2027 723 2143 752 effectus
2174 724 2333 753 dilectionis

1731 759 1849 789 inimico
1871 762 2002 790 exhibeat
2023 784 2331 794 ...........

1713 798 1816 827 Utrum
1842 801 1999 830 debeamus
2026 803 2143 840 angelos
2163 812 2197 831 ex
2218 803 2333 832 caritate

1732 837 1848 875 diligere
1874 862 2333 871 ................

1710 878 1813 906 Utrum
1844 880 2000 908 debeamus
2031 882 2189 911 daemones
2220 891 2254 910 ex
2284 892 2331 911 ca-

1732 917 1815 946 ritate
1835 918 1951 956 diligere
1964 941 2330 950 .............

1714 956 1816 984 Utrum
1831 959 2033 987 convenienter
2047 967 2250 989 enumerentur
2261 971 2332 997 qua-

1732 1001 1799 1023 tuor
1828 1006 1862 1024 ex
1893 998 2009 1026 caritate
2037 999 2196 1036 diligenda:
2228 1000 2334 1029 scilicet

1732 1036 1819 1080 Deus,
1840 1037 2002 1080 proximus,
2024 1047 2129 1074 corpus
2153 1046 2285 1067 nostrum
2305 1047 2333 1068 et

1733 1083 1787 1102 nos
1808 1084 1862 1111 ipsi
1871 1097 2330 1108 ................

1724 1154 1915 1187 QUAESTIO
1937 1156 2243 1184 VIGESIMASEXTA

1792 1207 1842 1236 De
1863 1207 1980 1238 ordine
2001 1210 2168 1239 cat-statis.

1712 1277 1814 1304 Utrum
1835 1277 1866 1305 in
1886 1278 2002 1307 caritate
2023 1279 2059 1308 sit
2079 1282 2153 1308 ordo
2174 1303 2331 1310 ......

1713 1316 1815 1344 Utrum
1830 1318 1908 1345 Deus
1922 1319 1958 1346 sit
1971 1320 2062 1356 magis
2074 1319 2235 1358 diligendus
2246 1331 2334 1358 quam

1731 1356 1880 1391 proximus
1903 1379 2331 1389 ...............

1712 1395 1815 1423 Utrum
1836 1397 1926 1425 homo
1947 1398 2051 1426 debeat
2078 1409 2111 1427 ex
2132 1399 2249 1429 caritate
2269 1401 2334 1437 plus

1732 1435 1826 1463 Deum
1848 1436 1964 1473 diligere
1978 1447 2066 1483 quarn
2088 1439 2214 1484 seipsum
2237 1461 2243 1468 .

1711 1474 1814 1502 Utrum
1835 1476 1926 1504 homo
1941 1486 1975 1505 ex
1990 1477 2106 1506 caritate
2126 1479 2217 1516 magis
2232 1480 2335 1508 debeat

1731 1513 1848 1550 diligere
1869 1515 1995 1551 seipsum
2017 1526 2104 1553 quam
2130 1519 2333 1554 proximum..

1712 1553 1816 1580 Utrum
1846 1555 1937 1582 homo
1969 1556 2059 1592 magis
2089 1557 2192 1585 debeat
2219 1558 2336 1595 diligere

1732 1592 1896 1627 proximum
1918 1603 2006 1630 quam
2037 1605 2142 1640 corpus
2171 1597 2332 1642 proprium.

1712 1632 1814 1659 Utrum
1835 1642 1911 1661 unus
1935 1634 2084 1670 proximus
2105 1636 2141 1663 sit
2162 1637 2253 1674 magis
2271 1637 2334 1665 dili-

1732 1672 1844 1707 gendus
1865 1683 1952 1710 quarn
1974 1674 2046 1702 alius
2055 1696 2333 1704 ..........

1712 1711 1816 1739 Utrum
1843 1713 1934 1750 magis
1955 1714 2112 1742 debeamus
2132 1715 2249 1752 diligere
2274 1725 2335 1744 rne—

1733 1750 1818 1778 liores
1837 1762 1926 1789 quam
1946 1753 2031 1781 nobis
2052 1754 2303 1784 coniunctiores..
2326 1777 2333 1784 .

1711 1790 1814 1818 Utrum
1835 1792 1871 1820 sit
1891 1792 2015 1821 maxime
2036 1793 2196 1831 diligendus
2218 1795 2265 1823 ille
2286 1795 2336 1832 qui

1733 1836 1775 1857 est
1795 1832 1880 1859 nobis
1901 1832 2071 1861 coniunctus
2092 1835 2251 1862 secundum
2273 1844 2334 1863 car-

1732 1870 1828 1898 nalem
1852 1871 1992 1908 originem
1996 1894 2333 1902 ............

1710 1909 1813 1937 Utrum
1834 1911 1925 1939 homo
1940 1921 1973 1940 ex
1988 1913 2103 1941 caritate
2124 1913 2216 1950 magis
2234 1915 2336 1942 debeat

1733 1948 1849 1986 diligere
1875 1950 1966 1979 filium
1991 1961 2080 1996 quam
2101 1959 2213 1989 patrem
2235 1975 2242 1981 .
2265 1975 2271 1981 .
2295 1975 2302 1981 .
2325 1975 2332 1981 .

1712 1988 1815 2016 Utrum
1845 1991 1936 2019 homo
1967 1991 2057 2028 magis
2085 1993 2188 2021 debeat
2219 1992 2335 2030 diligere

1732 2035 1854 2057 matrem
1876 2039 1964 2066 quam
1985 2037 2095 2067 patrem
2115 2053 2332 2061 ........

1714 2068 1816 2096 Utrum
1830 2069 1921 2098 homo
1935 2071 2001 2106 plus
2012 2071 2115 2100 debeat
2129 2071 2244 2108 diligere
2263 2082 2335 2100 uxo-

1732 2117 1793 2136 rem
1815 2118 1903 2145 quam
1924 2116 2036 2146 patrem
2056 2117 2085 2139 et
2105 2118 2243 2139 matrem.
2267 2134 2273 2139 .
2296 2134 2303 2139 .
2326 2133 2332 2140 .

1709 2148 1812 2175 Utrum
1843 2149 1935 2177 homo
1966 2150 2057 2187 magis
2084 2151 2188 2179 debeat
2218 2151 2287 2188 dilig
2287 2160 2334 2179 ere

1732 2188 1945 2216 benefactorem
1966 2199 2054 2234 quarn
2075 2161 2287 2219 beneficiatumg
2297 2213 2303 2219 .
2327 2213 2333 2219 .

1714 2227 1818 2255 Utrum
1852 2229 1925 2256 ordo
1960 2229 2085 2257 caritatis
2122 2237 2270 2259 remaneat
2304 2230 2333 2258 in

1733 2266 1826 2302 patria
1841 2288 2331 2298 .................

1704 2339 1897 2373 QUAESTIO
1918 2341 2264 2370 VIGESIMASEPTIMA

2431 183 2509 220 409

2357 301 2428 331 Pag-
2455 302 2508 329 ¹99

2396 2281 2410 2295 »

1553 2393 1602 2422 De
1621 2393 1798 2429 principali
1817 2395 1899 2423 actu
1919 2395 2089 2429 caritatis,
2109 2396 2166 2432 qui
2187 2397 2243 2426 est
2262 2395 2407 2426 dilectio.

1536 1642 1550 1656 ’
1632 1639 1662 1659 VI

1537 1721 1551 1735 ³>
1632 1718 1674 1738 VH

1536 1800 1551 1814 1⁹
1633 1797 1685 1817 VIII

1536 1919 1551 1934 »
1632 1916 1663 1936 IX

1486 2015 1488 2017 ,
1536 1998 1551 2013 »
1632 1995 1653 2015 X

1536 2077 1551 2092 »
1632 2074 1664 2094 XI

1536 2157 1551 2171 »
1632 2154 1674 2174 ΧΠ

1485 2235 1487 2237 ,
1537 2236 1551 2251 :v
1633 2233 1685 2254 xm

1453 2464 1617 2485 ARTICULUS
1631 2465 1642 2484 1

1537 2547 1551 2561 2>
1633 2543 1655 2563 11

1537 2665 1551 2680 x
1563 2690 1568 2694 ἡ
1633 2662 1665 2682 111

1538 2744 1552 2759 ι
1634 2741 1664 2761 1v

1538 2824 1552 2838 2>
1634 2821 1653 2840 V

1537 2863 1551 2877 ²
1632 2860 1663 2880 VI

1537 2942 1552 2957 ³>
1634 2940 1675 2960 vn

1538 3021 1552 3035 ἃ)
1633 3019 1686 3039 VIII

1453 3249 1616 3270 ARTICULUS
1630 3250 1641 3270 1

1536 3333 1550 3347 7>
1632 3330 1654 3349 11

1536 3452 1550 3467 ³»
1631 3449 1663 3468 111

1539 3531 1553 3545 >v
1635 3528 1666 3548 1v

1710 2457 1813 2484 Utrum
1844 2457 1969 2486 caritatis
2000 2459 2036 2486 sit
2062 2459 2153 2496 magis
2184 2459 2334 2497 proprium

1732 2495 1823 2524 amari
1844 2506 1932 2533 quam
1953 2507 2051 2526 amare
2054 2520 2333 2528 ..........

1712 2536 1815 2563 Utrum
1849 2545 1961 2572 amare,
1992 2539 2152 2567 secundum
2183 2541 2263 2575 quod
2293 2546 2336 2568 est

1732 2582 1812 2603 actus
1833 2576 1971 2612 caritatis,
1993 2577 2029 2605 sit
2047 2578 2126 2606 idern
2147 2579 2227 2616 quod
2248 2580 2335 2607 bene-

1733 2615 1859 2644 volentia
1869 2637 2332 2646 ................

1711 2655 1814 2682 Utrum
1839 2657 1918 2684 Deus
1945 2656 1982 2684 sit
2007 2663 2126 2693 propter
2146 2658 2273 2694 seipsum
2301 2668 2335 2686 ex

1733 2694 1848 2722 caritate
1869 2695 2030 2733 diligendus
2052 2718 2331 2726 ..........

1714 2734 1818 2761 Utrum
1845 2737 1922 2763 Deus
1950 2735 1980 2763 in
2007 2737 2060 2764 hac
2085 2736 2143 2765 vita
2169 2737 2260 2774 possit
2280 2738 2335 2765 im-

1733 2773 1856 2802 mediate
1881 2775 1972 2803 amari
1994 2797 2332 2805 ............

1713 2814 1815 2841 Utrum
1837 2816 1916 2843 Deus
1937 2815 2028 2851 possit
2047 2815 2172 2844 totaliter
2192 2817 2332 2845 amari..

1713 2853 1816 2880 Utrum
1844 2853 1957 2882 divinae
1979 2854 2140 2884 dilectionis
2171 2855 2207 2885 sit
2231 2855 2334 2893 aliquis

1734 2893 1839 2921 modus
1860 2894 2010 2922 habendus
2019 2916 2332 2924 ...........

1713 2933 1815 2960 Utrum
1844 2933 1880 2961 sit
1899 2933 1990 2971 magis
2016 2934 2196 2962 meritorium
2216 2935 2332 2972 diligere

1733 2971 1881 3001 inimicum
1902 2982 1991 3010 quam
2011 2973 2138 3002 amicum
2145 2996 2332 3003 .......

1711 3012 1814 3040 Utrum
1835 3013 1871 3040 sit
1895 3013 1986 3050 magis
2010 3013 2190 3042 meritorium
2216 3013 2285 3051 dilig
2286 3023 2333 3042 ere

1731 3052 1897 3088 proximum
1917 3061 2005 3089 quam
2025 3053 2142 3091 diligere
2162 3055 2271 3082 Deum.
2295 3075 2302 3082 .

1707 3124 1898 3158 QUAESTIO
1919 3125 2260 3153 VIGESIMAOCTAVA

1881 3178 1931 3207 De
1949 3177 2085 3213 gaudio.

1710 3243 1812 3271 Utrum
1838 3243 1977 3280 gaudium
2005 3244 2041 3272 sit
2065 3244 2182 3273 effectus
2209 3244 2332 3272 caritatis

1732 3281 1762 3309 in
1782 3283 1867 3311 nobis
1876 3305 2331 3312 ................

1713 3322 1815 3350 Utrum
1845 3322 1983 3360 gaudium
2013 3323 2157 3359 spirituale
2188 3324 2268 3360 quod
2298 3333 2331 3351 ex

1732 3361 1848 3390 caritate
1858 3369 1990 3391 causatur
2000 3363 2116 3399 recipiat
2126 3363 2333 3391 admixtionem

1730 3401 1859 3430 tristitiae
1875 3424 2331 3431 ................

1709 3442 1811 3469 Utrum
1827 3441 1971 3478 spirituale
1985 3442 2120 3479 gaudium
2137 3443 2217 3478 quod
2238 3451 2271 3470 ex
2286 3451 2332 3470 ca-

1730 3480 1813 3509 ritate
1824 3488 1956 3510 causatur
1970 3481 2060 3518 possit
2073 3481 2102 3509 in
2114 3481 2198 3509 nobis
2210 3481 2331 3518 impleri.

1714 3521 1817 3549 Utrum
1838 3521 1974 3558 gaudium
1997 3521 2031 3548 sit
2052 3521 2139 3549 virtus
2146 3543 2331 3549 .......

2325 3577 2355 3602 52

2396 3414 2410 3428 »

2396 3493 2410 3507 λ)

2396 3533 2410 3547 >>

2452 379 2509 399 200

2453 458 2504 478 201

2430 576 2432 579 ·
2453 569 2507 596 203

2452 655 2511 682 204

2453 766 2508 793 205

2454 844 2510 871 206

2471 923 2510 950 ib.

2453 1087 2509 1116 207

2454 1291 2510 1320 209

2454 1369 2511 1389 210

2454 1448 2507 1468 211

2455 1527 2512 1547 212

2455 1599 2510 1626 213

2455 1685 2513 1712 214

2455 1757 2509 1784 215

2454 1882 2510 1911 2¹7

2454 1954 2511 1981 218

2454 2040 2511 2069 219

2455 2119 2511 2139 220

2454 2198 2506 2218 221

2454 2277 2510 2297 222

2455 2508 2512 2536 224

2454 2619 2509 2646 225

2455 2699 2511 2725 226

2454 2785 2510 2814 227

2454 2817 2510 2844 228

2473 2896 2511 2923 ib.

2454 2975 2511 3002 230

2454 3054 2506 3081 231

2453 3284 2509 3311 232

2454 3403 2508 3430 233

2453 3481 2511 3515 234

2473 3521 2510 3548 ib.
