2892 4056
402 168 462 193 xiv

449 245 488 266 22
513 234 670 274 Erlangen
716 231 789 262 bibl.
810 229 1024 261 Universitatis
1049 229 1109 258 615
1136 237 1245 268 papyr.
1262 227 1390 258 Decem.

449 279 487 308 23
559 290 574 304 x»
624 277 686 306 616
711 284 819 315 papyr.
845 275 972 304 Decem.

449 331 490 361 24
513 320 637 360 Lipsiae
661 319 733 349 bibl.
759 316 974 348 Universitatis
997 316 1060 354 463
1085 321 1147 345 ant.

448 366 486 395 25
559 376 573 391 2
621 373 681 404 471
709 370 818 402 papyr.
843 362 970 391 Decem.

449 409 488 439 26
524 449 536 462 .
560 420 574 435 x»
621 415 686 448 472
711 414 820 445 papyr.
846 404 1006 453 Quinque.

447 461 488 525 3}
558 463 573 521 ἰ
622 448 1026 533 ΐέἶξὲἰζζῧὸἰὲἓξὲε.

448 549 488 579 29
513 537 661 569 Cambrai
710 537 768 566 355
794 542 859 565 ant.

450 583 488 612 30
559 593 573 608 ›
626 581 686 611 356
711 586 774 609 ant.
798 577 974 608 Tredecim.

449 627 483 656 31
558 637 573 651 κ
625 625 686 664 357
709 631 818 662 papyr.
844 621 1004 661 Quinque.

449 670 487 700 32
511 669 634 708 Troyes
685 667 743 707 187
769 672 832 695 ant.

449 713 486 743 33
558 724 573 739 »
625 710 685 751 578
710 716 771 740 ant.
796 709 923 739 Decem.

450 758 489 795 34
559 768 574 782 »
624 755 688 792 624
712 753 795 783 med.
819 754 949 783 Decem.

448 801 485 830 35
511 799 603 830 Metis
648 797 723 828 bibl.
745 796 886 828 Civitatis
912 806 975 835 244
997 797 1122 827 mixtus.
1149 797 1211 833 Qu.
1235 807 1336 826 Lxxvn
1359 804 1415 828 art.
1443 798 1458 827 3

622 841 740 872 finitur.
764 841 892 872 Decem.

449 888 486 918 36
510 889 674 926 Augustae
698 885 904 915 Trevirorum
945 884 1019 915 bibl.
1044 884 1189 924 publicae
1214 884 1355 916 Civitatis
1377 887 1453 915 1051

620 939 680 960 rec.
705 928 823 968 Viginti
846 935 994 971 quatuor.

449 977 487 1016 37
511 973 677 1014 Herbipoli
722 972 797 1004 bibl.
823 972 1038 1003 Universitatis
1061 973 1104 1003 M.
1122 983 1152 1013 p.
1173 973 1216 1004 th.
1242 973 1262 1004 f.
1291 975 1351 1013 154
1373 981 1436 1005 ant.

449 1019 487 1050 38
559 1030 574 1045 2
622 1017 666 1047 M.
691 1016 739 1047 ch.
763 1016 785 1047 f.
812 1017 851 1047 28
876 1026 934 1047 rec.
959 1016 1027 1047 Sex.

448 1064 487 1103 39
511 1061 687 1102 Hesychiae
721 1060 888 1091 Carolinae
928 1060 1002 1091 bibl.
1035 1060 1203 1099 Augiensis
1240 1071 1318 1091 eva
1349 1071 1459 1101 papyr.

621 1104 696 1135 anni
730 1106 823 1143 1423.

446 1160 488 1190 40
513 1148 721 1189 Stuttgardiae
766 1148 841 1179 bibl.
869 1148 1013 1188 publicae
1048 1148 1106 1179 158
1137 1148 1210 1179 anni
1239 1158 1315 1188 1441
1350 1159 1459 1190 papyr.

622 1193 753 1223 Decem.

445 1249 483 1278 41
559 1249 573 1264 1>
622 1236 697 1267 bibl.
714 1236 851 1276 privatae
869 1235 983 1275 Regiae
998 1236 1081 1275 Dog.
1105 1236 1140 1265 16
1158 1236 1231 1266 anni
1251 1246 1333 1276 1444
1349 1246 1457 1277 papyr.

622 1281 750 1311 Decem.

445 1336 487 1365 42
513 1325 644 1356 Colmar
689 1324 762 1354 bibl.
782 1322 924 1354 Civitatis
948 1333 989 1363 90
1013 1333 1122 1364 papyr.
1139 1323 1267 1354 Decem.

445 1371 486 1409 43
557 1381 572 1396 »
623 1377 685 1407 299
709 1377 819 1408 papyr.
844 1366 919 1397 anni
947 1369 1038 1406 1425.

445 1423 489 1453 44
507 1413 646 1444 Basileae
692 1411 766 1442 bibl.
781 1410 998 1442 Universitatis
1013 1414 1050 1442 A.
1063 1421 1084 1442 1.
1102 1412 1138 1442 13
1151 1421 1261 1452 papyr.
1275 1412 1349 1443 anni
1367 1414 1459 1452 1445.

445 1459 485 1498 45
512 1457 652 1488 Cesenae
697 1455 773 1486 bibl.
789 1455 931 1486 Civitatis
954 1455 1036 1486 Plut.
1053 1465 1093 1486 xv
1116 1456 1183 1486 dex.
1204 1457 1218 1486 5
1241 1457 1323 1487 med.
1340 1456 1462 1487 Ultimo

622 1499 717 1530 folio:
738 1499 840 1530 Istum
858 1499 973 1530 librum
989 1500 1118 1539 scripsit
1131 1501 1287 1540 magister
1300 1501 1461 1531 Iohannes

622 1544 662 1574 de
679 1553 790 1584 praga
803 1544 900 1584 filius
928 1543 1087 1584 quondam
1117 1544 1238 1574 domim·
1265 1545 1460 1576 Rudmanni.

445 1591 487 1629 46
511 1588 646 1628 Neapoli
691 1588 766 1618 bibl.
783 1587 959 1618 Nationalis
981 1598 1035 1618 vn.
1059 1588 1095 1618 Β.
1125 1597 1163 1627 14
1186 1589 1270 1619 med.

446 1643 488 1675 47
559 1645 574 1660 »
621 1641 675 1662 vn.
700 1632 735 1662 B.
763 1633 800 1662 35
826 1641 936 1672 papyr.

445 1677 601 1717 48-Arras
648 1676 690 1714 84
706 1683 768 1706 ant.
788 1675 907 1706 Excisis
923 1675 1006 1705 foliis
1027 1681 1194 1716 sequentes
1210 1676 1337 1707 lacunas
1354 1677 1461 1708 habet:

623 1730 642 1750 a
657 1720 720 1756 Qu.
736 1730 767 1749 1v
783 1726 839 1750 art.
855 1730 878 1758 4
892 1720 1064 1750 Praeterea
1087 1721 1201 1751 sic-ute..
1218 1721 1307 1761 fides
1321 1721 1463 1761 quando-

622 1773 683 1804 que
702 1773 804 1804 usque
827 1764 865 1793 ad
883 1763 946 1800 Qu.
969 1773 1012 1793 vn
1031 1769 1087 1793 art.
1114 1774 1124 1793 1
1153 1764 1269 1794 habere
1291 1770 1321 1795 et
1341 1765 1462 1796 subiici.

623 1808 674 1838 Ad
683 1809 847 1848 primum;
869 1818 888 1838 a
903 1807 966 1844 Qu.
982 1817 1034 1837 xV1
1057 1814 1111 1838 art.
1131 1817 1148 1837 2
1169 1808 1207 1838 ad
1229 1818 1251 1847 4
1266 1809 1354 1840 ethic.
1379 1810 1463 1840 simi-

624 1852 698 1882 liter
720 1862 822 1892 usque
838 1852 877 1881 ad
894 1852 958 1889 Qu.
981 1861 1055 1881 xxm
1071 1857 1127 1882 art.
1144 1853 1164 1881 6
1181 1853 1351 1884 voluntate.
1369 1854 1464 1884 Prae-

621 1902 710 1927 terea
727 1896 808 1926 illud
822 1896 926 1936 quod;
943 1906 961 1925 a
978 1896 1040 1932 Qu.
1058 1906 1116 1925 xxv
1132 1903 1188 1927 art.
1203 1907 1221 1936 9
1237 1907 1336 1938 neque
1349 1898 1463 1938 lingua

621 1940 678 1971 sed
707 1949 819 1980 opere,
845 1949 945 1980 usque
974 1940 1013 1969 ad
1043 1939 1105 1976 Qu.
1134 1949 1206 1969 xxv1
1233 1947 1288 1973 art.
1314 1942 1332 1971 6
1359 1943 1464 1982 magis

623 1994 716 2024 quam
727 1985 874 2024 seipsum.
886 1984 1060 2014 Praeterea
1071 1983 1144 2014 lad
1158 1983 1251 2022 Cor.;
1269 1995 1287 2014 a
1299 1985 1464 2022 Qu.xxvm

623 2035 678 2058 art.
714 2037 731 2058 2
761 2028 825 2058 Sed
853 2033 999 2058 contra...
1035 2033 1082 2058 est
1102 2028 1260 2068 gaudium
1294 2039 1394 2070 usque
1425 2031 1463 2060 ad

625 2073 687 2109 Qu.
715 2082 785 2101 xxx1
817 2078 872 2102 art.
903 2073 918 2102 3
947 2073 1139 2108 Praeterea,
1164 2074 1269 2113 magis
1291 2079 1366 2104 sunt
1393 2074 1463 2104 dili-

621 2116 720 2157 gendi
730 2121 882 2156 parentes
887 2126 902 2154 ,·
921 2126 939 2146 a
956 2116 1019 2152 Qu.
1036 2126 1110 2145 xum
1125 2122 1182 2147 art.
1194 2127 1204 2146 1
1215 2117 1399 2155 Haeret-ea,
1417 2128 1464 2149 oc-

624 2161 709 2191 casio
731 2161 877 2190 ruinae...
899 2160 1055 2190 dividitur
1079 2165 1192 2190 contra
1208 2160 1342 2201 offensio
1362 2171 1463 2202 usque

624 2205 663 2234 ad
694 2204 758 2241 Qu.
781 2214 854 2234 xmv
875 2211 941 2235 art.
968 2213 986 2233 2
1011 2204 1050 2234 ad
1069 2213 1093 2242 ⁸2
1120 2204 1272 2236 habemus
1294 2215 1464 2246 operemur

623 2249 750 2278 bonum.
771 2248 891 2287 Singuli
909 2258 998 2278 casus
1015 2248 1220 2280 notabuntur.

446 2303 488 2333 49
509 2294 553 2324 St.
579 2293 678 2323 Omer
724 2302 786 2322 222
811 2292 894 2322 med.

449 2339 488 2367 50
512 2337 643 2368 Α11110115
691 2337 752 2376 239
778 2346 887 2377 papyr.

449 2383 483 2412 51
513 2384 634 2421 Angers
682 2390 743 2421 207
769 2387 831 2411 ant.

449 2427 488 2455 52
513 2425 680 2456 Vendeme
726 2425 767 2465 67
793 2430 856 2454 ant.

449 2470 487 2500 53
513 2469 701 2501 Charleville
749 2469 809 2498 265
837 2468 919 2498 med.

449 2515 490 2552 54
512 2513 648 2553 Neapoli
691 2512 817 2543 Archiv.
835 2512 939 2543 Status
962 2513 1096 2543 Membr.
1112 2523 1167 2543 vm
1190 2514 1273 2544 med.

449 2559 486 2588 55
511 2556 661 2588 Panormi
706 2556 780 2587 bibl.
797 2556 940 2587 Civitatis
966 2566 994 2586 2.
1013 2557 1052 2594 Q.
1071 2556 1105 2588 F.
1129 2567 1154 2587 1.
1170 2564 1233 2588 ant.

450 2602 487 2632 56
512 2602 722 2632 Vindobonae
767 2600 841 2631 bibl.
873 2599 988 2631 Curiae
1019 2601 1100 2640 Imp.
1131 2601 1208 2641 Reg.
1245 2602 1347 2642 12989
1377 2603 1461 2633 med.

623 2644 752 2684 Viginti.
856 2657 859 2659 ·

450 2691 488 2731 57
560 2703 574 2717 »
623 2690 709 2729 4599
734 2698 844 2729 papyr.
867 2687 996 2728 Viginti.

450 2734 488 2764 58
513 2732 816 2771 Claustroneoburgi
862 2731 936 2762 bibl.
951 2731 1191 2763 Canonicorum
1205 2733 1316 2773 Regul.
1332 2744 1461 2764 chxxw

624 2777 749 2807 mixtus.
774 2776 902 2816 Viginti.

451 2823 489 2862 59
514 2821 672 2853 Gottweih
720 2821 781 2850 262
806 2819 894 2862 (10111
918 2818 995 2862 251)
1015 2830 1126 2860 papyr.
1143 2820 1272 2860 Viginti.

448 2867 489 2896 60
513 2866 656 2896 Erfurtae
679 2864 754 2895 bibl.
779 2864 1011 2904 Amplonianae
1034 2864 1057 2895 f.
1080 2874 1138 2894 102
1163 2871 1227 2895 ant.
1243 2865 1294 2895 vel
1316 2866 1400 2896 med.

448 2910 485 2940 61
515 2909 703 2949 Carpentras
754 2908 812 2938 128
837 2918 946 2948 papyr.

447 2953 516 2984 Gal.
563 2953 694 2993 ponitur
702 2962 760 2991 pro
774 2951 882 2982 codice
895 2952 1036 2982 Parisino
1050 2952 1124 2983 bibl.
1138 2952 1313 2983 Mazarinae
1323 2953 1397 2990 851,
1408 2953 1463 2994 qui

624 2997 656 3026 in
677 2995 831 3036 principio
848 2996 932 3026 iuxta
945 2996 1062 3035 primas
1077 2996 1175 3027 lineas
1187 3003 1289 3027 textus
1306 2997 1398 3027 habet
1412 3007 1462 3027 ru-

625 3041 696 3070 bro:
717 3040 832 3079 Incipit
847 3040 1039 3070 abbreviatio
1046 3039 1171 3080 fratris
1188 3040 1316 3072 Galieni
1326 3041 1366 3072 de
1385 3041 1462 3083 Ozto

627 3093 724 3124 super
738 3084 910 3114 secundam
922 3084 1060 3114 secunde
1067 3084 1191 3125 fratris
1205 3085 1308 3116 thome
1321 3085 1361 3116 de
1376 3087 1464 3126 aqui-

625 3138 677 3165 no,
696 3134 726 3158 et
741 3127 797 3158 fol.
820 3138 878 3168 149
896 3134 980 3158 recto
1006 3139 1015 3158 1
1043 3129 1119 3159 col.:
1139 3129 1280 3168 Explicit
1302 3139 1387 3160 anno
1409 3130 1462 3160 do-

625 3173 704 3202 mini
715 3172 769 3202 ΜΟ
782 3171 810 3201 C
812 3172 853 3202 C⁰
867 3174 1100 3213 octuagessimo
1108 3173 1191 3203 VIII
1192 3175 1206 3191 ⁰
1216 3183 1323 3204 mense
1335 3173 1462 3214 Aprill'.

577 3223 624 3247 est
647 3216 745 3246 codex
759 3216 833 3246 bibl.
850 3216 966 3255 Regiae
982 3226 1012 3256 q.
1029 3217 1064 3247 B.
1083 3217 1120 3247 11.
1138 3228 1169 3258 7.
1189 3216 1221 3247 111
1236 3218 1368 3248 Musaeo
1384 3218 1462 3248 Brit-

624 3260 762 3296 tannico,
787 3266 929 3300 excerpta
952 3260 1125 3297 continens,
1150 3267 1213 3292 ant.

578 3311 624 3335 est
647 3304 746 3335 codex
765 3314 781 3334 0
800 3304 1005 3343 Mogontinae
1019 3304 1161 3335 Civitatis
1177 3304 1250 3336 bibl.
1273 3307 1333 3345 154
1352 3316 1461 3347 papyr.

625 3348 777 3388 Excerpta
801 3347 950 3379 continet.

576 3399 622 3422 est
664 3392 763 3423 codex
785 3392 858 3422 bibl.
878 3392 954 3432 priv.
979 3393 1056 3432 Reg.
1080 3392 1288 3432 stuttgardiae
1312 3393 1395 3432 Dog.
1425 3395 1460 3423 15

625 3446 734 3477 papyr.
760 3436 834 3466 anni
855 3437 946 3475 1455.
967 3436 1069 3466 Habet
1089 3436 1339 3469 Introductiones
1359 3437 1462 3474 Quae-

626 3481 768 3511 stionum
787 3487 817 3511 et
841 3490 955 3520 corpus
979 3480 1196 3511 articulorum.
1220 3481 1349 3512 Decem.

447 3217 523 3248 Brit.

449 3305 535 3344 Mog.

448 3391 528 3422 Stut.

1555 224 1646 254 Vinc.
1694 230 1740 254 est
1764 224 1992 256 Vincentiaster
2023 226 2097 256 alias
2129 227 2347 258 innominatus
2381 228 2570 268 compilator
2616 265 2618 267 ¹

1733 267 1788 308 qui
1812 268 1953 308 Speculis
1976 269 2131 300 Vincentii
2147 271 2377 302 Bellovacensis
2397 272 2567 312 Speculum

1732 310 2006 348 Morale'addidit,
2019 313 2197 344 Secundam
2209 314 2371 346 Secundae
2383 316 2413 347 S.
2424 316 2570 347 Thomae

1733 356 1854 395 egregie
1862 357 2040 396 praedatus.
2053 357 2198 388 Citamus
2206 359 2378 390 editionem
2390 360 2464 390 anni
2477 361 2568 401 1493,

1735 410 1808 430 cum
1832 400 1976 430 editionis
2001 401 2074 430 anni
2099 403 2179 443 1473
2203 412 2270 433 non
2284 403 2344 433 nisi
2358 403 2571 444 fragmentum

1733 443 1824 473 nobis
1848 451 1971 484 praesto
1999 445 2046 475 sit.
2079 445 2291 486 Manuscripta
2316 446 2400 478 adire
2423 458 2570 488 superva-

1734 497 1867 518 caneum
1886 489 2050 524 duximus;
2075 499 2150 519 nam
2165 489 2190 519 si
2214 490 2263 521 vel
2281 490 2383 531 ipsam
2398 491 2572 522 editionem

1733 532 1919 562 Duacensen
1960 533 2042 572 1624
2066 533 2309 564 Vedastinorum
2335 536 2570 568 Monachorum

1733 575 1860 606 laudare
1878 577 2040 614 vellemus,
2055 587 2135 617 quae
2152 587 2218 607 non
2233 584 2353 617 paucos
2370 589 2488 611 errores
2506 590 2572 611 cor-

1734 619 1826 656 rexit,
1850 621 2025 652 luculenter
2048 628 2167 661 pateret
2191 631 2225 652 ex
2246 619 2369 652 mendis
2385 623 2479 663 primi
2496 633 2572 664 apo-

1733 664 1844 703 graphi
1868 666 1994 696 retentis
2014 665 2154 706 plagiarii
2174 675 2256 705 opus
2279 667 2318 696 ad
2335 672 2510 698 ceterorum
2526 667 2573 698 fa-

1734 707 1855 739 miliam
1879 709 1991 746 redire,
2024 710 2124 740 immo
2154 720 2190 740 ex
2213 720 2279 751 quo
2310 720 2400 747 ramo
2429 711 2573 749 eiusdem

1735 751 1911 784 descendat.
2555 751 2559 755 ’

1696 802 1742 825 051
1764 796 1867 836 prima
1889 797 1984 828 editio
2008 797 2152 828 Secunda
2175 797 2336 828 Secundae
2364 808 2462 838 quam
2489 798 2574 829 Hain

1733 847 1872 871 recenset
1895 842 1953 871 sub
1978 851 2112 872 numero
2148 843 2239 881 1454.
2258 842 2329 881 Ipsa
2348 849 2378 872 et
2393 851 2413 873 a
2430 849 2460 872 et
2475 842 2499 872 P
2515 843 2573 873 sub

1736 885 1895 924 signatura
1924 885 2075 916 editiones
2105 886 2427 926 comprehenduntur.
2461 886 2574 916 Exem-

1735 929 1812 968 plari
1828 939 1894 969 quo
1918 930 2086 960 utebamur
2103 930 2138 959 in
2160 930 2316 970 principio
2340 930 2437 971 aliqui
2453 929 2575 961 articuli

1735 973 1871 1004 deerant.

1569 1017 1647 1047 Tres
1670 1017 1794 1047 codices
1818 1027 1883 1047 non
1911 1017 2063 1057 explorati
2086 1017 2231 1057 quamvis
2254 1017 2322 1048 noti
2345 1024 2419 1048 sunt
2442 1027 2575 1058 sequen-

1513 1068 1572 1091 tes:
1598 1061 1723 1091 Sublaci
1740 1061 1814 1091 bibl.
1835 1061 1988 1092 Abbatiae
2005 1071 2059 1091 121
2088 1071 2167 1092 saec.
2184 1070 2252 1098 x1v;
2282 1061 2459 1092 Florentiae
2479 1062 2573 1092 Laur.

1514 1103 1558 1146 (S.
1579 1106 1623 1135 M.
1642 1105 1793 1135 Novellae
1816 1115 1866 1136 21.
1890 1104 1945 1146 77)
1966 1105 2040 1134 anni
2062 1114 2160 1146 147o;
2186 1106 2294 1145 Burgo
2317 1106 2355 1135 de
2379 1105 2479 1136 Osma
2497 1105 2572 1136 bibl.

1514 1149 1618 1188 Capit.
1635 1148 1702 1178 sine
1717 1149 1886 1188 signatura.
1911 1148 2045 1189 Aliquos
2067 1149 2132 1178 iam
2155 1159 2192 1179 ex
2207 1149 2319 1186 Quetif
2337 1156 2367 1180 et
2386 1150 2520 1187 Echard,
2537 1150 2576 1180 de

1514 1192 1632 1222 Rubeis
1649 1199 1679 1222 et
1700 1193 1826 1222 aliunde
1846 1193 1980 1222 celebres
2001 1192 2034 1221 in
2050 1192 2127 1222 serie
2142 1203 2238 1232 supra
2252 1193 2356 1232 posita
2371 1194 2470 1224 lector
2487 1200 2575 1224 nota-

1513 1236 1601 1266 verit.
1625 1235 1715 1266 Alios
1736 1245 1792 1275 per
1806 1245 1950 1266 rumores
1974 1235 2144 1266 celebratos
2169 1236 2308 1266 invenire
2324 1247 2390 1267 non
2405 1237 2575 1268 valuimus.

1513 1280 1619 1311 Douai
1642 1289 1708 1319 414
1732 1289 1860 1310 erronee
1882 1279 2063 1310 Secundam
2086 1279 2248 1310 Secundae
2271 1280 2430 1311 continere
2452 1281 2575 1321 legitur.

1567 1326 1749 1364 Antequam
1774 1323 1814 1353 ad
1837 1323 1961 1362 singula
1983 1323 2165 1362 veniamus,
2196 1324 2234 1354 de
2256 1324 2400 1364 propiori
2428 1325 2576 1356 codicum

1515 1367 1703 1408 cognatione
1731 1367 1852 1408 aliquid
1874 1373 2058 1408 praenotare
2087 1374 2118 1398 et
2140 1368 2316 1398 secundum
2347 1378 2418 1398 eam
2447 1369 2577 1409 longam

1515 1412 1627 1442 seriem
1643 1421 1756 1442 eorum
1770 1411 1803 1441 in
1816 1411 1927 1441 classes
1938 1411 2074 1441 dividere
2086 1421 2200 1452 operae
2215 1411 2352 1452 pretium
2368 1413 2434 1443 erit.
2454 1413 2579 1444 Praeter

1514 1456 1651 1497 familiae
1667 1466 1784 1486 nexum
1799 1456 1837 1485 ab
1851 1455 2000 1486 omnibus
2013 1465 2049 1485 ex
2061 1455 2166 1495 primo
2182 1456 2367 1497 apographo
2378 1463 2577 1489 contractum

1515 1500 1726 1541 propinquior
1749 1499 1931 1539 aliquorum
1961 1500 2160 1530 necessitudo
2184 1500 2378 1531 observanda
2407 1508 2468 1537 est,
2494 1511 2576 1542 quae

1516 1554 1580 1586 qua
1602 1544 1723 1574 ratione
1747 1550 1815 1574 orta
1839 1543 1878 1574 sit
1899 1553 1966 1573 non
1989 1543 2114 1574 difficile
2138 1551 2184 1574 est
2206 1544 2322 1575 videre.
2354 1545 2436 1575 Inter
2452 1545 2576 1579 codices

1516 1588 1649 1629 propius
1665 1588 1779 1618 relatos
1795 1594 1826 1618 et
1841 1588 1982 1627 primum
2001 1588 2222 1628 apographum
2242 1598 2324 1619 unus
2349 1589 2447 1620 codex
2471 1599 2508 1620 ex
2518 1599 2577 1621 eo-

1518 1633 1590 1662 dem
1614 1631 1768 1662 oriundus
1790 1631 1996 1672 interpositus
2019 1639 2084 1662 erat
2106 1642 2143 1662 ex
2165 1642 2231 1672 quo
2253 1632 2304 1664 isti
2325 1633 2472 1674 descripti
2494 1640 2577 1670 sunt,

1516 1686 1573 1717 per
1588 1676 1678 1706 cuius
1695 1676 1844 1715 speciales
1867 1675 2018 1706 lectiones
2042 1683 2072 1706 et
2087 1675 2280 1716 praesertim,
2304 1683 2340 1707 ut
2363 1676 2396 1707 in
2418 1677 2480 1708 hoc
2503 1688 2576 1709 essu

1517 1720 1608 1761 quasi
1624 1730 1642 1750 a
1656 1720 1753 1760 priori
1776 1721 2006 1759 expectandum
2029 1727 2102 1756 erat,
2123 1720 2273 1760 speciales
2292 1721 2486 1752 mendorum
2501 1731 2577 1763 qua-

1559 793 1621 824 Inc.

1516 1765 1701 1804 lescumque
1724 1763 1933 1794 correctiones
1947 1765 1994 1795 ab
2011 1764 2079 1794 aliis
2101 1764 2262 1795 codicibus
2286 1765 2409 1806 seiungi
2432 1773 2577 1806 possunt,
2627 1779 2635 1787 =

1517 1808 1596 1849 quin
1619 1814 1725 1838 tamen
1748 1814 1926 1848 separatam
1947 1807 2102 1838 familiam
2117 1808 2326 1839 constituant:
2351 1819 2426 1839 nam
2444 1820 2500 1850 per
2510 1809 2579 1850 pri-

1518 1862 1610 1883 mum
1632 1862 1728 1882 suum
1756 1852 1914 1892 exemplar
1937 1852 1976 1882 ad
2001 1851 2141 1893 primum
2164 1853 2400 1892 apographum,
2426 1854 2579 1885 omnium

1518 1897 1665 1927 ultimam
1678 1896 1842 1935 originem,
1855 1896 2092 1927 continuantur.
2110 1897 2179 1927 Hac
2190 1895 2310 1927 ratione
2323 1903 2397 1927 octo
2407 1898 2457 1928 vel
2471 1898 2578 1938 plures

1519 1941 1630 1971 classes
1646 1940 1766 1970 institui
1778 1947 1927 1980 possunt;
1944 1941 1998 1970 sed
2011 1940 2086 1981 quia
2101 1941 2291 1981 plerumque
2303 1941 2458 1972 binnam
2473 1950 2578 1975 ternos

1516 1985 1614 2016 libros
1633 1984 1806 2020 continent,
1830 1984 2066 2015 universitatem
2085 1985 2233 2015 codicum
2256 1984 2296 2015 ad
2319 1991 2380 2016 tres
2399 1982 2578 2018 0125505110-

1517 2034 1681 2060 vocamus.

1571 2074 1712 2103 Primam
1730 2073 1875 2110 classem,
1897 2078 1932 2102 ut
1948 2071 2016 2111 ipsa
2035 2082 2084 2102 res
2099 2071 2168 2108 fert,
2185 2072 2230 2103 eis
2246 2073 2439 2104 destinamus
2454 2074 2509 2114 qui
2525 2081 2581 2105 aut

1517 2117 1578 2148 soli
1593 2123 1676 2147 stant
1691 2123 1746 2147 aut
1762 2126 1864 2146 unum
1880 2116 2087 2147 solummodo
2101 2116 2151 2146 vel
2168 2116 2250 2147 duos
2269 2117 2414 2157 proxime
2427 2125 2578 2158 cognatos

1517 2161 1643 2191 habent.
1678 2161 1753 2191 Pars
1775 2160 1879 2191 maior
1901 2160 2049 2190 codicum
2079 2160 2154 2190 huic
2177 2161 2267 2191 classi
2289 2161 2492 2192 adscribenda
2515 2169 2577 2199 est;

1515 2204 1589 2235 ideo
1620 2204 1734 2235 seriem
1770 2205 1945 2235 secundum
1978 2204 2200 2244 antiquitatem
2228 2212 2259 2236 et
2292 2215 2351 2245 pro
2384 2206 2498 2237 maiori
2526 2207 2578 2237 vel

1518 2248 1633 2279 minori
1651 2249 1851 2280 immunitate
1871 2259 1888 2278 a
1908 2249 2154 2279 correctionibus
2177 2250 2370 2280 mendorum
2387 2250 2483 2290 primi
2499 2261 2577 2291 apo-

1516 2293 1626 2333 graphi
1651 2293 1711 2323 hoc
1736 2293 1835 2322 modo
1858 2292 2038 2324 dividimus
2070 2293 2189 2323 Sinceri
2211 2300 2302 2324 sunt:

1570 2343 1634 2367 ant.
1658 2334 1929 2368 ABssm‘rucnrrux
1948 2348 1957 2366 1
1977 2346 1995 2367 2
2012 2337 2027 2367 3
2048 2347 2084 2377 19
2098 2346 2139 2376 24
2154 2338 2246 2368 30132
2262 2338 2300 2367 33
2317 2338 2367 2368 51.

1571 2381 1655 2412 med.
1679 2381 1778 2412 anw
1794 2383 1834 2420 34
1843 2390 1886 2421 49
1903 2382 1941 2411 53
1954 2381 2008 2412 56.-

1572 2435 1632 2455 rec.
1657 2426 1726 2455 Loz
1738 2434 1779 2464 42
1793 2434 1836 2464 44
1851 2427 1901 2455 50.

1515 2469 1625 2499 Plures
1648 2470 1859 2500 correctiones
1882 2469 2013 2499 habent:

1569 2520 1632 2544 ant.
1657 2513 1847 2556 (ΖΚεζ-ηλμω
1865 2514 1902 2543 55
1918 2513 1971 2543 60.

1572 2557 1655 2588 med.
1680 2557 1806 2588 Fla-:amr

1571 2611 1631 2632 rec.
1657 2602 1856 2631 H111213
1876 2601 1912 2630 16
1931 2600 2074 2630 182021
2094 2601 2132 2630 25
2149 2601 2189 2630 26
2205 2601 2294 2641 2731
2315 2602 2352 2631 35
2371 2602 2410 2632 36
2425 2602 2463 2632 38
2480 2602 2575 2642 3940

1515 2654 1554 2684 41
1577 2646 1616 2686 57
1632 2646 1685 2675 61.

1515 2688 1608 2719 Peius
1632 2695 1792 2720 mutatum
1815 2695 1935 2718 textum
1959 2688 2121 2718 exhibent:

1569 2732 1653 2763 med.
1677 2730 1733 2776 χψ.

1571 2786 1631 2807 rec.
1656 2777 1716 2807 DG
1729 2774 1833 2820 βγνξφ
1853 2777 1868 2806 5
1882 2777 1900 2806 6
1916 2776 1934 2805 8
1947 2786 2000 2817 47.

1571 2821 1685 2851 Eidem
1707 2821 1798 2851 classi
1819 2820 2016 2851 adscribmdi
2039 2827 2114 2851 sunt
2137 2820 2205 2851 Gal.
2229 2820 2305 2852 Brit.
2330 2821 2410 2852 stut.
2435 2828 2466 2852 et
2487 2823 2575 2863 Mog.

1515 2865 1570 2905 qui
1593 2865 1660 2895 iure
1685 2865 1826 2905 quodam
1850 2874 1909 2894 suo
1932 2871 2055 2895 textum
2077 2865 2206 2895 liberius
2229 2872 2370 2896 tractant.

1569 2909 1717 2940 Proxima
1735 2909 1886 2939 relatione
1905 2909 2092 2948 iunguntur,
2116 2909 2217 2940 tacitis
2240 2909 2429 2948 recentibus,
2448 2919 2468 2939 u
2492 2917 2523 2941 et
2540 2918 2574 2946 x;

1521 2963 1558 2993 19
1575 2960 1606 2984 et
1621 2962 1677 2992 24;
1712 2954 1750 2984 32
1768 2960 1799 2983 01
1816 2954 1871 2992 34;
1903 2964 1928 2982 ω
1952 2954 2050 2984 0155.
2086 2954 2161 2984 Duo
2189 2953 2295 2984 ultimi
2318 2954 2494 2984 maximum
2517 2964 2577 2984 nu-

1516 3007 1641 3028 merum
1671 2997 1904 3028 correctionum
1935 2997 2124 3034 ostendunt,
2149 3007 2214 3038 qua
2242 2998 2274 3028 in
2299 3008 2332 3028 re
2360 3004 2517 3029 corrector
2540 3007 2577 3030 ex

1516 3041 1605 3072 cuius
1629 3041 1709 3071 libro
1733 3041 1880 3082 descripti
1904 3047 1986 3077 sunt,
2011 3041 2095 3072 bona
2115 3041 2246 3082 quidem
2269 3042 2339 3073 crisi
2362 3043 2517 3078 utebatur,
2533 3042 2577 3074 ita

1516 3092 1552 3116 ut
1581 3085 1633 3116 alii
1663 3095 1737 3116 cum
1774 3095 1812 3116 00
1843 3095 1883 3116 110
1912 3086 2087 3125 comparari
2116 3085 2248 3126 quidem
2277 3086 2413 3127 possint;
2437 3092 2576 3117 attamen

1515 3129 1633 3170 pluries
1647 3129 1764 3160 intacta
1786 3129 1870 3160 abire
1888 3129 1960 3160 sivit
1975 3129 2209 3161 evidentissima
2224 3130 2340 3161 menda
2363 3140 2402 3161 ex
2424 3135 2575 3162 contexut

1515 3173 1661 3214 perfacile
1673 3173 1860 3214 corrigibilia
1871 3173 1921 3204 vel
1933 3182 2072 3215 quorum
2086 3174 2237 3205 correctio
2252 3174 2286 3205 in
2302 3181 2455 3215 promptu
2467 3173 2577 3205 fuisset

1516 3218 1541 3248 si
1564 3217 1763 3248 auctoritates
1778 3228 1796 3247 a
1819 3217 1851 3248 S.
1868 3217 1997 3248 Thoma
2020 3218 2127 3248 allatas
2142 3218 2175 3248 in
2199 3218 2340 3249 fontibus
2364 3217 2505 3248 conferre
2520 3227 2576 3247 vo-

1515 3261 1638 3298 luisset,
1655 3261 1744 3302 quod
1767 3261 1841 3292 alibi
1865 3271 1940 3292 eum
1963 3261 2071 3292 fecisse
2095 3262 2261 3293 credimus.
2290 3262 2452 3293 Interdum
2481 3261 2577 3292 etiam

1517 3306 1598 3336 male
1621 3305 1754 3336 correxit
1770 3315 1843 3336 cum
1861 3305 2035 3346 perspicuis
2057 3306 2309 3347 interpolationis
2324 3305 2429 3346 signis.
2454 3305 2576 3345 Singuli

1516 3350 1682 3390 scriptores
1712 3349 1860 3380 codicum
1891 3360 1915 3378 ω
1941 3356 1972 3380 01
2003 3351 2041 3380 55
2074 3360 2140 3381 non
2170 3350 2277 3380 minus
2309 3349 2405 3380 solito
2435 3356 2574 3390 peccant.

1517 3394 1684 3430 Quantum
1706 3392 1772 3423 fieri
1789 3400 1892 3434 potest
1915 3403 1970 3424 eos
1989 3393 2156 3435 separatim
2174 3393 2365 3430 notabimus,
2383 3401 2419 3424 ut
2441 3393 2474 3423 in
2489 3393 2575 3434 laby-

1516 3437 1620 3468 rintho
1637 3437 1786 3477 siglarum
1807 3437 1896 3468 facile
1915 3438 2129 3469 advertantur:
2153 3447 2228 3468 nam
2243 3437 2268 3468 si
2292 3437 2392 3468 doctis
2411 3437 2484 3468 viris
2507 3446 2575 3478 per-

1518 3481 1708 3512 suaserimus
1737 3481 1810 3512 illos
1842 3481 1938 3512 libros
1969 3492 2034 3512 non
2066 3491 2157 3512 secus
2181 3491 2216 3512 20
2248 3488 2367 3512 0010105
2397 3482 2437 3512 ab
2461 3481 2575 3512 eodem
