2892 4056
388 222 561 263 remque
595 208 950 263 benignissimum
985 207 1228 260 praebuisti.
1265 207 1380 259 Quid
1415 208 1527 248 enim
1552 207 1689 247 dicam
1714 207 1832 260 quod
1856 219 1906 246 ea
1928 207 2176 248 liberalitate
2199 222 2246 249 ac
2270 209 2556 249 munificentia

385 271 589 310 litteratos
623 283 773 310 omnes
809 269 1048 322 doctosque
1082 268 1278 309 homines
1322 269 1614 324 protegendos
1659 268 1897 322 susceperis
1931 274 1976 308 ut
2010 268 2325 324 disciplinarum
2364 271 2554 311 omnium

385 332 650 386 professores
682 345 730 371 ac
763 330 982 371 studiosos
1016 330 1134 369 viros
1167 335 1257 371 tum
1292 330 1453 371 collatis
1487 330 1734 371 muneribus
1769 330 1852 370 iam
1880 330 2111 378 ornaveris,
2135 336 2227 372 tum
2247 331 2301 372 ad
2325 332 2434 373 bene
2458 345 2555 386 spe-

384 393 562 433 randum
597 393 650 433 de
685 392 945 446 benignitate
979 397 1051 431 tua
1085 391 1296 432 erexeris?
1330 391 1433 432 Mihi
1467 398 1620 440 autem,
1646 397 1691 431 ut
1714 391 1884 432 omissis
1917 390 2008 431 aliis
2031 405 2099 432 me
2133 392 2364 446 inspiciam,
2388 394 2555 434 tametsi

383 455 450 494 vel
486 455 793 494 ecclesiasticae
827 453 997 492 militiae
1031 459 1319 501 sacramento,
1355 454 1423 494 vel
1457 454 1563 494 sacri
1598 453 1771 494 Ordinis
1805 453 2071 508 professione
2104 466 2153 493 ac
2187 454 2451 509 magisterio,
2486 455 2555 495 vel

382 515 556 555 assiduo
592 516 819 556 litterarum
854 514 1012 562 studio,
1049 515 1210 555 nullum
1243 521 1413 555 tuorum
1448 521 1510 555 tot
1544 515 1849 555 beneficiorum
1883 529 1908 555 a
1942 527 2009 555 me
2043 515 2227 555 alienum
2261 527 2355 556 esse
2389 529 2554 571 cogno-

381 590 554 625 scerem,
590 577 666 617 sed
701 590 750 616 ea
783 576 925 630 potius
959 576 1140 616 ubertim
1175 589 1243 616 me
1276 577 1491 630 accepisse
1524 577 1735 625 sentirem,
1771 577 1965 632 proxime
2013 577 2206 617 cumulus
2239 577 2304 616 hic
2343 583 2440 618 tuae
2478 578 2554 618 be-

380 639 595 693 nignitatis
641 638 851 678 maximus
885 637 1341 692 splendidissimusque
1386 638 1563 678 accessit
1605 637 1722 692 quod
1766 652 1853 687 me,
1895 638 2047 679 nullius
2091 638 2352 678 interventus
2394 639 2552 688 favore,

380 700 502 740 nullis
537 699 794 740 intermediis
837 699 1054 754 precibus,
1091 699 1214 740 nullis
1249 700 1436 754 denique
1468 700 1685 740 beneficiis
1718 706 2000 754 provocatus,
2034 700 2111 740 sed
2147 700 2236 754 ipse
2271 700 2456 756 ingenua
2494 701 2553 742 tui

378 761 506 801 animi
540 761 729 801 bonitate
764 761 985 809 adductus,
1022 761 1062 801 in
1097 774 1263 802 sacrum
1299 761 1587 802 Cardinalium
1622 761 1815 802 ordinem
1850 762 2075 816 cooptasti,
2113 775 2200 802 rem
2234 775 2337 802 sane
2371 761 2553 802 admira-

378 823 492 863 tione
527 836 684 878 magna
718 823 1014 878 dignissimam
1048 829 1229 877 totoque
1263 823 1368 864 orbe
1409 830 1613 864 terrarum
1657 824 1979 864 memorabilem
2013 830 2264 878 tempestate
2299 829 2444 864 nostra
2476 837 2553 879 ag-

377 898 572 939 gressus,
608 890 654 924 ut
687 899 815 938 quam
855 885 1081 938 optimates
1131 885 1209 925 viri
1253 884 1522 940 dignitatem,
1558 898 1687 939 quam
1729 884 1939 940 principes
1983 899 2031 925 ac
2076 899 2200 940 reges
2239 885 2553 939 provinciarum

377 960 546 987 summo
581 947 724 987 studio
760 953 800 987 et
834 947 1107 987 contentione
1141 947 1209 987 vel
1244 947 1325 987 sibi
1359 948 1427 987 vel
1462 948 1550 987 suis
1585 947 1756 1001 assequi
1797 947 2040 1002 suppliciter
2074 947 2315 995 elaborant,
2349 948 2417 987 Tu
2452 947 2553 987 mihi

378 1022 471 1048 eam
505 1022 582 1048 nec
616 1009 773 1062 petenti
808 1009 982 1062 quidem
1018 1022 1094 1049 nec
1129 1009 1325 1062 speranti,
1361 1009 1520 1062 vixque
1554 1009 1663 1049 adeo
1699 1009 1914 1064 cogitanti,
1939 1015 2093 1063 sponte
2115 1015 2188 1049 tua
2211 1009 2450 1049 contuleris.
2485 1009 2552 1049 Ne

377 1071 519 1124 itaque
554 1070 594 1110 in
628 1076 748 1110 tuum
782 1071 959 1110 Domini
984 1070 1066 1111 mei
1091 1077 1379 1124 conspectum,
1405 1071 1521 1111 omni
1544 1071 1820 1111 veneratione
1850 1071 2161 1126 dignissimum,
2184 1071 2332 1111 vacuis
2355 1071 2552 1111 manibus

376 1139 422 1172 ut
454 1132 705 1185 asymbolus
739 1132 1018 1187 ingratusque
1051 1132 1260 1180 venirem,
1296 1145 1407 1185 quae
1441 1132 1646 1185 proximis
1680 1132 1801 1172 annis
1834 1132 1876 1172 in
1911 1132 2155 1173 Secundam
2190 1132 2418 1174 Secundae
2449 1133 2552 1174 Divi

376 1194 571 1234 Thomae
605 1193 834 1248 Aquinatis
857 1195 1027 1234 Partem
1051 1193 1355 1233 commentaria
1378 1193 1635 1240 elucubravi,
1655 1193 1754 1232 Tibi
1778 1206 1888 1233 nunc
1912 1193 2160 1247 dedicanda,
2184 1194 2332 1248 tuique
2353 1193 2552 1242 Numinis

375 1256 589 1310 praesidio
623 1255 882 1309 publicanda
914 1255 1124 1295 constitui.
1170 1254 1384 1306 Quae,'si
1418 1255 1487 1294 vel
1522 1255 1636 1295 nulla
1669 1254 1710 1294 in
1743 1267 1813 1294 me
1846 1260 1918 1294 tua
1951 1267 2147 1295 seorsum
2191 1255 2400 1297 beneficia
2436 1260 2554 1298 ta‘nta

375 1323 585 1365 extarent,
620 1317 719 1357 Tibi
753 1323 895 1357 tamen
930 1318 1018 1357 iure
1052 1316 1217 1370 optimo
1253 1315 1536 1356 debebantur:
1572 1316 1682 1370 quia,
1714 1329 1810 1356 cum
1844 1317 1912 1356 Tu
1946 1322 1988 1356 et
2021 1316 2190 1357 Summi
2223 1315 2360 1373 Regis
2397 1322 2449 1369 et,
2469 1316 2551 1358 Sa-

374 1379 558 1420 cerdotis
592 1379 768 1419 Maximi
803 1379 1010 1434 dignitate
1043 1378 1244 1434 fungaris,
1280 1378 1498 1418 doctrinae
1532 1378 1704 1419 moralis
1739 1378 2054 1426 commentaria,
2088 1391 2167 1432 pro
2196 1384 2268 1419 tua
2290 1377 2482 1419 bonitate
2503 1392 2553 1419 ac

373 1441 591 1495 sapientia,
627 1454 901 1494 nequaquam
935 1454 960 1480 a
992 1446 1065 1481 tua
1098 1440 1259 1481 ditione
1293 1440 1435 1487 alienav
1463 1440 1665 1481 ducturus
1699 1440 1850 1481 fueras.
1885 1440 2061 1480 Moralis
2095 1440 2208 1481 enim
2237 1440 2456 1481 doctrinae
2487 1441 2551 1481 in-

373 1509 609 1543 strumento
644 1503 863 1543 Ecclesiae
895 1501 1069 1543 sanctae
1103 1514 1284 1557 regnum
1318 1502 1584 1543 efflorescere
1617 1515 1667 1542 ac
1700 1502 1892 1543 decorari
1915 1508 2096 1556 oportet,
2121 1502 2204 1543 sub
2226 1515 2280 1542 eo
2302 1503 2550 1556 praesertim

372 1565 580 1605 Pontifice
615 1564 687 1618 qui
721 1565 868 1605 timere
902 1578 988 1604 non
1023 1564 1153 1604 debet
1186 1577 1250 1612 ne,
1274 1577 1371 1604 cum
1402 1564 1502 1604 alii-s·
1514 1564 1844 1618 praedicaverit,
1869 1564 1959 1618 ipse
1981 1564 2184 1618 reprobus
2199 1564 2428 1612 habeatur,
2453 1577 2550 1605 cum

373 1640 423 1667 ea
456 1640 584 1680 quae,
620 1626 661 1666 in
696 1626 843 1666 ethicis
876 1626 1252 1680 praeceptionibus
1286 1626 1459 1674 tradita,
1495 1626 1583 1666 suis
1616 1626 1816 1680 auspiciis
1855 1626 2143 1680 publicantur,
2179 1626 2270 1680 ipse
2301 1626 2416 1667 vitae
2447 1629 2572 1675 suae·

373 1689 569 1742 exemplo
599 1687 767 1728 sancire
803 1694 843 1728 et
877 1688 1160 1742 comprobare
1193 1687 1400 1728 videatur.
1443 1688 1598 1742 Neque
1632 1688 1746 1729 enim
1787 1688 1915 1728 latere
1949 1701 2211 1742 quemquam
2255 1688 2451 1728 existimo
2485 1688 2550 1732 Te

372 1750 469 1790 inde
502 1751 557 1790 ab
591 1750 867 1790 adolescente
900 1756 1038 1790 aetate
1072 1763 1168 1790 cum
1202 1750 1377 1790 aliarum
1412 1749 1628 1798 virtutum,
1662 1756 1752 1790 tum
1786 1750 2014 1804 praecipue
2046 1750 2305 1790 liberalitatis
2340 1755 2382 1790 et
2414 1750 2549 1790 eonti-

372 1812 538 1853 nentiae
573 1825 767 1852 normam
803 1812 964 1852 cunctis
997 1811 1267 1866 propositum
1300 1812 1512 1852 claruisse.
1547 1812 1636 1852 Iam
1657 1825 1763 1853 vero
1788 1825 1916 1866 quam
1940 1811 2035 1852 altis
2057 1811 2270 1852 radicibus
2292 1811 2413 1860 fides,
2437 1824 2549 1865 spes,

372 1874 522 1915 caritas
555 1874 716 1928 pectori
757 1880 831 1914 tuo
876 1874 1026 1914 insitae
1063 1886 1234 1928 semper
1269 1873 1439 1921 fuerint,
1475 1886 1673 1928 quaeque
1711 1874 1766 1914 ad
1807 1886 1880 1914 eas
1918 1873 2101 1914 tuendas
2143 1872 2550 1927 conservandasque

370 1937 549 1976 virtutes
582 1936 766 1976 maxime
801 1935 1041 1976 necessaria
1074 1942 1138 1976 est
1171 1936 1357 1991 ingenua
1399 1935 1621 1984 fortitudo,
1656 1936 1780 1990 plane
1813 1942 1914 1976 tunc
1946 1935 2148 1976 omnibus
2183 1932 2406 1976 ostendisti
2439 1948 2548 1983 cum,

369 1997 619 2052 periculosis
653 1998 908 2051 reipublicae
943 1998 1208 2038 Christianae
1241 1997 1518 2052 temporibus,
1544 1998 1761 2038 Ecclesiae
1785 1998 2009 2038 Romanae
2036 1998 2228 2052 Legatus
2250 1996 2548 2051 amplissimus,

371 2066 518 2101 contra
550 2060 731 2100 telorum
765 2060 954 2100 turbines
988 2059 1225 2113 bellicaque
1258 2065 1483 2108 tormenta,
1519 2060 1652 2114 pulsis
1691 2072 1825 2114 prope
1866 2059 2087 2107 omnibus,
2121 2059 2213 2113 ipse
2246 2058 2549 2113 imperterritus

369 2122 608 2176 perstitisti;
643 2135 850 2175 moxque,
885 2121 940 2162 ad
975 2122 1202 2170 maiorem,
1238 2128 1284 2162 ut
1316 2128 1442 2176 puto,
1477 2122 1644 2162 virtutis
1677 2128 1775 2162 tuae
1808 2121 2129 2175 probationem,
2165 2120 2371 2161 inclinatis
2405 2120 2546 2168 rebus,

369 2184 530 2224 alienae
565 2184 788 2237 potestatis
822 2184 904 2224 iarn
938 2184 1084 2232 sactus,
1120 2184 1243 2224 nullis
1277 2190 1419 2224 tamen
1453 2183 1688 2239 expugnari
1722 2183 1938 2231 machinis,
1974 2183 2097 2224 nullis
2132 2182 2285 2223 abduci
2316 2182 2549 2224 terroribus

369 2246 423 2286 ab
458 2246 625 2300 integro
661 2246 879 2286 Ecclesiae
913 2258 1093 2299 corpore
1126 2245 1181 2286 ad
1215 2241 1405 2287 divulsas
1439 2252 1579 2299 partes
1612 2245 1800 2300 potuisti.
1836 2245 1960 2297 Quae
1993 2258 2090 2286 curn
2123 2245 2269 2285 animo
2289 2250 2547 2299 reputamus

370 2308 452 2348 Dei
487 2307 756 2362 providentia
787 2308 943 2348 factum
978 2308 1282 2362 cognoscimus
1315 2313 1361 2348 ut
1387 2308 1455 2348 Tu
1483 2307 1680 2348 Pontifex
1703 2307 1920 2348 Ecclesiae
1943 2313 2114 2347 sanctae
2135 2306 2424 2360 praeficereris
2462 2306 2548 2360 qui,

370 2376 417 2410 ut
449 2370 650 2423 Apostoli
683 2369 827 2410 verbis
861 2375 965 2417 utar,
991 2373 1079 2423 per
1108 2370 1252 2410 omnia
1285 2372 1481 2417 tentatus,
1517 2370 1705 2424 compati
1733 2369 2029 2410 laborantibus
2058 2369 2200 2416 scires
2225 2374 2268 2409 et
2289 2380 2398 2422 quas
2425 2373 2549 2408 antea

370 2431 597 2472 meditatus
631 2431 808 2472 virtutes
841 2431 992 2479 fueras
1027 2432 1278 2472 auctoritate
1307 2432 1583 2486 potentiaque
1606 2431 1814 2479 suffultus,
1839 2431 1972 2471 multo
1996 2443 2108 2471 nunc
2130 2430 2303 2471 uberius
2326 2429 2548 2484 multoque

369 2493 530 2534 felicius
564 2506 847 2549 propagares;
884 2493 926 2533 id
960 2494 1079 2547 quod
1114 2493 1302 2534 inaudita
1325 2499 1366 2534 et
1388 2492 1611 2534 ineffabilis
1635 2493 1705 2534 illa
1727 2493 1952 2534 clementia
1973 2505 2059 2547 qua
2081 2492 2205 2546 capiti
2227 2498 2302 2533 tuo
2325 2489 2547 2535 insidiatos

370 2555 566 2596 homines
602 2555 865 2596 conservasti
899 2557 1023 2609 plane
1046 2561 1199 2596 testata
1224 2561 1298 2596 est.
1333 2555 1432 2595 Tibi
1455 2555 1646 2609 profecto
1676 2560 1862 2609 tuaeque
1883 2554 2176 2595 sanctissimae
2198 2553 2398 2608 potestati
2421 2552 2548 2594 valde

372 2617 633 2658 conveniens
666 2623 723 2665 ut,
758 2617 867 2658 sicut
900 2618 983 2657 Dei
1017 2617 1192 2657 Maximi
1226 2617 1343 2658 vices
1376 2617 1484 2657 inter
1506 2631 1587 2657 nos
1609 2617 1734 2672 geris,
1760 2617 1818 2657 ita
1839 2617 1990 2657 ceteris
2013 2615 2263 2656 mortalibus
2286 2629 2337 2656 ea
2357 2620 2547 2669 praestes

370 2680 524 2720 virtute
558 2693 644 2733 qua
676 2679 885 2727 homines,
922 2685 1129 2733 quantum
1165 2679 1417 2719 mortalibus
1450 2678 1556 2725 licet,
1581 2679 1680 2719 Deo
1706 2678 1899 2718 Maximo
1923 2678 2101 2731 Optimo
2125 2677 2286 2718 similes
2308 2677 2427 2717 fiunt.
2463 2676 2546 2717 Ce-

370 2748 506 2781 terum
540 2747 638 2781 tuae
671 2741 819 2781 laudes
853 2741 1063 2796 longioris
1097 2741 1287 2781 subsellii
1320 2746 1490 2794 tempus
1523 2746 1772 2794 exposcunt.
1808 2739 1940 2792 Quod
1973 2751 2079 2780 vero
2112 2739 2167 2779 ad
2201 2739 2434 2780 institutam
2456 2751 2546 2779 rem

370 2803 561 2857 pertinet,
597 2816 685 2843 non
718 2803 850 2843 modo
885 2803 1135 2844 Pontificiae
1169 2803 1404 2843 Maiestatis
1437 2802 1624 2850 nomine,
1649 2802 1768 2842 cuius
1791 2807 1856 2842 est
1879 2801 2065 2842 officium
2088 2813 2364 2842 summovere
2387 2800 2547 2841 scelera

370 2878 419 2905 ac
452 2865 628 2905 virtutes
662 2865 858 2912 inserere,
894 2865 971 2905 sed
1006 2872 1080 2905 tuo
1116 2865 1248 2918 ipsius
1283 2865 1407 2905 etiam
1442 2864 1627 2911 nomine,
1653 2864 1725 2918 qui
1749 2864 1925 2904 virtutes
1960 2863 2064 2904 colis
2088 2875 2343 2917 semperque
2367 2862 2545 2910 coluisti,

372 2926 571 2967 decenter
603 2927 678 2966 tibi
712 2933 857 2966 nostra
891 2927 994 2967 haec
1027 2927 1334 2967 commentaria
1368 2926 1628 2973 dedicantur,
1666 2926 1707 2966 in
1741 2926 1898 2979 quibus
1926 2925 1980 2965 de
2001 2924 2114 2965 vitiis
2137 2938 2186 2965 ac
2209 2924 2436 2965 virtutibus
2459 2924 2547 2964 dis-

369 2988 613 3042 putationes
646 2989 951 3042 pulcherrimae
986 2995 1295 3042 proponuntur.
1338 2988 1460 3040 Quae
1494 2994 1636 3028 tamen
1670 2988 1748 3028 hac
1782 2993 1929 3028 mente
1959 3000 2110 3027 omnes
2143 3001 2168 3027 a
2201 2999 2270 3028 me
2303 2986 2402 3026 Tibi
2435 2998 2547 3027 nunc

371 3050 555 3090 dedicari
589 3050 825 3105 intelligant
857 3057 903 3090 ut
935 3063 1233 3104 quaecumque
1265 3050 1331 3090 hic
1364 3050 1433 3090 vel
1467 3063 1650 3103 usquam
1683 3049 1783 3090 alibi
1806 3063 1831 3090 a
1853 3062 1921 3090 me
1955 3049 2110 3103 scripta
2141 3048 2225 3088 sint
2262 3048 2547 3102 Apostolatus

370 3112 429 3152 tui
464 3112 635 3159 iudicio,
671 3112 736 3152 cui
771 3118 869 3152 sunt
907 3112 995 3152 iure
1030 3112 1217 3159 subdita,
1253 3112 1587 3152 substernantur.
1633 3112 1794 3166 Accipe
1832 3111 1981 3166 igitur,
2016 3110 2269 3152 Beatissime
2307 3111 2452 3158 Pater,
2493 3109 2546 3150 de

370 3187 499 3214 manu
532 3174 631 3214 Tibi
665 3173 953 3230 deditissimae
987 3180 1203 3228 creaturae
1237 3174 1557 3221 munusculum,
1592 3174 1700 3228 grati
1734 3173 1863 3214 animi
1895 3173 2108 3213 alacritate
2141 3172 2382 3220 conditum,
2417 3177 2545 3225 atque

370 3236 412 3275 in
446 3248 498 3276 eo
533 3235 781 3290 accipiendo
816 3236 898 3275 Dei
934 3236 1130 3284 Maximi,
1166 3235 1285 3276 cuius
1319 3236 1387 3275 Tu
1420 3236 1558 3276 vicem
1593 3236 1700 3276 inter
1733 3248 1813 3287 nos
1847 3235 1972 3290 geris,
2008 3234 2331 3289 benignitatem,
2367 3245 2543 3287 quaeso,

370 3298 412 3337 in
445 3298 635 3338 animum
663 3303 787 3345 ,tuum
822 3310 999 3338 revoca:
1041 3298 1122 3338 Hic
1162 3298 1291 3345 enim,
1328 3310 1424 3338 cum
1463 3298 1645 3353 pingues
1679 3290 1825 3338 tauros
1857 3310 1907 3337 ac
1941 3297 2093 3337 arietes
2124 3295 2335 3337 immolari
2368 3300 2466 3335 ante
2498 3307 2545 3335 se

371 3365 576 3407 cerneret,
612 3359 699 3399 duo
740 3366 882 3400 tamen
917 3359 1078 3399 minuta
1120 3359 1174 3400 de
1208 3372 1336 3400 manu
1370 3360 1567 3413 pauperis
1602 3359 1872 3400 mulierculae
1905 3359 1948 3398 in
1987 3357 2341 3414 gazophylacium
2376 3355 2544 3410 Templi

370 3421 500 3461 missa
533 3433 619 3461 non
654 3421 824 3475 respuit.
869 3421 1104 3461 Aeternum
1139 3421 1246 3468 vale,
1281 3422 1406 3461 Pater
1439 3421 1702 3462 Beatissime.
