2892 4056
163 2079 172 2089 “
190 2082 241 2102 Art.
262 2079 368 2108 praeced.

416 195 490 230 286

467 275 526 309 AD
554 283 744 309 SECUNDUM
773 282 957 307 DICENDUM
995 270 1099 317 quod
1133 269 1331 317 passiones
1360 282 1475 319 appe-

412 325 500 362 titus
529 324 695 361 sensitivi
725 331 760 360 et
788 324 826 360 in
855 335 894 359 se
922 329 1085 370 possunt
1114 334 1194 359 esse
1224 330 1383 370 peccata
1410 335 1476 360 ve-

413 377 537 423 nialia,
559 385 595 414 et
613 377 792 413 inclinant
816 375 984 412 animam
1011 375 1058 412 ad
1082 382 1283 422 peccatum
1302 376 1474 413 mortale.

413 431 462 466 Et
483 430 570 479 quia
590 429 776 478 appetitus
806 427 1007 464 sensitivus
1035 427 1151 463 habet
1179 439 1366 475 organum
1395 441 1476 464 cor-

412 484 563 531 porale,
603 481 772 530 sequitur
799 480 903 528 quod
937 492 1007 528 per
1035 480 1201 528 aliquam
1236 482 1474 529 corporalem

411 535 765 572 transmutationem
803 534 922 569 homo
961 533 1004 568 fit
1037 532 1199 569 habilior
1236 533 1284 569 ad
1322 533 1475 582 aliquod

411 596 623 636 peccatum.
654 588 702 622 Et
721 586 808 622 ideo
828 592 954 634 potest
974 585 1192 632 contingere
1217 586 1323 634 quod
1342 598 1476 623 secun-

413 641 504 677 dum
545 640 689 688 aliquas
730 638 1065 675 transmutationes
1108 639 1325 687 corporales
1368 638 1477 675 certis

410 692 646 741 temporibus
673 691 943 740 provenientes
967 691 1092 739 aliqua
1120 699 1277 739 peccata
1300 703 1371 728 nos
1397 703 1477 728 ma-

409 745 463 793 gis
484 746 718 793 impugnent.
750 744 888 780 Omnis
915 752 1043 781 autem
1069 744 1279 792 corporalis
1309 744 1477 781 defectus

409 798 456 835 de
486 811 525 834 se
554 798 602 834 ad
631 797 819 834 tristitiam
847 796 1027 846 disponit.
1058 798 1108 834 Et
1134 797 1223 834 ideo
1252 797 1477 844 ieiunantes,

409 850 505 886 circa
525 850 737 898 meridiem,
760 850 917 898 quando
946 850 1022 887 iarn
1051 850 1235 899 incipiunt
1254 850 1393 887 sentire
1413 850 1475 887 de-

407 903 546 939 fectum
569 903 642 940 cibi
671 911 708 940 et
735 903 861 951 urgeri
891 905 939 940 ab
969 903 1136 940 aestibus
1165 903 1266 950 solis,
1288 903 1407 952 magis
1429 904 1476 940 ab

408 956 538 993 acedia
565 956 850 1005 impugnantur.

459 1011 518 1046 An
537 1020 698 1047 TERTIUM
717 1021 902 1046 DICENDUM
922 1010 1028 1058 quod
1048 1010 1097 1047 ad
1121 1009 1374 1046 humilitatem
1393 1021 1476 1059 per-

405 1061 498 1098 tinet
525 1070 567 1099 ut
599 1063 743 1110 homo,
783 1063 953 1099 defectus
991 1063 1168 1112 proprios
1207 1063 1476 1109 considerans,

406 1115 574 1163 seipsum
603 1128 683 1152 non
712 1116 876 1153 extollat.
918 1116 995 1153 Sed
1023 1117 1099 1152 hoc
1127 1128 1205 1152 non
1239 1115 1402 1164 pertinet
1430 1116 1479 1152 ad

1066 193 1333 238 QUAESTIO
1363 186 1523 239 XXXV,
1554 193 1849 229 ARTICULUS
1880 194 1911 228 Il

1530 271 1632 306 bona
1651 282 1748 317 quae
1769 270 1853 317 quis
1877 281 1899 305 a
1923 271 2007 306 Deo
2036 270 2206 318 possidet
2235 279 2453 309 contemnat
2473 270 2497 308 θ.
2545 272 2594 308 Et

1531 334 1576 359 ex
1605 323 1667 358 tali
1698 329 1921 370 contemptu
1949 322 2118 371 sequitur
2146 324 2295 361 acedia:
2327 325 2373 362 de
2401 325 2460 362 his
2490 325 2592 361 enim

1530 375 1721 411 tristamur
1749 386 1849 423 quae
1882 374 1990 423 quasi
2018 376 2119 412 mala
2146 377 2210 413 vel
2236 376 2326 414 vilia
2359 385 2592 426 reputamus.

1532 427 1594 464 Sic
1621 427 1732 474 igitur
1768 440 1923 464 necesse
1958 434 2013 464 est
2048 435 2090 464 ut
2126 428 2259 477 aliquis
2294 429 2456 466 aliorum
2490 431 2594 467 bona

1530 545 1609 569 non
1629 541 1865 570 contemnat:
1887 533 1975 582 quia
1995 532 2049 569 sic
2069 533 2102 569 ei
2122 533 2240 570 tristia
2259 535 2518 572 redderentur.

1583 582 1642 622 AD
1667 597 1840 628 QUARTUM
1863 598 2048 623 DICENDUM
2078 586 2183 634 quod
2211 595 2412 635 peccatum
2441 599 2595 636 semper

1532 646 1587 675 est
1613 638 1856 687 fugiendum:
1887 640 1953 676 sed
1982 638 2218 687 impugnatio
2246 640 2392 688 peccati
2421 641 2594 690 quando-

1530 704 1604 739 que
1627 699 1681 728 est
1699 692 1889 729 vincenda
1907 691 2099 740 fugiendo,
2116 691 2349 741 quandoque
2370 693 2592 731 resistendo.

1531 743 1728 792 Fugiendo
1745 745 1913 794 quidem,
1925 745 2080 794 quando
2097 745 2278 782 continua
2293 745 2467 793 cogitatio
2483 753 2596 795 auget

1529 797 1674 846 peccati
1693 797 1940 845 incentivum,
1962 798 2057 835 sicut
2082 805 2138 835 est
2160 798 2199 835 in
2225 798 2388 834 luxuria:
2417 800 2519 836 unde
2539 799 2594 836 di-

1531 850 1625 887 citur
1654 852 1666 887 I
1697 851 1748 887 ad
1769 851 1856 887 Cor.
1876 851 1961 888 Vl*:
1989 851 2127 901 Fugite
2143 851 2458 900 fornicationem.
2487 851 2594 888 Resi-

1529 904 1663 941 stendo
1684 911 1825 951 autem,
1847 904 2002 953 quando
2032 904 2206 952 cogitatio
2231 916 2482 953 perseverans
2502 904 2596 941 tollit

1529 956 1764 993 incentivum
1793 957 1951 1006 peccati,
1973 958 2076 1006 quod
2095 957 2272 1006 provenit
2300 969 2346 994 ex
2374 957 2500 1006 aliqua
2518 957 2596 994 levi

1529 1010 1844 1058 apprehensione.
1875 1011 1924 1047 Et
1946 1011 2021 1047 hoc
2050 1010 2232 1058 contingit
2258 1010 2296 1047 in
2325 1010 2473 1047 acedia:
2504 1010 2594 1059 quia

1529 1070 1672 1111 quanto
1701 1063 1822 1110 magis
1851 1063 2061 1111 cogitamus
2096 1063 2143 1100 de
2171 1063 2282 1100 bonis
2315 1063 2593 1111 spiritualibus,

1529 1123 1632 1153 tanto
1662 1116 1783 1163 magis
1817 1115 1928 1152 nobis
1961 1116 2150 1165 placentia
2178 1116 2407 1163 redduntur;
2443 1129 2487 1154 ex
2517 1129 2594 1166 quo

405 1168 671 1216 humilitatem,
693 1169 762 1206 sed
789 1169 917 1218 potius
946 1169 994 1206 ad
1024 1169 1348 1217 ingratitudinem,
1373 1169 1479 1217 quod
1532 1176 1653 1204 cessat
1681 1168 1824 1204 acedia.

457 1281 481 1315 0)
501 1286 666 1309 contemnat.
686 1297 704 1302 —
722 1283 871 1308 contemnit
889 1281 1088 1315 ABHIpxspai).

1172 1407 1492 1449 ARTICULUS
1523 1407 1824 1450 SECUNDUS

1076 1500 1233 1531 UTRUM
1257 1500 1421 1531 ACEDIA
1444 1500 1512 1531 sir
1536 1500 1743 1532 SPECIALE
1767 1501 1924 1532 VITIUM

1311 1580 1353 1605 De
1371 1580 1455 1610 Malo,
1476 1588 1521 1612 qu.
1540 1588 1573 1612 ¹1,
1593 1585 1641 1605 art.
1662 1588 1685 1605 2.

488 1669 494 1683 ι
520 1691 525 1699 ,
551 1681 573 1697 ,
583 1674 589 1685 ,
615 1662 638 1686 D
653 1662 846 1687 SECUNDUM
862 1662 916 1687 Sic
932 1662 1175 1689 PROCEDITUR.
1192 1651 1354 1688 Videtur
1370 1652 1474 1700 quod

427 1667 592 1765 §.0¹23
616 1703 750 1740 acedia
786 1716 866 1740 non
902 1703 950 1740 sit
986 1704 1152 1752 speciale
1188 1704 1337 1742 vitium.
1381 1706 1474 1742 Illud

418 1743 498 1838 '‘I''
515 1777 539 1803 ,ν
554 1747 716 1793 enim
756 1756 862 1804 quod
896 1757 1078 1794 convenit
1116 1757 1220 1795 omni
1257 1757 1351 1794 vitio
1397 1770 1475 1795 non

457 1786 809 1846 fflconstituit
840 1809 1015 1858 specialis
1043 1810 1123 1847 vitii
1158 1810 1358 1847 rationem.
1398 1811 1476 1848 Sed

402 1811 601 1911 quodlibet
620 1862 754 1899 vitium
783 1862 871 1899 facit
898 1863 1100 1900 hominem
1129 1863 1266 1900 tristari
1295 1864 1341 1900 de
1372 1863 1475 1900 bono

401 1915 585 1965 spirituali
614 1915 814 1964 opposito:
854 1928 945 1952 nam
981 1916 1199 1953 luxuriosus
1233 1916 1400 1954 tristatur
1428 1916 1475 1954 de

401 1969 507 2005 bono
538 1968 806 2014 continentiae,
828 1976 865 2005 et
887 1969 1044 2016 gulosus
1073 1969 1121 2007 de
1151 1970 1256 2006 bono
1285 1969 1475 2007 abstinen-

400 2022 488 2058 tiae.
529 2021 628 2058 Cum
660 2033 750 2069 ergo
779 2021 912 2058 acedia
940 2021 987 2058 sit
1014 2022 1159 2060 tristitia
1189 2024 1236 2060 de
1266 2023 1372 2062 bono
1401 2023 1475 2072 spi-

402 2074 547 2121 rituali,
577 2074 674 2111 sicut
701 2074 844 2111 dictum
874 2082 930 2111 est
949 2074 984 2122 ²¹⁶,
1013 2075 1165 2113 videtur
1202 2077 1309 2125 quod
1343 2076 1475 2114 acedia

402 2140 482 2166 non
510 2127 556 2164 sit
584 2127 748 2176 speciale
777 2135 993 2176 peccatum.

457 2192 492 2218 2.
513 2181 756 2227 PRAETEREA,
795 2181 945 2229 acedia,
979 2194 1067 2219 cum
1106 2181 1152 2218 sit
1184 2181 1331 2219 tristitia
1357 2194 1472 2230 quae—

403 2235 515 2281 dam,
545 2234 685 2281 gaudio
715 2234 935 2282 opponitur.
976 2235 1053 2272 Sed
1080 2235 1263 2282 gaudium
1298 2247 1377 2272 non
1405 2247 1474 2284 po-

403 2287 503 2324 nitur
535 2299 614 2325 una
634 2293 651 2308 ²
670 2287 846 2336 specialis
873 2287 1005 2324 virtus.
1044 2288 1149 2335 Ergo
1182 2300 1308 2336 neque
1331 2288 1475 2334 ,acedia

405 2340 520 2378 debet
547 2340 640 2389 poni
668 2340 832 2388 speciale
860 2340 1010 2377 vitium.

460 2394 494 2430 3.
524 2393 759 2439 Pam-enm,
780 2393 973 2441 spirituale
997 2394 1158 2440 bonum,
1180 2406 1268 2431 cum
1287 2393 1334 2430 sit
1353 2393 1475 2442 quod-

406 2446 495 2485 dam
526 2458 734 2484 commune
764 2446 958 2483 obiectum
989 2446 1093 2494 quod
1122 2447 1243 2483 virtus
1271 2447 1412 2495 appetit
1440 2455 1476 2483 et

404 2498 540 2536 vitium
566 2499 713 2547 refugit,
732 2511 812 2536 non
831 2499 1023 2536 constituit
1050 2499 1256 2547 specialem
1287 2499 1473 2536 rationem

396 2550 554 2589 'virtutis
574 2559 639 2589 aut
658 2552 737 2590 vitii
766 2551 836 2588 nisi
864 2564 932 2600 per
960 2552 1102 2601 aliquid
1133 2553 1306 2590 additum
1327 2560 1474 2589 contra-

405 2606 528 2643 hatur.
568 2605 645 2642 Sed
673 2605 764 2642 nihil
791 2604 944 2642 videtur
979 2605 1084 2654 quod
1115 2606 1312 2643 contrahat
1346 2605 1473 2654 ipsum

407 2658 456 2695 ad
476 2658 662 2705 acediam,
692 2658 723 2695 si
751 2658 798 2695 sit
823 2658 959 2695 vitium
989 2658 1164 2706 speciale,
1185 2659 1254 2696 nisi
1282 2659 1408 2696 labor:
1430 2671 1474 2696 ex

406 2712 481 2748 hoc
510 2711 612 2748 enirn
642 2711 757 2760 aliqui
789 2711 978 2759 refugiunt
1011 2711 1215 2760 spiritualia
1254 2712 1357 2749 bona
1386 2712 1474 2760 quia

407 2772 495 2802 sunt
513 2763 528 2793 β
547 2764 757 2810 laboriosa3
793 2765 896 2802 unde
926 2772 961 2802 et
990 2765 1122 2802 acedia
1153 2765 1322 2802 taedium
1353 2765 1474 2813 quod—

409 2818 498 2855 dam
529 2824 595 2854 est.
634 2818 822 2865 Refugere
852 2825 981 2855 autem
1010 2818 1182 2865 labores,
1222 2825 1257 2855 et
1291 2829 1474 2867 quaerere

408 2870 576 2919 quietem
607 2871 939 2919 corporalemsad
966 2871 1069 2908 idem
1098 2870 1286 2919 pertinere
1314 2870 1474 2917 videtur,

409 2923 550 2960 scilicet
577 2923 626 2960 ad
654 2924 855 2972 pigritiam.
885 2925 988 2971 Ergo
1017 2924 1150 2962 acedia
1178 2924 1268 2962 nihil
1295 2924 1399 2961 aliud
1419 2935 1474 2960 es-

411 2984 467 3014 set
485 2981 501 3004 ἵ
521 2987 640 3023 quam
666 2977 825 3025 pigritia.
865 2977 982 3023 Quod
1010 2977 1163 3015 videtur
1196 2989 1278 3014 esse
1316 2977 1474 3014 falsum:

411 3041 501 3066 nam
530 3028 678 3076 pigritia
705 3029 946 3067 sollicitudini
974 3030 1198 3079 opponitur,
1228 3029 1382 3067 acediae
1411 3042 1475 3066 au-

410 3090 490 3119 tem
516 3081 710 3129 gaudium.
747 3083 838 3120 Non
868 3095 957 3130 ergo
988 3083 1119 3120 acedia
1146 3091 1203 3120 est
1230 3083 1392 3132 speciale
1420 3082 1476 3119 vi-

413 3134 520 3173 tium.

468 3188 545 3225 SED
570 3199 719 3224 CONTRA
745 3199 812 3225 EST
848 3189 955 3236 quod
982 3189 1207 3237 Gregorius,
1237 3189 1363 3226 XXXI
1387 3189 1476 3225 Mo—

1527 1652 1598 1689 ral.
1620 1653 1639 1671 ⁶*
1643 1651 1866 1699 ,distinguit
1892 1652 2066 1690 acediam
2096 1653 2144 1690 ab
2164 1653 2246 1690 aliis
2270 1653 2381 1691 vitiis.
2411 1655 2519 1703 Ergo
2532 1631 2632 1692 est·

1527 1704 1691 1754 speciale
1719 1703 1967 1753 peccatum⁶.
2072 1734 2076 1738 .
2526 1729 2528 1734 ν
2579 1729 2581 1732 <

1581 1758 1808 1795 ΒΕεΡοΝοΕο
1828 1769 2012 1795 DlCENDUM
2041 1760 2160 1807 quod,
2190 1771 2279 1796 cum
2308 1759 2440 1798 acedia
2469 1760 2516 1797 sit
2533 1761 2603 1798 tri-³·-

1527 1809 1625 1847 stitia
1653 1810 1701 1848 de
1730 1810 1911 1859 spirituali
1939 1811 2066 1859 bono,
2103 1811 2135 1848 si
2162 1811 2368 1861 accipiatur
2403 1813 2602 1861 spirituale

1527 1864 1674 1900 bonum
1695 1864 1964 1911 communiter,
1981 1876 2061 1901 non
2079 1865 2237 1902 habebit
2255 1866 2387 1902 acedia
2406 1866 2605 1904 rationem.

1527 1916 1701 1965 specialis
1737 1916 1838 1954 vitii:
1877 1916 1967 1966 quia
2002 1917 2098 1954 sicut
2142 1917 2284 1955 dictum
2323 1926 2381 1955 est
2403 1918 2443 1966 Φ,
2476 1923 2603 1959 omme·
2621 1932 2702 1960 urg.
2717 1938 2734 1955 1.

1525 1970 1661 2007 vitium
1691 1969 1827 2018 refugit
1854 1970 2046 2018 spirituale
2082 1972 2231 2008 bonum
2258 1971 2408 2009 virtutis
2440 1972 2606 2021 opposia

1526 2030 1599 2060 tae.
1619 2043 1644 2051 -
1666 2022 1842 2060 Similiter
1879 2023 1994 2061 etiam
2032 2036 2112 2062 non
2143 2032 2269 2073 potest
2306 2025 2378 2062 dici
2416 2025 2605 2074 quodsit

1527 2076 1690 2125 speciale
1718 2076 1854 2112 vitium
1884 2076 2016 2113 acedia
2052 2076 2280 2125 inquantum
2315 2078 2452 2126 refugit
2477 2078 2605 2127 :spiri-³

1526 2129 1627 2166 tuale
1656 2130 1805 2166 bonurn
1829 2137 1943 2178 prout
1971 2137 2028 2166 est
2045 2131 2282 2168 laboriosum
2300 2131 2363 2167 vel
2387 2132 2594 2169 molestum

1528 2182 1692 2231 corpori,
1713 2189 1777 2219 aut
1797 2182 2056 2220 delectationis
2070 2188 2083 2204 ⁸
2099 2184 2179 2220 eius
2198 2183 2483 2232 impeditivum:
2505 2184 2605 2232 quia

1526 2236 1602 2272 hoc
1631 2235 1745 2272 etiam
1774 2234 1853 2272 non
1881 2243 2075 2284 separaret
2102 2237 2275 2273 acediam
2294 2249 2316 2274 a
2334 2237 2434 2274 vitiis
2463 2248 2604 2274 earnm*

1527 2288 1645 2334 libus,
1684 2288 1824 2336 quibus
1862 2288 1997 2336 aliquis
2025 2289 2192 2337 quietem
2229 2297 2265 2327 et
2302 2289 2595 2366 delectationem

1528 2341 1699 2389 corporis
1728 2341 1886 2389 quaerit.

1581 2394 1629 2430 Et
1657 2394 1745 2431 ideo
1783 2393 1988 2430 dicendum
2024 2402 2079 2431 cst
2117 2395 2224 2442 quod
2260 2395 2299 2431 in
2337 2360 2607 2444 spiritualibus:

1528 2446 1640 2484 bonis
1669 2454 1724 2483 est
1752 2447 1910 2494 quidam
1946 2447 2061 2484 ordo:
2102 2460 2192 2484 nam
2222 2447 2352 2485 omnia
2388 2448 2602 2498 spiritualia*

1527 2500 1631 2536 bona
1660 2511 1759 2546 quae
1788 2507 1875 2536 sunt
1903 2499 1941 2536 in
1970 2499 2117 2537 actibus
2150 2501 2384 2548 singularum
2411 2501 2602 2543 virtutum

1527 2552 1752 2589 ordinantur
1780 2553 1829 2589 ad
1857 2565 1979 2589 unum
2008 2553 2202 2602 spirituale
2231 2554 2379 2592 bonurn
2408 2556 2514 2603 quod
2538 2562 2595 2592 est

1527 2606 1675 2642 bonum
1705 2605 1891 2652 divinum,
1921 2605 2020 2643 circa
2048 2607 2153 2655 quod
2182 2614 2239 2643 est
2264 2607 2438 2656 specialis
2460 2607 2594 2655 virtus,

1528 2671 1626 2707 quae
1665 2666 1720 2696 est
1757 2658 1902 2696 caritas.
1946 2659 2058 2696 Unde
2091 2660 2140 2697 ad
2169 2660 2380 2708 quamlibet
2413 2660 2610 2702 virtutem&

1527 2712 1687 2760 pertinet
1705 2712 1871 2759 gaudere
1892 2711 1940 2748 de
1959 2712 2116 2761 proprio
2145 2713 2326 2762 spirituali
2350 2714 2467 2760 bono,
2488 2712 2602 2762 quod.

1529 2764 1698 2801 consistit
1726 2764 1764 2801 in
1792 2764 1949 2813 proprio
1977 2773 2083 2802 actu:
2113 2767 2180 2803 sed
2209 2766 2258 2803 ad
2287 2765 2480 2804 caritatem
2509 2778 2601 2815 per*

1527 2817 1620 2854 tinet
1648 2817 1860 2865 specialiter
1878 2817 1969 2854 illud
1987 2818 2171 2865 gaudium
2199 2819 2391 2867 spirituale
2410 2831 2490 2868 quo
2510 2819 2598 2868 quis

1527 2870 1667 2918 gaudet
1696 2870 1742 2907 de
1772 2871 1876 2907 bono
1906 2869 2048 2908 divino.
2089 2872 2137 2908 Et
2165 2871 2334 2909 similiter
2361 2871 2422 2908 illa
2450 2872 2595 2910 tristitia

1528 2935 1604 2972 qua
1632 2923 1716 2972 quis
1744 2923 1910 2960 tristatur
1937 2924 1984 2960 de
2014 2924 2118 2961 bono
2147 2924 2331 2973 spirituali
2353 2925 2458 2973 quod
2479 2925 2594 2963 estin

1529 2976 1674 3014 actibus
1703 2976 1935 3024 singularum
1953 2976 2139 3014 virtutum
2163 2990 2242 3015 non
2270 2978 2435 3026 pertinet
2459 2978 2509 3016 ad
2529 2979 2594 3016 ali-

1529 3029 1635 3078 quod
1662 3029 1799 3067 vitium
1827 3029 2014 3078 speciale,
2044 3031 2112 3067 sed
2146 3031 2195 3068 ad
2222 3030 2355 3068 omnia
2381 3031 2486 3071 vitia.
2516 3032 2595 3070 Sed

1529 3082 1665 3119 tristari
1694 3083 1741 3120 de
1770 3083 1876 3120 bono
1910 3083 2054 3130 divino,
2084 3084 2132 3121 de
2162 3096 2240 3132 quo
2270 3084 2404 3121 caritas
2435 3084 2597 3133 gaudet,

1527 3135 1689 3184 pertinet
1707 3135 1757 3173 ad
1780 3135 1944 3184 speciale
1963 3136 2111 3184 vitium,
2132 3137 2240 3186 quod
2268 3137 2401 3174 acedia
2419 3145 2601 3176 vocatur:

1583 3190 1631 3225 Et
1659 3201 1727 3237 per
1755 3189 1830 3225 hoc
1857 3197 1960 3238 patet
1988 3190 2188 3238 responsio
2218 3190 2267 3228 ad
2296 3190 2454 3228 obiecta.

468 3301 495 3332 α)
515 3308 578 3326 una.
595 3315 614 3320 -
632 3302 694 3326 Om.
709 3302 747 3331 H;
762 3302 876 3333 ponitur
895 3309 947 3326 una
966 3310 1019 3327 om.
1034 3304 1083 3335 pA,
1099 3307 1139 3328 est
1157 3304 1201 3328 sA.

415 3372 438 3396 H
459 3335 493 3397 ἓ)
514 3337 576 3369 quia
593 3340 664 3362 sunt.
682 3350 701 3356 -—
719 3337 790 3369 quod
808 3341 870 3362 sunt
888 3337 1063 3368 ABDFGILK,
1078 3339 1150 3370 quod
1167 3338 1222 3363 sint
1236 3339 1276 3363 ed.
1291 3345 1316 3367 a,
1335 3344 1403 3370 quae
1416 3341 1479 3362 sunt

440 3380 456 3405 p
484 3389 491 3397 .

1585 3303 1611 3335 γ)
1631 3306 1707 3328 esset.
1725 3317 1743 3322 -
1761 3306 1800 3328 est
1812 3303 1917 3328 PCGsD
1937 3309 2000 3333 eta,
2019 3311 2072 3328 om.
2087 3311 2134 3336 px.

1586 3337 1610 3369 δ)
1626 3342 1775 3369 peccatum.
1793 3352 1811 3357 —
1830 3339 1924 3364 vitium
1947 3339 2017 3364 PGa.

1588 3374 1609 3404 ε)
1625 3374 1816 3399 delectationis.
1834 3388 1853 3394 -
1872 3374 2020 3400 dilectionis
2038 3374 2258 3401 ABDEFHtha.

1370 3450 1622 3460 newsum

2619 863 2629 874 ⁸
2645 862 2710 884 Vers.
2725 862 2756 884 18.

2672 1699 2730 1720 ,nv
2715 1668 2831 1718 ”livall-
