<?xml version="1.0" encoding="UTF-8"?>
<!DOCTYPE html PUBLIC "-//W3C//DTD XHTML 1.0 Transitional//EN"
    "http://www.w3.org/TR/xhtml1/DTD/xhtml1-transitional.dtd">
<html xmlns="http://www.w3.org/1999/xhtml" xml:lang="en" lang="en">
 <head>
  <title>
</title>
<meta http-equiv="Content-Type" content="text/html;charset=utf-8" />
  <meta name='ocr-system' content='tesseract 3.04.00' />
  <meta name='ocr-capabilities' content='ocr_page ocr_carea ocr_par ocr_line ocrx_word'/>
</head>
<body>
  <div class='ocr_page' id='page_1' title='image "./operaomniaiussui08thom_0459.png"; bbox 0 0 2892 4056; ppageno 0'>
   <div class='ocr_carea' id='block_1_1' title="bbox 367 235 1425 314">
    <p class='ocr_par' dir='ltr' id='par_1_1' title="bbox 367 235 1425 314">
     <span class='ocr_line' id='line_1_1' title="bbox 367 235 1248 273; baseline 0.003 -12"><span class='ocrx_word' id='word_1_1' title='bbox 367 241 529 262; x_wconf 71' lang='lat' dir='ltr'>Ait-rimus</span> <span class='ocrx_word' id='word_1_2' title='bbox 549 241 579 262; x_wconf 79' lang='lat' dir='ltr'>vl</span> <span class='ocrx_word' id='word_1_3' title='bbox 630 235 732 263; x_wconf 83' lang='lat' dir='ltr'>Utrum</span> <span class='ocrx_word' id='word_1_4' title='bbox 754 237 921 264; x_wconf 87' lang='lat' dir='ltr'>scandalum</span> <span class='ocrx_word' id='word_1_5' title='bbox 949 235 1073 265; x_wconf 89' lang='lat' dir='ltr'>activum</span> <span class='ocrx_word' id='word_1_6' title='bbox 1093 236 1184 273; x_wconf 82' lang='lat' dir='ltr'>possit</span> <span class='ocrx_word' id='word_1_7' title='bbox 1204 236 1248 264; x_wconf 91' lang='lat' dir='ltr'>in-</span> 
     </span>
     <span class='ocr_line' id='line_1_2' title="bbox 643 274 1425 314; baseline 0.003 -12"><span class='ocrx_word' id='word_1_8' title='bbox 643 274 734 303; x_wconf 91' lang='lat' dir='ltr'>veniri</span> <span class='ocrx_word' id='word_1_9' title='bbox 753 275 783 303; x_wconf 92' lang='lat' dir='ltr'>in</span> <span class='ocrx_word' id='word_1_10' title='bbox 803 276 871 303; x_wconf 89' lang='lat' dir='ltr'>viris</span> <span class='ocrx_word' id='word_1_11' title='bbox 891 275 1021 312; x_wconf 84' lang='lat' dir='ltr'>perfectis</span> <span class='ocrx_word' id='word_1_12' title='bbox 1028 296 1244 305; x_wconf 88' lang='grc'><strong>........</strong></span> <span class='ocrx_word' id='word_1_13' title='bbox 1274 284 1346 314; x_wconf 78' lang='lat' dir='ltr'>pag.</span> <span class='ocrx_word' id='word_1_14' title='bbox 1371 276 1425 312; x_wconf 86' lang='lat'>327</span> 
     </span>
    </p>
   </div>
   <div class='ocr_carea' id='block_1_2' title="bbox 449 323 464 338">
    <p class='ocr_par' dir='ltr' id='par_1_2' title="bbox 449 323 464 338">
     <span class='ocr_line' id='line_1_3' title="bbox 449 323 464 338; baseline 0 0"><span class='ocrx_word' id='word_1_15' title='bbox 449 323 464 338; x_wconf 72' lang='grc' dir='ltr'><em>ὶ</em></span> 
     </span>
    </p>
   </div>
   <div class='ocr_carea' id='block_1_3' title="bbox 450 402 464 417">
    <p class='ocr_par' dir='ltr' id='par_1_3' title="bbox 450 402 464 417">
     <span class='ocr_line' id='line_1_4' title="bbox 450 402 464 417; baseline 0 0"><span class='ocrx_word' id='word_1_16' title='bbox 450 402 464 417; x_wconf 74' lang='lat'><strong>»</strong></span> 
     </span>
    </p>
   </div>
   <div class='ocr_carea' id='block_1_4' title="bbox 545 315 1248 469">
    <p class='ocr_par' dir='ltr' id='par_1_4' title="bbox 545 315 1248 469">
     <span class='ocr_line' id='line_1_5' title="bbox 545 315 1245 352; baseline 0.003 -11"><span class='ocrx_word' id='word_1_17' title='bbox 545 321 587 341; x_wconf 86' lang='lat' dir='ltr'>vn</span> <span class='ocrx_word' id='word_1_18' title='bbox 627 315 730 342; x_wconf 87' lang='lat' dir='ltr'>Utrum</span> <span class='ocrx_word' id='word_1_19' title='bbox 758 317 836 343; x_wconf 89' lang='lat' dir='ltr'>bona</span> <span class='ocrx_word' id='word_1_20' title='bbox 861 315 1019 352; x_wconf 80' lang='lat' dir='ltr'>spiritualia</span> <span class='ocrx_word' id='word_1_21' title='bbox 1045 315 1102 343; x_wconf 89' lang='lat' dir='ltr'>sint</span> <span class='ocrx_word' id='word_1_22' title='bbox 1127 322 1245 352; x_wconf 90' lang='lat' dir='ltr'>propter</span> 
     </span>
     <span class='ocr_line' id='line_1_6' title="bbox 646 354 1246 383; baseline 0.002 -1"><span class='ocrx_word' id='word_1_23' title='bbox 646 355 813 383; x_wconf 86' lang='lat' dir='ltr'>scandalum</span> <span class='ocrx_word' id='word_1_24' title='bbox 839 354 1009 383; x_wconf 88' lang='lat' dir='ltr'>dimittenda</span> <span class='ocrx_word' id='word_1_25' title='bbox 1030 376 1246 383; x_wconf 90' lang='grc'><strong><em>........</em></strong></span> 
     </span>
     <span class='ocr_line' id='line_1_7' title="bbox 547 394 1248 430; baseline 0.003 -10"><span class='ocrx_word' id='word_1_26' title='bbox 547 400 599 420; x_wconf 86' lang='lat' dir='ltr'>vm</span> <span class='ocrx_word' id='word_1_27' title='bbox 628 394 731 421; x_wconf 85' lang='lat' dir='ltr'><strong>Utrum</strong></span> <span class='ocrx_word' id='word_1_28' title='bbox 745 394 915 430; x_wconf 88' lang='lat' dir='ltr'>temporalia</span> <span class='ocrx_word' id='word_1_29' title='bbox 928 394 984 422; x_wconf 89' lang='lat' dir='ltr'>sint</span> <span class='ocrx_word' id='word_1_30' title='bbox 998 394 1167 422; x_wconf 83' lang='lat' dir='ltr'>dimittenda</span> <span class='ocrx_word' id='word_1_31' title='bbox 1181 403 1248 430; x_wconf 89' lang='lat' dir='ltr'>pro-</span> 
     </span>
     <span class='ocr_line' id='line_1_8' title="bbox 645 434 1245 469; baseline 0.002 -9"><span class='ocrx_word' id='word_1_32' title='bbox 645 439 709 469; x_wconf 88' lang='lat' dir='ltr'>pter</span> <span class='ocrx_word' id='word_1_33' title='bbox 729 434 896 462; x_wconf 86' lang='lat' dir='ltr'>scandalum</span> <span class='ocrx_word' id='word_1_34' title='bbox 905 454 1245 462; x_wconf 87' lang='grc'><strong>............</strong></span> 
     </span>
    </p>
   </div>
   <div class='ocr_carea' id='block_1_5' title="bbox 557 517 1233 616">
    <p class='ocr_par' dir='ltr' id='par_1_5' title="bbox 557 517 1233 616">
     <span class='ocr_line' id='line_1_9' title="bbox 557 517 1233 553; baseline 0.001 -8"><span class='ocrx_word' id='word_1_35' title='bbox 557 517 749 552; x_wconf 87' lang='lat' dir='ltr'>QUAESTIO</span> <span class='ocrx_word' id='word_1_36' title='bbox 773 518 1233 553; x_wconf 84' lang='lat' dir='ltr'>QUADRAGESIMAQUARTA</span> 
     </span>
     <span class='ocr_line' id='line_1_10' title="bbox 671 579 1127 616; baseline 0 -8"><span class='ocrx_word' id='word_1_37' title='bbox 671 579 722 608; x_wconf 90' lang='lat' dir='ltr'>De</span> <span class='ocrx_word' id='word_1_38' title='bbox 741 579 937 616; x_wconf 78' lang='lat' dir='ltr'><strong>praeceptis</strong></span> <span class='ocrx_word' id='word_1_39' title='bbox 958 579 1127 609; x_wconf 82' lang='lat' dir='ltr'>caritatis.</span> 
     </span>
    </p>
   </div>
   <div class='ocr_carea' id='block_1_6' title="bbox 368 650 1250 688">
    <p class='ocr_par' dir='ltr' id='par_1_6' title="bbox 368 650 1250 688">
     <span class='ocr_line' id='line_1_11' title="bbox 368 650 1250 688; baseline 0.001 -10"><span class='ocrx_word' id='word_1_40' title='bbox 368 658 531 679; x_wconf 71' lang='lat' dir='ltr'>Anncums</span> <span class='ocrx_word' id='word_1_41' title='bbox 545 659 556 678; x_wconf 91' lang='lat'>1</span> <span class='ocrx_word' id='word_1_42' title='bbox 628 651 731 678; x_wconf 88' lang='lat' dir='ltr'>Utrum</span> <span class='ocrx_word' id='word_1_43' title='bbox 750 651 786 679; x_wconf 88' lang='lat' dir='ltr'>de</span> <span class='ocrx_word' id='word_1_44' title='bbox 801 650 917 679; x_wconf 86' lang='lat' dir='ltr'>caritate</span> <span class='ocrx_word' id='word_1_45' title='bbox 931 652 1035 679; x_wconf 88' lang='lat' dir='ltr'>debeat</span> <span class='ocrx_word' id='word_1_46' title='bbox 1055 651 1117 679; x_wconf 86' lang='lat' dir='ltr'>dari</span> <span class='ocrx_word' id='word_1_47' title='bbox 1131 651 1250 688; x_wconf 84' lang='lat' dir='ltr'>aliquod</span> 
     </span>
    </p>
   </div>
   <div class='ocr_carea' id='block_1_7' title="bbox 451 740 465 755">
    <p class='ocr_par' dir='ltr' id='par_1_7' title="bbox 451 740 465 755">
     <span class='ocr_line' id='line_1_12' title="bbox 451 740 465 755; baseline 0 0"><span class='ocrx_word' id='word_1_48' title='bbox 451 740 465 755; x_wconf 61' lang='lat' dir='ltr'>D</span> 
     </span>
    </p>
   </div>
   <div class='ocr_carea' id='block_1_8' title="bbox 451 819 466 834">
    <p class='ocr_par' dir='ltr' id='par_1_8' title="bbox 451 819 466 834">
     <span class='ocr_line' id='line_1_13' title="bbox 451 819 466 834; baseline 0 0"><span class='ocrx_word' id='word_1_49' title='bbox 451 819 466 834; x_wconf 64' lang='lat' dir='ltr'><em>t</em></span> 
     </span>
    </p>
   </div>
   <div class='ocr_carea' id='block_1_9' title="bbox 452 898 466 913">
    <p class='ocr_par' dir='ltr' id='par_1_9' title="bbox 452 898 466 913">
     <span class='ocr_line' id='line_1_14' title="bbox 452 898 466 913; baseline 0 0"><span class='ocrx_word' id='word_1_50' title='bbox 452 898 466 913; x_wconf 66' lang='lat'>¹»</span> 
     </span>
    </p>
   </div>
   <div class='ocr_carea' id='block_1_10' title="bbox 546 696 1251 1003">
    <p class='ocr_par' dir='ltr' id='par_1_10' title="bbox 546 696 1251 1003">
     <span class='ocr_line' id='line_1_15' title="bbox 647 696 1245 726; baseline 0 -8"><span class='ocrx_word' id='word_1_51' title='bbox 647 696 833 726; x_wconf 86' lang='lat' dir='ltr'>praeceptum</span> <span class='ocrx_word' id='word_1_52' title='bbox 848 711 1245 719; x_wconf 87' lang='grc'><strong>..............</strong></span> 
     </span>
     <span class='ocr_line' id='line_1_16' title="bbox 546 729 1247 758; baseline 0.001 -1"><span class='ocrx_word' id='word_1_53' title='bbox 546 738 568 758; x_wconf 86' lang='grc'>11</span> <span class='ocrx_word' id='word_1_54' title='bbox 628 730 731 758; x_wconf 82' lang='lat' dir='ltr'>Utrum</span> <span class='ocrx_word' id='word_1_55' title='bbox 752 730 788 758; x_wconf 90' lang='lat' dir='ltr'>de</span> <span class='ocrx_word' id='word_1_56' title='bbox 808 729 924 758; x_wconf 86' lang='lat' dir='ltr'>caritate</span> <span class='ocrx_word' id='word_1_57' title='bbox 947 730 1052 758; x_wconf 84' lang='lat' dir='ltr'>fuerint</span> <span class='ocrx_word' id='word_1_58' title='bbox 1071 731 1168 758; x_wconf 85' lang='lat' dir='ltr'>danda</span> <span class='ocrx_word' id='word_1_59' title='bbox 1188 731 1247 758; x_wconf 92' lang='lat' dir='ltr'>duo</span> 
     </span>
     <span class='ocr_line' id='line_1_17' title="bbox 647 775 1247 805; baseline 0 -8"><span class='ocrx_word' id='word_1_60' title='bbox 647 775 800 805; x_wconf 84' lang='lat' dir='ltr'>praecepta</span> <span class='ocrx_word' id='word_1_61' title='bbox 817 790 1247 798; x_wconf 87' lang='grc'><strong>...............</strong></span> 
     </span>
     <span class='ocr_line' id='line_1_18' title="bbox 548 806 1249 846; baseline 0.001 -10"><span class='ocrx_word' id='word_1_62' title='bbox 548 817 580 836; x_wconf 87' lang='lat'>111</span> <span class='ocrx_word' id='word_1_63' title='bbox 629 809 732 836; x_wconf 89' lang='lat' dir='ltr'>Utrum</span> <span class='ocrx_word' id='word_1_64' title='bbox 764 806 908 836; x_wconf 88' lang='lat' dir='ltr'>sufficiant</span> <span class='ocrx_word' id='word_1_65' title='bbox 935 809 995 836; x_wconf 94' lang='lat' dir='ltr'>duo</span> <span class='ocrx_word' id='word_1_66' title='bbox 1024 816 1175 846; x_wconf 86' lang='lat' dir='ltr'>praecepta</span> <span class='ocrx_word' id='word_1_67' title='bbox 1203 818 1249 837; x_wconf 89' lang='lat' dir='ltr'>ca-</span> 
     </span>
     <span class='ocr_line' id='line_1_19' title="bbox 648 854 1249 876; baseline 0.002 -1"><span class='ocrx_word' id='word_1_68' title='bbox 648 854 738 876; x_wconf 74' lang='lat' dir='ltr'>ritatis</span> <span class='ocrx_word' id='word_1_69' title='bbox 766 869 1249 876; x_wconf 89' lang='grc'><strong>.................</strong></span> 
     </span>
     <span class='ocr_line' id='line_1_20' title="bbox 548 887 1251 923; baseline 0 -8"><span class='ocrx_word' id='word_1_70' title='bbox 548 895 579 915; x_wconf 88' lang='lat' dir='ltr'>rv</span> <span class='ocrx_word' id='word_1_71' title='bbox 628 888 731 915; x_wconf 87' lang='lat' dir='ltr'>Utrum</span> <span class='ocrx_word' id='word_1_72' title='bbox 763 887 967 915; x_wconf 88' lang='lat' dir='ltr'>convenienter</span> <span class='ocrx_word' id='word_1_73' title='bbox 991 888 1144 915; x_wconf 86' lang='lat' dir='ltr'>mandetur</span> <span class='ocrx_word' id='word_1_74' title='bbox 1171 887 1251 923; x_wconf 91' lang='lat' dir='ltr'>quod</span> 
     </span>
     <span class='ocr_line' id='line_1_21' title="bbox 648 926 1248 963; baseline -0.002 -9"><span class='ocrx_word' id='word_1_75' title='bbox 648 928 726 954; x_wconf 92' lang='lat' dir='ltr'>Deus</span> <span class='ocrx_word' id='word_1_76' title='bbox 747 926 880 963; x_wconf 85' lang='lat' dir='ltr'>diligatur</span> <span class='ocrx_word' id='word_1_77' title='bbox 901 935 940 954; x_wconf 86' lang='lat' dir='ltr'>ex</span> <span class='ocrx_word' id='word_1_78' title='bbox 961 932 1017 954; x_wconf 79' lang='lat' dir='ltr'>toto</span> <span class='ocrx_word' id='word_1_79' title='bbox 1038 927 1126 954; x_wconf 83' lang='lat' dir='ltr'>corde</span> <span class='ocrx_word' id='word_1_80' title='bbox 1148 948 1154 954; x_wconf 88' lang='lat'>.</span> <span class='ocrx_word' id='word_1_81' title='bbox 1179 947 1185 954; x_wconf 89' lang='lat'>.</span> <span class='ocrx_word' id='word_1_82' title='bbox 1210 947 1217 953; x_wconf 92' lang='lat'>.</span> <span class='ocrx_word' id='word_1_83' title='bbox 1241 946 1248 953; x_wconf 89' lang='lat'>.</span> 
     </span>
     <span class='ocr_line' id='line_1_22' title="bbox 549 965 1249 1003; baseline -0.003 -9"><span class='ocrx_word' id='word_1_84' title='bbox 549 974 569 993; x_wconf 87' lang='lat' dir='ltr'>v</span> <span class='ocrx_word' id='word_1_85' title='bbox 627 967 729 994; x_wconf 84' lang='lat' dir='ltr'>Utrum</span> <span class='ocrx_word' id='word_1_86' title='bbox 758 974 844 1001; x_wconf 88' lang='lat' dir='ltr'>super</span> <span class='ocrx_word' id='word_1_87' title='bbox 864 966 928 999; x_wconf 84' lang='lat' dir='ltr'>hoc,</span> <span class='ocrx_word' id='word_1_88' title='bbox 952 965 1069 1003; x_wconf 85' lang='lat' dir='ltr'>Diliges</span> <span class='ocrx_word' id='word_1_89' title='bbox 1091 965 1249 993; x_wconf 85' lang='lat' dir='ltr'>Dominum</span> 
     </span>
    </p>
   </div>
   <div class='ocr_carea' id='block_1_11' title="bbox 548 1005 1251 1358">
    <p class='ocr_par' dir='ltr' id='par_1_11' title="bbox 548 1005 1251 1358">
     <span class='ocr_line' id='line_1_23' title="bbox 648 1005 1247 1038; baseline 0 -6"><span class='ocrx_word' id='word_1_90' title='bbox 648 1006 744 1032; x_wconf 84' lang='lat' dir='ltr'>Deum</span> <span class='ocrx_word' id='word_1_91' title='bbox 766 1010 845 1032; x_wconf 80' lang='lat' dir='ltr'>tuum</span> <span class='ocrx_word' id='word_1_92' title='bbox 859 1013 899 1032; x_wconf 78' lang='lat' dir='ltr'>ex</span> <span class='ocrx_word' id='word_1_93' title='bbox 919 1010 976 1032; x_wconf 83' lang='lat' dir='ltr'>toto</span> <span class='ocrx_word' id='word_1_94' title='bbox 990 1005 1078 1032; x_wconf 84' lang='lat' dir='ltr'>corde</span> <span class='ocrx_word' id='word_1_95' title='bbox 1099 1010 1156 1038; x_wconf 82' lang='lat' dir='ltr'>tuo,</span> <span class='ocrx_word' id='word_1_96' title='bbox 1177 1014 1247 1033; x_wconf 90' lang='lat' dir='ltr'>con-</span> 
     </span>
     <span class='ocr_line' id='line_1_24' title="bbox 647 1044 1251 1079; baseline 0.002 -8"><span class='ocrx_word' id='word_1_97' title='bbox 647 1044 794 1072; x_wconf 89' lang='lat' dir='ltr'>venienter</span> <span class='ocrx_word' id='word_1_98' title='bbox 815 1045 946 1079; x_wconf 84' lang='lat' dir='ltr'>addatur,</span> <span class='ocrx_word' id='word_1_99' title='bbox 968 1050 996 1072; x_wconf 81' lang='lat' dir='ltr'>et</span> <span class='ocrx_word' id='word_1_100' title='bbox 1017 1053 1056 1072; x_wconf 85' lang='lat' dir='ltr'>ex</span> <span class='ocrx_word' id='word_1_101' title='bbox 1077 1050 1134 1072; x_wconf 84' lang='lat' dir='ltr'>tota</span> <span class='ocrx_word' id='word_1_102' title='bbox 1154 1045 1251 1072; x_wconf 82' lang='lat' dir='ltr'>anima</span> 
     </span>
     <span class='ocr_line' id='line_1_25' title="bbox 650 1084 1249 1121; baseline 0 -10"><span class='ocrx_word' id='word_1_103' title='bbox 650 1089 697 1111; x_wconf 80' lang='lat' dir='ltr'>tua</span> <span class='ocrx_word' id='word_1_104' title='bbox 719 1089 746 1111; x_wconf 84' lang='lat' dir='ltr'>et</span> <span class='ocrx_word' id='word_1_105' title='bbox 767 1092 806 1111; x_wconf 89' lang='lat' dir='ltr'>ex</span> <span class='ocrx_word' id='word_1_106' title='bbox 828 1089 886 1112; x_wconf 79' lang='lat' dir='ltr'>tota</span> <span class='ocrx_word' id='word_1_107' title='bbox 899 1084 1079 1121; x_wconf 81' lang='lat' dir='ltr'>fortitudine</span> <span class='ocrx_word' id='word_1_108' title='bbox 1103 1089 1159 1112; x_wconf 82' lang='lat' dir='ltr'>tua.</span> <span class='ocrx_word' id='word_1_109' title='bbox 1183 1105 1189 1111; x_wconf 92' lang='lat'>.</span> <span class='ocrx_word' id='word_1_110' title='bbox 1213 1106 1219 1112; x_wconf 92' lang='lat'>.</span> <span class='ocrx_word' id='word_1_111' title='bbox 1242 1105 1249 1111; x_wconf 88' lang='lat'>.</span> 
     </span>
     <span class='ocr_line' id='line_1_26' title="bbox 548 1123 1247 1160; baseline 0 -9"><span class='ocrx_word' id='word_1_112' title='bbox 548 1131 579 1151; x_wconf 82' lang='lat' dir='ltr'>VI</span> <span class='ocrx_word' id='word_1_113' title='bbox 628 1124 731 1151; x_wconf 89' lang='lat' dir='ltr'>Utrum</span> <span class='ocrx_word' id='word_1_114' title='bbox 752 1124 809 1152; x_wconf 79' lang='lat' dir='ltr'>hec</span> <span class='ocrx_word' id='word_1_115' title='bbox 828 1130 1013 1160; x_wconf 89' lang='lat' dir='ltr'>praeceptum</span> <span class='ocrx_word' id='word_1_116' title='bbox 1039 1124 1074 1151; x_wconf 91' lang='lat' dir='ltr'>de</span> <span class='ocrx_word' id='word_1_117' title='bbox 1095 1123 1247 1152; x_wconf 86' lang='lat' dir='ltr'>dilectione</span> 
     </span>
     <span class='ocr_line' id='line_1_27' title="bbox 649 1163 1249 1199; baseline 0 -8"><span class='ocrx_word' id='word_1_118' title='bbox 649 1163 702 1191; x_wconf 92' lang='lat' dir='ltr'>Dei</span> <span class='ocrx_word' id='word_1_119' title='bbox 722 1163 814 1199; x_wconf 86' lang='lat' dir='ltr'>possit</span> <span class='ocrx_word' id='word_1_120' title='bbox 841 1163 871 1191; x_wconf 90' lang='lat' dir='ltr'>in</span> <span class='ocrx_word' id='word_1_121' title='bbox 891 1163 937 1191; x_wconf 90' lang='lat' dir='ltr'>via</span> <span class='ocrx_word' id='word_1_122' title='bbox 956 1163 1070 1199; x_wconf 91' lang='lat' dir='ltr'>impleri</span> <span class='ocrx_word' id='word_1_123' title='bbox 1093 1184 1249 1191; x_wconf 91' lang='grc'><strong><em>......</em></strong></span> 
     </span>
     <span class='ocr_line' id='line_1_28' title="bbox 550 1203 1251 1239; baseline -0.001 -8"><span class='ocrx_word' id='word_1_124' title='bbox 550 1211 591 1231; x_wconf 87' lang='lat' dir='ltr'>vn</span> <span class='ocrx_word' id='word_1_125' title='bbox 632 1204 734 1231; x_wconf 90' lang='lat' dir='ltr'>Utrum</span> <span class='ocrx_word' id='word_1_126' title='bbox 748 1203 952 1232; x_wconf 87' lang='lat' dir='ltr'>convenienter</span> <span class='ocrx_word' id='word_1_127' title='bbox 966 1204 1049 1231; x_wconf 89' lang='lat' dir='ltr'>detur</span> <span class='ocrx_word' id='word_1_128' title='bbox 1066 1210 1251 1239; x_wconf 89' lang='lat' dir='ltr'>praeceptum</span> 
     </span>
     <span class='ocr_line' id='line_1_29' title="bbox 650 1242 1248 1279; baseline 0 -9"><span class='ocrx_word' id='word_1_129' title='bbox 650 1243 686 1270; x_wconf 94' lang='lat' dir='ltr'>de</span> <span class='ocrx_word' id='word_1_130' title='bbox 707 1242 860 1271; x_wconf 85' lang='lat' dir='ltr'>dilectione</span> <span class='ocrx_word' id='word_1_131' title='bbox 887 1242 1011 1279; x_wconf 86' lang='lat' dir='ltr'>proximi</span> <span class='ocrx_word' id='word_1_132' title='bbox 1033 1264 1248 1270; x_wconf 90' lang='grc'><strong>........</strong></span> 
     </span>
     <span class='ocr_line' id='line_1_30' title="bbox 551 1282 1250 1318; baseline 0 -8"><span class='ocrx_word' id='word_1_133' title='bbox 551 1289 602 1310; x_wconf 88' lang='lat' dir='ltr'>vm</span> <span class='ocrx_word' id='word_1_134' title='bbox 630 1283 733 1310; x_wconf 91' lang='lat' dir='ltr'>Utrum</span> <span class='ocrx_word' id='word_1_135' title='bbox 755 1283 828 1310; x_wconf 91' lang='lat' dir='ltr'>ordo</span> <span class='ocrx_word' id='word_1_136' title='bbox 850 1282 974 1310; x_wconf 87' lang='lat' dir='ltr'>caritatis</span> <span class='ocrx_word' id='word_1_137' title='bbox 995 1283 1078 1310; x_wconf 88' lang='lat' dir='ltr'>cadat</span> <span class='ocrx_word' id='word_1_138' title='bbox 1098 1283 1151 1310; x_wconf 91' lang='lat' dir='ltr'>sub</span> <span class='ocrx_word' id='word_1_139' title='bbox 1168 1291 1250 1318; x_wconf 88' lang='lat' dir='ltr'>prae-</span> 
     </span>
     <span class='ocr_line' id='line_1_31' title="bbox 651 1328 1250 1358; baseline -0.002 -8"><span class='ocrx_word' id='word_1_140' title='bbox 651 1328 735 1358; x_wconf 90' lang='lat' dir='ltr'>cepto</span> <span class='ocrx_word' id='word_1_141' title='bbox 764 1343 1250 1350; x_wconf 80' lang='lat'><strong>.................</strong></span> 
     </span>
    </p>
   </div>
   <div class='ocr_carea' id='block_1_12' title="bbox 570 1408 1233 1503">
    <p class='ocr_par' dir='ltr' id='par_1_12' title="bbox 570 1408 1233 1503">
     <span class='ocr_line' id='line_1_32' title="bbox 570 1408 1233 1443; baseline 0 -7"><span class='ocrx_word' id='word_1_142' title='bbox 570 1408 763 1443; x_wconf 85' lang='lat' dir='ltr'>QUAESTIO</span> <span class='ocrx_word' id='word_1_143' title='bbox 786 1408 1233 1443; x_wconf 86' lang='lat' dir='ltr'>QUADRAGESIMAQUINTA</span> 
     </span>
     <span class='ocr_line' id='line_1_33' title="bbox 710 1467 1098 1503; baseline -0.003 -6"><span class='ocrx_word' id='word_1_144' title='bbox 710 1469 759 1497; x_wconf 91' lang='lat' dir='ltr'>De</span> <span class='ocrx_word' id='word_1_145' title='bbox 781 1467 871 1497; x_wconf 87' lang='lat' dir='ltr'>douo</span> <span class='ocrx_word' id='word_1_146' title='bbox 893 1468 1098 1503; x_wconf 79' lang='lat' dir='ltr'>sapientiae.</span> 
     </span>
    </p>
   </div>
   <div class='ocr_carea' id='block_1_13' title="bbox 373 1539 1253 1576">
    <p class='ocr_par' dir='ltr' id='par_1_13' title="bbox 373 1539 1253 1576">
     <span class='ocr_line' id='line_1_34' title="bbox 373 1539 1253 1576; baseline -0.008 -3"><span class='ocrx_word' id='word_1_147' title='bbox 373 1550 537 1573; x_wconf 59' lang='lat' dir='ltr'>Alimentus</span> <span class='ocrx_word' id='word_1_148' title='bbox 550 1550 562 1571; x_wconf 94' lang='lat'>1</span> <span class='ocrx_word' id='word_1_149' title='bbox 631 1541 735 1569; x_wconf 84' lang='lat' dir='ltr'>Utrum</span> <span class='ocrx_word' id='word_1_150' title='bbox 766 1539 906 1576; x_wconf 83' lang='lat' dir='ltr'>sapientia</span> <span class='ocrx_word' id='word_1_151' title='bbox 937 1539 1041 1567; x_wconf 90' lang='lat' dir='ltr'>debeat</span> <span class='ocrx_word' id='word_1_152' title='bbox 1070 1539 1144 1567; x_wconf 88' lang='lat' dir='ltr'>inter</span> <span class='ocrx_word' id='word_1_153' title='bbox 1174 1540 1253 1567; x_wconf 89' lang='lat' dir='ltr'>dona</span> 
     </span>
    </p>
   </div>
   <div class='ocr_carea' id='block_1_14' title="bbox 552 1578 1258 2013">
    <p class='ocr_par' dir='ltr' id='par_1_14' title="bbox 552 1578 1258 2013">
     <span class='ocr_line' id='line_1_35' title="bbox 651 1578 1253 1616; baseline -0.002 -9"><span class='ocrx_word' id='word_1_154' title='bbox 651 1579 774 1616; x_wconf 89' lang='lat' dir='ltr'>Spiritus</span> <span class='ocrx_word' id='word_1_155' title='bbox 795 1579 892 1607; x_wconf 82' lang='lat' dir='ltr'>Sancti</span> <span class='ocrx_word' id='word_1_156' title='bbox 913 1578 1075 1615; x_wconf 88' lang='lat' dir='ltr'>computari</span> <span class='ocrx_word' id='word_1_157' title='bbox 1096 1600 1253 1607; x_wconf 90' lang='grc'>......</span> 
     </span>
     <span class='ocr_line' id='line_1_36' title="bbox 552 1618 1254 1655; baseline -0.006 -5"><span class='ocrx_word' id='word_1_158' title='bbox 552 1629 574 1650; x_wconf 85' lang='lat' dir='ltr'>n</span> <span class='ocrx_word' id='word_1_159' title='bbox 631 1620 734 1648; x_wconf 89' lang='lat' dir='ltr'>Utrum</span> <span class='ocrx_word' id='word_1_160' title='bbox 755 1618 895 1655; x_wconf 81' lang='lat' dir='ltr'>sapientia</span> <span class='ocrx_word' id='word_1_161' title='bbox 915 1618 951 1646; x_wconf 85' lang='lat' dir='ltr'>sit</span> <span class='ocrx_word' id='word_1_162' title='bbox 972 1618 1002 1646; x_wconf 90' lang='lat' dir='ltr'>in</span> <span class='ocrx_word' id='word_1_163' title='bbox 1016 1618 1160 1647; x_wconf 89' lang='lat' dir='ltr'>intellectu</span> <span class='ocrx_word' id='word_1_164' title='bbox 1181 1618 1254 1647; x_wconf 91' lang='lat' dir='ltr'>sicut</span> 
     </span>
     <span class='ocr_line' id='line_1_37' title="bbox 653 1659 1254 1687; baseline -0.002 0"><span class='ocrx_word' id='word_1_165' title='bbox 653 1659 684 1687; x_wconf 89' lang='lat' dir='ltr'>in</span> <span class='ocrx_word' id='word_1_166' title='bbox 705 1659 833 1687; x_wconf 90' lang='lat' dir='ltr'>subiecto</span> <span class='ocrx_word' id='word_1_167' title='bbox 857 1678 1254 1686; x_wconf 90' lang='grc'><strong>..............</strong></span> 
     </span>
     <span class='ocr_line' id='line_1_38' title="bbox 552 1697 1254 1734; baseline -0.003 -6"><span class='ocrx_word' id='word_1_168' title='bbox 552 1708 586 1728; x_wconf 90' lang='lat'>111</span> <span class='ocrx_word' id='word_1_169' title='bbox 634 1700 738 1728; x_wconf 89' lang='lat' dir='ltr'>Utrum</span> <span class='ocrx_word' id='word_1_170' title='bbox 751 1698 890 1734; x_wconf 87' lang='lat' dir='ltr'>sapientia</span> <span class='ocrx_word' id='word_1_171' title='bbox 899 1697 935 1725; x_wconf 90' lang='lat' dir='ltr'>sit</span> <span class='ocrx_word' id='word_1_172' title='bbox 948 1697 1122 1734; x_wconf 88' lang='lat' dir='ltr'>speculativa</span> <span class='ocrx_word' id='word_1_173' title='bbox 1131 1704 1254 1733; x_wconf 84' lang='lat' dir='ltr'>tantum,</span> 
     </span>
     <span class='ocr_line' id='line_1_39' title="bbox 654 1737 1252 1774; baseline -0.002 -8"><span class='ocrx_word' id='word_1_174' title='bbox 654 1748 692 1767; x_wconf 85' lang='lat' dir='ltr'>an</span> <span class='ocrx_word' id='word_1_175' title='bbox 713 1738 799 1766; x_wconf 87' lang='lat' dir='ltr'>etiam</span> <span class='ocrx_word' id='word_1_176' title='bbox 820 1737 962 1774; x_wconf 88' lang='lat' dir='ltr'>practica.</span> <span class='ocrx_word' id='word_1_177' title='bbox 986 1760 992 1766; x_wconf 87' lang='lat'>.</span> <span class='ocrx_word' id='word_1_178' title='bbox 1016 1759 1022 1765; x_wconf 95' lang='lat'>.</span> <span class='ocrx_word' id='word_1_179' title='bbox 1046 1759 1052 1765; x_wconf 90' lang='lat'>.</span> <span class='ocrx_word' id='word_1_180' title='bbox 1068 1753 1074 1758; x_wconf 91' lang='lat'><em>·</em></span> <span class='ocrx_word' id='word_1_181' title='bbox 1076 1758 1252 1765; x_wconf 92' lang='grc'><em>......</em></span> 
     </span>
     <span class='ocr_line' id='line_1_40' title="bbox 554 1776 1254 1814; baseline -0.004 -6"><span class='ocrx_word' id='word_1_182' title='bbox 554 1787 584 1808; x_wconf 80' lang='lat' dir='ltr'>tv</span> <span class='ocrx_word' id='word_1_183' title='bbox 633 1780 737 1807; x_wconf 83' lang='lat' dir='ltr'>Utrum</span> <span class='ocrx_word' id='word_1_184' title='bbox 751 1777 891 1814; x_wconf 87' lang='lat' dir='ltr'>sapientia</span> <span class='ocrx_word' id='word_1_185' title='bbox 904 1776 995 1813; x_wconf 87' lang='lat' dir='ltr'>possit</span> <span class='ocrx_word' id='word_1_186' title='bbox 1008 1786 1070 1805; x_wconf 91' lang='lat' dir='ltr'>esse</span> <span class='ocrx_word' id='word_1_187' title='bbox 1084 1777 1146 1805; x_wconf 85' lang='lat' dir='ltr'>sine</span> <span class='ocrx_word' id='word_1_188' title='bbox 1156 1777 1254 1814; x_wconf 86' lang='lat' dir='ltr'>gratia,</span> 
     </span>
     <span class='ocr_line' id='line_1_41' title="bbox 655 1817 1253 1854; baseline -0.003 -8"><span class='ocrx_word' id='word_1_189' title='bbox 655 1827 720 1846; x_wconf 90' lang='lat' dir='ltr'>cum</span> <span class='ocrx_word' id='word_1_190' title='bbox 741 1823 861 1854; x_wconf 84' lang='lat' dir='ltr'>peccato</span> <span class='ocrx_word' id='word_1_191' title='bbox 882 1817 997 1845; x_wconf 82' lang='lat' dir='ltr'>mortali</span> <span class='ocrx_word' id='word_1_192' title='bbox 1005 1838 1253 1845; x_wconf 90' lang='grc'><em>.........</em></span> 
     </span>
     <span class='ocr_line' id='line_1_42' title="bbox 556 1856 1256 1894; baseline -0.004 -7"><span class='ocrx_word' id='word_1_193' title='bbox 556 1867 576 1887; x_wconf 86' lang='lat' dir='ltr'><strong>v</strong></span> <span class='ocrx_word' id='word_1_194' title='bbox 635 1859 738 1886; x_wconf 89' lang='lat' dir='ltr'>Utrum</span> <span class='ocrx_word' id='word_1_195' title='bbox 765 1856 906 1894; x_wconf 86' lang='lat' dir='ltr'>sapientia</span> <span class='ocrx_word' id='word_1_196' title='bbox 931 1856 967 1884; x_wconf 89' lang='lat' dir='ltr'>sit</span> <span class='ocrx_word' id='word_1_197' title='bbox 991 1856 1021 1884; x_wconf 90' lang='lat' dir='ltr'>in</span> <span class='ocrx_word' id='word_1_198' title='bbox 1042 1856 1178 1885; x_wconf 89' lang='lat' dir='ltr'>omnibus</span> <span class='ocrx_word' id='word_1_199' title='bbox 1205 1857 1256 1884; x_wconf 89' lang='lat' dir='ltr'>ha-</span> 
     </span>
     <span class='ocr_line' id='line_1_43' title="bbox 654 1896 1254 1934; baseline -0.003 -9"><span class='ocrx_word' id='word_1_200' title='bbox 654 1897 787 1925; x_wconf 87' lang='lat' dir='ltr'>bentibus</span> <span class='ocrx_word' id='word_1_201' title='bbox 808 1896 928 1934; x_wconf 86' lang='lat' dir='ltr'>gratiam</span> <span class='ocrx_word' id='word_1_202' title='bbox 945 1917 1254 1925; x_wconf 87' lang='grc'><strong>...........</strong></span> 
     </span>
     <span class='ocr_line' id='line_1_44' title="bbox 556 1936 1258 1973; baseline -0.004 -7"><span class='ocrx_word' id='word_1_203' title='bbox 556 1945 587 1966; x_wconf 76' lang='lat' dir='ltr'>VI</span> <span class='ocrx_word' id='word_1_204' title='bbox 636 1938 738 1966; x_wconf 89' lang='lat' dir='ltr'>Utrum</span> <span class='ocrx_word' id='word_1_205' title='bbox 768 1936 890 1973; x_wconf 88' lang='lat' dir='ltr'>septima</span> <span class='ocrx_word' id='word_1_206' title='bbox 909 1936 1057 1964; x_wconf 84' lang='lat' dir='ltr'>beatitudo</span> <span class='ocrx_word' id='word_1_207' title='bbox 1084 1936 1258 1973; x_wconf 83' lang='lat' dir='ltr'>respondeat</span> 
     </span>
     <span class='ocr_line' id='line_1_45' title="bbox 655 1976 1255 2013; baseline -0.003 -8"><span class='ocrx_word' id='word_1_208' title='bbox 655 1977 734 2005; x_wconf 90' lang='lat' dir='ltr'>dono</span> <span class='ocrx_word' id='word_1_209' title='bbox 756 1976 912 2013; x_wconf 87' lang='lat' dir='ltr'>sapientiae</span> <span class='ocrx_word' id='word_1_210' title='bbox 915 1996 1255 2004; x_wconf 87' lang='grc'><strong>............</strong></span> 
     </span>
    </p>
   </div>
   <div class='ocr_carea' id='block_1_15' title="bbox 587 2055 1230 2143">
    <p class='ocr_par' dir='ltr' id='par_1_15' title="bbox 587 2055 1230 2143">
     <span class='ocr_line' id='line_1_46' title="bbox 587 2055 1230 2092; baseline -0.002 -8"><span class='ocrx_word' id='word_1_211' title='bbox 587 2055 780 2092; x_wconf 84' lang='lat' dir='ltr'>QUAESTIO</span> <span class='ocrx_word' id='word_1_212' title='bbox 803 2055 1230 2090; x_wconf 83' lang='lat' dir='ltr'>QUADRAGESIMASEXTA</span> 
     </span>
     <span class='ocr_line' id='line_1_47' title="bbox 790 2115 1018 2143; baseline 0 0"><span class='ocrx_word' id='word_1_213' title='bbox 790 2115 840 2143; x_wconf 90' lang='lat' dir='ltr'>De</span> <span class='ocrx_word' id='word_1_214' title='bbox 861 2115 1018 2143; x_wconf 85' lang='lat' dir='ltr'>stultitia.</span> 
     </span>
    </p>
   </div>
   <div class='ocr_carea' id='block_1_16' title="bbox 377 2186 1255 2223">
    <p class='ocr_par' dir='ltr' id='par_1_16' title="bbox 377 2186 1255 2223">
     <span class='ocr_line' id='line_1_48' title="bbox 377 2186 1255 2223; baseline -0.007 -3"><span class='ocrx_word' id='word_1_215' title='bbox 377 2197 541 2220; x_wconf 56' lang='lat' dir='ltr'>amamus</span> <span class='ocrx_word' id='word_1_216' title='bbox 554 2197 566 2217; x_wconf 93' lang='lat'>1</span> <span class='ocrx_word' id='word_1_217' title='bbox 634 2188 737 2216; x_wconf 88' lang='lat' dir='ltr'>Utrum</span> <span class='ocrx_word' id='word_1_218' title='bbox 758 2186 877 2214; x_wconf 92' lang='lat' dir='ltr'>stultitia</span> <span class='ocrx_word' id='word_1_219' title='bbox 904 2193 1070 2223; x_wconf 88' lang='lat' dir='ltr'>opponatur</span> <span class='ocrx_word' id='word_1_220' title='bbox 1090 2186 1255 2223; x_wconf 88' lang='lat' dir='ltr'>sapientiae.</span> 
     </span>
    </p>
   </div>
   <div class='ocr_carea' id='block_1_17' title="bbox 460 2240 476 2295">
    <p class='ocr_par' dir='ltr' id='par_1_17' title="bbox 460 2240 476 2295">
     <span class='ocr_line' id='line_1_49' title="bbox 460 2240 475 2255; baseline 0 0"><span class='ocrx_word' id='word_1_221' title='bbox 460 2240 475 2255; x_wconf 60' lang='lat' dir='ltr'>D</span> 
     </span>
     <span class='ocr_line' id='line_1_50' title="bbox 460 2279 476 2295; baseline 0 0"><span class='ocrx_word' id='word_1_222' title='bbox 460 2279 476 2295; x_wconf 59' lang='lat' dir='ltr'><em>t</em></span> 
     </span>
    </p>
   </div>
   <div class='ocr_carea' id='block_1_18' title="bbox 556 2225 1257 2296">
    <p class='ocr_par' dir='ltr' id='par_1_18' title="bbox 556 2225 1257 2296">
     <span class='ocr_line' id='line_1_51' title="bbox 556 2225 1257 2262; baseline -0.003 -6"><span class='ocrx_word' id='word_1_223' title='bbox 556 2236 579 2256; x_wconf 86' lang='lat' dir='ltr'>n</span> <span class='ocrx_word' id='word_1_224' title='bbox 635 2227 739 2255; x_wconf 86' lang='lat' dir='ltr'>Utrum</span> <span class='ocrx_word' id='word_1_225' title='bbox 760 2226 878 2254; x_wconf 87' lang='lat' dir='ltr'>stultitia</span> <span class='ocrx_word' id='word_1_226' title='bbox 899 2225 933 2254; x_wconf 91' lang='lat' dir='ltr'>sit</span> <span class='ocrx_word' id='word_1_227' title='bbox 953 2232 1103 2262; x_wconf 89' lang='lat' dir='ltr'>peccatum</span> <span class='ocrx_word' id='word_1_228' title='bbox 1130 2247 1257 2254; x_wconf 90' lang='grc'><strong>.....</strong></span> 
     </span>
     <span class='ocr_line' id='line_1_52' title="bbox 556 2265 1253 2296; baseline -0.004 0"><span class='ocrx_word' id='word_1_229' title='bbox 556 2275 590 2296; x_wconf 86' lang='lat' dir='ltr'>m</span> <span class='ocrx_word' id='word_1_230' title='bbox 636 2267 739 2294; x_wconf 82' lang='lat' dir='ltr'>Utrum</span> <span class='ocrx_word' id='word_1_231' title='bbox 761 2265 880 2294; x_wconf 85' lang='lat' dir='ltr'>stultitia</span> <span class='ocrx_word' id='word_1_232' title='bbox 900 2265 936 2293; x_wconf 91' lang='lat' dir='ltr'>sit</span> <span class='ocrx_word' id='word_1_233' title='bbox 955 2265 1015 2294; x_wconf 89' lang='lat' dir='ltr'>filia</span> <span class='ocrx_word' id='word_1_234' title='bbox 1035 2265 1162 2294; x_wconf 82' lang='lat' dir='ltr'>luxuriae</span> <span class='ocrx_word' id='word_1_235' title='bbox 1185 2287 1192 2293; x_wconf 92' lang='lat'>.</span> <span class='ocrx_word' id='word_1_236' title='bbox 1216 2287 1223 2293; x_wconf 88' lang='lat'>.</span> <span class='ocrx_word' id='word_1_237' title='bbox 1246 2287 1253 2293; x_wconf 89' lang='lat'>.</span> 
     </span>
    </p>
   </div>
   <div class='ocr_carea' id='block_1_19' title="bbox 570 2345 1251 2441">
    <p class='ocr_par' dir='ltr' id='par_1_19' title="bbox 570 2345 1251 2441">
     <span class='ocr_line' id='line_1_53' title="bbox 570 2345 1251 2382; baseline -0.001 -8"><span class='ocrx_word' id='word_1_238' title='bbox 570 2345 762 2382; x_wconf 87' lang='lat' dir='ltr'>QUAESTIO</span> <span class='ocrx_word' id='word_1_239' title='bbox 785 2345 1251 2379; x_wconf 84' lang='lat' dir='ltr'>QUADRAGESIMASEPTIMA</span> 
     </span>
     <span class='ocr_line' id='line_1_54' title="bbox 645 2403 1173 2441; baseline -0.004 -7"><span class='ocrx_word' id='word_1_240' title='bbox 645 2406 695 2434; x_wconf 90' lang='lat' dir='ltr'>De</span> <span class='ocrx_word' id='word_1_241' title='bbox 714 2403 896 2441; x_wconf 86' lang='lat' dir='ltr'>prudentia</span> <span class='ocrx_word' id='word_1_242' title='bbox 916 2403 1102 2434; x_wconf 82' lang='lat' dir='ltr'>secundum</span> <span class='ocrx_word' id='word_1_243' title='bbox 1123 2411 1173 2433; x_wconf 80' lang='lat' dir='ltr'>se.</span> 
     </span>
    </p>
   </div>
   <div class='ocr_carea' id='block_1_20' title="bbox 381 2473 1260 2511">
    <p class='ocr_par' dir='ltr' id='par_1_20' title="bbox 381 2473 1260 2511">
     <span class='ocr_line' id='line_1_55' title="bbox 381 2473 1260 2511; baseline -0.007 -3"><span class='ocrx_word' id='word_1_244' title='bbox 381 2485 544 2508; x_wconf 53' lang='lat' dir='ltr'>sanemus</span> <span class='ocrx_word' id='word_1_245' title='bbox 557 2485 568 2505; x_wconf 86' lang='grc'>1</span> <span class='ocrx_word' id='word_1_246' title='bbox 638 2476 741 2503; x_wconf 87' lang='lat' dir='ltr'>Utrum</span> <span class='ocrx_word' id='word_1_247' title='bbox 756 2473 907 2510; x_wconf 89' lang='lat' dir='ltr'>prudentia</span> <span class='ocrx_word' id='word_1_248' title='bbox 922 2474 957 2502; x_wconf 92' lang='lat' dir='ltr'>sit</span> <span class='ocrx_word' id='word_1_249' title='bbox 971 2474 1000 2502; x_wconf 89' lang='lat' dir='ltr'>in</span> <span class='ocrx_word' id='word_1_250' title='bbox 1014 2473 1042 2502; x_wconf 91' lang='lat' dir='ltr'>vi</span> <span class='ocrx_word' id='word_1_251' title='bbox 1056 2473 1260 2511; x_wconf 88' lang='lat' dir='ltr'>cognoscitiva‚</span> 
     </span>
    </p>
   </div>
   <div class='ocr_carea' id='block_1_21' title="bbox 464 2568 478 2584">
    <p class='ocr_par' dir='ltr' id='par_1_21' title="bbox 464 2568 478 2584">
     <span class='ocr_line' id='line_1_56' title="bbox 464 2568 478 2584; baseline 0 0"><span class='ocrx_word' id='word_1_252' title='bbox 464 2568 478 2584; x_wconf 64' lang='lat'>²</span> 
     </span>
    </p>
   </div>
   <div class='ocr_carea' id='block_1_22' title="bbox 559 2513 1265 3532">
    <p class='ocr_par' dir='ltr' id='par_1_22' title="bbox 661 2513 1260 2550">
     <span class='ocr_line' id='line_1_57' title="bbox 661 2513 1260 2550; baseline 0 -9"><span class='ocrx_word' id='word_1_253' title='bbox 661 2523 699 2542; x_wconf 89' lang='lat' dir='ltr'>an</span> <span class='ocrx_word' id='word_1_254' title='bbox 726 2514 756 2541; x_wconf 91' lang='lat' dir='ltr'>in</span> <span class='ocrx_word' id='word_1_255' title='bbox 777 2513 932 2550; x_wconf 87' lang='lat' dir='ltr'>appetitiva</span> <span class='ocrx_word' id='word_1_256' title='bbox 954 2534 1260 2542; x_wconf 89' lang='grc'><strong><em>...........</em></strong></span> 
     </span>
    </p>

    <p class='ocr_par' dir='ltr' id='par_1_23' title="bbox 559 2553 1261 2629">
     <span class='ocr_line' id='line_1_58' title="bbox 559 2553 1260 2590; baseline -0.004 -6"><span class='ocrx_word' id='word_1_257' title='bbox 559 2564 582 2584; x_wconf 89' lang='lat'>11</span> <span class='ocrx_word' id='word_1_258' title='bbox 641 2555 742 2582; x_wconf 89' lang='lat' dir='ltr'>Utrum</span> <span class='ocrx_word' id='word_1_259' title='bbox 769 2553 922 2590; x_wconf 87' lang='lat' dir='ltr'>prudentia</span> <span class='ocrx_word' id='word_1_260' title='bbox 946 2553 1086 2590; x_wconf 89' lang='lat' dir='ltr'>pertineat</span> <span class='ocrx_word' id='word_1_261' title='bbox 1107 2553 1202 2581; x_wconf 89' lang='lat' dir='ltr'>solum</span> <span class='ocrx_word' id='word_1_262' title='bbox 1223 2554 1260 2581; x_wconf 88' lang='lat' dir='ltr'>ad</span> 
     </span>
     <span class='ocr_line' id='line_1_59' title="bbox 660 2592 1261 2629; baseline -0.003 -7"><span class='ocrx_word' id='word_1_263' title='bbox 660 2593 804 2622; x_wconf 89' lang='lat' dir='ltr'>rationem</span> <span class='ocrx_word' id='word_1_264' title='bbox 834 2593 1006 2629; x_wconf 85' lang='lat' dir='ltr'>practicam,</span> <span class='ocrx_word' id='word_1_265' title='bbox 1038 2601 1076 2620; x_wconf 90' lang='lat' dir='ltr'>an</span> <span class='ocrx_word' id='word_1_266' title='bbox 1107 2592 1193 2620; x_wconf 90' lang='lat' dir='ltr'>etiam</span> <span class='ocrx_word' id='word_1_267' title='bbox 1223 2593 1261 2621; x_wconf 90' lang='lat' dir='ltr'>ad</span> 
     </span>
    </p>

    <p class='ocr_par' dir='ltr' id='par_1_24' title="bbox 661 2632 1260 2670">
     <span class='ocr_line' id='line_1_60' title="bbox 661 2632 1260 2670; baseline -0.003 -8"><span class='ocrx_word' id='word_1_268' title='bbox 661 2632 864 2670; x_wconf 80' lang='lat' dir='ltr'>speculativam</span> <span class='ocrx_word' id='word_1_269' title='bbox 895 2653 1260 2660; x_wconf 89' lang='grc'><strong>.............</strong></span> 
     </span>
    </p>

    <p class='ocr_par' dir='ltr' id='par_1_25' title="bbox 642 2671 1262 2750">
     <span class='ocr_line' id='line_1_61' title="bbox 642 2671 1262 2709; baseline -0.005 -7"><span class='ocrx_word' id='word_1_270' title='bbox 642 2675 745 2702; x_wconf 88' lang='lat' dir='ltr'>Utrum</span> <span class='ocrx_word' id='word_1_271' title='bbox 766 2672 918 2709; x_wconf 89' lang='lat' dir='ltr'>prudentia</span> <span class='ocrx_word' id='word_1_272' title='bbox 938 2671 974 2700; x_wconf 89' lang='lat' dir='ltr'>sit</span> <span class='ocrx_word' id='word_1_273' title='bbox 992 2671 1186 2708; x_wconf 83' lang='lat' dir='ltr'>cognoscitiva</span> <span class='ocrx_word' id='word_1_274' title='bbox 1204 2671 1262 2699; x_wconf 89' lang='lat' dir='ltr'>sin-</span> 
     </span>
     <span class='ocr_line' id='line_1_62' title="bbox 661 2712 1260 2750; baseline -0.002 -10"><span class='ocrx_word' id='word_1_275' title='bbox 661 2712 804 2750; x_wconf 84' lang='lat' dir='ltr'>gularium</span> <span class='ocrx_word' id='word_1_276' title='bbox 833 2733 1260 2741; x_wconf 89' lang='grc'><strong>...............</strong></span> 
     </span>
    </p>

    <p class='ocr_par' dir='ltr' id='par_1_26' title="bbox 641 2751 1262 2899">
     <span class='ocr_line' id='line_1_63' title="bbox 642 2751 1260 2788; baseline -0.002 -8"><span class='ocrx_word' id='word_1_277' title='bbox 642 2753 745 2780; x_wconf 89' lang='lat' dir='ltr'>Utrum</span> <span class='ocrx_word' id='word_1_278' title='bbox 766 2751 919 2788; x_wconf 89' lang='lat' dir='ltr'>prudentia</span> <span class='ocrx_word' id='word_1_279' title='bbox 939 2751 975 2779; x_wconf 90' lang='lat' dir='ltr'>sit</span> <span class='ocrx_word' id='word_1_280' title='bbox 994 2751 1083 2779; x_wconf 87' lang='lat' dir='ltr'>virtus</span> <span class='ocrx_word' id='word_1_281' title='bbox 1103 2772 1260 2779; x_wconf 89' lang='grc'><strong>......</strong></span> 
     </span>
     <span class='ocr_line' id='line_1_64' title="bbox 641 2790 1260 2828; baseline -0.003 -8"><span class='ocrx_word' id='word_1_282' title='bbox 641 2793 746 2820; x_wconf 89' lang='lat' dir='ltr'>Utrum</span> <span class='ocrx_word' id='word_1_283' title='bbox 773 2791 926 2828; x_wconf 89' lang='lat' dir='ltr'>prudentia</span> <span class='ocrx_word' id='word_1_284' title='bbox 953 2791 988 2818; x_wconf 90' lang='lat' dir='ltr'>sit</span> <span class='ocrx_word' id='word_1_285' title='bbox 1008 2790 1097 2818; x_wconf 88' lang='lat' dir='ltr'>virtus</span> <span class='ocrx_word' id='word_1_286' title='bbox 1122 2790 1260 2827; x_wconf 88' lang='lat' dir='ltr'>specialis.</span> 
     </span>
     <span class='ocr_line' id='line_1_65' title="bbox 641 2829 1262 2868; baseline -0.002 -9"><span class='ocrx_word' id='word_1_287' title='bbox 641 2833 745 2860; x_wconf 88' lang='lat' dir='ltr'>Utrum</span> <span class='ocrx_word' id='word_1_288' title='bbox 758 2831 911 2868; x_wconf 89' lang='lat' dir='ltr'>prudentia</span> <span class='ocrx_word' id='word_1_289' title='bbox 923 2830 1092 2867; x_wconf 87' lang='lat' dir='ltr'>praestituat</span> <span class='ocrx_word' id='word_1_290' title='bbox 1106 2829 1193 2858; x_wconf 85' lang='lat' dir='ltr'>finem</span> <span class='ocrx_word' id='word_1_291' title='bbox 1207 2830 1262 2858; x_wconf 88' lang='lat' dir='ltr'>vir-</span> 
     </span>
     <span class='ocr_line' id='line_1_66' title="bbox 661 2870 1261 2899; baseline -0.003 0"><span class='ocrx_word' id='word_1_292' title='bbox 661 2870 770 2899; x_wconf 91' lang='lat' dir='ltr'>tutibus</span> <span class='ocrx_word' id='word_1_293' title='bbox 791 2870 949 2898; x_wconf 86' lang='lat' dir='ltr'>moralibus</span> <span class='ocrx_word' id='word_1_294' title='bbox 953 2891 1261 2898; x_wconf 89' lang='grc'><strong>...........</strong></span> 
     </span>
    </p>

    <p class='ocr_par' dir='ltr' id='par_1_27' title="bbox 644 2909 1264 2978">
     <span class='ocr_line' id='line_1_67' title="bbox 644 2909 1264 2946; baseline -0.003 -8"><span class='ocrx_word' id='word_1_295' title='bbox 644 2911 748 2939; x_wconf 90' lang='lat' dir='ltr'>Utrum</span> <span class='ocrx_word' id='word_1_296' title='bbox 768 2910 806 2938; x_wconf 90' lang='lat' dir='ltr'>ad</span> <span class='ocrx_word' id='word_1_297' title='bbox 825 2910 1008 2946; x_wconf 87' lang='lat' dir='ltr'>prudentiam</span> <span class='ocrx_word' id='word_1_298' title='bbox 1029 2909 1170 2946; x_wconf 89' lang='lat' dir='ltr'>pertineat</span> <span class='ocrx_word' id='word_1_299' title='bbox 1185 2909 1264 2937; x_wconf 91' lang='lat' dir='ltr'>inve-</span> 
     </span>
     <span class='ocr_line' id='line_1_68' title="bbox 663 2948 1261 2978; baseline -0.002 -1"><span class='ocrx_word' id='word_1_300' title='bbox 663 2950 724 2978; x_wconf 90' lang='lat' dir='ltr'>nire</span> <span class='ocrx_word' id='word_1_301' title='bbox 739 2949 867 2977; x_wconf 90' lang='lat' dir='ltr'>medium</span> <span class='ocrx_word' id='word_1_302' title='bbox 886 2949 916 2977; x_wconf 89' lang='lat' dir='ltr'>in</span> <span class='ocrx_word' id='word_1_303' title='bbox 929 2949 1079 2977; x_wconf 88' lang='lat' dir='ltr'>virtutibus</span> <span class='ocrx_word' id='word_1_304' title='bbox 1094 2948 1261 2977; x_wconf 88' lang='lat' dir='ltr'>moralibus.</span> 
     </span>
    </p>

    <p class='ocr_par' dir='ltr' id='par_1_28' title="bbox 642 2988 1264 3065">
     <span class='ocr_line' id='line_1_69' title="bbox 642 2988 1264 3026; baseline -0.002 -9"><span class='ocrx_word' id='word_1_305' title='bbox 642 2990 746 3017; x_wconf 88' lang='lat' dir='ltr'>Utrum</span> <span class='ocrx_word' id='word_1_306' title='bbox 767 2989 931 3025; x_wconf 88' lang='lat' dir='ltr'>praecipere</span> <span class='ocrx_word' id='word_1_307' title='bbox 951 2989 987 3017; x_wconf 88' lang='lat' dir='ltr'>sit</span> <span class='ocrx_word' id='word_1_308' title='bbox 1000 2988 1164 3026; x_wconf 90' lang='lat' dir='ltr'>principalis</span> <span class='ocrx_word' id='word_1_309' title='bbox 1185 2994 1264 3016; x_wconf 89' lang='lat' dir='ltr'>actus</span> 
     </span>
     <span class='ocr_line' id='line_1_70' title="bbox 663 3028 1263 3065; baseline -0.002 -9"><span class='ocrx_word' id='word_1_310' title='bbox 663 3028 833 3065; x_wconf 86' lang='lat' dir='ltr'>prudentiae</span> <span class='ocrx_word' id='word_1_311' title='bbox 862 3049 1263 3056; x_wconf 89' lang='grc'><strong><em>..............</em></strong></span> 
     </span>
    </p>

    <p class='ocr_par' dir='ltr' id='par_1_29' title="bbox 643 3067 1264 3136">
     <span class='ocr_line' id='line_1_71' title="bbox 643 3067 1264 3104; baseline -0.002 -8"><span class='ocrx_word' id='word_1_312' title='bbox 643 3069 747 3096; x_wconf 90' lang='lat' dir='ltr'>Utrum</span> <span class='ocrx_word' id='word_1_313' title='bbox 775 3067 938 3096; x_wconf 90' lang='lat' dir='ltr'>sollicitudo</span> <span class='ocrx_word' id='word_1_314' title='bbox 965 3067 1105 3104; x_wconf 86' lang='lat' dir='ltr'>pertineat</span> <span class='ocrx_word' id='word_1_315' title='bbox 1131 3068 1169 3096; x_wconf 87' lang='lat' dir='ltr'>ad</span> <span class='ocrx_word' id='word_1_316' title='bbox 1196 3077 1264 3103; x_wconf 93' lang='lat' dir='ltr'>pru-</span> 
     </span>
     <span class='ocr_line' id='line_1_72' title="bbox 663 3108 1263 3136; baseline 0 -1"><span class='ocrx_word' id='word_1_317' title='bbox 663 3108 790 3136; x_wconf 88' lang='lat' dir='ltr'>dentiam</span> <span class='ocrx_word' id='word_1_318' title='bbox 803 3128 1263 3135; x_wconf 89' lang='grc'><strong>................</strong></span> 
     </span>
    </p>

    <p class='ocr_par' dir='ltr' id='par_1_30' title="bbox 644 3146 1264 3224">
     <span class='ocr_line' id='line_1_73' title="bbox 644 3146 1264 3183; baseline -0.002 -8"><span class='ocrx_word' id='word_1_319' title='bbox 644 3148 747 3176; x_wconf 89' lang='lat' dir='ltr'>Utrum</span> <span class='ocrx_word' id='word_1_320' title='bbox 772 3146 924 3183; x_wconf 84' lang='lat' dir='ltr'>prudentia</span> <span class='ocrx_word' id='word_1_321' title='bbox 948 3156 978 3175; x_wconf 89' lang='lat' dir='ltr'>se</span> <span class='ocrx_word' id='word_1_322' title='bbox 1003 3147 1136 3175; x_wconf 86' lang='lat' dir='ltr'>extendat</span> <span class='ocrx_word' id='word_1_323' title='bbox 1158 3147 1196 3175; x_wconf 88' lang='lat' dir='ltr'>ad</span> <span class='ocrx_word' id='word_1_324' title='bbox 1220 3155 1264 3174; x_wconf 89' lang='lat' dir='ltr'>re-</span> 
     </span>
     <span class='ocr_line' id='line_1_74' title="bbox 664 3186 1264 3224; baseline 0 -10"><span class='ocrx_word' id='word_1_325' title='bbox 664 3187 760 3224; x_wconf 81' lang='lat' dir='ltr'>gimen</span> <span class='ocrx_word' id='word_1_326' title='bbox 781 3186 971 3214; x_wconf 89' lang='lat' dir='ltr'>multitudinis</span> <span class='ocrx_word' id='word_1_327' title='bbox 984 3207 1264 3215; x_wconf 88' lang='grc'><strong>..........</strong></span> 
     </span>
    </p>

    <p class='ocr_par' dir='ltr' id='par_1_31' title="bbox 645 3226 1265 3302">
     <span class='ocr_line' id='line_1_75' title="bbox 645 3226 1265 3263; baseline 0 -9"><span class='ocrx_word' id='word_1_328' title='bbox 645 3227 748 3254; x_wconf 91' lang='lat' dir='ltr'>Utrum</span> <span class='ocrx_word' id='word_1_329' title='bbox 780 3226 933 3263; x_wconf 90' lang='lat' dir='ltr'>prudentia</span> <span class='ocrx_word' id='word_1_330' title='bbox 960 3235 1034 3263; x_wconf 91' lang='lat' dir='ltr'>quae</span> <span class='ocrx_word' id='word_1_331' title='bbox 1061 3232 1103 3254; x_wconf 87' lang='lat' dir='ltr'>est</span> <span class='ocrx_word' id='word_1_332' title='bbox 1134 3232 1265 3262; x_wconf 89' lang='lat' dir='ltr'>respectu</span> 
     </span>
     <span class='ocr_line' id='line_1_76' title="bbox 664 3265 1264 3302; baseline 0 -9"><span class='ocrx_word' id='word_1_333' title='bbox 664 3266 734 3294; x_wconf 90' lang='lat' dir='ltr'>boni</span> <span class='ocrx_word' id='word_1_334' title='bbox 761 3266 871 3302; x_wconf 90' lang='lat' dir='ltr'>proprii</span> <span class='ocrx_word' id='word_1_335' title='bbox 898 3265 934 3294; x_wconf 91' lang='lat' dir='ltr'>sit</span> <span class='ocrx_word' id='word_1_336' title='bbox 954 3267 1054 3294; x_wconf 88' lang='lat' dir='ltr'>eadem</span> <span class='ocrx_word' id='word_1_337' title='bbox 1082 3265 1176 3302; x_wconf 90' lang='lat' dir='ltr'>specie</span> <span class='ocrx_word' id='word_1_338' title='bbox 1198 3275 1264 3294; x_wconf 85' lang='lat' dir='ltr'>cum</span> 
     </span>
    </p>

    <p class='ocr_par' dir='ltr' id='par_1_32' title="bbox 666 3305 1264 3342">
     <span class='ocr_line' id='line_1_77' title="bbox 666 3305 1264 3342; baseline -0.002 -8"><span class='ocrx_word' id='word_1_339' title='bbox 666 3315 699 3334; x_wconf 91' lang='lat' dir='ltr'>ea</span> <span class='ocrx_word' id='word_1_340' title='bbox 713 3315 787 3342; x_wconf 87' lang='lat' dir='ltr'>quae</span> <span class='ocrx_word' id='word_1_341' title='bbox 808 3315 838 3334; x_wconf 90' lang='lat' dir='ltr'>se</span> <span class='ocrx_word' id='word_1_342' title='bbox 856 3305 981 3334; x_wconf 85' lang='lat' dir='ltr'>extendit</span> <span class='ocrx_word' id='word_1_343' title='bbox 1001 3306 1039 3334; x_wconf 90' lang='lat' dir='ltr'>ad</span> <span class='ocrx_word' id='word_1_344' title='bbox 1058 3306 1169 3333; x_wconf 89' lang='lat' dir='ltr'>bonum</span> <span class='ocrx_word' id='word_1_345' title='bbox 1184 3314 1264 3333; x_wconf 89' lang='lat' dir='ltr'>com-</span> 
     </span>
    </p>

    <p class='ocr_par' dir='ltr' id='par_1_33' title="bbox 665 3354 1263 3374">
     <span class='ocr_line' id='line_1_78' title="bbox 665 3354 1263 3374; baseline -0.002 -1"><span class='ocrx_word' id='word_1_346' title='bbox 665 3354 752 3373; x_wconf 90' lang='lat' dir='ltr'>mune</span> <span class='ocrx_word' id='word_1_347' title='bbox 772 3366 1263 3374; x_wconf 86' lang='grc'><strong>.................</strong></span> 
     </span>
    </p>

    <p class='ocr_par' dir='ltr' id='par_1_34' title="bbox 566 3384 1265 3461">
     <span class='ocr_line' id='line_1_79' title="bbox 566 3384 1265 3421; baseline 0 -9"><span class='ocrx_word' id='word_1_348' title='bbox 566 3392 608 3413; x_wconf 83' lang='lat' dir='ltr'>xn</span> <span class='ocrx_word' id='word_1_349' title='bbox 647 3385 750 3412; x_wconf 89' lang='lat' dir='ltr'>Utrum</span> <span class='ocrx_word' id='word_1_350' title='bbox 776 3385 929 3421; x_wconf 90' lang='lat' dir='ltr'>prudentia</span> <span class='ocrx_word' id='word_1_351' title='bbox 955 3384 990 3412; x_wconf 89' lang='lat' dir='ltr'>sit</span> <span class='ocrx_word' id='word_1_352' title='bbox 1015 3385 1045 3412; x_wconf 93' lang='lat' dir='ltr'>in</span> <span class='ocrx_word' id='word_1_353' title='bbox 1072 3384 1205 3419; x_wconf 90' lang='lat' dir='ltr'>subditis,</span> <span class='ocrx_word' id='word_1_354' title='bbox 1227 3393 1265 3413; x_wconf 88' lang='lat' dir='ltr'>an</span> 
     </span>
     <span class='ocr_line' id='line_1_80' title="bbox 665 3424 1264 3461; baseline 0 -9"><span class='ocrx_word' id='word_1_355' title='bbox 665 3424 759 3452; x_wconf 90' lang='lat' dir='ltr'>solum</span> <span class='ocrx_word' id='word_1_356' title='bbox 773 3424 803 3452; x_wconf 89' lang='lat' dir='ltr'>in</span> <span class='ocrx_word' id='word_1_357' title='bbox 823 3424 998 3461; x_wconf 88' lang='lat' dir='ltr'>principibus</span> <span class='ocrx_word' id='word_1_358' title='bbox 1015 3445 1264 3452; x_wconf 87' lang='grc'><strong>.........</strong></span> 
     </span>
    </p>

    <p class='ocr_par' dir='ltr' id='par_1_35' title="bbox 566 3463 1263 3532">
     <span class='ocr_line' id='line_1_81' title="bbox 566 3463 1263 3500; baseline 0 -8"><span class='ocrx_word' id='word_1_359' title='bbox 566 3472 618 3492; x_wconf 86' lang='lat' dir='ltr'>xm</span> <span class='ocrx_word' id='word_1_360' title='bbox 647 3465 750 3492; x_wconf 89' lang='lat' dir='ltr'>Utrum</span> <span class='ocrx_word' id='word_1_361' title='bbox 771 3464 923 3500; x_wconf 89' lang='lat' dir='ltr'>prudentia</span> <span class='ocrx_word' id='word_1_362' title='bbox 949 3464 1040 3500; x_wconf 87' lang='lat' dir='ltr'>possit</span> <span class='ocrx_word' id='word_1_363' title='bbox 1061 3472 1122 3492; x_wconf 88' lang='lat' dir='ltr'>esse</span> <span class='ocrx_word' id='word_1_364' title='bbox 1148 3463 1178 3491; x_wconf 92' lang='lat' dir='ltr'>in</span> <span class='ocrx_word' id='word_1_365' title='bbox 1198 3473 1263 3500; x_wconf 89' lang='lat' dir='ltr'>pec-</span> 
     </span>
     <span class='ocr_line' id='line_1_82' title="bbox 666 3503 1263 3532; baseline -0.002 0"><span class='ocrx_word' id='word_1_366' title='bbox 666 3503 810 3532; x_wconf 88' lang='lat' dir='ltr'>catoribus</span> <span class='ocrx_word' id='word_1_367' title='bbox 829 3524 1263 3532; x_wconf 89' lang='grc'><strong>...............</strong></span> 
     </span>
    </p>
   </div>
   <div class='ocr_carea' id='block_1_23' title="bbox 560 2682 615 3175">
    <p class='ocr_par' dir='ltr' id='par_1_36' title="bbox 560 2682 615 3175">
     <span class='ocr_line' id='line_1_83' title="bbox 560 2682 615 3175; textangle 90"><span class='ocrx_word' id='word_1_368' title='bbox 560 2682 615 3175; x_wconf 56' lang='lat' dir='ltr'>*nggswa</span> 
     </span>
    </p>
   </div>
   <div class='ocr_carea' id='block_1_24' title="bbox 564 3235 595 3254">
    <p class='ocr_par' dir='ltr' id='par_1_37' title="bbox 564 3235 595 3254">
     <span class='ocr_line' id='line_1_84' title="bbox 564 3235 595 3254; textangle 90"><span class='ocrx_word' id='word_1_369' title='bbox 564 3235 595 3254; x_wconf 68' lang='grc' dir='ltr'>Ξ</span> 
     </span>
    </p>
   </div>
   <div class='ocr_carea' id='block_1_25' title="bbox 1310 444 1325 459">
    <p class='ocr_par' dir='ltr' id='par_1_38' title="bbox 1310 444 1325 459">
     <span class='ocr_line' id='line_1_85' title="bbox 1310 444 1325 459; baseline 0 0"><span class='ocrx_word' id='word_1_370' title='bbox 1310 444 1325 459; x_wconf 72' lang='grc'><strong>&gt;</strong></span> 
     </span>
    </p>
   </div>
   <div class='ocr_carea' id='block_1_26' title="bbox 1388 354 1425 382">
    <p class='ocr_par' dir='ltr' id='par_1_39' title="bbox 1388 354 1425 382">
     <span class='ocr_line' id='line_1_86' title="bbox 1388 354 1425 382; baseline -0.027 0"><span class='ocrx_word' id='word_1_371' title='bbox 1388 354 1425 382; x_wconf 89' lang='lat' dir='ltr'>ib.</span> 
     </span>
    </p>
   </div>
   <div class='ocr_carea' id='block_1_27' title="bbox 1371 433 1426 468">
    <p class='ocr_par' dir='ltr' id='par_1_40' title="bbox 1371 433 1426 468">
     <span class='ocr_line' id='line_1_87' title="bbox 1371 433 1426 468; baseline 0 -8"><span class='ocrx_word' id='word_1_372' title='bbox 1371 433 1426 468; x_wconf 83' lang='lat'>329</span> 
     </span>
    </p>
   </div>
   <div class='ocr_carea' id='block_1_28' title="bbox 1369 690 1428 952">
    <p class='ocr_par' dir='ltr' id='par_1_41' title="bbox 1369 690 1426 875">
     <span class='ocr_line' id='line_1_88' title="bbox 1369 690 1420 717; baseline 0 0"><span class='ocrx_word' id='word_1_373' title='bbox 1369 690 1420 717; x_wconf 92' lang='grc'>331</span> 
     </span>
     <span class='ocr_line' id='line_1_89' title="bbox 1371 769 1425 796; baseline 0 0"><span class='ocrx_word' id='word_1_374' title='bbox 1371 769 1425 796; x_wconf 88' lang='grc'>332</span> 
     </span>
     <span class='ocr_line' id='line_1_90' title="bbox 1373 848 1426 875; baseline -0.019 0"><span class='ocrx_word' id='word_1_375' title='bbox 1373 848 1426 875; x_wconf 90' lang='grc'>333</span> 
     </span>
    </p>

    <p class='ocr_par' dir='ltr' id='par_1_42' title="bbox 1390 925 1428 952">
     <span class='ocr_line' id='line_1_91' title="bbox 1390 925 1428 952; baseline 0 0"><span class='ocrx_word' id='word_1_376' title='bbox 1390 925 1428 952; x_wconf 92' lang='lat' dir='ltr'>ib.</span> 
     </span>
    </p>
   </div>
   <div class='ocr_carea' id='block_1_29' title="bbox 1373 1082 1430 1188">
    <p class='ocr_par' dir='ltr' id='par_1_43' title="bbox 1373 1082 1430 1188">
     <span class='ocr_line' id='line_1_92' title="bbox 1373 1082 1430 1116; baseline 0 -7"><span class='ocrx_word' id='word_1_377' title='bbox 1373 1082 1430 1116; x_wconf 86' lang='lat'>334</span> 
     </span>
     <span class='ocr_line' id='line_1_93' title="bbox 1373 1161 1426 1188; baseline 0 0"><span class='ocrx_word' id='word_1_378' title='bbox 1373 1161 1426 1188; x_wconf 87' lang='grc'>335</span> 
     </span>
    </p>
   </div>
   <div class='ocr_carea' id='block_1_30' title="bbox 1312 1239 1427 1267">
    <p class='ocr_par' dir='ltr' id='par_1_44' title="bbox 1312 1239 1427 1267">
     <span class='ocr_line' id='line_1_94' title="bbox 1312 1239 1427 1267; baseline 0.009 -1"><span class='ocrx_word' id='word_1_379' title='bbox 1312 1253 1326 1266; x_wconf 84' lang='lat'><strong>»</strong></span> <span class='ocrx_word' id='word_1_380' title='bbox 1371 1239 1427 1267; x_wconf 90' lang='grc'>336</span> 
     </span>
    </p>
   </div>
   <div class='ocr_carea' id='block_1_31' title="bbox 1390 1318 1428 1346">
    <p class='ocr_par' dir='ltr' id='par_1_45' title="bbox 1390 1318 1428 1346">
     <span class='ocr_line' id='line_1_95' title="bbox 1390 1318 1428 1346; baseline 0 0"><span class='ocrx_word' id='word_1_381' title='bbox 1390 1318 1428 1346; x_wconf 90' lang='lat' dir='ltr'>ib.</span> 
     </span>
    </p>
   </div>
   <div class='ocr_carea' id='block_1_32' title="bbox 1376 1578 1431 1615">
    <p class='ocr_par' dir='ltr' id='par_1_46' title="bbox 1376 1578 1431 1615">
     <span class='ocr_line' id='line_1_96' title="bbox 1376 1578 1431 1615; baseline 0 -9"><span class='ocrx_word' id='word_1_382' title='bbox 1376 1578 1431 1615; x_wconf 87' lang='lat'>339</span> 
     </span>
    </p>
   </div>
   <div class='ocr_carea' id='block_1_33' title="bbox 1377 1658 1432 1692">
    <p class='ocr_par' dir='ltr' id='par_1_47' title="bbox 1377 1658 1432 1692">
     <span class='ocr_line' id='line_1_97' title="bbox 1377 1658 1432 1692; baseline -0.018 -6"><span class='ocrx_word' id='word_1_383' title='bbox 1377 1658 1432 1692; x_wconf 93' lang='grc'>340</span> 
     </span>
    </p>
   </div>
   <div class='ocr_carea' id='block_1_34' title="bbox 1377 1816 1433 1930">
    <p class='ocr_par' dir='ltr' id='par_1_48' title="bbox 1377 1816 1433 1930">
     <span class='ocr_line' id='line_1_98' title="bbox 1377 1816 1433 1851; baseline 0 -8"><span class='ocrx_word' id='word_1_384' title='bbox 1377 1816 1433 1851; x_wconf 86' lang='grc'>342</span> 
     </span>
     <span class='ocr_line' id='line_1_99' title="bbox 1378 1894 1432 1930; baseline -0.019 -7"><span class='ocrx_word' id='word_1_385' title='bbox 1378 1894 1432 1930; x_wconf 89' lang='grc'>343</span> 
     </span>
    </p>
   </div>
   <div class='ocr_carea' id='block_1_35' title="bbox 1381 2187 1437 2294">
    <p class='ocr_par' dir='ltr' id='par_1_49' title="bbox 1381 2187 1437 2294">
     <span class='ocr_line' id='line_1_100' title="bbox 1381 2187 1435 2222; baseline 0 -7"><span class='ocrx_word' id='word_1_386' title='bbox 1381 2187 1435 2222; x_wconf 87' lang='grc'>345</span> 
     </span>
     <span class='ocr_line' id='line_1_101' title="bbox 1381 2226 1437 2261; baseline 0 -7"><span class='ocrx_word' id='word_1_387' title='bbox 1381 2226 1437 2261; x_wconf 84' lang='grc'>346</span> 
     </span>
     <span class='ocr_line' id='line_1_102' title="bbox 1399 2265 1437 2294; baseline 0.026 -1"><span class='ocrx_word' id='word_1_388' title='bbox 1399 2265 1437 2294; x_wconf 91' lang='lat' dir='ltr'>ib.</span> 
     </span>
    </p>
   </div>
   <div class='ocr_carea' id='block_1_36' title="bbox 1384 2515 1439 2550">
    <p class='ocr_par' dir='ltr' id='par_1_50' title="bbox 1384 2515 1439 2550">
     <span class='ocr_line' id='line_1_103' title="bbox 1384 2515 1439 2550; baseline 0 -7"><span class='ocrx_word' id='word_1_389' title='bbox 1384 2515 1439 2550; x_wconf 87' lang='lat'>348</span> 
     </span>
    </p>
   </div>
   <div class='ocr_carea' id='block_1_37' title="bbox 1384 2634 1439 2670">
    <p class='ocr_par' dir='ltr' id='par_1_51' title="bbox 1384 2634 1439 2670">
     <span class='ocr_line' id='line_1_104' title="bbox 1384 2634 1439 2670; baseline 0.018 -1"><span class='ocrx_word' id='word_1_390' title='bbox 1384 2634 1439 2670; x_wconf 82' lang='lat'>349</span> 
     </span>
    </p>
   </div>
   <div class='ocr_carea' id='block_1_38' title="bbox 1384 2713 1440 2780">
    <p class='ocr_par' dir='ltr' id='par_1_52' title="bbox 1384 2713 1440 2780">
     <span class='ocr_line' id='line_1_105' title="bbox 1384 2713 1440 2740; baseline 0 0"><span class='ocrx_word' id='word_1_391' title='bbox 1384 2713 1440 2740; x_wconf 89' lang='grc'>350</span> 
     </span>
     <span class='ocr_line' id='line_1_106' title="bbox 1384 2752 1435 2780; baseline 0 0"><span class='ocrx_word' id='word_1_392' title='bbox 1384 2752 1435 2780; x_wconf 85' lang='grc'>351</span> 
     </span>
    </p>
   </div>
   <div class='ocr_carea' id='block_1_39' title="bbox 1325 2792 1440 2819">
    <p class='ocr_par' dir='ltr' id='par_1_53' title="bbox 1325 2792 1440 2819">
     <span class='ocr_line' id='line_1_107' title="bbox 1325 2792 1440 2819; baseline 0.026 -3"><span class='ocrx_word' id='word_1_393' title='bbox 1325 2802 1339 2816; x_wconf 61' lang='lat' dir='ltr'>s</span> <span class='ocrx_word' id='word_1_394' title='bbox 1385 2792 1440 2819; x_wconf 86' lang='grc'>352</span> 
     </span>
    </p>
   </div>
   <div class='ocr_carea' id='block_1_40' title="bbox 1386 2856 1470 2898">
    <p class='ocr_par' dir='ltr' id='par_1_54' title="bbox 1386 2856 1470 2898">
     <span class='ocr_line' id='line_1_108' title="bbox 1386 2856 1470 2898; baseline -0.036 0"><span class='ocrx_word' id='word_1_395' title='bbox 1386 2870 1439 2898; x_wconf 83' lang='lat'>353</span> <span class='ocrx_word' id='word_1_396' title='bbox 1466 2856 1470 2895; x_wconf 97' lang='grc'>1</span> 
     </span>
    </p>
   </div>
   <div class='ocr_carea' id='block_1_41' title="bbox 1386 2950 1442 3056">
    <p class='ocr_par' dir='ltr' id='par_1_55' title="bbox 1386 2950 1442 3056">
     <span class='ocr_line' id='line_1_109' title="bbox 1386 2950 1439 2977; baseline 0 0"><span class='ocrx_word' id='word_1_397' title='bbox 1386 2950 1439 2977; x_wconf 90' lang='grc'>355</span> 
     </span>
     <span class='ocr_line' id='line_1_110' title="bbox 1386 3028 1442 3056; baseline 0.018 -1"><span class='ocrx_word' id='word_1_398' title='bbox 1386 3028 1442 3056; x_wconf 88' lang='grc'>356</span> 
     </span>
    </p>
   </div>
   <div class='ocr_carea' id='block_1_42' title="bbox 1327 3107 1442 3143">
    <p class='ocr_par' dir='ltr' id='par_1_56' title="bbox 1327 3107 1442 3143">
     <span class='ocr_line' id='line_1_111' title="bbox 1327 3107 1442 3143; baseline 0.026 -11"><span class='ocrx_word' id='word_1_399' title='bbox 1327 3118 1341 3132; x_wconf 61' lang='lat' dir='ltr'>s</span> <span class='ocrx_word' id='word_1_400' title='bbox 1387 3107 1442 3143; x_wconf 89' lang='grc'>357</span> 
     </span>
    </p>
   </div>
   <div class='ocr_carea' id='block_1_43' title="bbox 1387 3186 1442 3214">
    <p class='ocr_par' dir='ltr' id='par_1_57' title="bbox 1387 3186 1442 3214">
     <span class='ocr_line' id='line_1_112' title="bbox 1387 3186 1442 3214; baseline 0 0"><span class='ocrx_word' id='word_1_401' title='bbox 1387 3186 1442 3214; x_wconf 88' lang='grc'>358</span> 
     </span>
    </p>
   </div>
   <div class='ocr_carea' id='block_1_44' title="bbox 1327 3344 1441 3380">
    <p class='ocr_par' dir='ltr' id='par_1_58' title="bbox 1327 3344 1441 3380">
     <span class='ocr_line' id='line_1_113' title="bbox 1327 3344 1441 3380; baseline 0.018 -10"><span class='ocrx_word' id='word_1_402' title='bbox 1327 3356 1341 3370; x_wconf 82' lang='lat'><strong>»</strong></span> <span class='ocrx_word' id='word_1_403' title='bbox 1386 3344 1441 3380; x_wconf 89' lang='grc'>359</span> 
     </span>
    </p>
   </div>
   <div class='ocr_carea' id='block_1_45' title="bbox 1328 3435 1342 3450">
    <p class='ocr_par' dir='ltr' id='par_1_59' title="bbox 1328 3435 1342 3450">
     <span class='ocr_line' id='line_1_114' title="bbox 1328 3435 1342 3450; baseline 0 0"><span class='ocrx_word' id='word_1_404' title='bbox 1328 3435 1342 3450; x_wconf 70' lang='lat'>²&gt;</span> 
     </span>
    </p>
   </div>
   <div class='ocr_carea' id='block_1_46' title="bbox 1387 3424 1443 3452">
    <p class='ocr_par' dir='ltr' id='par_1_60' title="bbox 1387 3424 1443 3452">
     <span class='ocr_line' id='line_1_115' title="bbox 1387 3424 1443 3452; baseline 0 -1"><span class='ocrx_word' id='word_1_405' title='bbox 1387 3424 1443 3452; x_wconf 92' lang='grc'>360</span> 
     </span>
    </p>
   </div>
   <div class='ocr_carea' id='block_1_47' title="bbox 1328 3502 1438 3530">
    <p class='ocr_par' dir='ltr' id='par_1_61' title="bbox 1328 3502 1438 3530">
     <span class='ocr_line' id='line_1_116' title="bbox 1328 3502 1438 3530; baseline 0.018 -2"><span class='ocrx_word' id='word_1_406' title='bbox 1328 3514 1342 3528; x_wconf 67' lang='grc' dir='ltr'>ιο</span> <span class='ocrx_word' id='word_1_407' title='bbox 1388 3502 1438 3530; x_wconf 91' lang='grc'>361</span> 
     </span>
    </p>
   </div>
   <div class='ocr_carea' id='block_1_48' title="bbox 1327 133 2528 206">
    <p class='ocr_par' dir='ltr' id='par_1_62' title="bbox 1327 133 2528 206">
     <span class='ocr_line' id='line_1_117' title="bbox 1327 133 2528 206; baseline -0.001 -11"><span class='ocrx_word' id='word_1_408' title='bbox 1327 133 1330 135; x_wconf 58' lang='grc'><strong>’</strong></span> <span class='ocrx_word' id='word_1_409' title='bbox 1367 158 1532 196; x_wconf 83' lang='lat' dir='ltr'><strong>1NDEx</strong></span> <span class='ocrx_word' id='word_1_410' title='bbox 2454 170 2528 206; x_wconf 84' lang='lat'>411</span> 
     </span>
    </p>
   </div>
   <div class='ocr_carea' id='block_1_49' title="bbox 1479 235 2356 273">
    <p class='ocr_par' dir='ltr' id='par_1_63' title="bbox 1479 235 2356 273">
     <span class='ocr_line' id='line_1_118' title="bbox 1479 235 2356 273; baseline 0 -9"><span class='ocrx_word' id='word_1_411' title='bbox 1479 243 1642 264; x_wconf 78' lang='lat' dir='ltr'>ARTICULUS</span> <span class='ocrx_word' id='word_1_412' title='bbox 1659 244 1709 264; x_wconf 79' lang='lat' dir='ltr'>nv</span> <span class='ocrx_word' id='word_1_413' title='bbox 1739 236 1841 264; x_wconf 90' lang='lat' dir='ltr'>Utrum</span> <span class='ocrx_word' id='word_1_414' title='bbox 1866 235 2017 273; x_wconf 89' lang='lat' dir='ltr'>prudentia</span> <span class='ocrx_word' id='word_1_415' title='bbox 2044 235 2079 264; x_wconf 88' lang='lat' dir='ltr'>sit</span> <span class='ocrx_word' id='word_1_416' title='bbox 2100 235 2130 264; x_wconf 92' lang='lat' dir='ltr'>in</span> <span class='ocrx_word' id='word_1_417' title='bbox 2151 236 2286 264; x_wconf 89' lang='lat' dir='ltr'>omnibus</span> <span class='ocrx_word' id='word_1_418' title='bbox 2306 236 2356 264; x_wconf 85' lang='lat' dir='ltr'>ha-</span> 
     </span>
    </p>
   </div>
   <div class='ocr_carea' id='block_1_50' title="bbox 1562 276 2535 422">
    <p class='ocr_par' dir='ltr' id='par_1_64' title="bbox 1657 276 2535 352">
     <span class='ocr_line' id='line_1_119' title="bbox 1756 276 2535 314; baseline -0.001 -10"><span class='ocrx_word' id='word_1_419' title='bbox 1756 276 1888 304; x_wconf 88' lang='lat' dir='ltr'>bentibus</span> <span class='ocrx_word' id='word_1_420' title='bbox 1908 276 2028 313; x_wconf 85' lang='lat' dir='ltr'>gratiam</span> <span class='ocrx_word' id='word_1_421' title='bbox 2047 297 2351 304; x_wconf 88' lang='grc'><strong><em>...........</em></strong></span> <span class='ocrx_word' id='word_1_422' title='bbox 2383 285 2455 314; x_wconf 81' lang='lat' dir='ltr'>pag.</span> <span class='ocrx_word' id='word_1_423' title='bbox 2479 276 2535 303; x_wconf 87' lang='grc'>362</span> 
     </span>
     <span class='ocr_line' id='line_1_120' title="bbox 1657 315 2534 352; baseline -0.001 -9"><span class='ocrx_word' id='word_1_424' title='bbox 1657 323 1697 344; x_wconf 85' lang='lat' dir='ltr'>xv</span> <span class='ocrx_word' id='word_1_425' title='bbox 1738 317 1840 344; x_wconf 88' lang='lat' dir='ltr'>Utrum</span> <span class='ocrx_word' id='word_1_426' title='bbox 1860 315 2014 352; x_wconf 88' lang='lat' dir='ltr'>prudentia</span> <span class='ocrx_word' id='word_1_427' title='bbox 2026 315 2094 344; x_wconf 83' lang='lat' dir='ltr'>insit</span> <span class='ocrx_word' id='word_1_428' title='bbox 2111 315 2196 344; x_wconf 83' lang='lat' dir='ltr'>nobis</span> <span class='ocrx_word' id='word_1_429' title='bbox 2214 324 2231 344; x_wconf 91' lang='lat' dir='ltr'>a</span> <span class='ocrx_word' id='word_1_430' title='bbox 2245 321 2356 343; x_wconf 85' lang='lat' dir='ltr'>natura.</span> <span class='ocrx_word' id='word_1_431' title='bbox 2420 326 2434 341; x_wconf 79' lang='lat'><strong>»</strong></span> <span class='ocrx_word' id='word_1_432' title='bbox 2496 315 2534 342; x_wconf 89' lang='lat' dir='ltr'>ib.</span> 
     </span>
    </p>

    <p class='ocr_par' dir='ltr' id='par_1_65' title="bbox 1562 354 2533 422">
     <span class='ocr_line' id='line_1_121' title="bbox 1562 354 2357 391; baseline 0 -8"><span class='ocrx_word' id='word_1_433' title='bbox 1562 365 1577 379; x_wconf 79' lang='lat'><strong>»</strong></span> <span class='ocrx_word' id='word_1_434' title='bbox 1659 363 1709 382; x_wconf 78' lang='lat' dir='ltr'>xV1</span> <span class='ocrx_word' id='word_1_435' title='bbox 1740 356 1842 383; x_wconf 85' lang='lat' dir='ltr'>Utrum</span> <span class='ocrx_word' id='word_1_436' title='bbox 1875 355 2027 391; x_wconf 86' lang='lat' dir='ltr'>prudentia</span> <span class='ocrx_word' id='word_1_437' title='bbox 2057 355 2148 391; x_wconf 82' lang='lat' dir='ltr'>possit</span> <span class='ocrx_word' id='word_1_438' title='bbox 2181 354 2272 383; x_wconf 89' lang='lat' dir='ltr'>amitti</span> <span class='ocrx_word' id='word_1_439' title='bbox 2306 364 2357 391; x_wconf 87' lang='lat' dir='ltr'>per</span> 
     </span>
     <span class='ocr_line' id='line_1_122' title="bbox 1758 394 2533 422; baseline 0 0"><span class='ocrx_word' id='word_1_440' title='bbox 1758 394 1934 422; x_wconf 89' lang='lat' dir='ltr'>oblivionem</span> <span class='ocrx_word' id='word_1_441' title='bbox 1956 416 2356 422; x_wconf 86' lang='grc'><strong>..............</strong></span> <span class='ocrx_word' id='word_1_442' title='bbox 2421 405 2435 419; x_wconf 79' lang='grc'><strong>»</strong></span> <span class='ocrx_word' id='word_1_443' title='bbox 2480 394 2533 421; x_wconf 84' lang='grc'>363</span> 
     </span>
    </p>
   </div>
   <div class='ocr_carea' id='block_1_51' title="bbox 1669 465 2347 556">
    <p class='ocr_par' dir='ltr' id='par_1_66' title="bbox 1669 465 2347 556">
     <span class='ocr_line' id='line_1_123' title="bbox 1669 465 2347 500; baseline 0.001 -8"><span class='ocrx_word' id='word_1_444' title='bbox 1669 465 1862 500; x_wconf 87' lang='lat' dir='ltr'>QUAESTIO</span> <span class='ocrx_word' id='word_1_445' title='bbox 1885 465 2347 499; x_wconf 79' lang='lat' dir='ltr'>QUADRAGESIMAOCTAVA</span> 
     </span>
     <span class='ocr_line' id='line_1_124' title="bbox 1778 519 2235 556; baseline 0.004 -8"><span class='ocrx_word' id='word_1_446' title='bbox 1778 520 1828 548; x_wconf 89' lang='lat' dir='ltr'>De</span> <span class='ocrx_word' id='word_1_447' title='bbox 1847 520 2003 556; x_wconf 81' lang='lat' dir='ltr'>partibus</span> <span class='ocrx_word' id='word_1_448' title='bbox 2024 519 2235 555; x_wconf 80' lang='lat' dir='ltr'>prudentiae.</span> 
     </span>
    </p>
   </div>
   <div class='ocr_carea' id='block_1_52' title="bbox 1481 585 2535 661">
    <p class='ocr_par' dir='ltr' id='par_1_67' title="bbox 1481 585 2535 661">
     <span class='ocr_line' id='line_1_125' title="bbox 1481 585 2360 622; baseline 0.001 -9"><span class='ocrx_word' id='word_1_449' title='bbox 1481 592 1643 613; x_wconf 77' lang='lat' dir='ltr'>ARTICULUS</span> <span class='ocrx_word' id='word_1_450' title='bbox 1670 593 1786 613; x_wconf 76' lang='lat' dir='ltr'>mneos.</span> <span class='ocrx_word' id='word_1_451' title='bbox 1817 586 1920 613; x_wconf 90' lang='lat' dir='ltr'>Utrum</span> <span class='ocrx_word' id='word_1_452' title='bbox 1947 585 2150 613; x_wconf 87' lang='lat' dir='ltr'>convenienter</span> <span class='ocrx_word' id='word_1_453' title='bbox 2180 586 2360 622; x_wconf 86' lang='lat' dir='ltr'>assignentur</span> 
     </span>
     <span class='ocr_line' id='line_1_126' title="bbox 1758 624 2535 661; baseline 0.001 -9"><span class='ocrx_word' id='word_1_454' title='bbox 1758 631 1853 660; x_wconf 88' lang='lat' dir='ltr'>partes</span> <span class='ocrx_word' id='word_1_455' title='bbox 1873 624 2042 661; x_wconf 89' lang='lat' dir='ltr'>prudentiae</span> <span class='ocrx_word' id='word_1_456' title='bbox 2052 646 2358 653; x_wconf 90' lang='grc'><strong>...........</strong></span> <span class='ocrx_word' id='word_1_457' title='bbox 2422 637 2436 652; x_wconf 64' lang='lat' dir='ltr'><em>w</em></span> <span class='ocrx_word' id='word_1_458' title='bbox 2482 626 2535 653; x_wconf 88' lang='grc'>365</span> 
     </span>
    </p>
   </div>
   <div class='ocr_carea' id='block_1_53' title="bbox 1529 698 2486 788">
    <p class='ocr_par' dir='ltr' id='par_1_68' title="bbox 1529 698 2486 788">
     <span class='ocr_line' id='line_1_127' title="bbox 1703 698 2326 732; baseline 0.002 -7"><span class='ocrx_word' id='word_1_459' title='bbox 1703 698 1895 732; x_wconf 86' lang='lat' dir='ltr'>QUAESTIO</span> <span class='ocrx_word' id='word_1_460' title='bbox 1918 698 2326 732; x_wconf 79' lang='lat' dir='ltr'>QUADRAGESIMANONA</span> 
     </span>
     <span class='ocr_line' id='line_1_128' title="bbox 1529 750 2486 788; baseline 0.002 -8"><span class='ocrx_word' id='word_1_461' title='bbox 1529 751 1579 781; x_wconf 88' lang='lat' dir='ltr'>De</span> <span class='ocrx_word' id='word_1_462' title='bbox 1593 751 1737 787; x_wconf 77' lang='lat' dir='ltr'>singulis</span> <span class='ocrx_word' id='word_1_463' title='bbox 1751 750 1953 787; x_wconf 86' lang='lat' dir='ltr'>prudentiae</span> <span class='ocrx_word' id='word_1_464' title='bbox 1966 752 2123 787; x_wconf 79' lang='lat' dir='ltr'>partibus</span> <span class='ocrx_word' id='word_1_465' title='bbox 2137 753 2237 788; x_wconf 80' lang='lat' dir='ltr'>quasi</span> <span class='ocrx_word' id='word_1_466' title='bbox 2249 752 2486 788; x_wconf 77' lang='lat' dir='ltr'>integralibus-</span> 
     </span>
    </p>
   </div>
   <div class='ocr_carea' id='block_1_54' title="bbox 1481 821 2538 858">
    <p class='ocr_par' dir='ltr' id='par_1_69' title="bbox 1481 821 2538 858">
     <span class='ocr_line' id='line_1_129' title="bbox 1481 821 2538 858; baseline 0 -8"><span class='ocrx_word' id='word_1_467' title='bbox 1481 829 1644 850; x_wconf 76' lang='lat' dir='ltr'>ARTICULUS</span> <span class='ocrx_word' id='word_1_468' title='bbox 1658 830 1669 849; x_wconf 94' lang='lat'>1</span> <span class='ocrx_word' id='word_1_469' title='bbox 1742 821 1844 848; x_wconf 89' lang='lat' dir='ltr'>Utrum</span> <span class='ocrx_word' id='word_1_470' title='bbox 1873 821 2015 848; x_wconf 88' lang='lat' dir='ltr'>memoria</span> <span class='ocrx_word' id='word_1_471' title='bbox 2040 821 2075 848; x_wconf 91' lang='lat' dir='ltr'>sit</span> <span class='ocrx_word' id='word_1_472' title='bbox 2095 830 2161 857; x_wconf 86' lang='lat' dir='ltr'>pars</span> <span class='ocrx_word' id='word_1_473' title='bbox 2182 821 2359 857; x_wconf 88' lang='lat' dir='ltr'>prudentiae.</span> <span class='ocrx_word' id='word_1_474' title='bbox 2424 833 2438 847; x_wconf 78' lang='grc'>»</span> <span class='ocrx_word' id='word_1_475' title='bbox 2483 822 2538 858; x_wconf 89' lang='grc'>367</span> 
     </span>
    </p>
   </div>
   <div class='ocr_carea' id='block_1_55' title="bbox 1564 860 2543 1322">
    <p class='ocr_par' dir='ltr' id='par_1_70' title="bbox 1564 860 2538 896">
     <span class='ocr_line' id='line_1_130' title="bbox 1564 860 2538 896; baseline 0.002 -9"><span class='ocrx_word' id='word_1_476' title='bbox 1564 872 1579 886; x_wconf 66' lang='lat'>²</span> <span class='ocrx_word' id='word_1_477' title='bbox 1661 869 1682 888; x_wconf 86' lang='lat' dir='ltr'>n</span> <span class='ocrx_word' id='word_1_478' title='bbox 1741 861 1844 888; x_wconf 89' lang='lat' dir='ltr'>Utrum</span> <span class='ocrx_word' id='word_1_479' title='bbox 1865 860 2022 888; x_wconf 89' lang='lat' dir='ltr'>intellectus</span> <span class='ocrx_word' id='word_1_480' title='bbox 2044 860 2079 888; x_wconf 89' lang='lat' dir='ltr'>sit</span> <span class='ocrx_word' id='word_1_481' title='bbox 2100 870 2165 896; x_wconf 89' lang='lat' dir='ltr'>pars</span> <span class='ocrx_word' id='word_1_482' title='bbox 2182 861 2360 896; x_wconf 85' lang='lat' dir='ltr'>prudentiae.</span> <span class='ocrx_word' id='word_1_483' title='bbox 2424 873 2438 887; x_wconf 81' lang='grc'>»</span> <span class='ocrx_word' id='word_1_484' title='bbox 2484 862 2538 889; x_wconf 90' lang='grc'>368</span> 
     </span>
    </p>

    <p class='ocr_par' dir='ltr' id='par_1_71' title="bbox 1564 899 2540 1015">
     <span class='ocr_line' id='line_1_131' title="bbox 1564 899 2361 936; baseline 0.003 -10"><span class='ocrx_word' id='word_1_485' title='bbox 1564 911 1578 925; x_wconf 66' lang='grc' dir='ltr'><strong>ι</strong></span> <span class='ocrx_word' id='word_1_486' title='bbox 1660 908 1692 927; x_wconf 89' lang='lat'>111</span> <span class='ocrx_word' id='word_1_487' title='bbox 1741 900 1843 927; x_wconf 89' lang='lat' dir='ltr'>Utrum</span> <span class='ocrx_word' id='word_1_488' title='bbox 1859 899 1988 927; x_wconf 87' lang='lat' dir='ltr'>docilitas</span> <span class='ocrx_word' id='word_1_489' title='bbox 2004 900 2107 927; x_wconf 91' lang='lat' dir='ltr'>debeat</span> <span class='ocrx_word' id='word_1_490' title='bbox 2127 900 2197 936; x_wconf 90' lang='lat' dir='ltr'>poni</span> <span class='ocrx_word' id='word_1_491' title='bbox 2211 909 2276 936; x_wconf 85' lang='lat' dir='ltr'>pars</span> <span class='ocrx_word' id='word_1_492' title='bbox 2294 909 2361 936; x_wconf 87' lang='lat' dir='ltr'>pru-</span> 
     </span>
     <span class='ocr_line' id='line_1_132' title="bbox 1762 938 2539 967; baseline 0.003 -2"><span class='ocrx_word' id='word_1_493' title='bbox 1762 938 1874 966; x_wconf 88' lang='lat' dir='ltr'>dentiae</span> <span class='ocrx_word' id='word_1_494' title='bbox 1904 960 2360 967; x_wconf 87' lang='grc'><em>................</em></span> <span class='ocrx_word' id='word_1_495' title='bbox 2424 951 2439 966; x_wconf 73' lang='lat'>»</span> <span class='ocrx_word' id='word_1_496' title='bbox 2501 939 2539 967; x_wconf 91' lang='lat' dir='ltr'>ib.</span> 
     </span>
     <span class='ocr_line' id='line_1_133' title="bbox 1565 978 2540 1015; baseline 0.002 -11"><span class='ocrx_word' id='word_1_497' title='bbox 1565 989 1579 1003; x_wconf 70' lang='lat' dir='ltr'>a&gt;</span> <span class='ocrx_word' id='word_1_498' title='bbox 1661 986 1691 1005; x_wconf 79' lang='lat' dir='ltr'>xv</span> <span class='ocrx_word' id='word_1_499' title='bbox 1743 979 1844 1005; x_wconf 88' lang='lat' dir='ltr'>Utrum</span> <span class='ocrx_word' id='word_1_500' title='bbox 1866 978 1982 1006; x_wconf 88' lang='lat' dir='ltr'>solertia</span> <span class='ocrx_word' id='word_1_501' title='bbox 2003 978 2038 1005; x_wconf 90' lang='lat' dir='ltr'>sit</span> <span class='ocrx_word' id='word_1_502' title='bbox 2059 988 2124 1014; x_wconf 91' lang='lat' dir='ltr'>pars</span> <span class='ocrx_word' id='word_1_503' title='bbox 2145 978 2332 1014; x_wconf 88' lang='lat' dir='ltr'>prudentiae.</span> <span class='ocrx_word' id='word_1_504' title='bbox 2356 1001 2362 1007; x_wconf 93' lang='lat'>.</span> <span class='ocrx_word' id='word_1_505' title='bbox 2425 991 2439 1005; x_wconf 84' lang='grc'>»</span> <span class='ocrx_word' id='word_1_506' title='bbox 2485 979 2540 1015; x_wconf 88' lang='grc'>369</span> 
     </span>
    </p>

    <p class='ocr_par' dir='ltr' id='par_1_72' title="bbox 1565 1016 2541 1094">
     <span class='ocr_line' id='line_1_134' title="bbox 1565 1016 2363 1054; baseline 0.003 -11"><span class='ocrx_word' id='word_1_507' title='bbox 1565 1028 1580 1042; x_wconf 82' lang='lat'><strong>»</strong></span> <span class='ocrx_word' id='word_1_508' title='bbox 1661 1025 1681 1044; x_wconf 88' lang='lat' dir='ltr'>v</span> <span class='ocrx_word' id='word_1_509' title='bbox 1742 1017 1846 1044; x_wconf 88' lang='lat' dir='ltr'>Utrum</span> <span class='ocrx_word' id='word_1_510' title='bbox 1876 1016 1949 1044; x_wconf 89' lang='lat' dir='ltr'>ratio</span> <span class='ocrx_word' id='word_1_511' title='bbox 1971 1018 2072 1045; x_wconf 89' lang='lat' dir='ltr'>debeat</span> <span class='ocrx_word' id='word_1_512' title='bbox 2102 1018 2172 1054; x_wconf 90' lang='lat' dir='ltr'>poni</span> <span class='ocrx_word' id='word_1_513' title='bbox 2201 1027 2266 1054; x_wconf 90' lang='lat' dir='ltr'>pars</span> <span class='ocrx_word' id='word_1_514' title='bbox 2296 1028 2363 1054; x_wconf 89' lang='lat' dir='ltr'>pru-</span> 
     </span>
     <span class='ocr_line' id='line_1_135' title="bbox 1762 1056 2541 1094; baseline 0.003 -11"><span class='ocrx_word' id='word_1_515' title='bbox 1762 1056 1875 1084; x_wconf 91' lang='lat' dir='ltr'>dentiae</span> <span class='ocrx_word' id='word_1_516' title='bbox 1901 1077 2361 1086; x_wconf 86' lang='grc'>................</span> <span class='ocrx_word' id='word_1_517' title='bbox 2427 1069 2440 1083; x_wconf 76' lang='lat'><strong>»</strong></span> <span class='ocrx_word' id='word_1_518' title='bbox 2486 1058 2541 1094; x_wconf 88' lang='grc'>370</span> 
     </span>
    </p>

    <p class='ocr_par' dir='ltr' id='par_1_73' title="bbox 1565 1095 2535 1173">
     <span class='ocr_line' id='line_1_136' title="bbox 1565 1095 2363 1133; baseline 0.004 -11"><span class='ocrx_word' id='word_1_519' title='bbox 1565 1107 1580 1122; x_wconf 62' lang='grc' dir='ltr'><strong>ι</strong></span> <span class='ocrx_word' id='word_1_520' title='bbox 1661 1104 1692 1124; x_wconf 79' lang='lat' dir='ltr'>VI</span> <span class='ocrx_word' id='word_1_521' title='bbox 1742 1096 1845 1123; x_wconf 87' lang='lat' dir='ltr'>Utrum</span> <span class='ocrx_word' id='word_1_522' title='bbox 1874 1095 2054 1131; x_wconf 90' lang='lat' dir='ltr'>providentia</span> <span class='ocrx_word' id='word_1_523' title='bbox 2075 1096 2177 1124; x_wconf 90' lang='lat' dir='ltr'>debeat</span> <span class='ocrx_word' id='word_1_524' title='bbox 2207 1097 2278 1132; x_wconf 90' lang='lat' dir='ltr'>poni</span> <span class='ocrx_word' id='word_1_525' title='bbox 2298 1106 2363 1133; x_wconf 87' lang='lat' dir='ltr'>pars</span> 
     </span>
     <span class='ocr_line' id='line_1_137' title="bbox 1761 1135 2535 1173; baseline 0.001 -10"><span class='ocrx_word' id='word_1_526' title='bbox 1761 1135 1930 1171; x_wconf 88' lang='lat' dir='ltr'>prudentiae</span> <span class='ocrx_word' id='word_1_527' title='bbox 1933 1157 2362 1164; x_wconf 86' lang='grc'><strong>...............</strong></span> <span class='ocrx_word' id='word_1_528' title='bbox 2425 1149 2439 1162; x_wconf 76' lang='grc'>»</span> <span class='ocrx_word' id='word_1_529' title='bbox 2485 1137 2535 1173; x_wconf 92' lang='grc'>371</span> 
     </span>
    </p>

    <p class='ocr_par' dir='ltr' id='par_1_74' title="bbox 1660 1175 2542 1251">
     <span class='ocr_line' id='line_1_138' title="bbox 1660 1175 2365 1213; baseline 0.001 -10"><span class='ocrx_word' id='word_1_530' title='bbox 1660 1184 1702 1203; x_wconf 85' lang='lat' dir='ltr'>vu</span> <span class='ocrx_word' id='word_1_531' title='bbox 1742 1176 1844 1203; x_wconf 91' lang='lat' dir='ltr'>Utrum</span> <span class='ocrx_word' id='word_1_532' title='bbox 1864 1175 2080 1211; x_wconf 88' lang='lat' dir='ltr'>circumspectio</span> <span class='ocrx_word' id='word_1_533' title='bbox 2095 1176 2198 1203; x_wconf 90' lang='lat' dir='ltr'>debeat</span> <span class='ocrx_word' id='word_1_534' title='bbox 2215 1175 2284 1211; x_wconf 90' lang='lat' dir='ltr'>poni</span> <span class='ocrx_word' id='word_1_535' title='bbox 2300 1185 2365 1213; x_wconf 92' lang='lat' dir='ltr'>pars</span> 
     </span>
     <span class='ocr_line' id='line_1_139' title="bbox 1763 1214 2542 1251; baseline 0.001 -9"><span class='ocrx_word' id='word_1_536' title='bbox 1763 1214 1932 1251; x_wconf 89' lang='lat' dir='ltr'>prudentiae</span> <span class='ocrx_word' id='word_1_537' title='bbox 1965 1236 2363 1243; x_wconf 88' lang='grc'><em>..............</em></span> <span class='ocrx_word' id='word_1_538' title='bbox 2428 1228 2442 1242; x_wconf 84' lang='lat'>»</span> <span class='ocrx_word' id='word_1_539' title='bbox 2487 1216 2542 1251; x_wconf 88' lang='grc'>372</span> 
     </span>
    </p>

    <p class='ocr_par' dir='ltr' id='par_1_75' title="bbox 1662 1254 2543 1322">
     <span class='ocr_line' id='line_1_140' title="bbox 1662 1254 2364 1291; baseline 0.001 -9"><span class='ocrx_word' id='word_1_540' title='bbox 1662 1262 1714 1282; x_wconf 88' lang='lat' dir='ltr'>vm</span> <span class='ocrx_word' id='word_1_541' title='bbox 1744 1255 1846 1282; x_wconf 88' lang='lat' dir='ltr'>Utrum</span> <span class='ocrx_word' id='word_1_542' title='bbox 1872 1254 1968 1282; x_wconf 89' lang='lat' dir='ltr'>cautio</span> <span class='ocrx_word' id='word_1_543' title='bbox 1989 1255 2092 1282; x_wconf 89' lang='lat' dir='ltr'>debeat</span> <span class='ocrx_word' id='word_1_544' title='bbox 2119 1254 2190 1290; x_wconf 90' lang='lat' dir='ltr'>poni</span> <span class='ocrx_word' id='word_1_545' title='bbox 2211 1264 2276 1291; x_wconf 90' lang='lat' dir='ltr'>pars</span> <span class='ocrx_word' id='word_1_546' title='bbox 2297 1265 2364 1291; x_wconf 90' lang='lat' dir='ltr'>pru-</span> 
     </span>
     <span class='ocr_line' id='line_1_141' title="bbox 1762 1294 2543 1322; baseline -0.001 0"><span class='ocrx_word' id='word_1_547' title='bbox 1762 1294 1875 1322; x_wconf 89' lang='lat' dir='ltr'>dentiae</span> <span class='ocrx_word' id='word_1_548' title='bbox 1905 1315 2362 1322; x_wconf 90' lang='lat'>................</span> <span class='ocrx_word' id='word_1_549' title='bbox 2427 1306 2441 1320; x_wconf 80' lang='lat'><strong>»</strong></span> <span class='ocrx_word' id='word_1_550' title='bbox 2503 1294 2543 1321; x_wconf 90' lang='lat' dir='ltr'>ib.</span> 
     </span>
    </p>
   </div>
   <div class='ocr_carea' id='block_1_56' title="bbox 1673 1374 2357 1464">
    <p class='ocr_par' dir='ltr' id='par_1_76' title="bbox 1673 1374 2357 1464">
     <span class='ocr_line' id='line_1_142' title="bbox 1748 1374 2275 1409; baseline -0.002 -7"><span class='ocrx_word' id='word_1_551' title='bbox 1748 1374 1939 1409; x_wconf 86' lang='lat' dir='ltr'>QUAESTIO</span> <span class='ocrx_word' id='word_1_552' title='bbox 1961 1374 2275 1409; x_wconf 85' lang='lat' dir='ltr'>QUINQUAGESIMA</span> 
     </span>
     <span class='ocr_line' id='line_1_143' title="bbox 1673 1428 2357 1464; baseline 0.001 -7"><span class='ocrx_word' id='word_1_553' title='bbox 1673 1429 1723 1457; x_wconf 91' lang='lat' dir='ltr'>De</span> <span class='ocrx_word' id='word_1_554' title='bbox 1742 1428 1900 1464; x_wconf 85' lang='lat' dir='ltr'>partibus</span> <span class='ocrx_word' id='word_1_555' title='bbox 1922 1428 2123 1458; x_wconf 81' lang='lat' dir='ltr'>subiectivis</span> <span class='ocrx_word' id='word_1_556' title='bbox 2143 1428 2357 1464; x_wconf 84' lang='lat' dir='ltr'>prudentiae.</span> 
     </span>
    </p>
   </div>
   <div class='ocr_carea' id='block_1_57' title="bbox 1484 1486 2367 1528">
    <p class='ocr_par' dir='ltr' id='par_1_77' title="bbox 1484 1486 2367 1528">
     <span class='ocr_line' id='line_1_144' title="bbox 1484 1486 2367 1528; baseline -0.001 -7"><span class='ocrx_word' id='word_1_557' title='bbox 1484 1500 1648 1522; x_wconf 76' lang='lat' dir='ltr'>ARTICULUS</span> <span class='ocrx_word' id='word_1_558' title='bbox 1661 1501 1672 1520; x_wconf 92' lang='lat'>1</span> <span class='ocrx_word' id='word_1_559' title='bbox 1742 1493 1846 1520; x_wconf 90' lang='lat' dir='ltr'>Utrum</span> <span class='ocrx_word' id='word_1_560' title='bbox 1871 1492 2017 1528; x_wconf 85' lang='lat' dir='ltr'>regnativa</span> <span class='ocrx_word' id='word_1_561' title='bbox 2038 1486 2140 1520; x_wconf 86' lang='lat' dir='ltr'>debeat</span> <span class='ocrx_word' id='word_1_562' title='bbox 2168 1492 2237 1528; x_wconf 91' lang='lat' dir='ltr'>poni</span> <span class='ocrx_word' id='word_1_563' title='bbox 2259 1492 2367 1528; x_wconf 85' lang='lat' dir='ltr'>species</span> 
     </span>
    </p>
   </div>
   <div class='ocr_carea' id='block_1_58' title="bbox 1568 1530 2547 1806">
    <p class='ocr_par' dir='ltr' id='par_1_78' title="bbox 1764 1530 2547 1568">
     <span class='ocr_line' id='line_1_145' title="bbox 1764 1530 2547 1568; baseline 0.001 -10"><span class='ocrx_word' id='word_1_564' title='bbox 1764 1530 1933 1567; x_wconf 86' lang='lat' dir='ltr'>prudentiae</span> <span class='ocrx_word' id='word_1_565' title='bbox 1965 1552 2366 1559; x_wconf 87' lang='lat'>..............</span> <span class='ocrx_word' id='word_1_566' title='bbox 2431 1543 2445 1558; x_wconf 61' lang='grc' dir='ltr'><strong>ι</strong></span> <span class='ocrx_word' id='word_1_567' title='bbox 2490 1533 2504 1560; x_wconf 90' lang='grc'>3</span> <span class='ocrx_word' id='word_1_568' title='bbox 2510 1542 2547 1568; x_wconf 91' lang='lat'>74</span> 
     </span>
    </p>

    <p class='ocr_par' dir='ltr' id='par_1_79' title="bbox 1568 1570 2543 1647">
     <span class='ocr_line' id='line_1_146' title="bbox 1568 1570 2368 1607; baseline 0.003 -10"><span class='ocrx_word' id='word_1_569' title='bbox 1568 1583 1583 1597; x_wconf 80' lang='lat'><strong>»</strong></span> <span class='ocrx_word' id='word_1_570' title='bbox 1664 1579 1686 1598; x_wconf 81' lang='lat'>11</span> <span class='ocrx_word' id='word_1_571' title='bbox 1747 1571 1849 1598; x_wconf 90' lang='lat' dir='ltr'>Utrum</span> <span class='ocrx_word' id='word_1_572' title='bbox 1877 1570 1994 1606; x_wconf 87' lang='lat' dir='ltr'>politica</span> <span class='ocrx_word' id='word_1_573' title='bbox 2021 1570 2223 1598; x_wconf 89' lang='lat' dir='ltr'>convenienter</span> <span class='ocrx_word' id='word_1_574' title='bbox 2243 1578 2368 1607; x_wconf 89' lang='lat' dir='ltr'>ponatur</span> 
     </span>
     <span class='ocr_line' id='line_1_147' title="bbox 1766 1610 2543 1647; baseline 0 -9"><span class='ocrx_word' id='word_1_575' title='bbox 1766 1619 1832 1646; x_wconf 88' lang='lat' dir='ltr'>pars</span> <span class='ocrx_word' id='word_1_576' title='bbox 1853 1610 2022 1646; x_wconf 89' lang='lat' dir='ltr'>prudentiae</span> <span class='ocrx_word' id='word_1_577' title='bbox 2029 1632 2367 1639; x_wconf 87' lang='lat'>............</span> <span class='ocrx_word' id='word_1_578' title='bbox 2430 1623 2444 1637; x_wconf 79' lang='lat'><strong>»</strong></span> <span class='ocrx_word' id='word_1_579' title='bbox 2490 1611 2543 1647; x_wconf 88' lang='lat'>375</span> 
     </span>
    </p>

    <p class='ocr_par' dir='ltr' id='par_1_80' title="bbox 1664 1650 2546 1726">
     <span class='ocr_line' id='line_1_148' title="bbox 1664 1650 2369 1687; baseline 0.003 -10"><span class='ocrx_word' id='word_1_580' title='bbox 1664 1658 1697 1678; x_wconf 85' lang='lat'>111</span> <span class='ocrx_word' id='word_1_581' title='bbox 1745 1650 1848 1678; x_wconf 92' lang='lat' dir='ltr'>Utrum</span> <span class='ocrx_word' id='word_1_582' title='bbox 1864 1650 2054 1678; x_wconf 88' lang='lat' dir='ltr'>oeconomica</span> <span class='ocrx_word' id='word_1_583' title='bbox 2064 1651 2167 1678; x_wconf 86' lang='lat' dir='ltr'>debeat</span> <span class='ocrx_word' id='word_1_584' title='bbox 2178 1650 2248 1687; x_wconf 89' lang='lat' dir='ltr'>poni</span> <span class='ocrx_word' id='word_1_585' title='bbox 2259 1650 2369 1687; x_wconf 91' lang='lat' dir='ltr'>species</span> 
     </span>
     <span class='ocr_line' id='line_1_149' title="bbox 1766 1689 2546 1726; baseline 0.001 -9"><span class='ocrx_word' id='word_1_586' title='bbox 1766 1689 1935 1725; x_wconf 88' lang='lat' dir='ltr'>prudentiae</span> <span class='ocrx_word' id='word_1_587' title='bbox 1938 1711 2367 1718; x_wconf 86' lang='lat'>...............</span> <span class='ocrx_word' id='word_1_588' title='bbox 2431 1702 2446 1716; x_wconf 80' lang='lat'><strong>»</strong></span> <span class='ocrx_word' id='word_1_589' title='bbox 2491 1690 2546 1726; x_wconf 88' lang='grc'>376</span> 
     </span>
    </p>

    <p class='ocr_par' dir='ltr' id='par_1_81' title="bbox 1569 1729 2547 1806">
     <span class='ocr_line' id='line_1_150' title="bbox 1569 1729 2369 1766; baseline 0.003 -10"><span class='ocrx_word' id='word_1_590' title='bbox 1569 1741 1584 1756; x_wconf 70' lang='lat' dir='ltr'>a&gt;</span> <span class='ocrx_word' id='word_1_591' title='bbox 1666 1738 1697 1758; x_wconf 94' lang='lat' dir='ltr'>1v</span> <span class='ocrx_word' id='word_1_592' title='bbox 1747 1730 1849 1757; x_wconf 91' lang='lat' dir='ltr'>Utrum</span> <span class='ocrx_word' id='word_1_593' title='bbox 1879 1729 2008 1757; x_wconf 90' lang='lat' dir='ltr'>militaris</span> <span class='ocrx_word' id='word_1_594' title='bbox 2034 1730 2136 1757; x_wconf 88' lang='lat' dir='ltr'>debeat</span> <span class='ocrx_word' id='word_1_595' title='bbox 2163 1729 2233 1766; x_wconf 91' lang='lat' dir='ltr'>poni</span> <span class='ocrx_word' id='word_1_596' title='bbox 2260 1730 2369 1766; x_wconf 90' lang='lat' dir='ltr'>species</span> 
     </span>
     <span class='ocr_line' id='line_1_151' title="bbox 1768 1768 2547 1806; baseline 0.003 -10"><span class='ocrx_word' id='word_1_597' title='bbox 1768 1768 1937 1806; x_wconf 89' lang='lat' dir='ltr'>prudentiae</span> <span class='ocrx_word' id='word_1_598' title='bbox 1939 1790 2367 1798; x_wconf 88' lang='grc'><strong>...............</strong></span> <span class='ocrx_word' id='word_1_599' title='bbox 2432 1782 2446 1796; x_wconf 87' lang='lat'>»</span> <span class='ocrx_word' id='word_1_600' title='bbox 2509 1769 2547 1798; x_wconf 91' lang='lat' dir='ltr'>ib.</span> 
     </span>
    </p>
   </div>
   <div class='ocr_carea' id='block_1_59' title="bbox 1654 1849 2390 1941">
    <p class='ocr_par' dir='ltr' id='par_1_82' title="bbox 1654 1849 2390 1941">
     <span class='ocr_line' id='line_1_152' title="bbox 1694 1849 2344 1884; baseline 0 -8"><span class='ocrx_word' id='word_1_601' title='bbox 1694 1849 1886 1884; x_wconf 86' lang='lat' dir='ltr'>QUAESTIO</span> <span class='ocrx_word' id='word_1_602' title='bbox 1909 1849 2344 1883; x_wconf 82' lang='lat' dir='ltr'>QUINQUAGESIMAPRIMA</span> 
     </span>
     <span class='ocr_line' id='line_1_153' title="bbox 1654 1902 2390 1941; baseline -0.003 -6"><span class='ocrx_word' id='word_1_603' title='bbox 1654 1906 1704 1935; x_wconf 91' lang='lat' dir='ltr'>De</span> <span class='ocrx_word' id='word_1_604' title='bbox 1727 1905 1885 1941; x_wconf 80' lang='lat' dir='ltr'>partibus</span> <span class='ocrx_word' id='word_1_605' title='bbox 1905 1903 2150 1940; x_wconf 84' lang='lat' dir='ltr'>potentialibus</span> <span class='ocrx_word' id='word_1_606' title='bbox 2180 1902 2390 1940; x_wconf 85' lang='lat' dir='ltr'>prudentiae.</span> 
     </span>
    </p>
   </div>
   <div class='ocr_carea' id='block_1_60' title="bbox 1486 1966 2550 2163">
    <p class='ocr_par' dir='ltr' id='par_1_83' title="bbox 1486 1966 2548 2036">
     <span class='ocr_line' id='line_1_154' title="bbox 1486 1966 2548 2004; baseline -0.005 -4"><span class='ocrx_word' id='word_1_607' title='bbox 1486 1976 1652 2000; x_wconf 66' lang='lat' dir='ltr'>numus</span> <span class='ocrx_word' id='word_1_608' title='bbox 1665 1977 1676 1996; x_wconf 95' lang='lat'>1</span> <span class='ocrx_word' id='word_1_609' title='bbox 1747 1968 1851 1998; x_wconf 82' lang='lat' dir='ltr'>Utrum</span> <span class='ocrx_word' id='word_1_610' title='bbox 1872 1966 1988 1994; x_wconf 81' lang='lat' dir='ltr'>eubulia</span> <span class='ocrx_word' id='word_1_611' title='bbox 2016 1966 2052 1994; x_wconf 90' lang='lat' dir='ltr'>sit</span> <span class='ocrx_word' id='word_1_612' title='bbox 2072 1966 2160 1994; x_wconf 89' lang='lat' dir='ltr'>virtus</span> <span class='ocrx_word' id='word_1_613' title='bbox 2183 1989 2369 1995; x_wconf 91' lang='grc'><em>.......</em></span> <span class='ocrx_word' id='word_1_614' title='bbox 2433 1979 2447 1993; x_wconf 59' lang='lat' dir='ltr'>s</span> <span class='ocrx_word' id='word_1_615' title='bbox 2493 1968 2548 2004; x_wconf 87' lang='grc'>378</span> 
     </span>
     <span class='ocr_line' id='line_1_155' title="bbox 1570 2006 2371 2036; baseline -0.001 0"><span class='ocrx_word' id='word_1_616' title='bbox 1570 2021 1586 2036; x_wconf 76' lang='lat'><strong>»</strong></span> <span class='ocrx_word' id='word_1_617' title='bbox 1666 2017 1688 2036; x_wconf 87' lang='lat'>11</span> <span class='ocrx_word' id='word_1_618' title='bbox 1747 2008 1850 2035; x_wconf 88' lang='lat' dir='ltr'>Utrum</span> <span class='ocrx_word' id='word_1_619' title='bbox 1877 2006 1992 2034; x_wconf 90' lang='lat' dir='ltr'>eubulia</span> <span class='ocrx_word' id='word_1_620' title='bbox 2019 2006 2055 2034; x_wconf 89' lang='lat' dir='ltr'>sit</span> <span class='ocrx_word' id='word_1_621' title='bbox 2075 2006 2165 2034; x_wconf 89' lang='lat' dir='ltr'>virtus</span> <span class='ocrx_word' id='word_1_622' title='bbox 2192 2006 2327 2035; x_wconf 91' lang='lat' dir='ltr'>distincta</span> <span class='ocrx_word' id='word_1_623' title='bbox 2354 2017 2371 2035; x_wconf 90' lang='lat' dir='ltr'>a</span> 
     </span>
    </p>

    <p class='ocr_par' dir='ltr' id='par_1_84' title="bbox 1768 2047 2549 2084">
     <span class='ocr_line' id='line_1_156' title="bbox 1768 2047 2549 2084; baseline 0 -10"><span class='ocrx_word' id='word_1_624' title='bbox 1768 2047 1921 2084; x_wconf 91' lang='lat' dir='ltr'>prudentia</span> <span class='ocrx_word' id='word_1_625' title='bbox 1940 2067 2370 2074; x_wconf 84' lang='grc'><strong>...............</strong></span> <span class='ocrx_word' id='word_1_626' title='bbox 2434 2058 2448 2073; x_wconf 81' lang='grc'>»</span> <span class='ocrx_word' id='word_1_627' title='bbox 2493 2047 2549 2083; x_wconf 90' lang='grc'>379</span> 
     </span>
    </p>

    <p class='ocr_par' dir='ltr' id='par_1_85' title="bbox 1571 2085 2550 2122">
     <span class='ocr_line' id='line_1_157' title="bbox 1571 2085 2550 2122; baseline -0.002 -6"><span class='ocrx_word' id='word_1_628' title='bbox 1571 2100 1587 2115; x_wconf 84' lang='lat'><strong>»</strong></span> <span class='ocrx_word' id='word_1_629' title='bbox 1668 2096 1701 2116; x_wconf 89' lang='lat'>111</span> <span class='ocrx_word' id='word_1_630' title='bbox 1749 2088 1853 2115; x_wconf 90' lang='lat' dir='ltr'>Utrum</span> <span class='ocrx_word' id='word_1_631' title='bbox 1875 2086 1984 2122; x_wconf 89' lang='lat' dir='ltr'>synesis</span> <span class='ocrx_word' id='word_1_632' title='bbox 2006 2086 2042 2113; x_wconf 91' lang='lat' dir='ltr'>sit</span> <span class='ocrx_word' id='word_1_633' title='bbox 2061 2085 2149 2113; x_wconf 90' lang='lat' dir='ltr'>virtus</span> <span class='ocrx_word' id='word_1_634' title='bbox 2152 2107 2370 2114; x_wconf 90' lang='grc'><strong>........</strong></span> <span class='ocrx_word' id='word_1_635' title='bbox 2434 2098 2449 2112; x_wconf 70' lang='grc' dir='ltr'>ι»</span> <span class='ocrx_word' id='word_1_636' title='bbox 2494 2086 2550 2114; x_wconf 91' lang='grc'>380</span> 
     </span>
    </p>

    <p class='ocr_par' dir='ltr' id='par_1_86' title="bbox 1572 2125 2545 2163">
     <span class='ocr_line' id='line_1_158' title="bbox 1572 2125 2545 2163; baseline -0.003 -7"><span class='ocrx_word' id='word_1_637' title='bbox 1572 2139 1587 2155; x_wconf 80' lang='lat'><strong>»</strong></span> <span class='ocrx_word' id='word_1_638' title='bbox 1668 2136 1699 2156; x_wconf 87' lang='lat' dir='ltr'>tv</span> <span class='ocrx_word' id='word_1_639' title='bbox 1748 2128 1850 2155; x_wconf 90' lang='lat' dir='ltr'>Utrum</span> <span class='ocrx_word' id='word_1_640' title='bbox 1872 2134 1979 2163; x_wconf 86' lang='lat' dir='ltr'>gnome</span> <span class='ocrx_word' id='word_1_641' title='bbox 2001 2125 2036 2153; x_wconf 91' lang='lat' dir='ltr'>sit</span> <span class='ocrx_word' id='word_1_642' title='bbox 2057 2125 2186 2162; x_wconf 89' lang='lat' dir='ltr'>specialis</span> <span class='ocrx_word' id='word_1_643' title='bbox 2206 2126 2310 2154; x_wconf 89' lang='lat' dir='ltr'>virtus.</span> <span class='ocrx_word' id='word_1_644' title='bbox 2334 2148 2341 2154; x_wconf 85' lang='lat'>.</span> <span class='ocrx_word' id='word_1_645' title='bbox 2364 2148 2371 2154; x_wconf 87' lang='lat'>.</span> <span class='ocrx_word' id='word_1_646' title='bbox 2435 2137 2449 2152; x_wconf 70' lang='lat'>³&gt;</span> <span class='ocrx_word' id='word_1_647' title='bbox 2494 2126 2545 2153; x_wconf 85' lang='grc'>381</span> 
     </span>
    </p>
   </div>
   <div class='ocr_carea' id='block_1_61' title="bbox 1665 2199 2374 2301">
    <p class='ocr_par' dir='ltr' id='par_1_87' title="bbox 1665 2199 2374 2301">
     <span class='ocr_line' id='line_1_159' title="bbox 1665 2199 2374 2236; baseline -0.003 -8"><span class='ocrx_word' id='word_1_648' title='bbox 1665 2200 1857 2236; x_wconf 84' lang='lat' dir='ltr'>QUAESTIO</span> <span class='ocrx_word' id='word_1_649' title='bbox 1881 2199 2374 2234; x_wconf 86' lang='lat' dir='ltr'>QUINQUAGESIMASECUNDA</span> 
     </span>
     <span class='ocr_line' id='line_1_160' title="bbox 1859 2252 2183 2301; baseline 0 -20"><span class='ocrx_word' id='word_1_650' title='bbox 1859 2253 1909 2301; x_wconf 65' lang='lat' dir='ltr'>De</span> <span class='ocrx_word' id='word_1_651' title='bbox 1931 2252 2022 2282; x_wconf 89' lang='lat' dir='ltr'>dono</span> <span class='ocrx_word' id='word_1_652' title='bbox 2043 2253 2183 2281; x_wconf 84' lang='lat' dir='ltr'>consilii.</span> 
     </span>
    </p>
   </div>
   <div class='ocr_carea' id='block_1_62' title="bbox 1492 2317 2374 2354">
    <p class='ocr_par' dir='ltr' id='par_1_88' title="bbox 1492 2317 2374 2354">
     <span class='ocr_line' id='line_1_161' title="bbox 1492 2317 2374 2354; baseline -0.005 -4"><span class='ocrx_word' id='word_1_653' title='bbox 1492 2329 1655 2350; x_wconf 63' lang='lat' dir='ltr'>tim-reuma</span> <span class='ocrx_word' id='word_1_654' title='bbox 1669 2328 1680 2348; x_wconf 86' lang='lat' dir='ltr'>x</span> <span class='ocrx_word' id='word_1_655' title='bbox 1750 2319 1852 2346; x_wconf 90' lang='lat' dir='ltr'>Utrum</span> <span class='ocrx_word' id='word_1_656' title='bbox 1885 2317 2037 2345; x_wconf 90' lang='lat' dir='ltr'>consilium</span> <span class='ocrx_word' id='word_1_657' title='bbox 2067 2318 2171 2345; x_wconf 86' lang='lat' dir='ltr'>debeat</span> <span class='ocrx_word' id='word_1_658' title='bbox 2200 2318 2270 2354; x_wconf 89' lang='lat' dir='ltr'>poni</span> <span class='ocrx_word' id='word_1_659' title='bbox 2300 2318 2374 2346; x_wconf 91' lang='lat' dir='ltr'>inter</span> 
     </span>
    </p>
   </div>
   <div class='ocr_carea' id='block_1_63' title="bbox 1574 2356 2552 2552">
    <p class='ocr_par' dir='ltr' id='par_1_89' title="bbox 1574 2356 2548 2433">
     <span class='ocr_line' id='line_1_162' title="bbox 1771 2356 2548 2393; baseline 0 -7"><span class='ocrx_word' id='word_1_660' title='bbox 1771 2359 1850 2386; x_wconf 86' lang='lat' dir='ltr'>dona</span> <span class='ocrx_word' id='word_1_661' title='bbox 1870 2356 1992 2393; x_wconf 88' lang='lat' dir='ltr'>Spiritus</span> <span class='ocrx_word' id='word_1_662' title='bbox 2013 2357 2110 2384; x_wconf 89' lang='lat' dir='ltr'>Sancti</span> <span class='ocrx_word' id='word_1_663' title='bbox 2125 2379 2372 2386; x_wconf 87' lang='grc'><strong>.........</strong></span> <span class='ocrx_word' id='word_1_664' title='bbox 2436 2370 2450 2384; x_wconf 81' lang='lat'>»</span> <span class='ocrx_word' id='word_1_665' title='bbox 2495 2358 2548 2386; x_wconf 87' lang='grc'>383</span> 
     </span>
     <span class='ocr_line' id='line_1_163' title="bbox 1574 2396 2374 2433; baseline -0.001 -7"><span class='ocrx_word' id='word_1_666' title='bbox 1574 2411 1589 2426; x_wconf 72' lang='lat'><strong>&gt;</strong></span> <span class='ocrx_word' id='word_1_667' title='bbox 1669 2407 1691 2426; x_wconf 89' lang='lat'>11</span> <span class='ocrx_word' id='word_1_668' title='bbox 1750 2399 1855 2425; x_wconf 90' lang='lat' dir='ltr'>Utrum</span> <span class='ocrx_word' id='word_1_669' title='bbox 1870 2397 1981 2424; x_wconf 90' lang='lat' dir='ltr'>donum</span> <span class='ocrx_word' id='word_1_670' title='bbox 1999 2396 2111 2424; x_wconf 89' lang='lat' dir='ltr'>consilii</span> <span class='ocrx_word' id='word_1_671' title='bbox 2131 2398 2305 2433; x_wconf 86' lang='lat' dir='ltr'>respondeat</span> <span class='ocrx_word' id='word_1_672' title='bbox 2318 2398 2374 2425; x_wconf 92' lang='lat' dir='ltr'>vir-</span> 
     </span>
    </p>

    <p class='ocr_par' dir='ltr' id='par_1_90' title="bbox 1574 2435 2552 2552">
     <span class='ocr_line' id='line_1_164' title="bbox 1771 2435 2552 2472; baseline 0.003 -9"><span class='ocrx_word' id='word_1_673' title='bbox 1771 2436 1824 2464; x_wconf 89' lang='lat' dir='ltr'>tuti</span> <span class='ocrx_word' id='word_1_674' title='bbox 1844 2435 2013 2472; x_wconf 84' lang='lat' dir='ltr'>prudentiae</span> <span class='ocrx_word' id='word_1_675' title='bbox 2032 2457 2046 2464; x_wconf 81' lang='grc'>.,</span> <span class='ocrx_word' id='word_1_676' title='bbox 2063 2457 2069 2463; x_wconf 93' lang='grc'><strong>.</strong></span> <span class='ocrx_word' id='word_1_677' title='bbox 2094 2457 2101 2463; x_wconf 87' lang='grc'><strong>.</strong></span> <span class='ocrx_word' id='word_1_678' title='bbox 2124 2439 2143 2463; x_wconf 84' lang='grc'>.’</span> <span class='ocrx_word' id='word_1_679' title='bbox 2154 2458 2372 2465; x_wconf 89' lang='grc'><em>........</em></span> <span class='ocrx_word' id='word_1_680' title='bbox 2437 2449 2451 2463; x_wconf 87' lang='grc'><strong><em>»</em></strong></span> <span class='ocrx_word' id='word_1_681' title='bbox 2497 2438 2552 2472; x_wconf 88' lang='grc'>384</span> 
     </span>
     <span class='ocr_line' id='line_1_165' title="bbox 1575 2475 2550 2512; baseline 0 -7"><span class='ocrx_word' id='word_1_682' title='bbox 1575 2489 1589 2504; x_wconf 77' lang='lat'><strong>»</strong></span> <span class='ocrx_word' id='word_1_683' title='bbox 1671 2485 1703 2505; x_wconf 88' lang='lat' dir='ltr'>m</span> <span class='ocrx_word' id='word_1_684' title='bbox 1751 2477 1854 2504; x_wconf 92' lang='lat' dir='ltr'>Utrum</span> <span class='ocrx_word' id='word_1_685' title='bbox 1865 2476 1976 2503; x_wconf 92' lang='lat' dir='ltr'>donum</span> <span class='ocrx_word' id='word_1_686' title='bbox 1987 2475 2099 2503; x_wconf 91' lang='lat' dir='ltr'>consilii</span> <span class='ocrx_word' id='word_1_687' title='bbox 2109 2483 2225 2504; x_wconf 90' lang='lat' dir='ltr'>maneat</span> <span class='ocrx_word' id='word_1_688' title='bbox 2236 2476 2265 2504; x_wconf 92' lang='lat' dir='ltr'>in</span> <span class='ocrx_word' id='word_1_689' title='bbox 2273 2477 2373 2512; x_wconf 88' lang='lat' dir='ltr'>patria.</span> <span class='ocrx_word' id='word_1_690' title='bbox 2437 2489 2451 2503; x_wconf 82' lang='grc'>»</span> <span class='ocrx_word' id='word_1_691' title='bbox 2497 2477 2550 2505; x_wconf 90' lang='grc'>385</span> 
     </span>
     <span class='ocr_line' id='line_1_166' title="bbox 1574 2514 2372 2552; baseline 0 -8"><span class='ocrx_word' id='word_1_692' title='bbox 1574 2529 1589 2544; x_wconf 79' lang='lat'><strong>»</strong></span> <span class='ocrx_word' id='word_1_693' title='bbox 1671 2525 1702 2545; x_wconf 88' lang='lat' dir='ltr'>1v</span> <span class='ocrx_word' id='word_1_694' title='bbox 1752 2517 1855 2544; x_wconf 87' lang='lat' dir='ltr'>Utrum</span> <span class='ocrx_word' id='word_1_695' title='bbox 1876 2515 1977 2551; x_wconf 91' lang='lat' dir='ltr'>quinta</span> <span class='ocrx_word' id='word_1_696' title='bbox 1997 2514 2155 2550; x_wconf 86' lang='lat' dir='ltr'>beatitudo,</span> <span class='ocrx_word' id='word_1_697' title='bbox 2177 2525 2252 2552; x_wconf 86' lang='lat' dir='ltr'>quae</span> <span class='ocrx_word' id='word_1_698' title='bbox 2273 2523 2315 2544; x_wconf 89' lang='lat' dir='ltr'>est</span> <span class='ocrx_word' id='word_1_699' title='bbox 2336 2517 2372 2544; x_wconf 93' lang='lat' dir='ltr'>de</span> 
     </span>
    </p>
   </div>
   <div class='ocr_carea' id='block_1_64' title="bbox 1771 2554 2552 2590">
    <p class='ocr_par' dir='ltr' id='par_1_91' title="bbox 1771 2554 2552 2590">
     <span class='ocr_line' id='line_1_167' title="bbox 1771 2554 2552 2590; baseline 0 -7"><span class='ocrx_word' id='word_1_700' title='bbox 1771 2554 1976 2589; x_wconf 88' lang='lat' dir='ltr'>misericordia,</span> <span class='ocrx_word' id='word_1_701' title='bbox 1984 2555 2245 2590; x_wconf 87' lang='lat' dir='ltr'>respondeatdono</span> <span class='ocrx_word' id='word_1_702' title='bbox 2253 2555 2373 2584; x_wconf 89' lang='lat' dir='ltr'>consilii.</span> <span class='ocrx_word' id='word_1_703' title='bbox 2438 2568 2452 2582; x_wconf 62' lang='lat' dir='ltr'>:v</span> <span class='ocrx_word' id='word_1_704' title='bbox 2497 2556 2552 2583; x_wconf 91' lang='grc'>386</span> 
     </span>
    </p>
   </div>
   <div class='ocr_carea' id='block_1_65' title="bbox 1687 2619 2360 2717">
    <p class='ocr_par' dir='ltr' id='par_1_92' title="bbox 1687 2619 2360 2717">
     <span class='ocr_line' id='line_1_168' title="bbox 1687 2619 2360 2665; baseline -0.003 -7"><span class='ocrx_word' id='word_1_705' title='bbox 1687 2629 1880 2665; x_wconf 86' lang='lat' dir='ltr'>QUAESTIO</span> <span class='ocrx_word' id='word_1_706' title='bbox 1903 2619 2360 2663; x_wconf 75' lang='lat' dir='ltr'>QUINQUAGESIMATER&#39;TIA</span> 
     </span>
     <span class='ocr_line' id='line_1_169' title="bbox 1869 2680 2177 2717; baseline 0 -7"><span class='ocrx_word' id='word_1_707' title='bbox 1869 2682 1919 2710; x_wconf 90' lang='lat' dir='ltr'>De</span> <span class='ocrx_word' id='word_1_708' title='bbox 1939 2680 2177 2717; x_wconf 86' lang='lat' dir='ltr'>imprudentia.</span> 
     </span>
    </p>
   </div>
   <div class='ocr_carea' id='block_1_66' title="bbox 1493 2745 2553 3179">
    <p class='ocr_par' dir='ltr' id='par_1_93' title="bbox 1493 2745 2552 2785">
     <span class='ocr_line' id='line_1_170' title="bbox 1493 2745 2552 2785; baseline -0.003 -6"><span class='ocrx_word' id='word_1_709' title='bbox 1493 2757 1655 2779; x_wconf 64' lang='lat' dir='ltr'>annotans</span> <span class='ocrx_word' id='word_1_710' title='bbox 1669 2757 1680 2777; x_wconf 87' lang='lat'>1</span> <span class='ocrx_word' id='word_1_711' title='bbox 1751 2748 1854 2775; x_wconf 89' lang='lat' dir='ltr'>Utrum</span> <span class='ocrx_word' id='word_1_712' title='bbox 1875 2745 2068 2783; x_wconf 88' lang='lat' dir='ltr'>imprudentia</span> <span class='ocrx_word' id='word_1_713' title='bbox 2089 2746 2125 2774; x_wconf 91' lang='lat' dir='ltr'>sit</span> <span class='ocrx_word' id='word_1_714' title='bbox 2145 2754 2310 2782; x_wconf 81' lang='lat' dir='ltr'>peccatum.</span> <span class='ocrx_word' id='word_1_715' title='bbox 2335 2769 2342 2774; x_wconf 92' lang='lat'>.</span> <span class='ocrx_word' id='word_1_716' title='bbox 2366 2770 2372 2775; x_wconf 95' lang='lat'>.</span> <span class='ocrx_word' id='word_1_717' title='bbox 2438 2760 2451 2774; x_wconf 86' lang='lat'>&gt;›</span> <span class='ocrx_word' id='word_1_718' title='bbox 2497 2749 2552 2785; x_wconf 86' lang='lat'>387</span> 
     </span>
    </p>

    <p class='ocr_par' dir='ltr' id='par_1_94' title="bbox 1576 2785 2553 2864">
     <span class='ocr_line' id='line_1_171' title="bbox 1576 2785 2374 2823; baseline -0.001 -7"><span class='ocrx_word' id='word_1_719' title='bbox 1576 2801 1590 2816; x_wconf 79' lang='lat'><strong>»</strong></span> <span class='ocrx_word' id='word_1_720' title='bbox 1671 2796 1694 2816; x_wconf 90' lang='lat'>11</span> <span class='ocrx_word' id='word_1_721' title='bbox 1751 2787 1855 2815; x_wconf 89' lang='lat' dir='ltr'>Utrum</span> <span class='ocrx_word' id='word_1_722' title='bbox 1882 2786 2077 2823; x_wconf 86' lang='lat' dir='ltr'>imprudentia</span> <span class='ocrx_word' id='word_1_723' title='bbox 2102 2785 2138 2813; x_wconf 88' lang='lat' dir='ltr'>sit</span> <span class='ocrx_word' id='word_1_724' title='bbox 2159 2786 2280 2822; x_wconf 88' lang='lat' dir='ltr'>speciale</span> <span class='ocrx_word' id='word_1_725' title='bbox 2308 2796 2374 2823; x_wconf 89' lang='lat' dir='ltr'>pec-</span> 
     </span>
     <span class='ocr_line' id='line_1_172' title="bbox 1773 2828 2553 2864; baseline 0.001 -10"><span class='ocrx_word' id='word_1_726' title='bbox 1773 2833 1868 2854; x_wconf 88' lang='lat' dir='ltr'>catum</span> <span class='ocrx_word' id='word_1_727' title='bbox 1889 2847 2374 2854; x_wconf 87' lang='grc'><strong>.................</strong></span> <span class='ocrx_word' id='word_1_728' title='bbox 2438 2839 2452 2853; x_wconf 64' lang='lat' dir='ltr'>&gt;v</span> <span class='ocrx_word' id='word_1_729' title='bbox 2498 2828 2553 2864; x_wconf 90' lang='grc'>389</span> 
     </span>
    </p>

    <p class='ocr_par' dir='ltr' id='par_1_95' title="bbox 1672 2864 2548 2942">
     <span class='ocr_line' id='line_1_173' title="bbox 1672 2864 2374 2902; baseline -0.001 -7"><span class='ocrx_word' id='word_1_730' title='bbox 1672 2875 1705 2895; x_wconf 88' lang='lat' dir='ltr'>m</span> <span class='ocrx_word' id='word_1_731' title='bbox 1754 2867 1857 2894; x_wconf 88' lang='lat' dir='ltr'>Utrum</span> <span class='ocrx_word' id='word_1_732' title='bbox 1878 2864 2076 2902; x_wconf 87' lang='lat' dir='ltr'>praecipitatio</span> <span class='ocrx_word' id='word_1_733' title='bbox 2098 2865 2134 2893; x_wconf 87' lang='lat' dir='ltr'>sit</span> <span class='ocrx_word' id='word_1_734' title='bbox 2154 2872 2304 2901; x_wconf 89' lang='lat' dir='ltr'>peccatum</span> <span class='ocrx_word' id='word_1_735' title='bbox 2322 2867 2374 2894; x_wconf 89' lang='lat' dir='ltr'>sub</span> 
     </span>
     <span class='ocr_line' id='line_1_174' title="bbox 1773 2905 2548 2942; baseline 0.001 -9"><span class='ocrx_word' id='word_1_736' title='bbox 1773 2905 1967 2942; x_wconf 88' lang='lat' dir='ltr'>imprudentia</span> <span class='ocrx_word' id='word_1_737' title='bbox 1994 2911 2162 2933; x_wconf 90' lang='lat' dir='ltr'>contentum</span> <span class='ocrx_word' id='word_1_738' title='bbox 2186 2926 2373 2934; x_wconf 88' lang='grc'><strong>.......</strong></span> <span class='ocrx_word' id='word_1_739' title='bbox 2438 2918 2452 2932; x_wconf 62' lang='lat' dir='ltr'>&gt;v</span> <span class='ocrx_word' id='word_1_740' title='bbox 2498 2907 2548 2942; x_wconf 86' lang='lat'>39¹</span> 
     </span>
    </p>

    <p class='ocr_par' dir='ltr' id='par_1_96' title="bbox 1577 2944 2553 3020">
     <span class='ocr_line' id='line_1_175' title="bbox 1577 2944 2375 2981; baseline -0.003 -7"><span class='ocrx_word' id='word_1_741' title='bbox 1577 2959 1591 2974; x_wconf 77' lang='lat'>»</span> <span class='ocrx_word' id='word_1_742' title='bbox 1673 2954 1703 2974; x_wconf 75' lang='grc' dir='ltr'><strong><em>Ν</em></strong></span> <span class='ocrx_word' id='word_1_743' title='bbox 1752 2946 1855 2974; x_wconf 89' lang='lat' dir='ltr'>Utrum</span> <span class='ocrx_word' id='word_1_744' title='bbox 1877 2944 2101 2973; x_wconf 87' lang='lat' dir='ltr'>inconsideratio</span> <span class='ocrx_word' id='word_1_745' title='bbox 2120 2944 2155 2972; x_wconf 90' lang='lat' dir='ltr'>sit</span> <span class='ocrx_word' id='word_1_746' title='bbox 2169 2945 2290 2981; x_wconf 88' lang='lat' dir='ltr'>speciale</span> <span class='ocrx_word' id='word_1_747' title='bbox 2309 2955 2375 2981; x_wconf 91' lang='lat' dir='ltr'>pec-</span> 
     </span>
     <span class='ocr_line' id='line_1_176' title="bbox 1774 2984 2553 3020; baseline 0.003 -8"><span class='ocrx_word' id='word_1_748' title='bbox 1774 2991 1869 3013; x_wconf 86' lang='lat' dir='ltr'>catum</span> <span class='ocrx_word' id='word_1_749' title='bbox 1900 2985 1952 3012; x_wconf 93' lang='lat' dir='ltr'>sub</span> <span class='ocrx_word' id='word_1_750' title='bbox 1974 2984 2168 3020; x_wconf 87' lang='lat' dir='ltr'>imprudentia</span> <span class='ocrx_word' id='word_1_751' title='bbox 2197 2991 2374 3013; x_wconf 90' lang='lat' dir='ltr'>contentum.</span> <span class='ocrx_word' id='word_1_752' title='bbox 2439 2997 2452 3011; x_wconf 61' lang='lat' dir='ltr'><em>w</em></span> <span class='ocrx_word' id='word_1_753' title='bbox 2515 2985 2553 3014; x_wconf 88' lang='lat' dir='ltr'>ib.</span> 
     </span>
    </p>

    <p class='ocr_par' dir='ltr' id='par_1_97' title="bbox 1577 3023 2553 3100">
     <span class='ocr_line' id='line_1_177' title="bbox 1577 3023 2376 3053; baseline -0.001 0"><span class='ocrx_word' id='word_1_754' title='bbox 1577 3038 1592 3052; x_wconf 68' lang='lat' dir='ltr'>:v</span> <span class='ocrx_word' id='word_1_755' title='bbox 1674 3034 1694 3053; x_wconf 90' lang='lat' dir='ltr'>v</span> <span class='ocrx_word' id='word_1_756' title='bbox 1755 3025 1858 3053; x_wconf 88' lang='lat' dir='ltr'>Utrum</span> <span class='ocrx_word' id='word_1_757' title='bbox 1880 3024 2072 3052; x_wconf 90' lang='lat' dir='ltr'>inconstantia</span> <span class='ocrx_word' id='word_1_758' title='bbox 2091 3024 2127 3052; x_wconf 88' lang='lat' dir='ltr'>sit</span> <span class='ocrx_word' id='word_1_759' title='bbox 2139 3023 2239 3052; x_wconf 89' lang='lat' dir='ltr'>vitium</span> <span class='ocrx_word' id='word_1_760' title='bbox 2254 3025 2308 3053; x_wconf 89' lang='lat' dir='ltr'>sub</span> <span class='ocrx_word' id='word_1_761' title='bbox 2322 3025 2376 3052; x_wconf 90' lang='lat' dir='ltr'>im-</span> 
     </span>
     <span class='ocr_line' id='line_1_178' title="bbox 1773 3064 2553 3100; baseline -0.001 -8"><span class='ocrx_word' id='word_1_762' title='bbox 1773 3064 1924 3100; x_wconf 90' lang='lat' dir='ltr'>prudentia</span> <span class='ocrx_word' id='word_1_763' title='bbox 1945 3070 2113 3092; x_wconf 90' lang='lat' dir='ltr'>contentum</span> <span class='ocrx_word' id='word_1_764' title='bbox 2126 3085 2374 3092; x_wconf 90' lang='grc'><strong><em>.........</em></strong></span> <span class='ocrx_word' id='word_1_765' title='bbox 2439 3076 2453 3090; x_wconf 79' lang='lat'><strong>»</strong></span> <span class='ocrx_word' id='word_1_766' title='bbox 2498 3065 2553 3100; x_wconf 83' lang='lat'>392</span> 
     </span>
    </p>

    <p class='ocr_par' dir='ltr' id='par_1_98' title="bbox 1673 3103 2552 3179">
     <span class='ocr_line' id='line_1_179' title="bbox 1673 3103 2376 3140; baseline -0.001 -8"><span class='ocrx_word' id='word_1_767' title='bbox 1673 3112 1704 3132; x_wconf 79' lang='lat' dir='ltr'>VI</span> <span class='ocrx_word' id='word_1_768' title='bbox 1753 3105 1857 3132; x_wconf 90' lang='lat' dir='ltr'>Utrum</span> <span class='ocrx_word' id='word_1_769' title='bbox 1877 3103 2023 3140; x_wconf 89' lang='lat' dir='ltr'>praedicta</span> <span class='ocrx_word' id='word_1_770' title='bbox 2043 3103 2111 3131; x_wconf 89' lang='lat' dir='ltr'>vitia</span> <span class='ocrx_word' id='word_1_771' title='bbox 2132 3103 2261 3132; x_wconf 89' lang='lat' dir='ltr'>oriantur</span> <span class='ocrx_word' id='word_1_772' title='bbox 2282 3113 2314 3132; x_wconf 90' lang='lat' dir='ltr'>ex</span> <span class='ocrx_word' id='word_1_773' title='bbox 2333 3104 2376 3131; x_wconf 92' lang='lat' dir='ltr'>lu-</span> 
     </span>
     <span class='ocr_line' id='line_1_180' title="bbox 1774 3143 2552 3179; baseline -0.001 -8"><span class='ocrx_word' id='word_1_774' title='bbox 1774 3143 1855 3171; x_wconf 85' lang='lat' dir='ltr'>xuria</span> <span class='ocrx_word' id='word_1_775' title='bbox 1880 3164 2374 3171; x_wconf 89' lang='grc'><strong>.................</strong></span> <span class='ocrx_word' id='word_1_776' title='bbox 2439 3155 2453 3169; x_wconf 77' lang='grc'><strong><em>»</em></strong></span> <span class='ocrx_word' id='word_1_777' title='bbox 2498 3143 2552 3179; x_wconf 88' lang='grc'>393</span> 
     </span>
    </p>
   </div>
   <div class='ocr_carea' id='block_1_67' title="bbox 1681 3216 2372 3305">
    <p class='ocr_par' dir='ltr' id='par_1_99' title="bbox 1681 3216 2372 3305">
     <span class='ocr_line' id='line_1_181' title="bbox 1681 3216 2372 3252; baseline -0.003 -7"><span class='ocrx_word' id='word_1_778' title='bbox 1681 3217 1874 3252; x_wconf 87' lang='lat' dir='ltr'>QUAESTIO</span> <span class='ocrx_word' id='word_1_779' title='bbox 1896 3216 2372 3251; x_wconf 83' lang='lat' dir='ltr'>QUINQUAGESIMAQUARTA</span> 
     </span>
     <span class='ocr_line' id='line_1_182' title="bbox 1882 3269 2168 3305; baseline 0 -7"><span class='ocrx_word' id='word_1_780' title='bbox 1882 3270 1932 3298; x_wconf 92' lang='lat' dir='ltr'>De</span> <span class='ocrx_word' id='word_1_781' title='bbox 1952 3269 2168 3305; x_wconf 81' lang='lat' dir='ltr'>negligentia.</span> 
     </span>
    </p>
   </div>
   <div class='ocr_carea' id='block_1_68' title="bbox 1496 3339 2554 3534">
    <p class='ocr_par' dir='ltr' id='par_1_100' title="bbox 1496 3339 2554 3534">
     <span class='ocr_line' id='line_1_183' title="bbox 1496 3339 2553 3378; baseline -0.004 -6"><span class='ocrx_word' id='word_1_782' title='bbox 1496 3350 1660 3372; x_wconf 66' lang='lat' dir='ltr'>Alimentus</span> <span class='ocrx_word' id='word_1_783' title='bbox 1674 3351 1685 3370; x_wconf 94' lang='lat'>1</span> <span class='ocrx_word' id='word_1_784' title='bbox 1756 3343 1858 3370; x_wconf 87' lang='lat' dir='ltr'>Utrum</span> <span class='ocrx_word' id='word_1_785' title='bbox 1869 3341 2041 3378; x_wconf 85' lang='lat' dir='ltr'>negligentia</span> <span class='ocrx_word' id='word_1_786' title='bbox 2048 3341 2084 3368; x_wconf 89' lang='lat' dir='ltr'>sit</span> <span class='ocrx_word' id='word_1_787' title='bbox 2090 3347 2238 3377; x_wconf 83' lang='lat' dir='ltr'>peccatum</span> <span class='ocrx_word' id='word_1_788' title='bbox 2247 3339 2376 3376; x_wconf 87' lang='lat' dir='ltr'>speciale.</span> <span class='ocrx_word' id='word_1_789' title='bbox 2440 3352 2455 3366; x_wconf 81' lang='lat'><strong>»</strong></span> <span class='ocrx_word' id='word_1_790' title='bbox 2500 3341 2553 3377; x_wconf 86' lang='lat'>395</span> 
     </span>
     <span class='ocr_line' id='line_1_184' title="bbox 1580 3381 2377 3418; baseline -0.004 -8"><span class='ocrx_word' id='word_1_791' title='bbox 1580 3394 1594 3409; x_wconf 74' lang='lat' dir='ltr'>x&gt;</span> <span class='ocrx_word' id='word_1_792' title='bbox 1676 3390 1698 3410; x_wconf 92' lang='lat'>11</span> <span class='ocrx_word' id='word_1_793' title='bbox 1756 3383 1860 3410; x_wconf 91' lang='lat' dir='ltr'>Utrum</span> <span class='ocrx_word' id='word_1_794' title='bbox 1898 3381 2070 3418; x_wconf 80' lang='lat' dir='ltr'>negligentia</span> <span class='ocrx_word' id='word_1_795' title='bbox 2106 3386 2271 3416; x_wconf 88' lang='lat' dir='ltr'>opponatur</span> <span class='ocrx_word' id='word_1_796' title='bbox 2308 3389 2377 3416; x_wconf 85' lang='lat' dir='ltr'>pru-</span> 
     </span>
     <span class='ocr_line' id='line_1_185' title="bbox 1778 3419 2554 3449; baseline -0.004 0"><span class='ocrx_word' id='word_1_797' title='bbox 1778 3421 1892 3449; x_wconf 88' lang='lat' dir='ltr'>dentiae</span> <span class='ocrx_word' id='word_1_798' title='bbox 1914 3440 2377 3448; x_wconf 91' lang='grc'><strong>................</strong></span> <span class='ocrx_word' id='word_1_799' title='bbox 2441 3430 2455 3445; x_wconf 73' lang='lat'>»</span> <span class='ocrx_word' id='word_1_800' title='bbox 2516 3419 2554 3446; x_wconf 91' lang='lat' dir='ltr'>ib.</span> 
     </span>
     <span class='ocr_line' id='line_1_186' title="bbox 1677 3458 2376 3497; baseline -0.006 -7"><span class='ocrx_word' id='word_1_801' title='bbox 1677 3470 1709 3490; x_wconf 89' lang='lat'>111</span> <span class='ocrx_word' id='word_1_802' title='bbox 1758 3462 1860 3489; x_wconf 90' lang='lat' dir='ltr'>Utrum</span> <span class='ocrx_word' id='word_1_803' title='bbox 1891 3460 2062 3497; x_wconf 83' lang='lat' dir='ltr'>negligentia</span> <span class='ocrx_word' id='word_1_804' title='bbox 2093 3458 2184 3496; x_wconf 91' lang='lat' dir='ltr'>possit</span> <span class='ocrx_word' id='word_1_805' title='bbox 2214 3468 2276 3487; x_wconf 89' lang='lat' dir='ltr'>esse</span> <span class='ocrx_word' id='word_1_806' title='bbox 2310 3468 2376 3496; x_wconf 91' lang='lat' dir='ltr'>pec-</span> 
     </span>
     <span class='ocr_line' id='line_1_187' title="bbox 1776 3498 2554 3534; baseline -0.005 -5"><span class='ocrx_word' id='word_1_807' title='bbox 1776 3507 1872 3529; x_wconf 89' lang='lat' dir='ltr'>catum</span> <span class='ocrx_word' id='word_1_808' title='bbox 1894 3500 2015 3528; x_wconf 90' lang='lat' dir='ltr'>mortale</span> <span class='ocrx_word' id='word_1_809' title='bbox 2038 3520 2375 3527; x_wconf 91' lang='grc'><strong>............</strong></span> <span class='ocrx_word' id='word_1_810' title='bbox 2439 3509 2453 3523; x_wconf 61' lang='grc' dir='ltr'><strong><em>ι</em></strong></span> <span class='ocrx_word' id='word_1_811' title='bbox 2498 3498 2554 3534; x_wconf 85' lang='grc'>396</span> 
     </span>
    </p>
   </div>
  </div>
 </body>
</html>
