2892 4056
0 827 7 925 «μὴ-
0 766 7 816 *vv*
0 715 6 752 x->-
0 694 3 695 ,
0 671 2 679 ,Α
0 631 4 635 .
1 607 3 610 i
0 575 3 590 .-

25 1115 36 1128 ·
49 1115 116 1138 Vm.
129 1121 167 1143 24.

20 1166 117 1191 ''v-n.
130 1172 166 1198 ²3·

22 2345 36 2359 ⁸
47 2337 159 2376 νοτίῃ.

0 2420 4 2427 .
0 2296 7 2406 r-——v—⁴

906 134 1172 182 QUAESTIO
1200 134 1319 182 XXV,
1348 134 1644 172 ARTICULUS
1673 134 1719 182 V,
1747 135 1798 171 Vl

2357 146 2427 172 201

927 238 1257 272 Commenta-ia
1279 237 1529 271 Cardinalis
1551 237 1750 270 Caietam

293 321 314 344 Ν
329 310 460 344 articulo
484 318 597 352 quarto
621 311 763 343 eiusdem
785 312 979 354 quaestionis
994 313 1118 345 adverte
1142 323 1181 345 ne
1204 312 1319 344 fallaris
1373 313 1447 344 citia
1461 312 1505 344 ad
1522 312 1626 342 Deum
1643 313 1880 353 principaliter,
1906 318 1936 344 et
1959 322 2000 344 ex
2014 313 2216 352 consequenti
2233 311 2276 343 ad
2292 321 2329 342 ea
2352 321 2435 352 quae

267 324 326 387 lin
343 354 482 386 secundo
503 355 710 387 distinctionis
725 357 880 394 membro,
895 363 1010 396 putans
1029 357 1118 398 quod
1137 367 1174 389 ex
1192 357 1320 399 propria
1373 361 1449 388 sunt
1461 356 1534 388 Dei.
1558 356 1700 387 Dicendo
1717 358 1889 388 amicitiam
1906 357 1950 388 ad
1961 366 1998 387 ea
2013 365 2095 397 quae
2114 360 2190 387 sunt
2206 356 2279 393 Dei,
2297 355 2436 386 insinuat

264 398 396 430 caritatis
424 398 543 430 ratione
567 398 667 430 homo
691 400 798 440 diligat
820 401 960 442 seipsum
983 410 1050 431 non
1073 407 1109 432 ut
1131 401 1241 432 volens
1264 400 1322 431 sibi
1375 400 1414 430 ad
1435 410 1470 430 ea
1493 409 1574 441 quae
1599 406 1672 430 sunt
1695 401 1754 431 Dei
1778 408 1813 432 ut
1836 400 1952 432 amica:
1976 402 2061 432 inter
2082 409 2165 442 quae
2183 405 2230 430 est
2254 400 2320 440 ipse
2341 399 2434 430 homo

262 442 322 484 ipsi
339 443 508 479 carimtem,
524 443 578 473 sed
593 451 629 475 ut
651 445 812 485 quandam
835 454 903 475 rem
918 443 987 475 Dei.
1011 445 1084 475 Hoc
1099 444 1185 476 enim
1208 445 1323 475 falsum
1375 444 1541 475 caritatem
1558 443 1685 475 habens.
1714 444 1824 485 Diligit
1847 454 1921 485 ergo
1941 454 1973 475 se
1996 444 2068 486 quis
2091 454 2128 474 ex
2150 443 2278 485 propria
2301 443 2435 475 caritatis

265 497 330 518 enee
346 487 441 518 etiam
463 493 549 527 patet
570 497 608 518 ex
630 487 731 519 littera
753 488 872 519 ibidem
893 487 1032 521 dicente:
1051 494 1152 528 prout
1174 494 1220 519 est
1241 489 1322 519 ami·

1376 487 1496 518 ratione
1521 494 1556 518 ut
1579 487 1718 518 amicum
1740 488 1808 519 Dei.

1048 614 1364 658 ARTICULUS
1393 614 1648 667 QUINTUS

653 705 808 737 U‘rnuM
830 704 960 737 ΗοΜο
984 705 1157 736 DEBEAT
1180 706 1347 738 conpos
1371 706 1489 737 SUUM
1514 706 1572 737 Ex
1596 706 1818 738 cAmTATE
1841 706 2044 738 mussan

929 783 960 807 111
980 783 1062 813 Sent„
1082 783 1140 808 dist.
1158 791 1242 815 xxvur,
1261 789 1308 810 art.
1327 791 1356 817 73
1377 784 1418 809 De
1435 783 1540 814 Vir-tut„
1561 791 1605 817 qu.
1624 791 1652 815 11,
1672 789 1719 810 art.
1739 792 1763 817 7.

306 880 325 899 z.
341 861 359 889 κ
382 870 449 899 κῃ,
475 861 499 887 n
518 860 679 892 Qumwn
698 860 751 886 sic
770 859 1008 886 raecum-rua.
1038 848 1197 886 Videtur
1217 850 1321 898 quod

310 898 381 954 ’ᾗῇ-Υ),
400 901 449 959 ''th
474 902 593 939 homo
620 913 700 941 non
726 901 864 939 debeat
890 913 1028 951 corpus
1056 914 1168 939 suum
1197 914 1243 939 ex
1262 914 1322 938 ca-

287 985 306 998 ,,
326 953 330 958 ’
350 970 403 1007 ς’,
430 959 446 991 6
475 955 580 992 ritate
594 953 758 1002 diligere.
779 955 870 992 Non
890 955 992 993 enirn
1007 954 1198 1003 diligimus
1215 955 1320 991 illum

358 1009 361 1012 ’
457 1007 535 1047 cui
554 1007 759 1045 convivere
779 1019 857 1045 non
876 1009 1067 1045 volumus.
1098 1008 1175 1045 Sed
1198 1007 1321 1045 horni-

263 1072 332 1098 nes
358 1059 552 1098 caritatem
579 1061 763 1099 habentes
790 1061 976 1110 refugiunt
1003 1061 1173 1110 corporis
1193 1061 1323 1098 convi-

262 1120 382 1152 cmm:
411 1114 624 1152 secundum
652 1114 743 1152 illud
770 1115 882 1152 Rom.
910 1126 958 1151 vu
978 1114 1013 1151 *ε
1039 1115 1128 1157 Quis
1155 1126 1217 1151 me
1235 1114 1322 1151 libe-

261 1166 362 1204 rabit
394 1167 441 1203 de
467 1179 625 1216 corpore
661 1167 792 1205 mortis
828 1167 968 1204 huius?
996 1175 1032 1204 et
1058 1167 1216 1216 Philipp.
1241 1180 1252 1204 1
1279 1167 1320 1204 *ε

260 1219 499 1258 Βεεὲῶενίαγη
527 1221 667 1259 habens
694 1220 846 1258 dissolvi
871 1226 908 1257 et
933 1232 1018 1258 cum
1052 1221 1197 1258 Christo
1230 1232 1319 1258 esse.
1346 1235 1349 1280 3

262 1274 366 1321 Ergo
403 1285 542 1323 corpus
577 1281 750 1311 nostrum
779 1285 857 1311 non
887 1281 943 1310 est
971 1286 1016 1310 ex
1053 1273 1205 1311 caritate
1241 1273 1321 1311 dili·
1347 1295 1348 1301 κ

262 1325 445 1375 gendum.

317 1390 352 1417 2.
381 1379 615 1427 Priamum,
643 1378 806 1416 amicitia
835 1377 993 1415 caritatis
1012 1378 1191 1416 fundatur
1208 1391 1323 1428 super

262 1432 609 1470 communicatione
628 1431 779 1468 divinae
797 1430 993 1468 fruitionis.
1016 1431 1092 1468 Sed
1107 1431 1218 1468 huius
1234 1431 1321 1469 frui-

261 1485 374 1524 tionis
391 1497 531 1534 corpus
545 1484 732 1534 particeps
752 1495 835 1520 esse
853 1495 932 1520 non
950 1490 1086 1532 potest.
1116 1483 1218 1532 Ergo
1240 1496 1319 1521 cor-

260 1548 335 1589 pus
359 1549 441 1576 non
468 1545 525 1575 est
551 1549 597 1574 ex
625 1537 776 1574 caritate
805 1535 1049 1584 diligendum.

317 1591 351 1628 3.
381 1591 614 1638 plumam,
644 1589 789 1637 caritas,
819 1601 907 1626 curn
936 1589 982 1627 sit
1008 1588 1173 1627 amicitia
1206 1602 1322 1640 quae-

138 1651 157 1666 ¹·
212 1654 215 1662 ’
261 1643 364 1694 dum,
392 1643 443 1682 ad
469 1655 537 1681 eos
564 1643 725 1681 habetur
751 1642 815 1692 qui
843 1654 1015 1680 reamare
1042 1650 1213 1692 possunt.
1245 1643 1322 1680 Sed

260 1706 402 1748 eorpus
427 1704 600 1735 nostrum
629 1709 707 1734 non
734 1703 860 1745 potest
887 1708 958 1733 nos
987 1707 1032 1732 ex
1060 1695 1212 1733 caritate
1241 1696 1320 1734 dili-

260 1755 362 1800 gere.
390 1750 493 1799 Ergo
521 1762 600 1788 non
628 1757 685 1787 est
713 1761 758 1786 ex
786 1748 936 1786 caritate
966 1747 1210 1797 diligendum.

280 1814 281 1817 ’
315 1804 391 1842 SED
409 1815 556 1841 con-rm
573 1815 640 1841 csr
659 1802 765 1852 quod
784 1802 1027 1850 Augustinus,
1056 1802 1095 1839 in
1115 1803 1128 1838 1
1149 1802 1194 1839 de
1211 1802 1320 1839 Doct.

228 1879 235 1886 ·
266 1857 400 1896 &nr-ist
422 1858 454 1904 ⁸,
473 1857 581 1906 ponit
607 1864 772 1906 quatuor
799 1867 844 1892 ex
864 1855 1016 1893 caritate
1045 1854 1245 1903 diligenda,
1265 1854 1320 1892 in-

261 1911 319 1948 ter
343 1920 444 1960 quae
470 1921 594 1948 unum
623 1917 679 1947 est
707 1920 846 1958 corpus
866 1913 883 1931 α
901 1907 1112 1958 proprium.

314 1963 541 2002 nzspounzo
568 1974 752 2001 mensuum
781 1962 886 2011 quod
905 1973 1044 2011 corpus
1072 1968 1245 1998 nostrum
1266 1972 1322 1998 se-

261 2016 432 2055 cundum
460 2017 538 2055 duo
565 2024 691 2066 potest
719 2014 967 2053 considerari:
996 2026 1075 2052 uno
1104 2015 1236 2061 modo,
1263 2026 1319 2051 se-

261 2069 431 2112 cundum
451 2069 532 2110 eius
550 2078 743 2116 naturam3
763 2068 836 2106 alio
855 2069 987 2115 mod0‚
1009 2066 1222 2105 secundum
1239 2079 1322 2104 cor-

259 2122 476 2174 ruptionem
506 2124 639 2173 culpae
668 2130 704 2160 et
729 2133 891 2172 poenae.
920 2121 1066 2158 Natura
1085 2127 1213 2158 autem
1242 2132 1323 2157 cor-

261 2174 366 2226 'poris
393 2177 510 2216 nostri
539 2189 617 2214 non
645 2183 702 2213 est
728 2188 750 2214 a
778 2176 880 2213 malo
908 2174 1094 2224 principio
1124 2181 1261 2220 creata,
1282 2181 1323 2210 ut

262 2228 479 2270 Manichaei
507 2230 733 2277 fabulantur,
754 2229 820 2266 sed
850 2236 906 2266 est
933 2240 955 2265 a
973 2229 1071 2265 Deo.
1101 2227 1214 2265 Unde
1233 2239 1322 2276 pos-

262 2290 394 2321 sumus
422 2295 470 2321 eo
497 2282 552 2320 uti
579 2282 630 2320 ad
656 2281 850 2320 servitium
879 2281 969 2319 Dei:
1000 2280 1211 2319 secundum
1232 2279 1322 2317 illud

262 2332 374 2375 Rom.
389 2348 426 2374 vl
443 2336 480 2373 *ε
500 2335 685 2374 Exhibete
701 2336 872 2372 membra
890 2340 1014 2372 vestra
1033 2345 1143 2371 arma
1163 2333 1322 2371 iustitiae

1373 851 1467 886 Deo.
1502 850 1551 886 Et
1577 849 1664 886 ideo
1700 861 1744 886 ex
1773 850 1975 888 dilectione
2014 851 2174 889 caritatis
2212 864 2287 901 qua
2319 853 2436 901 diligi-

1375 914 1462 939 mus
1489 903 1628 949 Deum,
1659 902 1844 939 debemus
1873 903 1988 940 etiam
2018 915 2156 953 corpus
2184 913 2356 942 nostrum
2382 906 2437 943 di-

1374 954 1499 1002 ligere.
1521 975 1545 983 -
1565 955 1641 992 Sed
1670 955 1912 992 infectionem
1941 957 2074 1005 culpae
2095 964 2132 994 et
2152 958 2435 1007 corruptionem

1374 1019 1524 1056 poenae
1552 1007 1590 1044 in
1619 1020 1779 1056 corpore
1798 1016 1928 1046 nostro
1958 1009 2110 1057 diligere
2138 1022 2217 1047 non
2237 1011 2435 1059 debemus,

1375 1061 1442 1098 sed
1469 1061 1595 1110 potius
1623 1061 1672 1098 ad
1701 1061 1781 1098 eius
1810 1061 2063 1099 remotionem
2092 1063 2270 1100 anhelare
2291 1063 2436 1102 deside·

1375 1114 1430 1151 rio
1460 1113 1632 1151 caritatis.

1427 1168 1488 1204 At>
1515 1178 1652 1204 ramum
1671 1178 1770 1204 Exco
1798 1178 1982 1204 mensuum
2007 1167 2112 1217 quod
2131 1169 2338 1217 Apostolus
2358 1181 2436 1206 non

1376 1219 1583 1269 refugiebat
1611 1220 1782 1269 corporis
1820 1221 2136 1258 communionem
2174 1229 2359 1271 quantum
2388 1221 2437 1259 ad

1376 1272 1546 1322 corporis
1574 1280 1767 1311 naturam:
1796 1273 1917 1310 immo
1950 1274 2162 1312 secundum
2191 1275 2266 1312 hoc
2284 1276 2438 1312 nolebat

1375 1326 1423 1363 ab
1444 1339 1490 1363 eo
1510 1326 1674 1374 spoliari,
1695 1326 1906 1363 secundum
1926 1326 2018 1364 illud
2034 1328 2065 1364 11
2086 1327 2138 1364 ad
2159 1327 2246 1365 Cor.
2266 1327 2335 1365 v*:
2355 1328 2438 1365 No-

1375 1378 1498 1415 lumus
1525 1379 1723 1427 expoliari,
1742 1379 1809 1416 sed
1824 1380 2074 1428 supervestiri.
2105 1380 2182 1417 Sed
2201 1381 2356 1418 volebat
2376 1393 2437 1418 ca-

1375 1443 1460 1468 rere
1486 1431 1686 1468 infectione
1716 1432 2055 1480 concupiscentiae,
2084 1446 2183 1482 quae
2203 1442 2372 1471 remanet
2399 1433 2438 1471 in

1376 1495 1555 1532 corpore;
1575 1491 1612 1520 et
1631 1484 1873 1533 corruptione
1893 1485 2022 1534 ipsius,
2038 1498 2137 1535 quae
2151 1492 2345 1536 aggravat
2357 1487 2439 1523 ani-

1375 1548 1478 1574 mam
1496 1536 1528 1585 *,
1558 1548 1605 1574 ne
1634 1536 1754 1586 possit
1780 1538 1907 1574 Deum
1935 1538 2079 1575 videre.
2109 1539 2220 1576 Unde
2249 1539 2439 1587 signanter

1376 1589 1485 1627 dixit:
1514 1589 1560 1626 de
1586 1601 1745 1638 corpore
1771 1591 1902 1628 mortis
1928 1591 2051 1628 huius.

1428 1644 1487 1679 An
1524 1654 1714 1681 SECUNDUM
1747 1654 1931 1681 mesanum
1960 1644 2063 1693 quod
2093 1656 2231 1694 corpus
2265 1652 2436 1682 nostrum

1375 1695 1554 1744 quamvis
1591 1696 1676 1732 Deo
1714 1696 1786 1732 frui
1823 1709 1902 1734 non
1937 1697 2059 1746 possit
2096 1698 2363 1745 cognoscendo
2402 1705 2439 1734 et

1376 1748 1544 1786 amando
1572 1748 1710 1797 ipsum,
1739 1756 1868 1787 tamen
1896 1762 1965 1799 per
1992 1762 2109 1799 opera
2137 1762 2236 1799 quae
2263 1762 2333 1800 per
2355 1762 2438 1787 cor-

1374 1813 1446 1850 pus
1474 1801 1621 1849 agimus
1649 1802 1699 1839 ad
1726 1802 1932 1850 perfectam
1961 1803 2032 1841 Dei
2061 1803 2278 1840 fruitionem
2303 1815 2438 1853 possu-

1375 1866 1461 1892 mus
1487 1854 1631 1891 venire.
1661 1855 1772 1892 Unde
1801 1863 1838 1893 et
1865 1868 1910 1892 ex
1928 1856 2103 1894 fruitione
2123 1856 2272 1894 animae
2301 1856 2437 1894 redun-

1376 1909 1439 1946 dat
1467 1907 1657 1956 quaedam
1686 1907 1880 1946 beatitudo
1910 1909 1958 1946 ad
1988 1922 2142 1959 corpus,
2173 1909 2311 1946 scilicet
2337 1910 2437 1947 sani-

1375 1961 1458 1998 tatis
1476 1965 1513 1998 et
1537 1961 1828 2010 incorruptionis
1845 1962 1975 2012 vigor;
2002 1971 2044 2000 ut
2074 1962 2307 2011 Augustinus
2336 1962 2435 2009 dicit,

1374 2013 1413 2051 in
1433 2013 1590 2063 epistola
1604 2014 1656 2051 ad
1672 2014 1798 2052 Diosc.
1815 2014 1836 2037 ’¹‘
1856 2015 1905 2052 Et
1922 2015 2021 2063 ideo,
2039 2015 2127 2065 quia
2152 2028 2289 2065 corpus
2309 2015 2436 2065 aliquo

1375 2067 1580 2127 modo-est
1606 2067 1794 2117 particeps
1822 2068 2073 2116 beatitudinis,
2093 2076 2218 2118 potest
2236 2068 2436 2106 dilectione

1376 2128 1536 2157 caritatis
1564 2132 1695 2157 amari.

1428 2175 1486 2210 Ao
1515 2185 1673 2210 marium
1703 2185 1886 2211 mensuum
1907 2174 2010 2222 quod
2040 2173 2223 2211 reamatio
2247 2174 2362 2211 habet
2380 2174 2435 2210 10-

1375 2238 1463 2263 cum
1492 2226 1531 2263 in
1550 2225 1714 2263 amicitia
1734 2239 1833 2275 quae
1854 2234 1910 2263 est
1929 2227 1977 2264 ad
2001 2228 2180 2265 alterum:
2210 2240 2289 2264 non
2308 2233 2435 2264 autern

1375 2279 1413 2316 in
1442 2279 1608 2316 amiciti-a
1635 2291 1734 2328 quae
1763 2288 1820 2317 est
1847 2280 1895 2317 ad
1923 2280 2103 2329 seipsum,
2132 2281 2194 2318 vel
2223 2280 2435 2318 secundum

1376 2332 1546 2370 animam
1573 2332 1635 2369 vel
1664 2333 1875 2371 secundum
1906 2345 2055 2382 corpus.

310 2451 338 2483 α)
357 2458 463 2483 corpus.
481 2464 500 2469 -
517 2449 618 2475 scillcet
635 2455 732 2481 eorpus
756 2447 993 2480 ABDEFHfKLpC
1011 2451 1037 2471 et
1054 2453 1123 2475 nna,-
1141 2446 1165 2471 G
1184 2446 1253 2471 addit
1270 2446 1370 2471 scilicet
1390 2451 1449 2470 ante
1469 2453 1560 2470 unum.

927 2517 1259 2553 commentaria
1281 2515 1531 2550 Cardine-‚lis
1552 2516 1753 2550 Caietam

290 2601 313 2623 u
334 2590 469 2622 articulo
491 2590 622 2632 quinto,
650 2590 683 2621 in
706 2589 913 2631 responsione
939 2589 980 2619 ad
1007 2588 1154 2624 tertium,
1187 2587 1320 2618 dubium

263 2602 397 2670 Indhuc
412 2642 487 2676 post
499 2634 741 2675 responsionem
755 2641 849 2665 restat
872 2634 910 2664 de
927 2632 1052 2664 caritate
1075 2642 1138 2673 qua
1162 2631 1322 2671 diligimus

261 2680 358 2716 etiarn
372 2689 491 2723 corpus
501 2678 648 2722 proximi,
660 2678 749 2720 quod
765 2688 830 2709 non
846 2684 951 2719 potest
967 2687 1026 2708 nos
1042 2677 1214 2708 redamare.
1231 2676 1320 2713 Quo-

261 2725 362 2760 modo
386 2734 423 2755 ex
446 2723 572 2756 caritate
595 2720 754 2763 diligitur?

266 2808 271 2828 4
315 2769 367 2801 Ad
379 2769 443 2800 hoc
458 2768 571 2800 dicitur
593 2768 682 2810 quod
697 2777 813 2808 corpus
832 2765 967 2807 proximi
991 2764 1129 2804 diligitur
1144 2774 1181 2795 ex
1196 2764 1320 2794 caritate

1374 2596 1440 2618 non
1463 2594 1499 2618 ut
1522 2587 1642 2618 amicus
1673 2587 1828 2628 diligitur,
1860 2588 1987 2629 proprie
2010 2588 2193 2630 loquendo,
2222 2590 2277 2620 sed
2301 2596 2337 2621 ut
2363 2599 2435 2630 pars

1373 2631 1476 2662 amici.
1500 2631 1542 2662 Et
1564 2638 1730 2672 propterea
1745 2631 1859 2663 sufficit
1878 2633 2051 2664 redamatio
2067 2633 2159 2664 amici
2183 2633 2273 2664 cuius
2288 2641 2335 2664 est
2353 2643 2435 2674 pars.

1374 2675 1530 2716 Respectu
1546 2682 1652 2706 autem
1676 2676 1794 2716 proprii
1809 2677 1960 2718 corporis,
1982 2677 2123 2709 neutrius
2142 2677 2314 2709 redamatio
2333 2678 2436 2719 requi-

1373 2719 1534 2795 ritur.dEt
1556 2719 1618 2750 hoc
1641 2720 1796 2761 singulare
1811 2721 1913 2752 voluit
1928 2723 2050 2753 Auctor
2070 2732 2126 2763 per
2147 2722 2235 2753 illam
2257 2722 2435 2762 responsio-

1374 2773 1446 2794 nem
1493 2773 1592 2795 ocere.

1071 2890 1385 2934 ARTICULUS
1415 2891 1623 2934 SEXTUS

769 2975 924 3007 UTRUM
945 2974 1229 3006 PECCATORES
1244 2973 1348 3005 ‘Sim
1372 2974 1429 3005 Ex
1453 2974 1676 3005 CARITATE
1701 2974 1921 3006 DILIGENDI

593 3053 613 3078 11
633 3034 714 3083 Sent„
734 3053 794 3079 dist.
811 3060 856 3084 vu,
875 3060 918 3085 qu.
937 3060 974 3082 ιιι,
994 3057 1041 3078 art.
1062 3060 1085 3084 2,
1105 3053 1136 3077 ad
1157 3059 1185 3082 2;
1204 3052 1244 3082 111,
1264 3051 1321 3076 dist.
1339 3059 1425 3083 xxm,
1446 3058 1492 3077 art.
1510 3060 1544 3084 4;
1566 3053 1607 3077 De
1626 3053 1735 3082 Virtut„
1756 3060 1800 3085 qu.
1820 3060 1847 3082 n,
1867 3057 1914 3078 art.
1933 3052 1958 3084 8,
1978 3053 2009 3077 ad
2028 3052 2053 3084 8,
2073 3060 2104 3086 9;

764 3088 805 3113 De
824 3087 910 3113 Duob.
929 3087 1066 3119 Haecept.
1085 3093 1142 3117 etc..
1160 3095 1216 3120 cap.
1235 3087 1277 3112 De
1295 3087 1392 3113 Dilect.
1411 3087 1514 3117 Prox.‚·
1532 3088 1576 3112 Aa
1597 3088 1757 3120 Galat.,cap.
1774 3095 1808 3119 vi,
1827 3088 1885 3112 lect.
1904 3095 1932 3113 n.

351 3180 354 3186 ι
379 3181 432 3205 „m
474 3171 498 3195 n
525 3170 666 3195 suxi-uu
693 3169 746 3194 Sic
770 3169 1008 3194 Pnocemwn.
1038 3156 1196 3194 Videtur
1219 3157 1323 3205 quod

332 3210 337 3217 '
392 3204 443 3252 {fio
475 3218 694 3261 peccatores
713 3222 792 3248 non
812 3210 883 3249 sint
902 3221 946 3246 ex
961 3209 1112 3247 caritate
1132 3209 1320 3258 diligendi.

411 3252 442 3306 ’ἧς
457 3264 461 3267 ’
475 3263 619 3301 Dicitur
645 3264 746 3301 enim
774 3263 811 3300 in
832 3263 971 3300 Psalm.
994 3263 1030 3299 *ε
1058 3262 1212 3311 Iniquos
1239 3263 1323 3300 odio

282 3296 294 3319 ²
321 3311 403 3345 -'''1‘›
431 3310 600 3355 habui.
635 3317 711 3355 Sed
739 3316 864 3355 David
894 3315 1086 3355 caritatem
1102 3320 1119 3337 ²
1146 3316 1322 3354 habebat.

316 3433 344 3466 α)
363 3433 513 3458 caritatem.
531 3446 550 3451 -
564 3433 711 3467 perfectam
730 3432 827 3457 addunt
847 3431 892 3457 Pa.

405 3486 515 3511 Sumtus
533 3485 634 3510 Tutor.
653 3485 685 3509 D.
697 3484 812 3509 Tamus
830 3484 862 3508 Τ.
875 3484 907 3507 V.

1377 3157 1477 3205 Ergo
1511 3170 1555 3194 ex
1584 3157 1735 3194 caritate
1769 3157 1888 3206 magis
1917 3155 2184 3195 sunt'odiendi
2213 3165 2432 3206 peccatores

1376 3222 1493 3261 quam
1523 3210 1710 3258 diligendi.

1431 3275 1465 3300 2.
1496 3264 1729 3310 PRAETEREA,
1748 3263 1924 3311 probatio
1953 3263 2156 3300 dilectionis
2175 3262 2351 3300 exhibitio
2380 3267 2434 3299 est

1378 3316 1516 3365 operis;
1531 3324 1571 3353 ut
1590 3316 1795 3364 Gregorius
1815 3316 1913 3364 dicit,
1930 3316 1968 3353 in
1983 3316 2140 3354 homilia
2158 3317 2388 3352 Pentecostes
2398 3314 2429 3351 *.

2256 3480 2288 3505 ²6

2464 1338 2475 1349 ³
2489 1337 2555 1359 Vern-
2569 1344 2592 1364 4.

2466 1551 2475 1561 ’
2494 1550 2550 1579 Sap.
2573 1557 2621 1579 cap.
2644 1557 2674 1578 ix,

2466 1583 2524 1598 vern.
2540 1584 2546 1599 ι
2561 1592 2566 1598 .

2465 2031 2474 2039 ·
2484 2029 2557 2077 Epist.
2568 2029 2674 2055 exvul,

2464 2056 2492 2077 al.
2522 2055 2562 2082 Vl,
2576 2062 2625 2083 cap.
2637 2062 2675 2077 111.

2459 3308 2467 3317 ⁸
2477 3307 2563 3329 Homil.
2571 3307 2636 3329 XXX
2644 3309 2667 3330 in

2460 3333 2552 3361 Evang.
