2892 4056
181 1462 187 1468 '
205 1460 270 1481 Vers.
286 1466 315 1488 ¹3·

180 1887 188 1894 ⁸
219 1889 246 1907 rt.
257 1892 279 1913 3;
290 1891 328 1912 qu.
337 1891 391 1911 xvu,

184 3031 194 3040 '⁶
226 3036 246 3051 u⁴
259 3036 314 3057 xvn,
322 3034 363 3052 art.
373 3030 396 3052 6.

184 3068 194 3072 -
225 3056 240 3077 f.
255 3057 386 3079 Comment.

433 151 504 187 170

1090 137 1356 183 QUAESTIO
1385 138 1525 185 XXIII,
1554 137 1849 174 ARTICULUS
1876 137 1927 174 VI

1234 271 1552 313 ARTICULUS
1591 270 1798 311 SEXTUS

947 354 1101 384 UTRUM
1126 353 1310 385 CAR1TAs
1335 354 1400 385 sn*
1424 352 1823 385 EXCELLENTISSIMA
1846 353 2076 403 V¹RTUTEM

926 433 949 456 1³¹
971 432 1024 461 11⁸⁶,
1045 440 1089 464 qu.
1108 440 1174 461 var,
1194 437 1239 457 art.
1259 432 1275 456 6
1283 441 1290 463 ;
1311 432 1382 463 infra,
1403 440 1448 464 qu.
1466 439 1520 462 xxx,
1541 436 1586 456 art.
1607 438 1636 462 4;
1655 431 1699 456 Ad
1719 432 1826 462 coloss„
1847 439 1901 464 cap.
1920 439 1957 461 ιιι,
1977 433 2035 457 lect.
2053 439 2091 456 ut.

511 522 519 535 ι
574 526 595 539 f
619 516 658 540 -D
687 515 827 540 sax-rum
856 514 908 539 sic
938 514 1177 540 PROCEDHUR.
1198 503 1357 540 Videtur
1377 503 1483 551 quod
1508 502 1509 543 ἐ

455 554 501 596 ,⁴²
564 548 610 606 ’ἦ
637 557 768 592 caritas
789 568 867 592 non
887 555 932 591 sit
951 555 1264 592 excellentissima
1286 556 1480 592 virtutum.
1508 547 1509 570 ³

608 606 786 645 .Altioris
807 608 908 645 enim
932 609 1123 657 potentiae
1149 608 1258 645 altior
1277 616 1333 645 est
1351 609 1482 655 virtus,

422 721 477 749 est
496 713 604 749 altior
623 715 832 759 voluntate,
854 722 890 750 et
907 719 923 734 α
941 714 1063 762 dirigit
1083 714 1218 762 ipsam.
1250 715 1352 761 Ergo
1373 714 1481 761 fides,

422 778 517 814 quae
547 774 602 802 est
629 767 667 803 in
695 767 905 814 intellectu,
946 775 1000 803 est
1033 767 1274 814 excellentior
1310 767 1482 815 caritate,

421 830 517 867 quae
547 826 601 855 est
629 819 667 855 in
696 820 904 856 voluntate.

474 882 509 908 2.
530 872 772 919 PRAETEREA,
801 872 892 909 illud
921 884 989 920 per
1017 873 1122 921 quod
1151 873 1252 910 aliud
1282 879 1480 921 operatur,

420 923 570 960 videtur
590 937 636 962 eo
658 937 739 962 esse
760 925 936 962 inferius:
967 925 1063 962 sicut
1082 925 1263 973 minister,
1280 938 1348 975 per
1368 937 1482 975 quem
1508 945 1510 956 ι

1508 997 1510 1015 t
1535 979 1654 1015 lectus
1675 979 1888 1026 completur
1916 978 2128 1016 secundum
2159 978 2263 1027 quod
2291 977 2522 1015 intellectum
2543 985 2599 1015 est

421 1029 498 1065 Sed
520 1030 622 1077 fides
643 1043 716 1080 per
743 1031 975 1068 dilectionem
996 1029 1011 1060 β
1031 1038 1225 1080 operatur,
1255 1039 1297 1069 ut
1321 1032 1484 1071 habetur
1508 1051 1510 1059 ι

419 1083 470 1118 ad
497 1082 580 1119 Gal.
601 1095 624 1119 v
644 1083 674 1120 ²¹⁸.
705 1084 806 1132 Ergo
835 1084 933 1121 fides
962 1092 1017 1121 est
1046 1085 1288 1122 excellentior
1317 1085 1481 1121 caritate.
1508 1117 1510 1139 ὲ

1508 1143 1510 1151 ’
1535 1136 1665 1172 lectus.
1696 1136 1878 1184 Operatio
1907 1143 2035 1172 autem
2063 1136 2290 1183 voluntatis,
2328 1145 2365 1173 et
2401 1136 2599 1174 cuiuslibet

420 976 598 1014 dominus
627 978 768 1026 aliquid
797 985 996 1027 operatur,
1037 986 1092 1016 est
1124 979 1280 1016 inferior
1308 979 1480 1016 domino.

474 1135 507 1172 3.
530 1136 763 1184 PRAETEREA,
783 1137 875 1174 illud
895 1138 1000 1184 quod
1021 1150 1061 1173 se
1080 1138 1195 1174 habet
1220 1150 1264 1174 ex
1288 1137 1485 1174 additione

419 1187 468 1223 ad
497 1188 619 1236 aliud,
657 1189 810 1226 videtur
839 1201 920 1226 esse
948 1190 1162 1237 perfectius.
1203 1190 1279 1226 Sed
1313 1201 1400 1237 spes
1427 1189 1484 1225 vi-

420 1240 528 1276 detur
555 1254 595 1278 se
623 1242 765 1278 habere
788 1255 832 1278 ex
853 1242 1045 1279 additione
1075 1242 1124 1278 ad
1150 1242 1361 1279 caritatem:
1391 1254 1481 1278 nam

420 1292 580 1330 caritatis
609 1294 802 1331 obiectum
831 1303 887 1331 est
915 1295 1081 1342 bonum,
1111 1295 1193 1343 spei
1220 1302 1348 1332 autem
1378 1294 1482 1331 obie-

420 1353 520 1382 ctum
551 1355 606 1383 est
634 1347 781 1384 bonum
810 1347 986 1384 arduum.
1025 1348 1128 1395 Ergo
1158 1360 1244 1396 spes
1279 1356 1334 1385 est
1363 1348 1483 1384 excel-

418 1399 552 1436 lentior
581 1399 745 1437 caritate.
1082 1443 1088 1450 Ι

472 1453 545 1488 SED
575 1464 720 1489 CONTRA
748 1465 814 1489 EST
841 1453 947 1501 quod
977 1452 1111 1489 dicitur
1140 1454 1153 1488 Ι
1180 1453 1232 1490 ad
1253 1454 1340 1490 Cor.
1361 1465 1421 1489 xm
1441 1452 1481 1489 *z

418 1504 553 1541 Maior
579 1506 714 1542 horum
744 1512 797 1542 est
823 1506 973 1543 caritas.

472 1559 697 1595 RESPONDEO
725 1571 910 1596 DICENDUM
939 1558 1056 1607 quod,
1079 1571 1167 1595 cum
1187 1559 1335 1595 bonum
1356 1559 1394 1595 in
1412 1560 1483 1596 hu-

419 1611 542 1647 manis
571 1611 716 1648 actibus
745 1613 960 1649 attendatur
994 1612 1208 1648 secundum
1243 1611 1347 1660 quod
1376 1623 1483 1659 regu-

419 1664 544 1700 lantur
572 1664 700 1700 debita
720 1666 860 1712 regula,
882 1676 1039 1700 necesse
1070 1672 1126 1700 est
1153 1665 1259 1712 quod
1277 1664 1397 1701 virtus
1415 1666 1486 1701 hu-

419 1728 554 1763 mana,
593 1729 690 1764 quae
729 1724 785 1753 est
818 1716 1044 1765 principium
1083 1718 1275 1753 bonorum
1306 1724 1482 1765 actuum,

420 1769 599 1805 consistat
630 1769 668 1805 in
697 1769 915 1817 attingendo
950 1769 1209 1806 humanorum
1244 1777 1398 1806 actuum
1428 1782 1484 1806 re-

418 1822 559 1869 gulam.
602 1822 671 1858 Est
708 1830 836 1859 autem
875 1822 1016 1871 duplex
1058 1823 1187 1870 regula
1223 1823 1483 1860 humanorum

419 1882 589 1922 actuum,
617 1883 658 1911 ut
685 1888 800 1924 supra
818 1876 838 1896 *
858 1875 1000 1912 dictum
1031 1883 1097 1922 est,
1123 1875 1262 1912 scilicet
1291 1875 1385 1912 ratio
1415 1876 1484 1913 hu-

420 1939 534 1964 mana
554 1935 590 1964 et
609 1929 735 1965 Deus:
765 1928 834 1965 sed
853 1929 958 1966 Deus
979 1935 1035 1965 est
1052 1928 1176 1977 prima
1202 1929 1343 1976 regula,
1364 1941 1386 1965 a
1406 1941 1483 1977 qua

421 1980 532 2016 etiarn
553 1981 721 2018 humana
738 1981 830 2018 ratio
852 1981 1059 2029 regulanda
1074 1988 1141 2018 est.
1159 1982 1207 2018 Et
1222 1981 1308 2019 ideo
1324 1981 1482 2018 virtutes
1508 2016 1509 2034 ἒ

419 2033 666 2081 theologicae,
697 2047 795 2082 quae
825 2034 1035 2071 consistunt
1062 2034 1101 2071 in
1129 2034 1347 2082 attingendo
1377 2034 1481 2071 illam
1507 2035 1509 2081 j

420 2086 587 2134 regulam
615 2087 800 2135 primam,
831 2099 877 2123 eo
907 2088 1012 2136 quod
1042 2100 1174 2124 earum
1204 2087 1397 2124 obiectum
1427 2095 1482 2124 est
1507 2106 1509 2123 ι

1507 2134 1509 2157 ³
1534 2140 1670 2189 priam.
1700 2140 1748 2177 Et
1776 2139 1864 2177 ideo
1895 2139 1988 2177 ratio
2017 2152 2096 2177 non
2123 2139 2303 2188 sequitur.

419 2140 536 2187 Deus,
558 2140 840 2177 excellentiores
860 2149 946 2177 sunt
965 2140 1166 2178 virtutibus
1191 2140 1399 2178 moralibus
1417 2141 1480 2178 vel

418 2192 741 2239 intellectualibus,
763 2206 862 2241 quae
892 2193 1100 2231 consistunt
1124 2193 1162 2230 in
1186 2193 1404 2241 attingendo
1425 2205 1481 2230 ra-
1507 2203 1508 2216 ¹

419 2245 563 2282 tionem
592 2247 816 2283 humanam.
851 2247 1021 2295 Propter
1054 2247 1159 2294 quod
1196 2253 1348 2295 oportet
1375 2246 1480 2293 quod

421 2298 534 2334 etiam
553 2298 649 2335 inter
667 2299 767 2347 ipsas
786 2299 942 2336 virtutes
961 2299 1192 2346 theologicas
1213 2299 1272 2336 illa
1293 2299 1338 2335 sit
1356 2299 1481 2347 potior

420 2363 519 2398 quae
534 2351 654 2399 magis
669 2353 797 2388 Deum
818 2352 973 2400 attingit.
996 2353 1159 2400 Semper
1178 2360 1306 2388 autem
1322 2351 1360 2389 id
1375 2351 1480 2400 quod

421 2411 477 2440 est
494 2416 563 2452 per
578 2416 618 2440 se
638 2404 758 2452 magis
773 2409 788 2432 Υ
805 2412 860 2441 est
880 2417 925 2441 eo
947 2404 1052 2453 quod
1072 2412 1128 2441 est
1146 2417 1214 2453 per
1233 2404 1346 2441 aliud.
1368 2405 1480 2441 Fides
1507 2449 1508 2452 Ἰ

1507 2453 1508 2457 ’
1536 2456 1639 2493 enim
1666 2456 1744 2493 iam
1773 2457 1921 2494 unitum
1947 2461 1965 2482 η
1995 2463 2050 2493 est
2077 2468 2157 2493 non
2180 2455 2296 2492 habet
2323 2455 2510 2493 rationem
2539 2467 2596 2493 ar-

421 2464 550 2493 autem
570 2465 607 2494 et
626 2470 713 2506 spes
733 2457 917 2505 attingunt
940 2457 1095 2505 quidem
1114 2457 1242 2494 Deum
1268 2457 1480 2494 secundum

421 2509 525 2558 quod
562 2522 607 2546 ex
635 2510 719 2558 ipso
758 2510 936 2559 provenit
973 2509 1083 2547 nobis
1110 2510 1172 2546 vel
1202 2509 1365 2557 cognitio
1400 2509 1481 2547 veri

419 2563 481 2598 vel
501 2563 652 2611 adeptio
674 2563 782 2599 boni:
804 2563 872 2600 sed
892 2563 1025 2600 caritas
1045 2562 1188 2611 attingit
1206 2563 1332 2611 ipsum
1352 2563 1480 2600 Deum

474 2719 500 2751 α)
520 2722 554 2743 et.
568 2732 586 2737 -
598 2718 661 2750 quia
680 2718 726 2742 Pa.

474 2753 499 2786 β)
520 2754 694 2779 dilectionem.
707 2767 724 2770 -
738 2752 879 2778 caritatem
899 2753 928 2777 P.

473 2789 498 2822 γ)
518 2789 613 2822 magis.
627 2802 645 2807 -
658 2789 743 2813 maius
764 2788 836 2821 PpG.

474 2823 498 2856 δ)
519 2825 555 2849 in.
567 2838 584 2842 —
599 2831 635 2848 ex
654 2824 699 2854 Pa,
719 2831 772 2848 om.
791 2823 822 2847 D.

591 652 728 697 Ksicut
757 669 792 698 et
820 661 928 697 altior
957 662 1138 709 operatio.
1170 661 1247 698 Sed
1275 661 1483 698 intellectus
1508 671 1510 683 ¹

1535 510 1576 538 ut
1596 502 1633 538 in
1653 502 1736 550 ipso
1757 502 1871 549 sistat,
1901 515 1980 539 non
2008 510 2049 539 ut
2077 514 2122 539 ex
2145 515 2190 539 eo
2219 503 2361 553 aliquid
2379 504 2490 542 nobis
2508 516 2596 553 pro-

1535 555 1675 591 veniat.
1697 555 1746 591 Et
1764 555 1850 592 ideo
1872 556 2005 592 caritas
2026 557 2081 592 e'st
2101 555 2341 593 excellentior
2358 557 2434 594 fide
2455 564 2492 594 et
2512 569 2595 607 spe;

1537 615 1573 644 et
1591 620 1661 656 per
1680 619 1920 656 consequens
1950 608 2128 645 omnibus
2150 608 2229 645 aliis
2249 609 2461 647 virtutibus.
2493 610 2597 648 Sicut

1538 660 1651 697 etiam
1670 661 1881 709 prudentia,
1898 674 1995 710 quae
2016 661 2160 709 attingit
2178 661 2363 699 rationem
2383 663 2596 700 secundum

1537 725 1594 760 se,
1616 721 1671 750 est
1700 714 1941 751 excellentior
1967 727 2083 763 quarn
2111 714 2205 750 aliae
2233 714 2389 751 virtutes
2417 716 2595 763 morales,

1536 778 1634 815 quae
1664 766 1850 814 attingunt
1881 767 2067 804 rationem
2100 767 2311 804 secundum
2340 767 2444 815 quod
2478 780 2523 804 ex
2552 780 2596 805 ea

1537 818 1707 856 medium
1738 819 1974 857 constituitur
1993 820 2031 857 in
2052 819 2336 868 operationibus
2362 820 2425 856 vel
2454 820 2598 868 passio-

1536 872 1648 909 nibus
1675 873 1865 909 humanis.

1589 927 1648 962 An
1669 937 1805 962 PRIMUM
1825 937 1923 962 ERGO
1943 937 2128 963 DICENDUM
2157 926 2263 974 quod
2291 925 2463 974 operatio
2492 925 2597 962 intel-

1536 1030 1574 1067 in
1601 1030 1849 1079 intelligente:
1886 1039 1923 1068 et
1954 1031 2042 1068 ideo
2076 1031 2251 1068 nobilitas
2286 1030 2516 1080 operationis
2544 1030 2597 1068 in-

1536 1083 1754 1120 tellectualis
1773 1084 1976 1120 attenditur
2003 1084 2217 1121 secundum
2245 1096 2467 1121 mensuram
2492 1083 2598 1120 intel-

1534 1187 1682 1224 virtutis
1707 1188 1946 1236 appetitivae,
1968 1188 2164 1237 perficitur
2182 1188 2220 1225 in
2239 1186 2252 1210 ὃ
2271 1189 2512 1227 inclinatione
2533 1201 2598 1239 ap-

1508 1271 1510 1288 ,
1534 1240 1696 1289 petentis
1717 1241 1764 1277 ad
1785 1253 1866 1278 rem
1886 1240 1982 1277 sicut
2000 1241 2049 1278 ad
2064 1241 2278 1279 terminum.
2300 1241 2392 1278 Ideo
2406 1245 2420 1262 ⁸
2439 1241 2598 1290 dignitas

1537 1293 1768 1342 operationis
1795 1293 2024 1342 appetitivae
2053 1292 2257 1331 attenditur
2283 1294 2496 1332 secundum
2515 1306 2598 1331 rem

1536 1359 1634 1395 quae
1665 1353 1720 1383 est
1747 1346 1940 1384 obiectum
1970 1346 2214 1395 operationis.
2258 1347 2316 1384 Ea
2342 1355 2473 1384 autem
2499 1359 2599 1396 quae

1536 1407 1623 1436 sunt
1641 1399 1736 1436 infra
1755 1399 1923 1436 animam
1952 1399 2129 1436 nobiliori
2156 1400 2275 1437 modo
2304 1407 2390 1436 sunt
2412 1399 2451 1436 in
2471 1399 2601 1437 anima

1535 1445 1710 1502 quam'in
1730 1452 1874 1501 seipsis,
1896 1453 1985 1502 quia
2011 1452 2317 1502 unumquodque
2338 1460 2394 1489 est
2412 1452 2451 1489 in
2470 1452 2601 1500 aliquo

1535 1518 1605 1554 per
1623 1506 1786 1543 modum
1808 1505 1887 1542 eius
1916 1505 1954 1542 in
1983 1518 2059 1554 quo
2091 1513 2157 1553 est,
2177 1513 2219 1542 ut
2246 1506 2408 1542 habetur
2434 1505 2473 1542 in
2501 1505 2598 1542 libro

1536 1559 1581 1595 de
1614 1559 1745 1596 Causis
1764 1558 1804 1595 *z
1839 1570 1938 1606 quae
1957 1570 2052 1595 vero
2082 1566 2168 1595 sunt
2190 1571 2304 1607 supra
2332 1558 2502 1595 animam
2530 1570 2599 1595 no·
2627 1567 2637 1576 ·

1535 1611 1660 1648 biliori
1689 1611 1808 1648 modo
1838 1619 1924 1648 sunt
1951 1612 1990 1647 in
2019 1612 2149 1660 seipsis
2170 1611 2379 1661 quamxsint
2398 1611 2436 1648 in
2457 1610 2597 1649 anima.

1536 1665 1585 1701 Et
1613 1664 1700 1701 ideo
1730 1676 1864 1701 eorum
1894 1676 1992 1712 quae
2022 1671 2109 1700 sunt
2127 1664 2224 1700 infra
2252 1676 2323 1700 nos
2352 1663 2516 1700 nobilior
2543 1671 2600 1701 est

1537 1717 1700 1764 cognitio
1717 1729 1834 1765 quam
1850 1716 2017 1753 dilectio:
2034 1724 2190 1765 propter
2209 1716 2316 1764 quod
2329 1716 2598 1765 Philosophus,

1536 1769 1574 1806 in
1599 1770 1634 1805 X
1652 1770 1772 1806 Ethic.
1794 1769 1824 1816 ²¹⁸,
1851 1769 2026 1818 praetulit
2043 1769 2201 1807 virtutes
2228 1769 2496 1806 intellectuales
2515 1781 2599 1806 mo-

1537 1822 1688 1860 ralibus.
1719 1823 1796 1860 Sed
1816 1834 1951 1860 eorum
1975 1834 2072 1870 quae
2093 1829 2180 1859 sunt
2199 1834 2314 1870 supra
2332 1834 2416 1870 nos,
2436 1828 2475 1859 et
2488 1833 2607 1871 praef,

1527 1875 1645 1924 'cipue
1666 1875 1815 1913 dilectio
1835 1875 1907 1912 Dei
1927 1873 1951 1922 ἶ,
1972 1874 2178 1924 cognitioni
2197 1875 2417 1924 praefertur.
2443 1874 2493 1912 Et
2508 1873 2598 1917 ideo

1536 1928 1670 1965 caritas
1700 1935 1755 1965 est
1783 1928 2024 1966 excellentior
2050 1928 2141 1966 fide.
2499 1967 2503 1969 ,
2583 1973 2586 1975 ‚

1588 1983 1647 2018 An
1679 1992 1870 2018 SECUNDUM
1898 1993 2084 2019 mcennuu
2121 1980 2226 2030 quod
2262 1980 2360 2018 fides
2395 1991 2475 2018 non
2506 1983 2602 2029 ope-j

1536 2041 1639 2073 ratur
1656 2046 1726 2082 per
1746 2034 1988 2072 dilectionem
2011 2034 2108 2071 sicut
2134 2046 2204 2082 per
2230 2033 2539 2080 instrumentum,
2557 2039 2600 2076 ut

1535 2087 1716 2124 dominus
1734 2099 1804 2136 per
1823 2099 1993 2132 servum;
2023 2086 2090 2124 sed
2110 2087 2204 2124 sicut
2231 2098 2300 2134 per
2324 2086 2490 2123 formam
2508 2093 2598 2134 pro-⁴

1587 2194 1647 2230 An
1675 2204 1835 2230 TERTmM
1867 2204 2052 2230 DICENDUM
2089 2192 2195 2240 quod
2228 2191 2330 2229 idem
2365 2191 2512 2228 bonum
2542 2197 2600 2228 est>

1535 2245 1729 2282 obiectum
1758 2245 1920 2282 caritatis
1953 2253 1989 2282 et
2017 2245 2118 2293 spei:
2156 2244 2224 2283 sed
2258 2243 2392 2281 caritas
2419 2243 2600 2292 importat

1534 2299 1716 2335 unionem
1737 2298 1787 2335 ad
1805 2298 1897 2335 illud
1925 2298 2085 2343 bonum,
2114 2309 2201 2346 spes
2229 2304 2358 2343 autem
2382 2295 2602 2335 distantiam

1536 2351 1732 2400 quandam
1760 2351 1808 2387 ab
1838 2363 1897 2388 eo.
1936 2351 1986 2387 Et
2013 2349 2101 2388 inde
2131 2357 2187 2387 est
2218 2349 2324 2397 quod
2357 2349 2489 2386 caritas
2517 2355 2597 2387 non

1535 2403 1685 2452 respicit
1713 2403 1802 2440 illud
1830 2404 1978 2440 bonum
1997 2411 2039 2440 ut
2058 2402 2225 2441 arduum
2242 2402 2336 2439 sicut
2352 2413 2460 2451 spes:
2490 2401 2599 2450 quod,

1535 2509 1611 2547 dui.
1651 2510 1700 2546 Et
1728 2521 1772 2546 ex
1801 2509 1876 2546 hoc
1905 2516 2061 2557 apparet
2093 2508 2198 2557 quod
2231 2507 2364 2545 caritas
2391 2514 2448 2545 est
2473 2508 2600 2556 perte-2

1535 2570 1629 2600 ct10r
1657 2574 1736 2611 spe.

1588 2715 1610 2747 ε)
1632 2715 1703 2740 Ideo.
1716 2729 1735 2734 -
1749 2715 1784 2740 Et
1803 2715 1862 2740 ideo
1881 2715 1935 2740 CG.
1951 2712 1955 2715 ’

1586 2749 1612 2782 ζ)
1632 2750 1738 2775 dilectio
1762 2749 1822 2775 Dei.
1835 2763 1854 2769 -
1866 2750 1918 2775 Dei
1936 2750 2042 2775 dilectio
2059 2757 2086 2775 a.

1587 2787 1614 2818 η)
1635 2786 1747 2811 unitum.
1761 2799 1779 2804 -
1792 2792 1875 2810 unum
1894 2785 1946 2816 PD,
1966 2785 2084 2810 habitum
2103 2792 2193 2818 margo
2211 2791 2238 2810 ι.

1095 2901 1428 2935 Commentario.
1449 2899 1700 2933 Cardinalis
1721 2899 1921 2932 Caietam

426 2993 472 3055 ln
497 2982 627 3013 articulo
652 2989 748 3018 sexto,
773 2981 894 3013 omisso
918 2981 1047 3022 quinto,
1077 2981 1202 3012 adverte
1226 2980 1330 3021 quod,
1361 2987 1396 3010 ut
1419 2979 1483 3009 iam
1508 2977 1510 3029 l

454 3026 649 3067 praedictum
677 3033 722 3057 est
744 3025 769 3062 *‚
798 3025 928 3056 virtutes
952 3025 1149 3064 theologicae
1178 3018 1358 3064 respiciunt'
1377 3024 1483 3054 Deum

423 3078 459 3101 ut
482 3070 641 3100 obiectum
666 3070 705 3099 ad
728 3070 815 3110 quod
838 3069 981 3105 tendunt,
1007 3075 1038 3099 et
1060 3069 1088 3099 ei
1110 3068 1290 3099 innituntur
1311 3074 1348 3098 ut
1370 3067 1483 3098 rationi

423 3114 548 3145 formali
565 3123 629 3154 qua
644 3114 786 3144 tendunt.
811 3114 852 3144 Et
868 3116 988 3144 Auctor
1004 3113 1103 3143 modo
1119 3113 1202 3149 hinc,
1219 3112 1319 3142 modo
1339 3111 1426 3142 illinc
1446 3112 1484 3142 de

424 3159 468 3189 eis
483 3158 609 3194 iudicat,
622 3158 799 3189 secundum
816 3157 936 3187 diversa
959 3157 1131 3197 proposita.
1160 3157 1196 3187 In
1212 3156 1366 3197 praesenti
1389 3155 1486 3196 siqui-

423 3203 497 3233 dem
512 3201 697 3243 quaestione
712 3201 829 3232 iudicat
844 3202 881 3230 de
898 3201 940 3231 eis
957 3201 1146 3242 inquantum
1170 3200 1348 3231 innituntur
1363 3200 1432 3231 Deo
1450 3206 1485 3230 ut

424 3246 537 3277 rationi
560 3245 696 3279 formali.
731 3246 771 3276 Et
794 3245 869 3286 quia
892 3244 978 3281 fides,
996 3251 1031 3275 ut
1055 3245 1108 3281 sic,
1126 3244 1223 3275 credit
1237 3244 1307 3275 Deo
1324 3244 1483 3280 revelanti,

424 3300 494 3330 spes
507 3289 651 3321 innititur
661 3289 731 3320 Deo
743 3289 912 3324 auxilianti,
927 3288 1035 3319 caritas
1052 3296 1159 3319 autem
1171 3287 1317 3319 adhaeret
1327 3288 1397 3319 Deo
1410 3287 1485 3328 quia

424 3335 528 3365 bonus
546 3341 591 3364 est
607 3334 639 3364 in
656 3342 705 3370 se;
729 3333 801 3363 ideo
819 3333 978 3363 caritatem
994 3333 1140 3363 excellere
1157 3339 1272 3363 ceteras
1288 3331 1418 3363 virtutes
1438 3342 1485 3362 re-

425 3385 471 3409 cte
488 3378 696 3414 concluditur,
721 3378 838 3418 absque
862 3377 926 3407 ulla
942 3377 1153 3407 controversia
1169 3377 1213 3407 ad
1233 3376 1423 3417 supradicta:
1450 3385 1485 3407 ut

425 3422 513 3453 facile
536 3429 621 3462 patet
645 3432 680 3452 ex
701 3421 899 3452 distinctione
923 3421 980 3451 hac
1004 3427 1034 3451 et
1054 3420 1264 3461 applicatione
1287 3421 1327 3451 ad
1350 3420 1483 3460 singula.
1510 3445 1512 3450 .

1592 2979 1628 3009 11.
1653 2979 1688 3009 In
1712 2978 1919 3019 responsione
1940 2979 1981 3009 ad
1997 2979 2138 3020 primum
2160 2979 2194 3010 iu
2217 2979 2332 3011 eodem
2354 2986 2442 3011 sexto
2465 2979 2597 3013 articulo

1535 3023 1660 3054 adverte
1679 3023 1778 3064 quod,
1799 3023 1874 3064 quia
1898 3023 2152 3063 comparationes
2175 3022 2393 3064 intelliguntur
2409 3024 2517 3055 ceteris
2542 3033 2598 3065 pas

1535 3067 1637 3103 ribus,
1662 3074 1828 3108 propterea
1851 3070 1988 3103 Auctor,
2014 3077 2088 3098 cum
2115 3067 2209 3098 vellet
2239 3067 2341 3098 dicere
2364 3067 2454 3109 quod
2485 3077 2599 3109 eorum

1536 3121 1619 3152 quae
1642 3118 1716 3142 sunt
1746 3121 1841 3151 supra
1870 3121 1929 3141 nos
1953 3110 2078 3142 dilectio
2109 3111 2283 3151 cognitioni
2313 3111 2502 3152 praefertur,
2531 3106 2600 3146 ndu*

1537 3155 1613 3186 dixit
1635 3155 1696 3186 hoc
1712 3155 1772 3186 nisi
1796 3165 1870 3186 cum
1890 3155 2061 3192 additione,
2085 3155 2211 3191 seilicet,
2235 3161 2266 3186 et
2282 3157 2459 3196 praecipue
2472 3155 2611 3191 ditectio,

1536 3200 1608 3230 Dei.
1633 3199 1766 3230 Videbat
1789 3198 1945 3240 siquidem
1969 3200 2057 3240 quod
2073 3199 2199 3230 dilectio
2222 3199 2282 3230 Dei
2302 3206 2332 3230 et
2352 3199 2601 3233 substantiamm

1536 3243 1793 3274 immaterialium
1816 3243 1917 3284 qualis
1941 3250 2046 3283 potest
2068 3253 2124 3284 per
2138 3243 2291 3274 naturalia
2307 3243 2375 3275 sola
2397 3243 2602 3282 haberifnmae

1537 3287 1709 3327 praefertur
1732 3287 1915 3327 simpliciter
1928 3286 2035 3318 virtuti
2057 3286 2259 3318 intellectuali
2274 3297 2357 3329 quae
2373 3294 2419 3319 est
2435 3286 2601 3329 sapienti-,⁴

1537 3338 1568 3362 et
1590 3331 1651 3361 hoc
1675 3331 1750 3371 quia
1774 3341 1839 3362 non
1862 3338 1909 3362 est
1930 3331 2043 3362 virtus:
2083 3331 2138 3362 sed
2161 3330 2287 3362 dilectio
2317 3331 2377 3362 Dei
2400 3331 2439 3362 de
2461 3335 2530 3372 qua'
2552 3337 2598 3362 est

1537 3385 1652 3412 sermo,
1676 3385 1758 3416 quae
1775 3375 1891 3406 scilicet
1913 3382 1960 3406 est
1983 3385 2020 3406 ex
2035 3375 2170 3412 caritate,
2195 3375 2270 3416 quia
2291 3375 2400 3406 caritas
2423 3381 2470 3406 est
2488 3374 2597 3406 virtus.

1538 3420 1603 3450 Iam
1629 3426 1728 3450 cetera
1744 3426 1818 3450 sunt
1834 3419 1930 3459 paria,
1948 3426 1977 3450 et
1993 3419 2187 3459 comparatio
2203 3426 2249 3450 est
2263 3419 2344 3450 inter
2358 3418 2496 3450 virtutes.
2522 3419 2597 3452 Ideo

2717 1777 2748 1793 Ξ

2749 1787 2755 1798 ,
2770 1778 2837 1794 vm.-

2759 1814 2764 1819 .
2772 1804 2794 1825 x,
2804 1804 2837 1824 xi,

2625 1771 2652 1846 αφ’

2724 1877 2740 1907 “
2721 1801 2757 1820 ὃ
