2892 4056
460 182 509 217 60
1172 180 1436 226 QUAESTIO
1464 182 1514 229 v,
1543 182 1837 219 ARTICULUS
1867 182 1917 219 ιν

1133 318 1464 354 Commentario
1487 321 1736 354 Oardjnalis
1759 321 1958 354 Caietam

490 434 509 454 N
533 423 664 454 articulo
689 428 801 463 quarto
817 421 960 451 eiusdem
975 419 1104 460 quintae
1120 420 1325 460 quaestionis,
1342 421 1376 452 in
1393 431 1521 462 respon·
1574 418 1754 449 virtualiter.
1786 419 1827 449 Et
1850 425 1986 460 utroque
2009 420 2107 450 modo
2132 420 2282 452 verificari
2304 430 2418 463 potest.
2445 424 2528 455 Nam
2551 425 2631 456 sicut

211 475 230 490 -ν
245 474 315 495 verba
330 480 391 502 quae
407 475 430 495 ia
463 433 579 498 Isione
602 467 642 497 ad
671 466 838 501 ultimum,
863 471 939 495 nota
963 463 1051 504 quod
1074 463 1128 493 illa
1150 464 1244 494 verba
1267 464 1387 495 litterae
1410 465 1440 495 *2
1466 465 1520 496 Se·
1574 463 1707 492 eandem
1730 462 1923 499 albedinem,
1949 463 2056 494 ceteris
2086 464 2229 504 paribus,
2253 466 2366 498 melius
2387 467 2473 499 videt
2500 468 2552 499 ille
2575 469 2631 510 qui

459 512 597 542 cundum
623 512 775 540 maiorem
799 509 1006 548 capacitatem
1034 508 1213 538 intellectus
1236 518 1320 539 unus
1342 510 1447 550 magis
1470 510 1521 540 vel
1574 514 1620 537 est
1643 506 1791 538 acutioris
1813 507 1913 544 visus;
1937 507 1980 538 ita
2003 507 2113 538 eadem
2135 508 2288 550 principia
2309 509 2482 543 formaliter
2504 519 2631 552 sumpta

459 557 566 586 minus
588 554 749 595 cognoscit
765 553 929 583 veritatem
946 549 1206 591 *principiorum
1230 562 1325 592 quam
1349 553 1445 590 alius,
1463 553 1519 583 du·
1574 551 1674 591 magis
1694 550 1780 582 videt
1805 551 2013 592 perspicacior
2040 551 2227 583 intellectum
2257 553 2298 584 Et
2320 555 2431 586 eadem
2459 555 2631 587 virtualiter

1574 601 1701 635 sumpta
1733 595 1832 635 magis
1864 602 2025 636 penetrare
2054 602 2175 628 constat
2202 597 2340 628 nobilius
2368 599 2550 639 ingenim,
2579 600 2630 631 cui

1573 639 1684 670 datum
1719 646 1764 670 est
1801 649 1838 670 ex
1862 639 1906 670 eis
1930 640 2070 671 invenire
2105 646 2135 671 et
2166 640 2271 672 videre
2306 637 2468 674 veritatem
2500 644 2629 675 conclu-

1573 693 1710 714 sionum.

221 500 300 521 littera
331 500 360 521 ab
386 501 430 521 Au-

221 529 286 548 ctare
301 526 431 554 afferuntur

221 553 301 600 '¹¹²⁸Vide
319 582 366 600 not.
381 580 402 603 δ.
493 599 500 606 ‚
523 598 529 605 .
606 598 613 604 .
694 597 700 603 .
726 597 732 603 .
912 604 917 610 ¹
981 595 988 601 .
1258 596 1265 602 .
1308 596 1314 602 .
1439 597 1445 603 .
1495 597 1501 603 .

458 599 578 639 PllCItel'
605 597 735 637 lntesslgl
766 602 918 636 possunt.
943 604 1064 635 pflmo,
1090 602 1232 635 respectu
1257 603 1356 636 lpSlUS
1383 603 1519 627 ventfltls

458 642 686 683 principiorum
702 641 734 670 in
750 639 874 680 seipsis;
899 639 1050 675 secundo,
1071 646 1214 679 respectu
1231 639 1374 670 eiusdem
1390 647 1426 671 ut
1444 650 1518 671 con-

458 686 535 717 tinet
557 686 589 715 in
613 695 645 715 se
668 684 829 715 veritatem
853 682 1000 719 aliorum,
1032 689 1068 713 ut
1092 693 1184 714 causa
1208 682 1354 714 effectum
1379 684 1519 715 continet

2539 3050 2626 3077 wrm)

2484 3109 2510 3128 ιι.
2534 3110 2553 3141 {²
2587 3106 2626 3129 μῦ

2556 3152 2626 3181 '1:15'
