<?xml version="1.0" encoding="UTF-8"?>
<!DOCTYPE html PUBLIC "-//W3C//DTD XHTML 1.0 Transitional//EN"
    "http://www.w3.org/TR/xhtml1/DTD/xhtml1-transitional.dtd">
<html xmlns="http://www.w3.org/1999/xhtml" xml:lang="en" lang="en">
 <head>
  <title>
</title>
<meta http-equiv="Content-Type" content="text/html;charset=utf-8" />
  <meta name='ocr-system' content='tesseract 3.04.00' />
  <meta name='ocr-capabilities' content='ocr_page ocr_carea ocr_par ocr_line ocrx_word'/>
</head>
<body>
  <div class='ocr_page' id='page_1' title='image "./operaomniaiussui08thom_0067.png"; bbox 0 0 2892 4056; ppageno 0'>
   <div class='ocr_carea' id='block_1_1' title="bbox 0 0 38 2416">
    <p class='ocr_par' dir='ltr' id='par_1_1' title="bbox 0 0 38 2416">
     <span class='ocr_line' id='line_1_1' title="bbox 0 0 38 2416; baseline 0 0"><span class='ocrx_word' id='word_1_1' title='bbox 0 0 38 2416; x_wconf 95' lang='lat' dir='ltr'> </span> 
     </span>
    </p>
   </div>
   <div class='ocr_carea' id='block_1_2' title="bbox 0 2643 15 3377">
    <p class='ocr_par' dir='ltr' id='par_1_2' title="bbox 0 2643 15 3377">
     <span class='ocr_line' id='line_1_2' title="bbox 0 2643 15 3377; textangle 90"><span class='ocrx_word' id='word_1_2' title='bbox 0 3368 3 3377; x_wconf 91' lang='lat'><em>-</em></span> <span class='ocrx_word' id='word_1_3' title='bbox 0 3282 7 3323; x_wconf 46' lang='lat' dir='ltr'>vm</span> <span class='ocrx_word' id='word_1_4' title='bbox 0 3186 7 3266; x_wconf 70' lang='lat'><em>--—-.</em></span> <span class='ocrx_word' id='word_1_5' title='bbox 0 2906 11 3202; x_wconf 54' lang='lat' dir='ltr'>„=·‹-=-3-÷w--r-v-«</span> <span class='ocrx_word' id='word_1_6' title='bbox 10 2931 11 2934; x_wconf 60' lang='lat'><em>„</em></span> <span class='ocrx_word' id='word_1_7' title='bbox 0 2761 15 2911; x_wconf 55' lang='lat' dir='ltr'>„nv-um</span> <span class='ocrx_word' id='word_1_8' title='bbox 0 2676 9 2755; x_wconf 38' lang='grc' dir='ltr'>«ἡ</span> <span class='ocrx_word' id='word_1_9' title='bbox 0 2643 5 2662; x_wconf 59' lang='lat'>“⁸</span> 
     </span>
    </p>
   </div>
   <div class='ocr_carea' id='block_1_3' title="bbox 62 583 73 595">
    <p class='ocr_par' dir='ltr' id='par_1_3' title="bbox 62 583 73 595">
     <span class='ocr_line' id='line_1_3' title="bbox 62 583 73 595; baseline 0 0"><span class='ocrx_word' id='word_1_10' title='bbox 62 583 73 595; x_wconf 69' lang='lat'>⁸</span> 
     </span>
    </p>
   </div>
   <div class='ocr_carea' id='block_1_4' title="bbox 164 451 172 467">
    <p class='ocr_par' dir='ltr' id='par_1_4' title="bbox 164 451 172 467">
     <span class='ocr_line' id='line_1_4' title="bbox 164 451 172 467; baseline 0 0"><span class='ocrx_word' id='word_1_11' title='bbox 164 451 172 467; x_wconf 75' lang='lat' dir='ltr'>t</span> 
     </span>
    </p>
   </div>
   <div class='ocr_carea' id='block_1_5' title="bbox 87 557 232 610">
    <p class='ocr_par' dir='ltr' id='par_1_5' title="bbox 87 557 232 610">
     <span class='ocr_line' id='line_1_5' title="bbox 87 557 232 610; baseline 0 -6"><span class='ocrx_word' id='word_1_12' title='bbox 87 582 112 604; x_wconf 83' lang='lat' dir='ltr'>In</span> <span class='ocrx_word' id='word_1_13' title='bbox 127 557 232 610; x_wconf 54' lang='lat' dir='ltr'>eoi-&#39;pora</span> 
     </span>
    </p>
   </div>
   <div class='ocr_carea' id='block_1_6' title="bbox 72 1965 194 1989">
    <p class='ocr_par' dir='ltr' id='par_1_6' title="bbox 72 1965 194 1989">
     <span class='ocr_line' id='line_1_6' title="bbox 72 1965 194 1989; baseline -0.008 0"><span class='ocrx_word' id='word_1_14' title='bbox 72 1965 83 1977; x_wconf 83' lang='lat'>&#39;</span> <span class='ocrx_word' id='word_1_15' title='bbox 96 1965 164 1989; x_wconf 72' lang='lat' dir='ltr'>Vm.</span> <span class='ocrx_word' id='word_1_16' title='bbox 177 1972 194 1989; x_wconf 84' lang='lat' dir='ltr'>r.</span> 
     </span>
    </p>
   </div>
   <div class='ocr_carea' id='block_1_7' title="bbox 91 2387 282 2410">
    <p class='ocr_par' dir='ltr' id='par_1_7' title="bbox 91 2387 282 2410">
     <span class='ocr_line' id='line_1_7' title="bbox 91 2387 282 2410; baseline 0 0"><span class='ocrx_word' id='word_1_17' title='bbox 91 2387 171 2410; x_wconf 76' lang='lat' dir='ltr'>S.Th.</span> <span class='ocrx_word' id='word_1_18' title='bbox 184 2387 236 2410; x_wconf 79' lang='lat' dir='ltr'>lect.</span> <span class='ocrx_word' id='word_1_19' title='bbox 246 2394 263 2410; x_wconf 82' lang='grc' dir='ltr'>ι.</span> <span class='ocrx_word' id='word_1_20' title='bbox 271 2400 282 2404; x_wconf 96' lang='grc'>-</span> 
     </span>
    </p>
   </div>
   <div class='ocr_carea' id='block_1_8' title="bbox 71 2413 282 2468">
    <p class='ocr_par' dir='ltr' id='par_1_8' title="bbox 71 2413 282 2468">
     <span class='ocr_line' id='line_1_8' title="bbox 71 2413 282 2442; baseline 0 -6"><span class='ocrx_word' id='word_1_21' title='bbox 71 2413 125 2437; x_wconf 80' lang='lat' dir='ltr'>nid.</span> <span class='ocrx_word' id='word_1_22' title='bbox 135 2414 176 2436; x_wconf 84' lang='lat' dir='ltr'>lib.</span> <span class='ocrx_word' id='word_1_23' title='bbox 185 2414 223 2442; x_wconf 67' lang='lat'>12,</span> <span class='ocrx_word' id='word_1_24' title='bbox 230 2419 282 2442; x_wconf 75' lang='lat' dir='ltr'>cap.</span> 
     </span>
     <span class='ocr_line' id='line_1_9' title="bbox 71 2446 187 2468; baseline -0.009 -5"><span class='ocrx_word' id='word_1_25' title='bbox 71 2446 88 2468; x_wconf 79' lang='lat' dir='ltr'>x,</span> <span class='ocrx_word' id='word_1_26' title='bbox 98 2446 122 2463; x_wconf 86' lang='grc' dir='ltr'>ιι.</span> <span class='ocrx_word' id='word_1_27' title='bbox 136 2446 152 2467; x_wconf 85' lang='lat' dir='ltr'>r,</span> <span class='ocrx_word' id='word_1_28' title='bbox 166 2446 187 2468; x_wconf 86' lang='lat'>3.</span> 
     </span>
    </p>
   </div>
   <div class='ocr_carea' id='block_1_9' title="bbox 95 2496 201 2519">
    <p class='ocr_par' dir='ltr' id='par_1_9' title="bbox 95 2496 201 2519">
     <span class='ocr_line' id='line_1_10' title="bbox 95 2496 201 2519; baseline -0.009 0"><span class='ocrx_word' id='word_1_29' title='bbox 95 2496 164 2519; x_wconf 79' lang='lat' dir='ltr'>ven.</span> <span class='ocrx_word' id='word_1_30' title='bbox 178 2497 201 2519; x_wconf 88' lang='lat'>8.</span> 
     </span>
    </p>
   </div>
   <div class='ocr_carea' id='block_1_10' title="bbox 98 2917 284 2946">
    <p class='ocr_par' dir='ltr' id='par_1_10' title="bbox 98 2917 284 2946">
     <span class='ocr_line' id='line_1_11' title="bbox 98 2917 284 2946; baseline -0.005 -6"><span class='ocrx_word' id='word_1_31' title='bbox 98 2917 149 2940; x_wconf 79' lang='lat' dir='ltr'>Lib.</span> <span class='ocrx_word' id='word_1_32' title='bbox 163 2917 204 2946; x_wconf 81' lang='lat' dir='ltr'>m,</span> <span class='ocrx_word' id='word_1_33' title='bbox 218 2923 284 2946; x_wconf 75' lang='lat' dir='ltr'>pros.</span> 
     </span>
    </p>
   </div>
   <div class='ocr_carea' id='block_1_11' title="bbox 297 2123 1366 2225">
    <p class='ocr_par' dir='ltr' id='par_1_11' title="bbox 297 2123 1366 2225">
     <span class='ocr_line' id='line_1_12' title="bbox 297 2123 676 2162; baseline 0.005 -2"><span class='ocrx_word' id='word_1_34' title='bbox 297 2123 446 2161; x_wconf 80' lang='lat' dir='ltr'>-eadem</span> <span class='ocrx_word' id='word_1_35' title='bbox 476 2125 676 2162; x_wconf 91' lang='lat' dir='ltr'>credenda.</span> 
     </span>
     <span class='ocr_line' id='line_1_13' title="bbox 301 2176 1366 2225; baseline -0.001 -11"><span class='ocrx_word' id='word_1_36' title='bbox 301 2192 305 2198; x_wconf 61' lang='lat'>‘</span> <span class='ocrx_word' id='word_1_37' title='bbox 355 2187 400 2214; x_wconf 78' lang='grc'>,2.</span> <span class='ocrx_word' id='word_1_38' title='bbox 430 2176 663 2225; x_wconf 74' lang='lat' dir='ltr'>PRAETEREA,</span> <span class='ocrx_word' id='word_1_39' title='bbox 691 2177 729 2214; x_wconf 94' lang='lat' dir='ltr'>in</span> <span class='ocrx_word' id='word_1_40' title='bbox 759 2177 922 2214; x_wconf 86' lang='lat' dir='ltr'>scientiis</span> <span class='ocrx_word' id='word_1_41' title='bbox 949 2177 1168 2214; x_wconf 89' lang='lat' dir='ltr'>humanitus</span> <span class='ocrx_word' id='word_1_42' title='bbox 1187 2176 1366 2214; x_wconf 89' lang='lat' dir='ltr'>ordinatis</span> 
     </span>
    </p>
   </div>
   <div class='ocr_carea' id='block_1_12' title="bbox 301 2282 1367 2331">
    <p class='ocr_par' dir='ltr' id='par_1_12' title="bbox 301 2282 1367 2331">
     <span class='ocr_line' id='line_1_14' title="bbox 301 2282 1367 2331; baseline 0 -12"><span class='ocrx_word' id='word_1_43' title='bbox 301 2288 368 2321; x_wconf 70' lang='lat' dir='ltr'>est</span> <span class='ocrx_word' id='word_1_44' title='bbox 393 2290 551 2331; x_wconf 86' lang='lat' dir='ltr'>propter</span> <span class='ocrx_word' id='word_1_45' title='bbox 586 2283 774 2321; x_wconf 86' lang='lat' dir='ltr'>defectum</span> <span class='ocrx_word' id='word_1_46' title='bbox 812 2282 1036 2331; x_wconf 87' lang='lat' dir='ltr'>cognitionis</span> <span class='ocrx_word' id='word_1_47' title='bbox 1070 2283 1108 2320; x_wconf 93' lang='lat' dir='ltr'>in</span> <span class='ocrx_word' id='word_1_48' title='bbox 1145 2282 1276 2331; x_wconf 89' lang='lat' dir='ltr'>primis</span> <span class='ocrx_word' id='word_1_49' title='bbox 1304 2283 1367 2331; x_wconf 92' lang='lat' dir='ltr'>qui</span> 
     </span>
    </p>
   </div>
   <div class='ocr_carea' id='block_1_13' title="bbox 1009 154 1752 201">
    <p class='ocr_par' dir='ltr' id='par_1_13' title="bbox 1009 154 1752 201">
     <span class='ocr_line' id='line_1_15' title="bbox 1009 154 1752 201; baseline 0 -10"><span class='ocrx_word' id='word_1_50' title='bbox 1009 155 1273 201; x_wconf 82' lang='lat' dir='ltr'>QUAESTIO</span> <span class='ocrx_word' id='word_1_51' title='bbox 1303 156 1334 201; x_wconf 87' lang='lat'>1,</span> <span class='ocrx_word' id='word_1_52' title='bbox 1363 154 1656 192; x_wconf 81' lang='lat' dir='ltr'>ARTICULUS</span> <span class='ocrx_word' id='word_1_53' title='bbox 1684 156 1752 191; x_wconf 83' lang='lat' dir='ltr'>vu</span> 
     </span>
    </p>
   </div>
   <div class='ocr_carea' id='block_1_14' title="bbox 298 232 1355 596">
    <p class='ocr_par' dir='ltr' id='par_1_14' title="bbox 298 232 1355 596">
     <span class='ocr_line' id='line_1_16' title="bbox 300 232 1351 282; baseline -0.002 -11"><span class='ocrx_word' id='word_1_54' title='bbox 300 245 345 271; x_wconf 85' lang='lat' dir='ltr'>ex</span> <span class='ocrx_word' id='word_1_55' title='bbox 372 240 478 282; x_wconf 85' lang='lat' dir='ltr'>parte</span> <span class='ocrx_word' id='word_1_56' title='bbox 505 232 620 280; x_wconf 90' lang='lat' dir='ltr'>ipsius</span> <span class='ocrx_word' id='word_1_57' title='bbox 649 232 702 269; x_wconf 89' lang='lat' dir='ltr'>rei</span> <span class='ocrx_word' id='word_1_58' title='bbox 732 232 905 270; x_wconf 87' lang='lat' dir='ltr'>creditae.</span> <span class='ocrx_word' id='word_1_59' title='bbox 935 233 984 269; x_wconf 92' lang='lat' dir='ltr'>Et</span> <span class='ocrx_word' id='word_1_60' title='bbox 1011 233 1063 269; x_wconf 91' lang='lat' dir='ltr'>sic</span> <span class='ocrx_word' id='word_1_61' title='bbox 1091 233 1184 270; x_wconf 91' lang='lat' dir='ltr'>ratio</span> <span class='ocrx_word' id='word_1_62' title='bbox 1213 233 1351 269; x_wconf 88' lang='lat' dir='ltr'>forma-</span> 
     </span>
     <span class='ocr_line' id='line_1_17' title="bbox 298 284 1354 332; baseline -0.002 -9"><span class='ocrx_word' id='word_1_63' title='bbox 298 286 342 323; x_wconf 91' lang='lat' dir='ltr'>lis</span> <span class='ocrx_word' id='word_1_64' title='bbox 370 284 545 322; x_wconf 87' lang='lat' dir='ltr'>omniurn</span> <span class='ocrx_word' id='word_1_65' title='bbox 583 284 816 322; x_wconf 85' lang='lat' dir='ltr'>credibilium</span> <span class='ocrx_word' id='word_1_66' title='bbox 847 293 901 322; x_wconf 91' lang='lat' dir='ltr'>est</span> <span class='ocrx_word' id='word_1_67' title='bbox 927 297 1015 332; x_wconf 93' lang='lat' dir='ltr'>una,</span> <span class='ocrx_word' id='word_1_68' title='bbox 1044 285 1183 322; x_wconf 88' lang='lat' dir='ltr'>scilicet</span> <span class='ocrx_word' id='word_1_69' title='bbox 1215 285 1354 322; x_wconf 89' lang='lat' dir='ltr'>veritas</span> 
     </span>
     <span class='ocr_line' id='line_1_18' title="bbox 299 337 1355 387; baseline 0 -13"><span class='ocrx_word' id='word_1_70' title='bbox 299 337 435 387; x_wconf 83' lang='lat' dir='ltr'>prima.</span> <span class='ocrx_word' id='word_1_71' title='bbox 464 337 513 374; x_wconf 89' lang='lat' dir='ltr'>Et</span> <span class='ocrx_word' id='word_1_72' title='bbox 540 349 586 374; x_wconf 89' lang='lat' dir='ltr'>ex</span> <span class='ocrx_word' id='word_1_73' title='bbox 613 338 686 374; x_wconf 89' lang='lat' dir='ltr'>hac</span> <span class='ocrx_word' id='word_1_74' title='bbox 712 346 819 386; x_wconf 89' lang='lat' dir='ltr'>parte</span> <span class='ocrx_word' id='word_1_75' title='bbox 847 338 988 375; x_wconf 87' lang='lat' dir='ltr'>articuli</span> <span class='ocrx_word' id='word_1_76' title='bbox 1017 350 1095 375; x_wconf 91' lang='lat' dir='ltr'>non</span> <span class='ocrx_word' id='word_1_77' title='bbox 1124 337 1355 385; x_wconf 89' lang='lat' dir='ltr'>distinguun-</span> 
     </span>
     <span class='ocr_line' id='line_1_19' title="bbox 300 389 1354 439; baseline -0.002 -11"><span class='ocrx_word' id='word_1_78' title='bbox 300 398 371 428; x_wconf 88' lang='lat' dir='ltr'>tur.</span> <span class='ocrx_word' id='word_1_79' title='bbox 400 389 487 427; x_wconf 75' lang='lat' dir='ltr'>Alio</span> <span class='ocrx_word' id='word_1_80' title='bbox 515 391 633 427; x_wconf 90' lang='lat' dir='ltr'>modo</span> <span class='ocrx_word' id='word_1_81' title='bbox 662 398 787 439; x_wconf 91' lang='lat' dir='ltr'>potest</span> <span class='ocrx_word' id='word_1_82' title='bbox 814 390 932 438; x_wconf 88' lang='lat' dir='ltr'>accipi</span> <span class='ocrx_word' id='word_1_83' title='bbox 960 390 1127 427; x_wconf 86' lang='lat' dir='ltr'>formalis</span> <span class='ocrx_word' id='word_1_84' title='bbox 1155 390 1247 426; x_wconf 88' lang='lat' dir='ltr'>ratio</span> <span class='ocrx_word' id='word_1_85' title='bbox 1278 402 1354 426; x_wconf 92' lang='lat' dir='ltr'>cre-</span> 
     </span>
     <span class='ocr_line' id='line_1_20' title="bbox 301 442 1355 491; baseline -0.002 -10"><span class='ocrx_word' id='word_1_86' title='bbox 301 442 473 481; x_wconf 89' lang='lat' dir='ltr'>dibilium</span> <span class='ocrx_word' id='word_1_87' title='bbox 501 454 546 479; x_wconf 86' lang='lat' dir='ltr'>ex</span> <span class='ocrx_word' id='word_1_88' title='bbox 574 450 680 491; x_wconf 91' lang='lat' dir='ltr'>parte</span> <span class='ocrx_word' id='word_1_89' title='bbox 717 451 845 480; x_wconf 89' lang='lat' dir='ltr'>nostra</span> <span class='ocrx_word' id='word_1_90' title='bbox 864 450 883 479; x_wconf 78' lang='lat'>⁸.</span> <span class='ocrx_word' id='word_1_91' title='bbox 905 444 954 479; x_wconf 95' lang='lat' dir='ltr'>Et</span> <span class='ocrx_word' id='word_1_92' title='bbox 981 442 1033 479; x_wconf 92' lang='lat' dir='ltr'>sic</span> <span class='ocrx_word' id='word_1_93' title='bbox 1061 442 1156 478; x_wconf 92' lang='lat' dir='ltr'>ratio</span> <span class='ocrx_word' id='word_1_94' title='bbox 1188 442 1355 479; x_wconf 85' lang='lat' dir='ltr'>formalis</span> 
     </span>
     <span class='ocr_line' id='line_1_21' title="bbox 301 495 1355 542; baseline -0.002 -9"><span class='ocrx_word' id='word_1_95' title='bbox 301 495 488 533; x_wconf 89' lang='lat' dir='ltr'>credibilis</span> <span class='ocrx_word' id='word_1_96' title='bbox 516 503 571 532; x_wconf 91' lang='lat' dir='ltr'>est</span> <span class='ocrx_word' id='word_1_97' title='bbox 598 503 638 532; x_wconf 92' lang='lat' dir='ltr'>ut</span> <span class='ocrx_word' id='word_1_98' title='bbox 665 495 711 532; x_wconf 92' lang='lat' dir='ltr'>sit</span> <span class='ocrx_word' id='word_1_99' title='bbox 738 508 816 532; x_wconf 91' lang='lat' dir='ltr'>non</span> <span class='ocrx_word' id='word_1_100' title='bbox 843 496 982 532; x_wconf 89' lang='lat' dir='ltr'>visum.</span> <span class='ocrx_word' id='word_1_101' title='bbox 1012 495 1060 531; x_wconf 91' lang='lat' dir='ltr'>Et</span> <span class='ocrx_word' id='word_1_102' title='bbox 1089 506 1133 530; x_wconf 86' lang='lat' dir='ltr'>ex</span> <span class='ocrx_word' id='word_1_103' title='bbox 1160 495 1231 531; x_wconf 90' lang='lat' dir='ltr'>hac</span> <span class='ocrx_word' id='word_1_104' title='bbox 1251 502 1355 542; x_wconf 89' lang='lat' dir='ltr'>parte</span> 
     </span>
     <span class='ocr_line' id='line_1_22' title="bbox 301 547 1257 596; baseline -0.002 -12"><span class='ocrx_word' id='word_1_105' title='bbox 301 548 443 585; x_wconf 88' lang='lat' dir='ltr'>articuli</span> <span class='ocrx_word' id='word_1_106' title='bbox 470 548 561 584; x_wconf 90' lang='lat' dir='ltr'>fidei</span> <span class='ocrx_word' id='word_1_107' title='bbox 590 548 875 596; x_wconf 87' lang='lat' dir='ltr'>distinguuntur,</span> <span class='ocrx_word' id='word_1_108' title='bbox 904 555 946 583; x_wconf 93' lang='lat' dir='ltr'>ut</span> <span class='ocrx_word' id='word_1_109' title='bbox 971 547 1096 583; x_wconf 91' lang='lat' dir='ltr'>visum</span> <span class='ocrx_word' id='word_1_110' title='bbox 1117 553 1133 567; x_wconf 51' lang='grc' dir='ltr'><strong>κ</strong></span> <span class='ocrx_word' id='word_1_111' title='bbox 1153 555 1208 583; x_wconf 91' lang='lat' dir='ltr'>est</span> <span class='ocrx_word' id='word_1_112' title='bbox 1226 547 1257 583; x_wconf 66' lang='lat'>²³².</span> 
     </span>
    </p>
   </div>
   <div class='ocr_carea' id='block_1_15' title="bbox 1409 167 2608 597">
    <p class='ocr_par' dir='ltr' id='par_1_15' title="bbox 1409 167 2608 597">
     <span class='ocr_line' id='line_1_23' title="bbox 2420 167 2462 202; baseline 0 0"><span class='ocrx_word' id='word_1_113' title='bbox 2420 167 2462 202; x_wconf 84' lang='lat'>19</span> 
     </span>
     <span class='ocr_line' id='line_1_24' title="bbox 1409 232 2463 281; baseline 0 -13"><span class='ocrx_word' id='word_1_114' title='bbox 1409 232 1508 280; x_wconf 88' lang='lat' dir='ltr'>giam</span> <span class='ocrx_word' id='word_1_115' title='bbox 1537 232 1702 269; x_wconf 90' lang='lat' dir='ltr'>nominis</span> <span class='ocrx_word' id='word_1_116' title='bbox 1730 240 1842 281; x_wconf 92' lang='lat' dir='ltr'>prout</span> <span class='ocrx_word' id='word_1_117' title='bbox 1860 233 1974 270; x_wconf 90' lang='lat' dir='ltr'>habet</span> <span class='ocrx_word' id='word_1_118' title='bbox 2003 232 2277 270; x_wconf 87' lang='lat' dir='ltr'>derivationem</span> <span class='ocrx_word' id='word_1_119' title='bbox 2297 232 2463 277; x_wconf 84' lang='lat' dir='ltr'>latinam,</span> 
     </span>
     <span class='ocr_line' id='line_1_25' title="bbox 1411 284 2465 333; baseline 0 -13"><span class='ocrx_word' id='word_1_120' title='bbox 1411 296 1527 333; x_wconf 89' lang='lat' dir='ltr'>quarn</span> <span class='ocrx_word' id='word_1_121' title='bbox 1544 285 1754 322; x_wconf 90' lang='lat' dir='ltr'>secundum</span> <span class='ocrx_word' id='word_1_122' title='bbox 1775 285 1855 322; x_wconf 91' lang='lat' dir='ltr'>eius</span> <span class='ocrx_word' id='word_1_123' title='bbox 1873 297 2006 323; x_wconf 90' lang='lat' dir='ltr'>veram</span> <span class='ocrx_word' id='word_1_124' title='bbox 2027 284 2338 333; x_wconf 88' lang='lat' dir='ltr'>significationem</span> <span class='ocrx_word' id='word_1_125' title='bbox 2354 292 2465 332; x_wconf 91' lang='lat' dir='ltr'>prout</span> 
     </span>
     <span class='ocr_line' id='line_1_26' title="bbox 1410 337 2465 385; baseline -0.001 -12"><span class='ocrx_word' id='word_1_126' title='bbox 1410 349 1432 374; x_wconf 86' lang='lat' dir='ltr'>a</span> <span class='ocrx_word' id='word_1_127' title='bbox 1461 349 1596 384; x_wconf 90' lang='lat' dir='ltr'>graeco</span> <span class='ocrx_word' id='word_1_128' title='bbox 1626 337 1825 375; x_wconf 89' lang='lat' dir='ltr'>derivatur.</span> <span class='ocrx_word' id='word_1_129' title='bbox 1854 338 1966 375; x_wconf 87' lang='lat' dir='ltr'>Unde</span> <span class='ocrx_word' id='word_1_130' title='bbox 1995 351 2073 375; x_wconf 92' lang='lat' dir='ltr'>non</span> <span class='ocrx_word' id='word_1_131' title='bbox 2101 345 2156 374; x_wconf 89' lang='lat' dir='ltr'>est</span> <span class='ocrx_word' id='word_1_132' title='bbox 2176 337 2302 384; x_wconf 86' lang='lat' dir='ltr'>magni</span> <span class='ocrx_word' id='word_1_133' title='bbox 2321 337 2465 385; x_wconf 90' lang='lat' dir='ltr'>ponde-</span> 
     </span>
     <span class='ocr_line' id='line_1_27' title="bbox 1412 389 2608 439; baseline -0.001 -13"><span class='ocrx_word' id='word_1_134' title='bbox 1412 389 1472 426; x_wconf 87' lang='lat' dir='ltr'>ris.</span> <span class='ocrx_word' id='word_1_135' title='bbox 1488 410 1512 417; x_wconf 96' lang='lat'>-</span> <span class='ocrx_word' id='word_1_136' title='bbox 1528 390 1657 426; x_wconf 88' lang='lat' dir='ltr'>Potest</span> <span class='ocrx_word' id='word_1_137' title='bbox 1671 398 1799 427; x_wconf 90' lang='lat' dir='ltr'>tamen</span> <span class='ocrx_word' id='word_1_138' title='bbox 1820 391 1890 427; x_wconf 93' lang='lat' dir='ltr'>dici</span> <span class='ocrx_word' id='word_1_139' title='bbox 1909 390 1922 412; x_wconf 68' lang='grc' dir='ltr'>λ</span> <span class='ocrx_word' id='word_1_140' title='bbox 1938 391 2054 439; x_wconf 87' lang='lat' dir='ltr'>quod,</span> <span class='ocrx_word' id='word_1_141' title='bbox 2071 390 2155 427; x_wconf 91' lang='lat' dir='ltr'>licet</span> <span class='ocrx_word' id='word_1_142' title='bbox 2169 391 2217 427; x_wconf 90' lang='lat' dir='ltr'>ad</span> <span class='ocrx_word' id='word_1_143' title='bbox 2233 390 2465 426; x_wconf 91' lang='lat' dir='ltr'>credendum</span> <span class='ocrx_word' id='word_1_144' title='bbox 2590 393 2608 417; x_wconf 81' lang='grc' dir='ltr'>λ</span> 
     </span>
     <span class='ocr_line' id='line_1_28' title="bbox 1412 442 2466 489; baseline 0 -11"><span class='ocrx_word' id='word_1_145' title='bbox 1412 442 1631 479; x_wconf 88' lang='lat' dir='ltr'>necessitate</span> <span class='ocrx_word' id='word_1_146' title='bbox 1653 443 1856 480; x_wconf 88' lang='lat' dir='ltr'>coactionis</span> <span class='ocrx_word' id='word_1_147' title='bbox 1875 444 1998 480; x_wconf 90' lang='lat' dir='ltr'>nullus</span> <span class='ocrx_word' id='word_1_148' title='bbox 2018 451 2188 489; x_wconf 89' lang='lat' dir='ltr'>arctetur,</span> <span class='ocrx_word' id='word_1_149' title='bbox 2206 455 2293 478; x_wconf 91' lang='lat' dir='ltr'>cum</span> <span class='ocrx_word' id='word_1_150' title='bbox 2314 443 2466 479; x_wconf 89' lang='lat' dir='ltr'>credere</span> 
     </span>
     <span class='ocr_line' id='line_1_29' title="bbox 1412 494 2464 540; baseline -0.002 -9"><span class='ocrx_word' id='word_1_151' title='bbox 1412 495 1458 531; x_wconf 91' lang='lat' dir='ltr'>sit</span> <span class='ocrx_word' id='word_1_152' title='bbox 1484 495 1757 540; x_wconf 89' lang='lat' dir='ltr'>voluntarium;</span> <span class='ocrx_word' id='word_1_153' title='bbox 1788 503 1950 532; x_wconf 89' lang='lat' dir='ltr'>arctatur</span> <span class='ocrx_word' id='word_1_154' title='bbox 1976 504 2105 533; x_wconf 88' lang='lat' dir='ltr'>tamen</span> <span class='ocrx_word' id='word_1_155' title='bbox 2130 495 2348 532; x_wconf 85' lang='lat' dir='ltr'>necessitate</span> <span class='ocrx_word' id='word_1_156' title='bbox 2368 494 2464 540; x_wconf 90' lang='lat' dir='ltr'>finis,</span> 
     </span>
     <span class='ocr_line' id='line_1_30' title="bbox 1413 547 2468 597; baseline -0.001 -13"><span class='ocrx_word' id='word_1_157' title='bbox 1413 547 1501 595; x_wconf 88' lang='lat' dir='ltr'>quia</span> <span class='ocrx_word' id='word_1_158' title='bbox 1520 548 1754 584; x_wconf 86' lang='lat' dir='ltr'>accedentem</span> <span class='ocrx_word' id='word_1_159' title='bbox 1774 549 1824 584; x_wconf 87' lang='lat' dir='ltr'>ad</span> <span class='ocrx_word' id='word_1_160' title='bbox 1841 550 1964 585; x_wconf 86' lang='lat' dir='ltr'>Deum</span> <span class='ocrx_word' id='word_1_161' title='bbox 1985 554 2127 597; x_wconf 87' lang='lat' dir='ltr'>oportet</span> <span class='ocrx_word' id='word_1_162' title='bbox 2153 548 2315 593; x_wconf 87' lang='lat' dir='ltr'>credere,</span> <span class='ocrx_word' id='word_1_163' title='bbox 2337 554 2373 584; x_wconf 92' lang='lat' dir='ltr'>et</span> <span class='ocrx_word' id='word_1_164' title='bbox 2389 547 2468 583; x_wconf 86' lang='lat' dir='ltr'>sine</span> 
     </span>
    </p>
   </div>
   <div class='ocr_carea' id='block_1_16' title="bbox 353 599 2467 649">
    <p class='ocr_par' dir='ltr' id='par_1_16' title="bbox 353 599 2467 649">
     <span class='ocr_line' id='line_1_31' title="bbox 353 599 2467 649; baseline -0.001 -12"><span class='ocrx_word' id='word_1_165' title='bbox 353 602 413 637; x_wconf 80' lang='lat' dir='ltr'>An</span> <span class='ocrx_word' id='word_1_166' title='bbox 441 612 600 638; x_wconf 81' lang='lat' dir='ltr'>TERTlUM</span> <span class='ocrx_word' id='word_1_167' title='bbox 627 612 810 638; x_wconf 79' lang='lat' dir='ltr'>DiCENDUM</span> <span class='ocrx_word' id='word_1_168' title='bbox 834 600 939 648; x_wconf 93' lang='lat' dir='ltr'>quod</span> <span class='ocrx_word' id='word_1_169' title='bbox 966 599 1027 635; x_wconf 85' lang='lat' dir='ltr'>illa</span> <span class='ocrx_word' id='word_1_170' title='bbox 1055 599 1223 636; x_wconf 88' lang='lat' dir='ltr'>definitio</span> <span class='ocrx_word' id='word_1_171' title='bbox 1249 600 1356 636; x_wconf 93' lang='lat' dir='ltr'>datur</span> <span class='ocrx_word' id='word_1_172' title='bbox 1402 601 1485 647; x_wconf 85' lang='lat' dir='ltr'>fide</span> <span class='ocrx_word' id='word_1_173' title='bbox 1521 601 1745 648; x_wconf 87' lang='lat' dir='ltr'>impossibile</span> <span class='ocrx_word' id='word_1_174' title='bbox 1777 606 1830 637; x_wconf 88' lang='lat' dir='ltr'>est</span> <span class='ocrx_word' id='word_1_175' title='bbox 1855 601 2008 649; x_wconf 85' lang='lat' dir='ltr'>placere</span> <span class='ocrx_word' id='word_1_176' title='bbox 2048 602 2150 646; x_wconf 92' lang='lat' dir='ltr'>Deo,</span> <span class='ocrx_word' id='word_1_177' title='bbox 2183 608 2225 637; x_wconf 92' lang='lat' dir='ltr'>ut</span> <span class='ocrx_word' id='word_1_178' title='bbox 2261 601 2467 648; x_wconf 90' lang='lat' dir='ltr'>Apostolus</span> 
     </span>
    </p>
   </div>
   <div class='ocr_carea' id='block_1_17' title="bbox 302 652 1356 701">
    <p class='ocr_par' dir='ltr' id='par_1_17' title="bbox 302 652 1356 701">
     <span class='ocr_line' id='line_1_32' title="bbox 302 652 1356 701; baseline -0.001 -12"><span class='ocrx_word' id='word_1_179' title='bbox 302 653 349 690; x_wconf 90' lang='lat' dir='ltr'>de</span> <span class='ocrx_word' id='word_1_180' title='bbox 378 653 533 690; x_wconf 88' lang='lat' dir='ltr'>articulo</span> <span class='ocrx_word' id='word_1_181' title='bbox 562 653 681 701; x_wconf 88' lang='lat' dir='ltr'>magis</span> <span class='ocrx_word' id='word_1_182' title='bbox 709 653 919 690; x_wconf 91' lang='lat' dir='ltr'>secundum</span> <span class='ocrx_word' id='word_1_183' title='bbox 949 652 1141 700; x_wconf 90' lang='lat' dir='ltr'>quandam</span> <span class='ocrx_word' id='word_1_184' title='bbox 1172 653 1356 700; x_wconf 90' lang='lat' dir='ltr'>etymolo-</span> 
     </span>
    </p>
   </div>
   <div class='ocr_carea' id='block_1_18' title="bbox 356 799 1391 869">
    <p class='ocr_par' dir='ltr' id='par_1_18' title="bbox 356 799 1391 869">
     <span class='ocr_line' id='line_1_33' title="bbox 356 799 1391 862; baseline 0.005 -36"><span class='ocrx_word' id='word_1_185' title='bbox 356 802 374 834; x_wconf 88' lang='grc' dir='ltr'>ι)</span> <span class='ocrx_word' id='word_1_186' title='bbox 394 806 494 828; x_wconf 81' lang='lat' dir='ltr'>nostra.</span> <span class='ocrx_word' id='word_1_187' title='bbox 512 816 530 820; x_wconf 96' lang='lat'>—</span> <span class='ocrx_word' id='word_1_188' title='bbox 549 801 635 827; x_wconf 77' lang='lat' dir='ltr'>nostri</span> <span class='ocrx_word' id='word_1_189' title='bbox 652 801 683 827; x_wconf 88' lang='lat' dir='ltr'>P.</span> <span class='ocrx_word' id='word_1_190' title='bbox 1387 799 1391 862; x_wconf 67' lang='lat'>&#39;</span> 
     </span>
     <span class='ocr_line' id='line_1_34' title="bbox 356 836 698 869; baseline -0.003 -7"><span class='ocrx_word' id='word_1_191' title='bbox 356 838 381 869; x_wconf 84' lang='grc' dir='ltr'>κ)</span> <span class='ocrx_word' id='word_1_192' title='bbox 401 837 493 862; x_wconf 81' lang='lat' dir='ltr'>visum.</span> <span class='ocrx_word' id='word_1_193' title='bbox 510 851 529 856; x_wconf 99' lang='lat'>-</span> <span class='ocrx_word' id='word_1_194' title='bbox 548 837 645 862; x_wconf 80' lang='lat' dir='ltr'>dictum</span> <span class='ocrx_word' id='word_1_195' title='bbox 665 836 698 861; x_wconf 87' lang='lat' dir='ltr'>G.</span> 
     </span>
    </p>
   </div>
   <div class='ocr_carea' id='block_1_19' title="bbox 2497 656 2664 683">
    <p class='ocr_par' dir='ltr' id='par_1_19' title="bbox 2497 656 2664 683">
     <span class='ocr_line' id='line_1_35' title="bbox 2497 656 2664 683; baseline 0.006 -6"><span class='ocrx_word' id='word_1_196' title='bbox 2497 659 2504 665; x_wconf 94' lang='grc'>·</span> <span class='ocrx_word' id='word_1_197' title='bbox 2521 656 2585 678; x_wconf 81' lang='lat' dir='ltr'>Vers.</span> <span class='ocrx_word' id='word_1_198' title='bbox 2602 657 2623 678; x_wconf 84' lang='lat'>6.</span> <span class='ocrx_word' id='word_1_199' title='bbox 2652 674 2664 683; x_wconf 62' lang='lat'>,</span> 
     </span>
    </p>
   </div>
   <div class='ocr_carea' id='block_1_20' title="bbox 1412 652 1756 699">
    <p class='ocr_par' dir='ltr' id='par_1_20' title="bbox 1412 652 1756 699">
     <span class='ocr_line' id='line_1_36' title="bbox 1412 652 1756 699; baseline 0 -10"><span class='ocrx_word' id='word_1_200' title='bbox 1412 652 1509 699; x_wconf 90' lang='lat' dir='ltr'>dicit,</span> <span class='ocrx_word' id='word_1_201' title='bbox 1538 653 1639 689; x_wconf 87' lang='lat' dir='ltr'>Heb.</span> <span class='ocrx_word' id='word_1_202' title='bbox 1669 653 1756 689; x_wconf 79' lang='grc' dir='ltr'>Χ1*.</span> 
     </span>
    </p>
   </div>
   <div class='ocr_carea' id='block_1_21' title="bbox 1468 800 1788 833">
    <p class='ocr_par' dir='ltr' id='par_1_21' title="bbox 1468 800 1788 833">
     <span class='ocr_line' id='line_1_37' title="bbox 1468 800 1788 833; baseline 0 -8"><span class='ocrx_word' id='word_1_203' title='bbox 1468 800 1496 833; x_wconf 88' lang='grc' dir='ltr'>λ)</span> <span class='ocrx_word' id='word_1_204' title='bbox 1516 801 1577 826; x_wconf 82' lang='lat' dir='ltr'>dici.</span> <span class='ocrx_word' id='word_1_205' title='bbox 1595 815 1613 820; x_wconf 91' lang='lat'><em>-</em></span> <span class='ocrx_word' id='word_1_206' title='bbox 1631 801 1668 826; x_wconf 84' lang='lat' dir='ltr'>sic</span> <span class='ocrx_word' id='word_1_207' title='bbox 1687 801 1741 825; x_wconf 82' lang='lat' dir='ltr'>dici</span> <span class='ocrx_word' id='word_1_208' title='bbox 1759 801 1788 825; x_wconf 88' lang='lat' dir='ltr'>P.</span> 
     </span>
    </p>
   </div>
   <div class='ocr_carea' id='block_1_22' title="bbox 965 912 1789 947">
    <p class='ocr_par' dir='ltr' id='par_1_22' title="bbox 965 912 1789 947">
     <span class='ocr_line' id='line_1_38' title="bbox 965 912 1789 947; baseline 0.001 -3"><span class='ocrx_word' id='word_1_209' title='bbox 965 912 1295 945; x_wconf 58' lang='lat' dir='ltr'>Commenta-ia.</span> <span class='ocrx_word' id='word_1_210' title='bbox 1317 912 1567 945; x_wconf 75' lang='lat' dir='ltr'>Cardinalis</span> <span class='ocrx_word' id='word_1_211' title='bbox 1589 914 1789 947; x_wconf 73' lang='lat' dir='ltr'>Caietam</span> 
     </span>
    </p>
   </div>
   <div class='ocr_carea' id='block_1_23' title="bbox 301 1000 1365 1435">
    <p class='ocr_par' dir='ltr' id='par_1_23' title="bbox 301 1000 1365 1435">
     <span class='ocr_line' id='line_1_39' title="bbox 333 1000 1357 1041; baseline -0.004 -8"><span class='ocrx_word' id='word_1_212' title='bbox 333 1011 354 1032; x_wconf 73' lang='lat' dir='ltr'>N</span> <span class='ocrx_word' id='word_1_213' title='bbox 377 1001 508 1033; x_wconf 76' lang='lat' dir='ltr'>arficulo</span> <span class='ocrx_word' id='word_1_214' title='bbox 524 1007 621 1038; x_wconf 83' lang='lat' dir='ltr'>sexto,</span> <span class='ocrx_word' id='word_1_215' title='bbox 641 1000 846 1040; x_wconf 86' lang='lat' dir='ltr'>responsione</span> <span class='ocrx_word' id='word_1_216' title='bbox 863 1000 903 1030; x_wconf 85' lang='lat' dir='ltr'>ad</span> <span class='ocrx_word' id='word_1_217' title='bbox 918 1000 1103 1036; x_wconf 88' lang='lat' dir='ltr'>secundum,</span> <span class='ocrx_word' id='word_1_218' title='bbox 1120 1000 1244 1031; x_wconf 89' lang='lat' dir='ltr'>adverte</span> <span class='ocrx_word' id='word_1_219' title='bbox 1259 1000 1357 1041; x_wconf 88' lang='lat' dir='ltr'>quod,</span> 
     </span>
     <span class='ocr_line' id='line_1_40' title="bbox 306 1014 1359 1086; baseline 0 -11"><span class='ocrx_word' id='word_1_220' title='bbox 306 1014 409 1077; x_wconf 83' lang='lat' dir='ltr'>Icum</span> <span class='ocrx_word' id='word_1_221' title='bbox 432 1045 546 1076; x_wconf 87' lang='lat' dir='ltr'>dicitur</span> <span class='ocrx_word' id='word_1_222' title='bbox 568 1046 651 1076; x_wconf 89' lang='lat' dir='ltr'>ratio</span> <span class='ocrx_word' id='word_1_223' title='bbox 665 1044 822 1086; x_wconf 80' lang='lat' dir='ltr'>formalis</span> <span class='ocrx_word' id='word_1_224' title='bbox 839 1053 881 1074; x_wconf 86' lang='lat' dir='ltr'>ex</span> <span class='ocrx_word' id='word_1_225' title='bbox 896 1049 993 1084; x_wconf 85' lang='lat' dir='ltr'>parte</span> <span class='ocrx_word' id='word_1_226' title='bbox 1018 1044 1129 1081; x_wconf 81' lang='lat' dir='ltr'>nostri,</span> <span class='ocrx_word' id='word_1_227' title='bbox 1154 1044 1186 1084; x_wconf 90' lang='lat' dir='ltr'>ly</span> <span class='ocrx_word' id='word_1_228' title='bbox 1205 1054 1246 1075; x_wconf 89' lang='lat' dir='ltr'>ex</span> <span class='ocrx_word' id='word_1_229' title='bbox 1263 1049 1359 1084; x_wconf 86' lang='lat' dir='ltr'>parte</span> 
     </span>
     <span class='ocr_line' id='line_1_41' title="bbox 303 1087 1360 1128; baseline -0.002 -8"><span class='ocrx_word' id='word_1_230' title='bbox 303 1090 405 1120; x_wconf 83' lang='lat' dir='ltr'>nostri</span> <span class='ocrx_word' id='word_1_231' title='bbox 435 1088 583 1120; x_wconf 86' lang='lat' dir='ltr'>diminuit</span> <span class='ocrx_word' id='word_1_232' title='bbox 613 1099 630 1119; x_wconf 90' lang='lat' dir='ltr'>a</span> <span class='ocrx_word' id='word_1_233' title='bbox 657 1088 778 1119; x_wconf 86' lang='lat' dir='ltr'>ratione</span> <span class='ocrx_word' id='word_1_234' title='bbox 809 1087 934 1118; x_wconf 85' lang='lat' dir='ltr'>formali</span> <span class='ocrx_word' id='word_1_235' title='bbox 957 1088 1070 1118; x_wconf 88' lang='lat' dir='ltr'>obiecti</span> <span class='ocrx_word' id='word_1_236' title='bbox 1100 1088 1290 1128; x_wconf 86' lang='lat' dir='ltr'>simpliciter.</span> <span class='ocrx_word' id='word_1_237' title='bbox 1320 1088 1360 1118; x_wconf 89' lang='lat' dir='ltr'>Et</span> 
     </span>
     <span class='ocr_line' id='line_1_42' title="bbox 301 1132 1360 1174; baseline -0.002 -10"><span class='ocrx_word' id='word_1_238' title='bbox 301 1139 468 1174; x_wconf 82' lang='lat' dir='ltr'>propterea</span> <span class='ocrx_word' id='word_1_239' title='bbox 483 1143 550 1163; x_wconf 90' lang='lat' dir='ltr'>non</span> <span class='ocrx_word' id='word_1_240' title='bbox 564 1133 647 1164; x_wconf 83' lang='lat' dir='ltr'>valet</span> <span class='ocrx_word' id='word_1_241' title='bbox 658 1138 897 1173; x_wconf 84' lang='lat' dir='ltr'>argumentum:</span> <span class='ocrx_word' id='word_1_242' title='bbox 919 1132 1113 1162; x_wconf 86' lang='lat' dir='ltr'>Non-visum</span> <span class='ocrx_word' id='word_1_243' title='bbox 1136 1139 1182 1163; x_wconf 89' lang='lat' dir='ltr'>est</span> <span class='ocrx_word' id='word_1_244' title='bbox 1201 1132 1282 1163; x_wconf 90' lang='lat' dir='ltr'>ratio</span> <span class='ocrx_word' id='word_1_245' title='bbox 1298 1132 1360 1162; x_wconf 86' lang='lat' dir='ltr'>for-</span> 
     </span>
     <span class='ocr_line' id='line_1_43' title="bbox 303 1176 1361 1217; baseline -0.001 -9"><span class='ocrx_word' id='word_1_246' title='bbox 303 1177 394 1208; x_wconf 81' lang='lat' dir='ltr'>malis</span> <span class='ocrx_word' id='word_1_247' title='bbox 417 1177 532 1208; x_wconf 89' lang='lat' dir='ltr'>obiecti</span> <span class='ocrx_word' id='word_1_248' title='bbox 555 1176 628 1207; x_wconf 90' lang='lat' dir='ltr'>fidei</span> <span class='ocrx_word' id='word_1_249' title='bbox 652 1186 688 1208; x_wconf 89' lang='lat' dir='ltr'>ex</span> <span class='ocrx_word' id='word_1_250' title='bbox 711 1183 798 1217; x_wconf 86' lang='lat' dir='ltr'>parte</span> <span class='ocrx_word' id='word_1_251' title='bbox 821 1176 931 1212; x_wconf 87' lang='lat' dir='ltr'>nostri,</span> <span class='ocrx_word' id='word_1_252' title='bbox 955 1177 1039 1216; x_wconf 89' lang='lat' dir='ltr'>Ergo</span> <span class='ocrx_word' id='word_1_253' title='bbox 1063 1182 1110 1207; x_wconf 88' lang='lat' dir='ltr'>est</span> <span class='ocrx_word' id='word_1_254' title='bbox 1124 1176 1203 1207; x_wconf 83' lang='lat' dir='ltr'>ratio</span> <span class='ocrx_word' id='word_1_255' title='bbox 1222 1176 1361 1207; x_wconf 82' lang='lat' dir='ltr'>formalis</span> 
     </span>
     <span class='ocr_line' id='line_1_44' title="bbox 304 1220 1363 1261; baseline -0.001 -9"><span class='ocrx_word' id='word_1_256' title='bbox 304 1221 418 1253; x_wconf 88' lang='lat' dir='ltr'>obiecti</span> <span class='ocrx_word' id='word_1_257' title='bbox 440 1220 524 1252; x_wconf 90' lang='lat' dir='ltr'>fidei.</span> <span class='ocrx_word' id='word_1_258' title='bbox 553 1221 594 1251; x_wconf 92' lang='lat' dir='ltr'>Et</span> <span class='ocrx_word' id='word_1_259' title='bbox 616 1220 690 1252; x_wconf 87' lang='lat' dir='ltr'>hinc</span> <span class='ocrx_word' id='word_1_260' title='bbox 716 1220 862 1261; x_wconf 84' lang='lat' dir='ltr'>provenit</span> <span class='ocrx_word' id='word_1_261' title='bbox 889 1221 977 1260; x_wconf 92' lang='lat' dir='ltr'>quod</span> <span class='ocrx_word' id='word_1_262' title='bbox 1005 1226 1166 1261; x_wconf 91' lang='lat' dir='ltr'>quotquot</span> <span class='ocrx_word' id='word_1_263' title='bbox 1192 1221 1363 1252; x_wconf 87' lang='lat' dir='ltr'>attulerunt</span> 
     </span>
     <span class='ocr_line' id='line_1_45' title="bbox 303 1264 1363 1305; baseline -0.001 -9"><span class='ocrx_word' id='word_1_264' title='bbox 303 1265 441 1296; x_wconf 78' lang='lat' dir='ltr'>rationes</span> <span class='ocrx_word' id='word_1_265' title='bbox 464 1265 729 1305; x_wconf 71' lang='lat' dir='ltr'>adprobandum</span> <span class='ocrx_word' id='word_1_266' title='bbox 745 1265 834 1305; x_wconf 92' lang='lat' dir='ltr'>quod</span> <span class='ocrx_word' id='word_1_267' title='bbox 857 1264 1041 1295; x_wconf 88' lang='lat' dir='ltr'>non-visum</span> <span class='ocrx_word' id='word_1_268' title='bbox 1062 1274 1128 1295; x_wconf 91' lang='lat' dir='ltr'>non</span> <span class='ocrx_word' id='word_1_269' title='bbox 1145 1268 1191 1294; x_wconf 85' lang='lat' dir='ltr'>est</span> <span class='ocrx_word' id='word_1_270' title='bbox 1205 1264 1284 1295; x_wconf 88' lang='lat' dir='ltr'>ratio</span> <span class='ocrx_word' id='word_1_271' title='bbox 1301 1264 1363 1296; x_wconf 92' lang='lat' dir='ltr'>for-</span> 
     </span>
     <span class='ocr_line' id='line_1_46' title="bbox 304 1307 1364 1345; baseline -0.002 -5"><span class='ocrx_word' id='word_1_272' title='bbox 304 1309 401 1341; x_wconf 74' lang='lat' dir='ltr'>malis</span> <span class='ocrx_word' id='word_1_273' title='bbox 414 1307 534 1340; x_wconf 61' lang='lat' dir='ltr'>‘obiecti</span> <span class='ocrx_word' id='word_1_274' title='bbox 556 1307 639 1345; x_wconf 87' lang='lat' dir='ltr'>fidei,</span> <span class='ocrx_word' id='word_1_275' title='bbox 663 1307 743 1339; x_wconf 85' lang='lat' dir='ltr'>nihil</span> <span class='ocrx_word' id='word_1_276' title='bbox 767 1315 877 1339; x_wconf 88' lang='lat' dir='ltr'>contra</span> <span class='ocrx_word' id='word_1_277' title='bbox 902 1310 1076 1339; x_wconf 84' lang='lat' dir='ltr'>Auctorem</span> <span class='ocrx_word' id='word_1_278' title='bbox 1091 1309 1108 1327; x_wconf 88' lang='lat'><em>*</em></span> <span class='ocrx_word' id='word_1_279' title='bbox 1125 1309 1364 1339; x_wconf 85' lang='lat' dir='ltr'>concluserunt:</span> 
     </span>
     <span class='ocr_line' id='line_1_47' title="bbox 305 1351 1365 1395; baseline -0.002 -11"><span class='ocrx_word' id='word_1_280' title='bbox 305 1353 450 1395; x_wconf 69' lang='lat' dir='ltr'>quamvis</span> <span class='ocrx_word' id='word_1_281' title='bbox 472 1352 532 1394; x_wconf 85' lang='lat' dir='ltr'>ipsi</span> <span class='ocrx_word' id='word_1_282' title='bbox 548 1352 628 1384; x_wconf 86' lang='lat' dir='ltr'>forte</span> <span class='ocrx_word' id='word_1_283' title='bbox 645 1352 831 1384; x_wconf 88' lang='lat' dir='ltr'>crediderint</span> <span class='ocrx_word' id='word_1_284' title='bbox 853 1358 960 1383; x_wconf 83' lang='lat' dir='ltr'>contra</span> <span class='ocrx_word' id='word_1_285' title='bbox 975 1351 993 1370; x_wconf 75' lang='lat'>⁴‘</span> <span class='ocrx_word' id='word_1_286' title='bbox 1008 1354 1181 1383; x_wconf 84' lang='lat' dir='ltr'>Auctorem</span> <span class='ocrx_word' id='word_1_287' title='bbox 1205 1352 1306 1382; x_wconf 88' lang='lat' dir='ltr'>dicere</span> <span class='ocrx_word' id='word_1_288' title='bbox 1321 1352 1365 1383; x_wconf 89' lang='lat'>**.</span> 
     </span>
     <span class='ocr_line' id='line_1_48' title="bbox 306 1395 1365 1435; baseline -0.002 -7"><span class='ocrx_word' id='word_1_289' title='bbox 306 1397 391 1435; x_wconf 79' lang='lat' dir='ltr'>Quia</span> <span class='ocrx_word' id='word_1_290' title='bbox 413 1396 499 1428; x_wconf 86' lang='lat' dir='ltr'>enim</span> <span class='ocrx_word' id='word_1_291' title='bbox 522 1406 588 1427; x_wconf 80' lang='lat' dir='ltr'>esse</span> <span class='ocrx_word' id='word_1_292' title='bbox 611 1406 677 1427; x_wconf 92' lang='lat' dir='ltr'>non</span> <span class='ocrx_word' id='word_1_293' title='bbox 699 1396 805 1426; x_wconf 86' lang='lat' dir='ltr'>visum</span> <span class='ocrx_word' id='word_1_294' title='bbox 827 1402 874 1426; x_wconf 88' lang='lat' dir='ltr'>est</span> <span class='ocrx_word' id='word_1_295' title='bbox 895 1405 967 1426; x_wconf 81' lang='lat' dir='ltr'>vere</span> <span class='ocrx_word' id='word_1_296' title='bbox 997 1396 1136 1426; x_wconf 87' lang='lat' dir='ltr'>conditio</span> <span class='ocrx_word' id='word_1_297' title='bbox 1160 1395 1273 1426; x_wconf 89' lang='lat' dir='ltr'>obiecti</span> <span class='ocrx_word' id='word_1_298' title='bbox 1293 1395 1365 1426; x_wconf 85' lang='lat' dir='ltr'>fidei</span> 
     </span>
    </p>
   </div>
   <div class='ocr_carea' id='block_1_24' title="bbox 1414 1000 2624 1384">
    <p class='ocr_par' dir='ltr' id='par_1_24' title="bbox 1414 1000 2624 1384">
     <span class='ocr_line' id='line_1_49' title="bbox 1414 1000 2612 1043; baseline 0 -13"><span class='ocrx_word' id='word_1_299' title='bbox 1414 1010 1450 1030; x_wconf 87' lang='lat' dir='ltr'>ex</span> <span class='ocrx_word' id='word_1_300' title='bbox 1466 1007 1553 1040; x_wconf 88' lang='lat' dir='ltr'>parte</span> <span class='ocrx_word' id='word_1_301' title='bbox 1570 1001 1684 1031; x_wconf 90' lang='lat' dir='ltr'>obiecti</span> <span class='ocrx_word' id='word_1_302' title='bbox 1709 1011 1741 1031; x_wconf 88' lang='lat' dir='ltr'>se</span> <span class='ocrx_word' id='word_1_303' title='bbox 1765 1008 1885 1037; x_wconf 86' lang='lat' dir='ltr'>tenens,</span> <span class='ocrx_word' id='word_1_304' title='bbox 1902 1008 1937 1031; x_wconf 94' lang='lat' dir='ltr'>ut</span> <span class='ocrx_word' id='word_1_305' title='bbox 1960 1008 2044 1041; x_wconf 90' lang='lat' dir='ltr'>patet</span> <span class='ocrx_word' id='word_1_306' title='bbox 2063 1011 2099 1032; x_wconf 89' lang='lat' dir='ltr'>ex</span> <span class='ocrx_word' id='word_1_307' title='bbox 2122 1002 2283 1032; x_wconf 87' lang='lat' dir='ltr'>antedictis</span> <span class='ocrx_word' id='word_1_308' title='bbox 2299 1000 2314 1016; x_wconf 87' lang='grc'>*</span> <span class='ocrx_word' id='word_1_309' title='bbox 2331 1000 2472 1043; x_wconf 88' lang='lat' dir='ltr'>(oportet</span> <span class='ocrx_word' id='word_1_310' title='bbox 2499 1009 2509 1019; x_wconf 72' lang='lat'>⁸</span> <span class='ocrx_word' id='word_1_311' title='bbox 2523 1010 2574 1030; x_wconf 79' lang='lat' dir='ltr'>Art.</span> <span class='ocrx_word' id='word_1_312' title='bbox 2588 1017 2612 1035; x_wconf 79' lang='lat'>4.</span> 
     </span>
     <span class='ocr_line' id='line_1_50' title="bbox 1414 1043 2471 1087; baseline 0.001 -13"><span class='ocrx_word' id='word_1_313' title='bbox 1414 1044 1499 1075; x_wconf 89' lang='lat' dir='ltr'>enim</span> <span class='ocrx_word' id='word_1_314' title='bbox 1515 1044 1668 1075; x_wconf 90' lang='lat' dir='ltr'>creditum</span> <span class='ocrx_word' id='word_1_315' title='bbox 1684 1055 1750 1075; x_wconf 91' lang='lat' dir='ltr'>non</span> <span class='ocrx_word' id='word_1_316' title='bbox 1767 1055 1832 1075; x_wconf 90' lang='lat' dir='ltr'>esse</span> <span class='ocrx_word' id='word_1_317' title='bbox 1848 1046 1952 1075; x_wconf 89' lang='lat' dir='ltr'>visum</span> <span class='ocrx_word' id='word_1_318' title='bbox 1968 1056 1986 1075; x_wconf 85' lang='lat' dir='ltr'>a</span> <span class='ocrx_word' id='word_1_319' title='bbox 2003 1043 2173 1087; x_wconf 88' lang='lat' dir='ltr'>credente);</span> <span class='ocrx_word' id='word_1_320' title='bbox 2198 1051 2227 1076; x_wconf 88' lang='lat' dir='ltr'>et</span> <span class='ocrx_word' id='word_1_321' title='bbox 2243 1046 2318 1076; x_wconf 89' lang='lat' dir='ltr'>haec</span> <span class='ocrx_word' id='word_1_322' title='bbox 2333 1045 2471 1076; x_wconf 88' lang='lat' dir='ltr'>conditio</span> 
     </span>
     <span class='ocr_line' id='line_1_51' title="bbox 1416 1089 2472 1129; baseline 0.001 -11"><span class='ocrx_word' id='word_1_323' title='bbox 1416 1089 1655 1129; x_wconf 89' lang='lat' dir='ltr'>comprehendit</span> <span class='ocrx_word' id='word_1_324' title='bbox 1670 1090 1779 1119; x_wconf 86' lang='lat' dir='ltr'>omnia</span> <span class='ocrx_word' id='word_1_325' title='bbox 1802 1089 1974 1124; x_wconf 89' lang='lat' dir='ltr'>credibilia;</span> <span class='ocrx_word' id='word_1_326' title='bbox 1999 1089 2155 1129; x_wconf 87' lang='lat' dir='ltr'>habetque</span> <span class='ocrx_word' id='word_1_327' title='bbox 2179 1100 2211 1119; x_wconf 92' lang='lat' dir='ltr'>se</span> <span class='ocrx_word' id='word_1_328' title='bbox 2235 1090 2274 1119; x_wconf 86' lang='lat' dir='ltr'>ad</span> <span class='ocrx_word' id='word_1_329' title='bbox 2297 1100 2332 1120; x_wconf 92' lang='lat' dir='ltr'>ea</span> <span class='ocrx_word' id='word_1_330' title='bbox 2351 1097 2386 1119; x_wconf 89' lang='lat' dir='ltr'>ut</span> <span class='ocrx_word' id='word_1_331' title='bbox 2409 1089 2472 1119; x_wconf 88' lang='lat' dir='ltr'>for-</span> 
     </span>
     <span class='ocr_line' id='line_1_52' title="bbox 1416 1131 2472 1175; baseline 0.001 -13"><span class='ocrx_word' id='word_1_332' title='bbox 1416 1133 1498 1163; x_wconf 85' lang='lat' dir='ltr'>male</span> <span class='ocrx_word' id='word_1_333' title='bbox 1521 1133 1561 1162; x_wconf 89' lang='lat' dir='ltr'>ad</span> <span class='ocrx_word' id='word_1_334' title='bbox 1583 1133 1743 1164; x_wconf 87' lang='lat' dir='ltr'>materiale</span> <span class='ocrx_word' id='word_1_335' title='bbox 1765 1131 1826 1175; x_wconf 88' lang='lat' dir='ltr'>(est</span> <span class='ocrx_word' id='word_1_336' title='bbox 1845 1133 2003 1174; x_wconf 87' lang='lat' dir='ltr'>siquidem</span> <span class='ocrx_word' id='word_1_337' title='bbox 2023 1133 2093 1164; x_wconf 87' lang='lat' dir='ltr'>talis</span> <span class='ocrx_word' id='word_1_338' title='bbox 2112 1133 2307 1163; x_wconf 87' lang='lat' dir='ltr'>credibilium</span> <span class='ocrx_word' id='word_1_339' title='bbox 2331 1133 2472 1164; x_wconf 90' lang='lat' dir='ltr'>denomi-</span> 
     </span>
     <span class='ocr_line' id='line_1_53' title="bbox 1417 1177 2472 1217; baseline 0 -10"><span class='ocrx_word' id='word_1_340' title='bbox 1417 1177 1502 1207; x_wconf 82' lang='lat' dir='ltr'>natio</span> <span class='ocrx_word' id='word_1_341' title='bbox 1526 1187 1623 1217; x_wconf 89' lang='lat' dir='ltr'>quam</span> <span class='ocrx_word' id='word_1_342' title='bbox 1648 1184 1775 1217; x_wconf 90' lang='lat' dir='ltr'>oportet</span> <span class='ocrx_word' id='word_1_343' title='bbox 1798 1177 1907 1207; x_wconf 88' lang='lat' dir='ltr'>omnia</span> <span class='ocrx_word' id='word_1_344' title='bbox 1929 1177 2059 1207; x_wconf 89' lang='lat' dir='ltr'>induere</span> <span class='ocrx_word' id='word_1_345' title='bbox 2083 1183 2119 1207; x_wconf 89' lang='lat' dir='ltr'>ut</span> <span class='ocrx_word' id='word_1_346' title='bbox 2142 1177 2296 1207; x_wconf 90' lang='lat' dir='ltr'>credibilis</span> <span class='ocrx_word' id='word_1_347' title='bbox 2318 1177 2472 1208; x_wconf 88' lang='lat' dir='ltr'>rationem</span> 
     </span>
     <span class='ocr_line' id='line_1_54' title="bbox 1417 1220 2474 1261; baseline 0.001 -11"><span class='ocrx_word' id='word_1_348' title='bbox 1417 1221 1568 1251; x_wconf 87' lang='lat' dir='ltr'>habeant:</span> <span class='ocrx_word' id='word_1_349' title='bbox 1593 1221 1677 1252; x_wconf 90' lang='lat' dir='ltr'>unde</span> <span class='ocrx_word' id='word_1_350' title='bbox 1703 1228 1733 1252; x_wconf 90' lang='lat' dir='ltr'>et</span> <span class='ocrx_word' id='word_1_351' title='bbox 1751 1221 1784 1251; x_wconf 93' lang='lat' dir='ltr'>in</span> <span class='ocrx_word' id='word_1_352' title='bbox 1808 1220 1989 1252; x_wconf 89' lang='lat' dir='ltr'>definitione</span> <span class='ocrx_word' id='word_1_353' title='bbox 2007 1220 2080 1251; x_wconf 87' lang='lat' dir='ltr'>fidei</span> <span class='ocrx_word' id='word_1_354' title='bbox 2103 1221 2141 1250; x_wconf 90' lang='lat' dir='ltr'>ab</span> <span class='ocrx_word' id='word_1_355' title='bbox 2157 1221 2227 1261; x_wconf 90' lang='lat' dir='ltr'>ipso</span> <span class='ocrx_word' id='word_1_356' title='bbox 2243 1221 2400 1261; x_wconf 90' lang='lat' dir='ltr'>Apostolo</span> <span class='ocrx_word' id='word_1_357' title='bbox 2418 1231 2474 1261; x_wconf 91' lang='lat' dir='ltr'>po-</span> 
     </span>
     <span class='ocr_line' id='line_1_55' title="bbox 1418 1263 2624 1307; baseline 0.001 -13"><span class='ocrx_word' id='word_1_358' title='bbox 1418 1264 1513 1301; x_wconf 88' lang='lat' dir='ltr'>nitur,</span> <span class='ocrx_word' id='word_1_359' title='bbox 1528 1264 1571 1295; x_wconf 85' lang='lat' dir='ltr'>ad</span> <span class='ocrx_word' id='word_1_360' title='bbox 1588 1265 1670 1295; x_wconf 84' lang='lat' dir='ltr'>Heb.</span> <span class='ocrx_word' id='word_1_361' title='bbox 1686 1275 1716 1295; x_wconf 82' lang='lat' dir='ltr'>xi</span> <span class='ocrx_word' id='word_1_362' title='bbox 1730 1263 1775 1307; x_wconf 87' lang='lat'>*):</span> <span class='ocrx_word' id='word_1_363' title='bbox 1800 1265 1872 1295; x_wconf 91' lang='lat' dir='ltr'>ideo</span> <span class='ocrx_word' id='word_1_364' title='bbox 1890 1265 2044 1296; x_wconf 82' lang='lat' dir='ltr'>nonnulla</span> <span class='ocrx_word' id='word_1_365' title='bbox 2062 1265 2141 1295; x_wconf 92' lang='lat' dir='ltr'>ratio</span> <span class='ocrx_word' id='word_1_366' title='bbox 2162 1264 2303 1295; x_wconf 84' lang='lat' dir='ltr'>formalis</span> <span class='ocrx_word' id='word_1_367' title='bbox 2319 1271 2365 1295; x_wconf 89' lang='lat' dir='ltr'>est</span> <span class='ocrx_word' id='word_1_368' title='bbox 2379 1265 2474 1295; x_wconf 89' lang='lat' dir='ltr'>credi·</span> <span class='ocrx_word' id='word_1_369' title='bbox 2501 1270 2513 1281; x_wconf 76' lang='lat'>⁸</span> <span class='ocrx_word' id='word_1_370' title='bbox 2527 1269 2594 1291; x_wconf 81' lang='lat' dir='ltr'>Vers-</span> <span class='ocrx_word' id='word_1_371' title='bbox 2609 1276 2624 1291; x_wconf 84' lang='lat'>¹-</span> 
     </span>
     <span class='ocr_line' id='line_1_56' title="bbox 1419 1308 2476 1349; baseline 0.001 -11"><span class='ocrx_word' id='word_1_372' title='bbox 1419 1308 1532 1339; x_wconf 90' lang='lat' dir='ltr'>bilium</span> <span class='ocrx_word' id='word_1_373' title='bbox 1548 1310 1636 1349; x_wconf 93' lang='lat' dir='ltr'>quod</span> <span class='ocrx_word' id='word_1_374' title='bbox 1653 1309 1810 1339; x_wconf 87' lang='lat' dir='ltr'>credibilia</span> <span class='ocrx_word' id='word_1_375' title='bbox 1822 1309 1893 1340; x_wconf 90' lang='lat' dir='ltr'>sint.</span> <span class='ocrx_word' id='word_1_376' title='bbox 1917 1310 1991 1339; x_wconf 91' lang='lat' dir='ltr'>Non</span> <span class='ocrx_word' id='word_1_377' title='bbox 2007 1316 2112 1339; x_wconf 89' lang='lat' dir='ltr'>tamen</span> <span class='ocrx_word' id='word_1_378' title='bbox 2130 1315 2175 1339; x_wconf 89' lang='lat' dir='ltr'>est</span> <span class='ocrx_word' id='word_1_379' title='bbox 2191 1309 2334 1339; x_wconf 89' lang='lat' dir='ltr'>absolute</span> <span class='ocrx_word' id='word_1_380' title='bbox 2345 1309 2476 1339; x_wconf 88' lang='lat' dir='ltr'>dicenda</span> 
     </span>
     <span class='ocr_line' id='line_1_57' title="bbox 1420 1352 2477 1384; baseline 0.001 -2"><span class='ocrx_word' id='word_1_381' title='bbox 1420 1352 1500 1383; x_wconf 82' lang='lat' dir='ltr'>ratio</span> <span class='ocrx_word' id='word_1_382' title='bbox 1519 1352 1660 1382; x_wconf 87' lang='lat' dir='ltr'>formalis</span> <span class='ocrx_word' id='word_1_383' title='bbox 1675 1353 1789 1384; x_wconf 92' lang='lat' dir='ltr'>obiecti</span> <span class='ocrx_word' id='word_1_384' title='bbox 1804 1352 1887 1384; x_wconf 83' lang='lat' dir='ltr'>fidei.</span> <span class='ocrx_word' id='word_1_385' title='bbox 1911 1353 2003 1384; x_wconf 91' lang='lat' dir='ltr'>Unde</span> <span class='ocrx_word' id='word_1_386' title='bbox 2018 1353 2051 1383; x_wconf 90' lang='lat' dir='ltr'>in</span> <span class='ocrx_word' id='word_1_387' title='bbox 2070 1363 2102 1383; x_wconf 89' lang='lat' dir='ltr'>re</span> <span class='ocrx_word' id='word_1_388' title='bbox 2125 1353 2183 1383; x_wconf 85' lang='lat' dir='ltr'>hac</span> <span class='ocrx_word' id='word_1_389' title='bbox 2202 1353 2403 1383; x_wconf 88' lang='lat' dir='ltr'>meminerint</span> <span class='ocrx_word' id='word_1_390' title='bbox 2418 1353 2477 1383; x_wconf 87' lang='lat' dir='ltr'>dis-</span> 
     </span>
    </p>
   </div>
   <div class='ocr_carea' id='block_1_25' title="bbox 1391 1370 2475 1437">
    <p class='ocr_par' dir='ltr' id='par_1_25' title="bbox 1391 1370 2475 1437">
     <span class='ocr_line' id='line_1_58' title="bbox 1391 1370 2475 1437; baseline 0.001 -11"><span class='ocrx_word' id='word_1_391' title='bbox 1391 1370 1395 1434; x_wconf 67' lang='lat' dir='ltr'>i</span> <span class='ocrx_word' id='word_1_392' title='bbox 1421 1403 1567 1436; x_wconf 87' lang='lat' dir='ltr'>putantes</span> <span class='ocrx_word' id='word_1_393' title='bbox 1589 1405 1628 1426; x_wconf 92' lang='lat' dir='ltr'>ne</span> <span class='ocrx_word' id='word_1_394' title='bbox 1649 1396 1804 1436; x_wconf 87' lang='lat' dir='ltr'>protervia</span> <span class='ocrx_word' id='word_1_395' title='bbox 1821 1397 1860 1427; x_wconf 92' lang='lat' dir='ltr'>sit</span> <span class='ocrx_word' id='word_1_396' title='bbox 1874 1397 1907 1427; x_wconf 92' lang='lat' dir='ltr'>in</span> <span class='ocrx_word' id='word_1_397' title='bbox 1921 1397 2092 1433; x_wconf 89' lang='lat' dir='ltr'>vocabulis,</span> <span class='ocrx_word' id='word_1_398' title='bbox 2109 1406 2145 1427; x_wconf 86' lang='lat' dir='ltr'>ex</span> <span class='ocrx_word' id='word_1_399' title='bbox 2161 1407 2227 1437; x_wconf 93' lang='lat' dir='ltr'>quo</span> <span class='ocrx_word' id='word_1_400' title='bbox 2245 1403 2366 1428; x_wconf 87' lang='lat' dir='ltr'>constat</span> <span class='ocrx_word' id='word_1_401' title='bbox 2380 1398 2418 1427; x_wconf 91' lang='lat' dir='ltr'>de</span> <span class='ocrx_word' id='word_1_402' title='bbox 2434 1408 2475 1428; x_wconf 90' lang='lat' dir='ltr'>re.</span> 
     </span>
    </p>
   </div>
   <div class='ocr_carea' id='block_1_26' title="bbox 1084 1547 1698 1591">
    <p class='ocr_par' dir='ltr' id='par_1_26' title="bbox 1084 1547 1698 1591">
     <span class='ocr_line' id='line_1_59' title="bbox 1084 1547 1698 1591; baseline 0 -1"><span class='ocrx_word' id='word_1_403' title='bbox 1084 1547 1399 1590; x_wconf 87' lang='lat' dir='ltr'>ARTICULUS</span> <span class='ocrx_word' id='word_1_404' title='bbox 1429 1547 1698 1591; x_wconf 89' lang='lat' dir='ltr'>SEPTIMUS</span> 
     </span>
    </p>
   </div>
   <div class='ocr_carea' id='block_1_27' title="bbox 299 1623 2219 1684">
    <p class='ocr_par' dir='ltr' id='par_1_27' title="bbox 299 1623 2219 1684">
     <span class='ocr_line' id='line_1_60' title="bbox 299 1623 2219 1684; baseline 0.002 -15"><span class='ocrx_word' id='word_1_405' title='bbox 299 1623 305 1669; x_wconf 29' lang='grc' dir='ltr'>ἰ</span> <span class='ocrx_word' id='word_1_406' title='bbox 333 1655 338 1675; x_wconf 75' lang='lat'>1</span> <span class='ocrx_word' id='word_1_407' title='bbox 551 1639 935 1684; x_wconf 62' lang='lat' dir='ltr'><strong>UTRUMgARTICULI</strong></span> <span class='ocrx_word' id='word_1_408' title='bbox 959 1641 1070 1672; x_wconf 88' lang='lat' dir='ltr'>FIDEI</span> <span class='ocrx_word' id='word_1_409' title='bbox 1095 1640 1330 1672; x_wconf 87' lang='lat' dir='ltr'>SECUNDUM</span> <span class='ocrx_word' id='word_1_410' title='bbox 1353 1640 1681 1672; x_wconf 88' lang='lat' dir='ltr'>SUCCESSIONEM</span> <span class='ocrx_word' id='word_1_411' title='bbox 1704 1641 1948 1672; x_wconf 89' lang='lat' dir='ltr'><strong>TEMPORUM</strong></span> <span class='ocrx_word' id='word_1_412' title='bbox 1973 1641 2219 1673; x_wconf 88' lang='lat' dir='ltr'>CREVERINT</span> 
     </span>
    </p>
   </div>
   <div class='ocr_carea' id='block_1_28' title="bbox 773 1726 2012 1761">
    <p class='ocr_par' dir='ltr' id='par_1_28' title="bbox 773 1726 2012 1761">
     <span class='ocr_line' id='line_1_61' title="bbox 773 1726 2012 1761; baseline 0 -8"><span class='ocrx_word' id='word_1_413' title='bbox 773 1728 847 1759; x_wconf 85' lang='lat' dir='ltr'>Infra,</span> <span class='ocrx_word' id='word_1_414' title='bbox 867 1736 912 1761; x_wconf 91' lang='lat' dir='ltr'>qu.</span> <span class='ocrx_word' id='word_1_415' title='bbox 930 1735 957 1757; x_wconf 85' lang='lat' dir='ltr'>n,</span> <span class='ocrx_word' id='word_1_416' title='bbox 977 1733 1023 1753; x_wconf 82' lang='lat' dir='ltr'>art.</span> <span class='ocrx_word' id='word_1_417' title='bbox 1043 1736 1072 1760; x_wconf 88' lang='lat'>7;</span> <span class='ocrx_word' id='word_1_418' title='bbox 1093 1736 1138 1760; x_wconf 92' lang='lat' dir='ltr'>qu.</span> <span class='ocrx_word' id='word_1_419' title='bbox 1156 1735 1254 1758; x_wconf 70' lang='lat' dir='ltr'>cm,</span> <span class='ocrx_word' id='word_1_420' title='bbox 1273 1732 1320 1752; x_wconf 85' lang='lat' dir='ltr'>art.</span> <span class='ocrx_word' id='word_1_421' title='bbox 1339 1726 1369 1758; x_wconf 83' lang='lat'>6;</span> <span class='ocrx_word' id='word_1_422' title='bbox 1389 1727 1420 1751; x_wconf 91' lang='lat'>111</span> <span class='ocrx_word' id='word_1_423' title='bbox 1441 1727 1524 1757; x_wconf 66' lang='lat' dir='ltr'>Sent„</span> <span class='ocrx_word' id='word_1_424' title='bbox 1545 1727 1606 1752; x_wconf 87' lang='lat' dir='ltr'>dist.</span> <span class='ocrx_word' id='word_1_425' title='bbox 1625 1735 1680 1758; x_wconf 76' lang='lat' dir='ltr'>xxv,</span> <span class='ocrx_word' id='word_1_426' title='bbox 1700 1735 1743 1760; x_wconf 89' lang='lat' dir='ltr'>qu.</span> <span class='ocrx_word' id='word_1_427' title='bbox 1762 1735 1789 1756; x_wconf 82' lang='lat' dir='ltr'>n,</span> <span class='ocrx_word' id='word_1_428' title='bbox 1809 1733 1854 1752; x_wconf 85' lang='lat' dir='ltr'>art.</span> <span class='ocrx_word' id='word_1_429' title='bbox 1876 1735 1899 1753; x_wconf 84' lang='lat'>2.</span> <span class='ocrx_word' id='word_1_430' title='bbox 1918 1728 1967 1760; x_wconf 71' lang='lat' dir='ltr'>qu⁸</span> <span class='ocrx_word' id='word_1_431' title='bbox 1991 1736 2012 1753; x_wconf 91' lang='lat'>1.</span> 
     </span>
    </p>
   </div>
   <div class='ocr_carea' id='block_1_29' title="bbox 321 1819 506 2006">
    <p class='ocr_par' dir='ltr' id='par_1_29' title="bbox 321 1819 506 2006">
     <span class='ocr_line' id='line_1_62' title="bbox 321 1819 506 2006; baseline 0 0"><span class='ocrx_word' id='word_1_432' title='bbox 321 1819 506 2006; x_wconf 95' lang='lat' dir='ltr'>   </span> 
     </span>
    </p>
   </div>
   <div class='ocr_carea' id='block_1_30' title="bbox 308 1806 1367 2121">
    <p class='ocr_par' dir='ltr' id='par_1_30' title="bbox 308 1806 1367 2121">
     <span class='ocr_line' id='line_1_63' title="bbox 347 1806 1364 1868; baseline -0.001 -24"><span class='ocrx_word' id='word_1_433' title='bbox 347 1824 356 1845; x_wconf 62' lang='grc' dir='ltr'>ι</span> <span class='ocrx_word' id='word_1_434' title='bbox 380 1827 401 1844; x_wconf 41' lang='grc' dir='ltr'>χι</span> <span class='ocrx_word' id='word_1_435' title='bbox 425 1828 493 1868; x_wconf 58' lang='lat'>³6⁶«</span> <span class='ocrx_word' id='word_1_436' title='bbox 518 1820 542 1844; x_wconf 89' lang='lat' dir='ltr'>D</span> <span class='ocrx_word' id='word_1_437' title='bbox 561 1818 740 1844; x_wconf 62' lang='lat' dir='ltr'>sewinum</span> <span class='ocrx_word' id='word_1_438' title='bbox 754 1819 807 1845; x_wconf 72' lang='lat' dir='ltr'>stc</span> <span class='ocrx_word' id='word_1_439' title='bbox 827 1818 1065 1844; x_wconf 79' lang='lat' dir='ltr'><strong>PROCEDITUR.</strong></span> <span class='ocrx_word' id='word_1_440' title='bbox 1085 1807 1244 1844; x_wconf 92' lang='lat' dir='ltr'>Videtur</span> <span class='ocrx_word' id='word_1_441' title='bbox 1259 1806 1364 1854; x_wconf 94' lang='lat' dir='ltr'>quod</span> 
     </span>
     <span class='ocr_line' id='line_1_64' title="bbox 360 1858 1365 1919; baseline -0.001 -22"><span class='ocrx_word' id='word_1_442' title='bbox 360 1858 383 1876; x_wconf 79' lang='lat'>’&#39;</span> <span class='ocrx_word' id='word_1_443' title='bbox 441 1859 490 1919; x_wconf 50' lang='lat' dir='ltr'>Qjae</span> <span class='ocrx_word' id='word_1_444' title='bbox 520 1860 663 1897; x_wconf 89' lang='lat' dir='ltr'>articuli</span> <span class='ocrx_word' id='word_1_445' title='bbox 699 1860 790 1897; x_wconf 91' lang='lat' dir='ltr'>fidei</span> <span class='ocrx_word' id='word_1_446' title='bbox 819 1872 898 1896; x_wconf 94' lang='lat' dir='ltr'>non</span> <span class='ocrx_word' id='word_1_447' title='bbox 927 1859 1113 1896; x_wconf 88' lang='lat' dir='ltr'>creverint</span> <span class='ocrx_word' id='word_1_448' title='bbox 1154 1859 1365 1897; x_wconf 88' lang='lat' dir='ltr'>secundum</span> 
     </span>
     <span class='ocr_line' id='line_1_65' title="bbox 330 1912 1367 1967; baseline -0.005 -14"><span class='ocrx_word' id='word_1_449' title='bbox 330 1946 333 1953; x_wconf 28' lang='lat' dir='ltr'>r</span> <span class='ocrx_word' id='word_1_450' title='bbox 391 1959 401 1967; x_wconf 35' lang='grc' dir='ltr'><em>ν</em></span> <span class='ocrx_word' id='word_1_451' title='bbox 424 1959 431 1964; x_wconf 16' lang='grc' dir='ltr'>ἢ</span> <span class='ocrx_word' id='word_1_452' title='bbox 480 1920 737 1962; x_wconf 86' lang='lat' dir='ltr'>temporum</span> <span class='ocrx_word' id='word_1_453' title='bbox 756 1912 1049 1951; x_wconf 90' lang='lat' dir='ltr'>successionem.</span> <span class='ocrx_word' id='word_1_454' title='bbox 1071 1912 1183 1960; x_wconf 89' lang='lat' dir='ltr'>Quia,</span> <span class='ocrx_word' id='word_1_455' title='bbox 1203 1920 1245 1949; x_wconf 93' lang='lat' dir='ltr'>ut</span> <span class='ocrx_word' id='word_1_456' title='bbox 1263 1916 1367 1960; x_wconf 95' lang='lat' dir='ltr'>Apo-</span> 
     </span>
     <span class='ocr_line' id='line_1_66' title="bbox 319 1957 1366 2014; baseline -0.001 -11"><span class='ocrx_word' id='word_1_457' title='bbox 319 1975 325 1983; x_wconf 85' lang='lat'><em>&#39;</em></span> <span class='ocrx_word' id='word_1_458' title='bbox 400 1964 451 1997; x_wconf 60' lang='lat'>&#39;&#39;2&#39;2</span> <span class='ocrx_word' id='word_1_459' title='bbox 478 1957 636 2003; x_wconf 90' lang='lat' dir='ltr'>stolus</span> <span class='ocrx_word' id='word_1_460' title='bbox 657 1966 757 2014; x_wconf 89' lang='lat' dir='ltr'>dicit,</span> <span class='ocrx_word' id='word_1_461' title='bbox 786 1966 835 2003; x_wconf 89' lang='lat' dir='ltr'>ad</span> <span class='ocrx_word' id='word_1_462' title='bbox 852 1966 952 2003; x_wconf 81' lang='lat' dir='ltr'>Heh.</span> <span class='ocrx_word' id='word_1_463' title='bbox 978 1978 1014 2003; x_wconf 82' lang='lat' dir='ltr'>xi</span> <span class='ocrx_word' id='word_1_464' title='bbox 1032 1965 1063 2012; x_wconf 63' lang='lat'>²⁸,</span> <span class='ocrx_word' id='word_1_465' title='bbox 1072 1967 1174 2013; x_wconf 83' lang='lat' dir='ltr'>fides</span> <span class='ocrx_word' id='word_1_466' title='bbox 1202 1971 1256 2002; x_wconf 87' lang='lat' dir='ltr'>est</span> <span class='ocrx_word' id='word_1_467' title='bbox 1279 1966 1366 2002; x_wconf 85' lang='lat' dir='ltr'>sub-</span> 
     </span>
     <span class='ocr_line' id='line_1_67' title="bbox 308 2018 1366 2068; baseline 0 -14"><span class='ocrx_word' id='word_1_468' title='bbox 308 2018 445 2055; x_wconf 84' lang='lat' dir='ltr'>stantia</span> <span class='ocrx_word' id='word_1_469' title='bbox 471 2020 746 2065; x_wconf 82' lang='lat' dir='ltr'>sperandarum</span> <span class='ocrx_word' id='word_1_470' title='bbox 783 2031 924 2056; x_wconf 88' lang='lat' dir='ltr'>rerum.</span> <span class='ocrx_word' id='word_1_471' title='bbox 955 2018 1031 2056; x_wconf 91' lang='lat' dir='ltr'>Sed</span> <span class='ocrx_word' id='word_1_472' title='bbox 1060 2019 1166 2056; x_wconf 90' lang='lat' dir='ltr'>omni</span> <span class='ocrx_word' id='word_1_473' title='bbox 1193 2025 1366 2068; x_wconf 89' lang='lat' dir='ltr'>tempore</span> 
     </span>
     <span class='ocr_line' id='line_1_68' title="bbox 309 2071 1366 2121; baseline 0 -13"><span class='ocrx_word' id='word_1_474' title='bbox 309 2077 396 2108; x_wconf 85' lang='lat' dir='ltr'>sunt</span> <span class='ocrx_word' id='word_1_475' title='bbox 424 2071 559 2109; x_wconf 87' lang='lat' dir='ltr'>eadem</span> <span class='ocrx_word' id='word_1_476' title='bbox 589 2073 788 2121; x_wconf 88' lang='lat' dir='ltr'>speranda.</span> <span class='ocrx_word' id='word_1_477' title='bbox 818 2073 920 2119; x_wconf 88' lang='lat' dir='ltr'>Ergo</span> <span class='ocrx_word' id='word_1_478' title='bbox 950 2071 1056 2108; x_wconf 91' lang='lat' dir='ltr'>omni</span> <span class='ocrx_word' id='word_1_479' title='bbox 1083 2079 1256 2120; x_wconf 90' lang='lat' dir='ltr'>tempore</span> <span class='ocrx_word' id='word_1_480' title='bbox 1280 2079 1366 2108; x_wconf 90' lang='lat' dir='ltr'>sunt</span> 
     </span>
    </p>
   </div>
   <div class='ocr_carea' id='block_1_31' title="bbox 303 2230 1367 2279">
    <p class='ocr_par' dir='ltr' id='par_1_31' title="bbox 303 2230 1367 2279">
     <span class='ocr_line' id='line_1_69' title="bbox 303 2230 1367 2279; baseline 0.002 -15"><span class='ocrx_word' id='word_1_481' title='bbox 303 2235 378 2276; x_wconf 82' lang='lat' dir='ltr'>per</span> <span class='ocrx_word' id='word_1_482' title='bbox 405 2231 688 2268; x_wconf 85' lang='lat' dir='ltr'>successionem</span> <span class='ocrx_word' id='word_1_483' title='bbox 715 2238 932 2279; x_wconf 90' lang='lat' dir='ltr'>temporum</span> <span class='ocrx_word' id='word_1_484' title='bbox 952 2237 1200 2277; x_wconf 87' lang='lat' dir='ltr'>augmentum</span> <span class='ocrx_word' id='word_1_485' title='bbox 1227 2230 1367 2266; x_wconf 85' lang='lat' dir='ltr'>factum</span> 
     </span>
    </p>
   </div>
   <div class='ocr_carea' id='block_1_32' title="bbox 309 2334 1369 3229">
    <p class='ocr_par' dir='ltr' id='par_1_32' title="bbox 309 2334 1368 2755">
     <span class='ocr_line' id='line_1_70' title="bbox 310 2334 1367 2385; baseline 0.001 -14"><span class='ocrx_word' id='word_1_486' title='bbox 310 2334 484 2372; x_wconf 77' lang='lat' dir='ltr'>scientias</span> <span class='ocrx_word' id='word_1_487' title='bbox 511 2335 751 2373; x_wconf 88' lang='lat' dir='ltr'>invenerunt:</span> <span class='ocrx_word' id='word_1_488' title='bbox 785 2344 827 2374; x_wconf 92' lang='lat' dir='ltr'>ut</span> <span class='ocrx_word' id='word_1_489' title='bbox 853 2343 956 2385; x_wconf 87' lang='lat' dir='ltr'>patet</span> <span class='ocrx_word' id='word_1_490' title='bbox 983 2347 1052 2384; x_wconf 90' lang='lat' dir='ltr'>per</span> <span class='ocrx_word' id='word_1_491' title='bbox 1078 2335 1367 2384; x_wconf 87' lang='lat' dir='ltr'>Philosophum,</span> 
     </span>
     <span class='ocr_line' id='line_1_71' title="bbox 310 2385 1366 2437; baseline 0.003 -14"><span class='ocrx_word' id='word_1_492' title='bbox 310 2385 350 2423; x_wconf 92' lang='lat' dir='ltr'>in</span> <span class='ocrx_word' id='word_1_493' title='bbox 378 2388 410 2423; x_wconf 88' lang='grc' dir='ltr'>ΙΙ</span> <span class='ocrx_word' id='word_1_494' title='bbox 437 2388 653 2437; x_wconf 85' lang='lat' dir='ltr'>Metaphys.</span> <span class='ocrx_word' id='word_1_495' title='bbox 673 2388 693 2410; x_wconf 78' lang='lat'>’¹‘</span> <span class='ocrx_word' id='word_1_496' title='bbox 712 2388 788 2426; x_wconf 89' lang='lat' dir='ltr'>Sed</span> <span class='ocrx_word' id='word_1_497' title='bbox 818 2388 987 2426; x_wconf 91' lang='lat' dir='ltr'>doctrina</span> <span class='ocrx_word' id='word_1_498' title='bbox 1014 2388 1103 2425; x_wconf 89' lang='lat' dir='ltr'>fidei</span> <span class='ocrx_word' id='word_1_499' title='bbox 1131 2400 1210 2425; x_wconf 91' lang='lat' dir='ltr'>non</span> <span class='ocrx_word' id='word_1_500' title='bbox 1238 2396 1295 2425; x_wconf 87' lang='lat' dir='ltr'>est</span> <span class='ocrx_word' id='word_1_501' title='bbox 1312 2388 1366 2426; x_wconf 84' lang='lat' dir='ltr'>in-</span> 
     </span>
     <span class='ocr_line' id='line_1_72' title="bbox 309 2441 1367 2488; baseline 0.001 -12"><span class='ocrx_word' id='word_1_502' title='bbox 309 2446 425 2476; x_wconf 87' lang='lat' dir='ltr'>venta</span> <span class='ocrx_word' id='word_1_503' title='bbox 453 2441 691 2488; x_wconf 90' lang='lat' dir='ltr'>humanitus,</span> <span class='ocrx_word' id='word_1_504' title='bbox 725 2441 793 2478; x_wconf 92' lang='lat' dir='ltr'>sed</span> <span class='ocrx_word' id='word_1_505' title='bbox 820 2441 954 2479; x_wconf 89' lang='lat' dir='ltr'>tradita</span> <span class='ocrx_word' id='word_1_506' title='bbox 982 2453 1004 2477; x_wconf 92' lang='lat' dir='ltr'>a</span> <span class='ocrx_word' id='word_1_507' title='bbox 1032 2441 1135 2477; x_wconf 89' lang='lat' dir='ltr'>Deo:</span> <span class='ocrx_word' id='word_1_508' title='bbox 1169 2441 1244 2477; x_wconf 87' lang='lat' dir='ltr'>Dei</span> <span class='ocrx_word' id='word_1_509' title='bbox 1269 2442 1367 2477; x_wconf 85' lang='lat' dir='ltr'>enim</span> 
     </span>
     <span class='ocr_line' id='line_1_73' title="bbox 310 2492 1368 2547; baseline -0.001 -17"><span class='ocrx_word' id='word_1_510' title='bbox 310 2492 451 2530; x_wconf 81' lang='lat' dir='ltr'>donum</span> <span class='ocrx_word' id='word_1_511' title='bbox 479 2501 542 2547; x_wconf 70' lang='lat' dir='ltr'>est,</span> <span class='ocrx_word' id='word_1_512' title='bbox 571 2502 613 2531; x_wconf 86' lang='lat' dir='ltr'>ut</span> <span class='ocrx_word' id='word_1_513' title='bbox 641 2493 774 2531; x_wconf 92' lang='lat' dir='ltr'>dicitur</span> <span class='ocrx_word' id='word_1_514' title='bbox 799 2495 934 2543; x_wconf 87' lang='lat' dir='ltr'>Ephes.</span> <span class='ocrx_word' id='word_1_515' title='bbox 965 2505 988 2529; x_wconf 86' lang='lat'>11</span> <span class='ocrx_word' id='word_1_516' title='bbox 1020 2493 1050 2529; x_wconf 76' lang='lat'>²¹⁸.</span> <span class='ocrx_word' id='word_1_517' title='bbox 1074 2493 1173 2529; x_wconf 91' lang='lat' dir='ltr'>Cum</span> <span class='ocrx_word' id='word_1_518' title='bbox 1193 2493 1302 2540; x_wconf 89' lang='lat' dir='ltr'>igitur</span> <span class='ocrx_word' id='word_1_519' title='bbox 1330 2493 1368 2529; x_wconf 90' lang='lat' dir='ltr'>in</span> 
     </span>
     <span class='ocr_line' id='line_1_74' title="bbox 309 2545 1368 2590; baseline 0 -8"><span class='ocrx_word' id='word_1_520' title='bbox 309 2545 438 2583; x_wconf 90' lang='lat' dir='ltr'>Deum</span> <span class='ocrx_word' id='word_1_521' title='bbox 467 2548 591 2584; x_wconf 92' lang='lat' dir='ltr'>nullus</span> <span class='ocrx_word' id='word_1_522' title='bbox 628 2547 796 2584; x_wconf 89' lang='lat' dir='ltr'>defectus</span> <span class='ocrx_word' id='word_1_523' title='bbox 828 2545 1005 2584; x_wconf 88' lang='lat' dir='ltr'>scientiae</span> <span class='ocrx_word' id='word_1_524' title='bbox 1047 2545 1176 2590; x_wconf 90' lang='lat' dir='ltr'>cadat,</span> <span class='ocrx_word' id='word_1_525' title='bbox 1217 2545 1368 2582; x_wconf 92' lang='lat' dir='ltr'>videtur</span> 
     </span>
     <span class='ocr_line' id='line_1_75' title="bbox 311 2597 1368 2649; baseline -0.001 -14"><span class='ocrx_word' id='word_1_526' title='bbox 311 2600 416 2646; x_wconf 93' lang='lat' dir='ltr'>quod</span> <span class='ocrx_word' id='word_1_527' title='bbox 445 2611 467 2635; x_wconf 92' lang='lat' dir='ltr'>a</span> <span class='ocrx_word' id='word_1_528' title='bbox 494 2599 678 2649; x_wconf 90' lang='lat' dir='ltr'>principio</span> <span class='ocrx_word' id='word_1_529' title='bbox 707 2599 870 2648; x_wconf 90' lang='lat' dir='ltr'>cognitio</span> <span class='ocrx_word' id='word_1_530' title='bbox 899 2598 1134 2637; x_wconf 88' lang='lat' dir='ltr'>credibilium</span> <span class='ocrx_word' id='word_1_531' title='bbox 1158 2597 1268 2635; x_wconf 86' lang='lat' dir='ltr'>fuerit</span> <span class='ocrx_word' id='word_1_532' title='bbox 1285 2610 1368 2647; x_wconf 92' lang='lat' dir='ltr'>per-</span> 
     </span>
     <span class='ocr_line' id='line_1_76' title="bbox 309 2651 1368 2702; baseline -0.001 -14"><span class='ocrx_word' id='word_1_533' title='bbox 309 2651 418 2700; x_wconf 88' lang='lat' dir='ltr'>fecta,</span> <span class='ocrx_word' id='word_1_534' title='bbox 448 2660 484 2688; x_wconf 90' lang='lat' dir='ltr'>et</span> <span class='ocrx_word' id='word_1_535' title='bbox 512 2653 616 2702; x_wconf 94' lang='lat' dir='ltr'>quod</span> <span class='ocrx_word' id='word_1_536' title='bbox 645 2665 723 2690; x_wconf 91' lang='lat' dir='ltr'>non</span> <span class='ocrx_word' id='word_1_537' title='bbox 751 2652 910 2690; x_wconf 90' lang='lat' dir='ltr'>creverit</span> <span class='ocrx_word' id='word_1_538' title='bbox 929 2651 1141 2688; x_wconf 88' lang='lat' dir='ltr'>secundum</span> <span class='ocrx_word' id='word_1_539' title='bbox 1165 2651 1368 2688; x_wconf 89' lang='lat' dir='ltr'>successio-</span> 
     </span>
     <span class='ocr_line' id='line_1_77' title="bbox 309 2712 660 2755; baseline 0.003 -14"><span class='ocrx_word' id='word_1_540' title='bbox 309 2716 401 2742; x_wconf 87' lang='lat' dir='ltr'>nem</span> <span class='ocrx_word' id='word_1_541' title='bbox 429 2712 660 2755; x_wconf 88' lang='lat' dir='ltr'>temporum.</span> 
     </span>
    </p>

    <p class='ocr_par' dir='ltr' id='par_1_33' title="bbox 311 2755 1369 3122">
     <span class='ocr_line' id='line_1_78' title="bbox 367 2755 1366 2807; baseline -0.003 -12"><span class='ocrx_word' id='word_1_542' title='bbox 367 2758 401 2795; x_wconf 90' lang='lat'>3.</span> <span class='ocrx_word' id='word_1_543' title='bbox 430 2759 663 2806; x_wconf 74' lang='lat' dir='ltr'>PRAETEREA,</span> <span class='ocrx_word' id='word_1_544' title='bbox 692 2757 861 2807; x_wconf 89' lang='lat' dir='ltr'>operatio</span> <span class='ocrx_word' id='word_1_545' title='bbox 890 2756 1029 2804; x_wconf 86' lang='lat' dir='ltr'>gratiae</span> <span class='ocrx_word' id='word_1_546' title='bbox 1058 2767 1136 2792; x_wconf 91' lang='lat' dir='ltr'>non</span> <span class='ocrx_word' id='word_1_547' title='bbox 1163 2755 1366 2792; x_wconf 80' lang='lat' dir='ltr'>minus&#39;or-</span> 
     </span>
     <span class='ocr_line' id='line_1_79' title="bbox 311 2809 1369 2860; baseline -0.002 -13"><span class='ocrx_word' id='word_1_548' title='bbox 311 2809 438 2848; x_wconf 84' lang='lat' dir='ltr'>dinate</span> <span class='ocrx_word' id='word_1_549' title='bbox 465 2811 637 2860; x_wconf 89' lang='lat' dir='ltr'>procedit</span> <span class='ocrx_word' id='word_1_550' title='bbox 664 2823 780 2860; x_wconf 90' lang='lat' dir='ltr'>quam</span> <span class='ocrx_word' id='word_1_551' title='bbox 809 2809 978 2859; x_wconf 88' lang='lat' dir='ltr'>operatio</span> <span class='ocrx_word' id='word_1_552' title='bbox 1007 2817 1173 2846; x_wconf 88' lang='lat' dir='ltr'>naturae.</span> <span class='ocrx_word' id='word_1_553' title='bbox 1204 2809 1280 2846; x_wconf 91' lang='lat' dir='ltr'>Sed</span> <span class='ocrx_word' id='word_1_554' title='bbox 1304 2821 1369 2846; x_wconf 87' lang='lat' dir='ltr'>na-</span> 
     </span>
     <span class='ocr_line' id='line_1_80' title="bbox 311 2861 1368 2913; baseline -0.002 -13"><span class='ocrx_word' id='word_1_555' title='bbox 311 2870 394 2900; x_wconf 92' lang='lat' dir='ltr'>tura</span> <span class='ocrx_word' id='word_1_556' title='bbox 422 2875 574 2913; x_wconf 89' lang='lat' dir='ltr'>semper</span> <span class='ocrx_word' id='word_1_557' title='bbox 592 2863 740 2901; x_wconf 89' lang='lat' dir='ltr'>initium</span> <span class='ocrx_word' id='word_1_558' title='bbox 760 2863 874 2900; x_wconf 89' lang='lat' dir='ltr'>sumit</span> <span class='ocrx_word' id='word_1_559' title='bbox 892 2875 915 2899; x_wconf 86' lang='lat' dir='ltr'>a</span> <span class='ocrx_word' id='word_1_560' title='bbox 933 2862 1125 2910; x_wconf 89' lang='lat' dir='ltr'>perfectis:</span> <span class='ocrx_word' id='word_1_561' title='bbox 1153 2868 1194 2898; x_wconf 89' lang='lat' dir='ltr'>ut</span> <span class='ocrx_word' id='word_1_562' title='bbox 1212 2861 1368 2898; x_wconf 89' lang='lat' dir='ltr'>Boetius</span> 
     </span>
     <span class='ocr_line' id='line_1_81' title="bbox 312 2913 1368 2964; baseline -0.002 -12"><span class='ocrx_word' id='word_1_563' title='bbox 312 2915 411 2963; x_wconf 89' lang='lat' dir='ltr'>dicit,</span> <span class='ocrx_word' id='word_1_564' title='bbox 429 2915 468 2953; x_wconf 91' lang='lat' dir='ltr'>in</span> <span class='ocrx_word' id='word_1_565' title='bbox 481 2916 577 2954; x_wconf 92' lang='lat' dir='ltr'>libro</span> <span class='ocrx_word' id='word_1_566' title='bbox 592 2917 639 2953; x_wconf 88' lang='lat' dir='ltr'>de</span> <span class='ocrx_word' id='word_1_567' title='bbox 655 2916 802 2953; x_wconf 86' lang='lat' dir='ltr'>Consol.</span> <span class='ocrx_word' id='word_1_568' title='bbox 814 2915 834 2937; x_wconf 80' lang='grc'>*</span> <span class='ocrx_word' id='word_1_569' title='bbox 853 2917 955 2964; x_wconf 89' lang='lat' dir='ltr'>Ergo</span> <span class='ocrx_word' id='word_1_570' title='bbox 971 2915 1083 2951; x_wconf 90' lang='lat' dir='ltr'>etiam</span> <span class='ocrx_word' id='word_1_571' title='bbox 1099 2913 1248 2956; x_wconf 90' lang='lat' dir='ltr'>videtur</span> <span class='ocrx_word' id='word_1_572' title='bbox 1263 2914 1368 2963; x_wconf 90' lang='lat' dir='ltr'>quod</span> 
     </span>
     <span class='ocr_line' id='line_1_82' title="bbox 312 2967 1369 3019; baseline -0.001 -15"><span class='ocrx_word' id='word_1_573' title='bbox 312 2968 483 3018; x_wconf 85' lang='lat' dir='ltr'>operatio</span> <span class='ocrx_word' id='word_1_574' title='bbox 503 2969 642 3018; x_wconf 87' lang='lat' dir='ltr'>gratiae</span> <span class='ocrx_word' id='word_1_575' title='bbox 661 2981 684 3006; x_wconf 92' lang='lat' dir='ltr'>a</span> <span class='ocrx_word' id='word_1_576' title='bbox 701 2968 877 3019; x_wconf 89' lang='lat' dir='ltr'>perfectis</span> <span class='ocrx_word' id='word_1_577' title='bbox 905 2967 1053 3005; x_wconf 91' lang='lat' dir='ltr'>initium</span> <span class='ocrx_word' id='word_1_578' title='bbox 1082 2967 1300 3016; x_wconf 81' lang='lat' dir='ltr'>sumpserit,</span> <span class='ocrx_word' id='word_1_579' title='bbox 1321 2967 1369 3004; x_wconf 89' lang='lat' dir='ltr'>ita</span> 
     </span>
     <span class='ocr_line' id='line_1_83' title="bbox 313 3019 1368 3071; baseline -0.002 -13"><span class='ocrx_word' id='word_1_580' title='bbox 313 3020 418 3070; x_wconf 90' lang='lat' dir='ltr'>quod</span> <span class='ocrx_word' id='word_1_581' title='bbox 431 3020 483 3059; x_wconf 91' lang='lat' dir='ltr'>illi</span> <span class='ocrx_word' id='word_1_582' title='bbox 498 3021 562 3069; x_wconf 92' lang='lat' dir='ltr'>qui</span> <span class='ocrx_word' id='word_1_583' title='bbox 589 3021 713 3071; x_wconf 90' lang='lat' dir='ltr'>primo</span> <span class='ocrx_word' id='word_1_584' title='bbox 738 3027 756 3043; x_wconf 60' lang='grc' dir='ltr'><em>α</em></span> <span class='ocrx_word' id='word_1_585' title='bbox 774 3021 1008 3058; x_wconf 90' lang='lat' dir='ltr'>tradiderunt</span> <span class='ocrx_word' id='word_1_586' title='bbox 1034 3020 1152 3058; x_wconf 90' lang='lat' dir='ltr'>fidem</span> <span class='ocrx_word' id='word_1_587' title='bbox 1179 3019 1368 3068; x_wconf 79' lang='lat' dir='ltr'>perfectis-</span> 
     </span>
     <span class='ocr_line' id='line_1_84' title="bbox 313 3074 824 3122; baseline 0 -11"><span class='ocrx_word' id='word_1_588' title='bbox 313 3074 410 3112; x_wconf 91' lang='lat' dir='ltr'>sime</span> <span class='ocrx_word' id='word_1_589' title='bbox 437 3085 523 3111; x_wconf 87' lang='lat' dir='ltr'>eam</span> <span class='ocrx_word' id='word_1_590' title='bbox 552 3081 824 3122; x_wconf 89' lang='lat' dir='ltr'>cognoverunt.</span> 
     </span>
    </p>

    <p class='ocr_par' dir='ltr' id='par_1_34' title="bbox 315 3124 1368 3229">
     <span class='ocr_line' id='line_1_85' title="bbox 365 3124 1368 3175; baseline -0.003 -11"><span class='ocrx_word' id='word_1_591' title='bbox 365 3138 402 3173; x_wconf 90' lang='lat'>4.</span> <span class='ocrx_word' id='word_1_592' title='bbox 423 3127 656 3175; x_wconf 62' lang='lat' dir='ltr'>Pmmnm,</span> <span class='ocrx_word' id='word_1_593' title='bbox 677 3127 772 3164; x_wconf 90' lang='lat' dir='ltr'>sicut</span> <span class='ocrx_word' id='word_1_594' title='bbox 793 3138 862 3175; x_wconf 92' lang='lat' dir='ltr'>per</span> <span class='ocrx_word' id='word_1_595' title='bbox 880 3126 1086 3174; x_wconf 89' lang='lat' dir='ltr'>Apostolos</span> <span class='ocrx_word' id='word_1_596' title='bbox 1111 3125 1160 3162; x_wconf 90' lang='lat' dir='ltr'>ad</span> <span class='ocrx_word' id='word_1_597' title='bbox 1183 3137 1254 3162; x_wconf 93' lang='lat' dir='ltr'>nos</span> <span class='ocrx_word' id='word_1_598' title='bbox 1272 3124 1368 3163; x_wconf 90' lang='lat' dir='ltr'>fides</span> 
     </span>
     <span class='ocr_line' id='line_1_86' title="bbox 315 3177 1368 3229; baseline -0.002 -13"><span class='ocrx_word' id='word_1_599' title='bbox 315 3179 451 3216; x_wconf 85' lang='lat' dir='ltr'>Christi</span> <span class='ocrx_word' id='word_1_600' title='bbox 477 3179 662 3229; x_wconf 82' lang='lat' dir='ltr'>pervenit,</span> <span class='ocrx_word' id='word_1_601' title='bbox 689 3179 740 3216; x_wconf 88' lang='lat' dir='ltr'>ita</span> <span class='ocrx_word' id='word_1_602' title='bbox 768 3179 881 3216; x_wconf 89' lang='lat' dir='ltr'>etiarn</span> <span class='ocrx_word' id='word_1_603' title='bbox 910 3179 948 3215; x_wconf 91' lang='lat' dir='ltr'>in</span> <span class='ocrx_word' id='word_1_604' title='bbox 975 3177 1094 3215; x_wconf 87' lang='lat' dir='ltr'>veteri</span> <span class='ocrx_word' id='word_1_605' title='bbox 1120 3178 1368 3214; x_wconf 85' lang='lat' dir='ltr'>Testamento</span> 
     </span>
    </p>
   </div>
   <div class='ocr_carea' id='block_1_33' title="bbox 1392 1805 1398 2886">
    <p class='ocr_par' dir='ltr' id='par_1_35' title="bbox 1392 1805 1398 2886">
     <span class='ocr_line' id='line_1_87' title="bbox 1392 1805 1398 2886; baseline 0 0"><span class='ocrx_word' id='word_1_606' title='bbox 1392 1805 1398 2886; x_wconf 95' lang='lat' dir='ltr'> </span> 
     </span>
    </p>
   </div>
   <div class='ocr_carea' id='block_1_34' title="bbox 1394 3012 1398 3219">
    <p class='ocr_par' dir='ltr' id='par_1_36' title="bbox 1394 3012 1398 3219">
     <span class='ocr_line' id='line_1_88' title="bbox 1394 3012 1398 3219; baseline 0 0"><span class='ocrx_word' id='word_1_607' title='bbox 1394 3012 1398 3219; x_wconf 95' lang='lat' dir='ltr'> </span> 
     </span>
    </p>
   </div>
   <div class='ocr_carea' id='block_1_35' title="bbox 313 3329 1369 3468">
    <p class='ocr_par' dir='ltr' id='par_1_37' title="bbox 314 3329 1368 3399">
     <span class='ocr_line' id='line_1_89' title="bbox 368 3329 1368 3364; baseline -0.001 -8"><span class='ocrx_word' id='word_1_608' title='bbox 368 3331 394 3364; x_wconf 88' lang='grc' dir='ltr'>α)</span> <span class='ocrx_word' id='word_1_609' title='bbox 415 3330 454 3356; x_wconf 79' lang='lat' dir='ltr'>illi</span> <span class='ocrx_word' id='word_1_610' title='bbox 471 3330 517 3362; x_wconf 83' lang='lat' dir='ltr'>qui</span> <span class='ocrx_word' id='word_1_611' title='bbox 530 3330 631 3363; x_wconf 79' lang='lat' dir='ltr'>primo.</span> <span class='ocrx_word' id='word_1_612' title='bbox 647 3343 667 3348; x_wconf 99' lang='lat'>—</span> <span class='ocrx_word' id='word_1_613' title='bbox 684 3329 775 3362; x_wconf 80' lang='lat' dir='ltr'>primo</span> <span class='ocrx_word' id='word_1_614' title='bbox 794 3329 833 3354; x_wconf 82' lang='lat' dir='ltr'>illi</span> <span class='ocrx_word' id='word_1_615' title='bbox 857 3329 903 3362; x_wconf 80' lang='lat' dir='ltr'>qui</span> <span class='ocrx_word' id='word_1_616' title='bbox 920 3329 1020 3354; x_wconf 86' lang='lat' dir='ltr'>codices</span> <span class='ocrx_word' id='word_1_617' title='bbox 1040 3334 1065 3354; x_wconf 89' lang='lat' dir='ltr'>et</span> <span class='ocrx_word' id='word_1_618' title='bbox 1082 3337 1109 3355; x_wconf 87' lang='lat' dir='ltr'>a.</span> <span class='ocrx_word' id='word_1_619' title='bbox 1125 3343 1145 3349; x_wconf 88' lang='lat'><em>-</em></span> <span class='ocrx_word' id='word_1_620' title='bbox 1162 3330 1213 3354; x_wconf 86' lang='lat' dir='ltr'>Pro</span> <span class='ocrx_word' id='word_1_621' title='bbox 1239 3337 1368 3363; x_wconf 79' lang='lat' dir='ltr'>cognove-</span> 
     </span>
     <span class='ocr_line' id='line_1_90' title="bbox 314 3364 657 3399; baseline -0.006 -8"><span class='ocrx_word' id='word_1_622' title='bbox 314 3369 386 3396; x_wconf 85' lang='lat' dir='ltr'>runt,</span> <span class='ocrx_word' id='word_1_623' title='bbox 405 3365 578 3399; x_wconf 69' lang='lat' dir='ltr'>cognoverim</span> <span class='ocrx_word' id='word_1_624' title='bbox 596 3364 657 3389; x_wconf 84' lang='lat' dir='ltr'>BFI.</span> 
     </span>
    </p>

    <p class='ocr_par' dir='ltr' id='par_1_38' title="bbox 313 3399 1369 3468">
     <span class='ocr_line' id='line_1_91' title="bbox 368 3399 1369 3434; baseline -0.002 -8"><span class='ocrx_word' id='word_1_625' title='bbox 368 3400 393 3434; x_wconf 82' lang='grc' dir='ltr'>β)</span> <span class='ocrx_word' id='word_1_626' title='bbox 413 3401 535 3426; x_wconf 83' lang='lat' dir='ltr'>habent...</span> <span class='ocrx_word' id='word_1_627' title='bbox 554 3400 671 3426; x_wconf 82' lang='lat' dir='ltr'>articuli.</span> <span class='ocrx_word' id='word_1_628' title='bbox 687 3413 707 3420; x_wconf 90' lang='lat'>·-</span> <span class='ocrx_word' id='word_1_629' title='bbox 724 3399 802 3424; x_wconf 83' lang='lat' dir='ltr'>habet</span> <span class='ocrx_word' id='word_1_630' title='bbox 820 3400 943 3425; x_wconf 82' lang='lat' dir='ltr'>doctrina</span> <span class='ocrx_word' id='word_1_631' title='bbox 953 3400 1023 3432; x_wconf 78' lang='lat' dir='ltr'>fidei</span> <span class='ocrx_word' id='word_1_632' title='bbox 1040 3400 1077 3424; x_wconf 83' lang='lat' dir='ltr'>ad</span> <span class='ocrx_word' id='word_1_633' title='bbox 1089 3400 1216 3425; x_wconf 76' lang='lat' dir='ltr'>articulos</span> <span class='ocrx_word' id='word_1_634' title='bbox 1234 3400 1264 3425; x_wconf 95' lang='lat' dir='ltr'>L.</span> <span class='ocrx_word' id='word_1_635' title='bbox 1283 3414 1301 3420; x_wconf 88' lang='lat'>—</span> <span class='ocrx_word' id='word_1_636' title='bbox 1320 3400 1369 3424; x_wconf 87' lang='lat' dir='ltr'>Pro</span> 
     </span>
     <span class='ocr_line' id='line_1_92' title="bbox 313 3435 923 3468; baseline -0.003 -6"><span class='ocrx_word' id='word_1_637' title='bbox 313 3436 433 3465; x_wconf 77' lang='lat' dir='ltr'>habetur,</span> <span class='ocrx_word' id='word_1_638' title='bbox 452 3436 593 3462; x_wconf 79' lang='lat' dir='ltr'>haberetur</span> <span class='ocrx_word' id='word_1_639' title='bbox 609 3435 723 3468; x_wconf 84' lang='lat' dir='ltr'>BFpAE,</span> <span class='ocrx_word' id='word_1_640' title='bbox 742 3435 873 3460; x_wconf 76' lang='lat' dir='ltr'>habentur</span> <span class='ocrx_word' id='word_1_641' title='bbox 890 3435 923 3461; x_wconf 85' lang='lat' dir='ltr'>G.</span> 
     </span>
    </p>
   </div>
   <div class='ocr_carea' id='block_1_36' title="bbox 1395 3329 1400 3459">
    <p class='ocr_par' dir='ltr' id='par_1_39' title="bbox 1395 3329 1400 3459">
     <span class='ocr_line' id='line_1_93' title="bbox 1395 3329 1400 3459; baseline 0 597"><span class='ocrx_word' id='word_1_642' title='bbox 1395 3329 1400 3459; x_wconf 95' lang='lat' dir='ltr'> </span> 
     </span>
    </p>
   </div>
   <div class='ocr_carea' id='block_1_37' title="bbox 1415 1806 2717 3161">
    <p class='ocr_par' dir='ltr' id='par_1_40' title="bbox 1419 1806 2477 1855">
     <span class='ocr_line' id='line_1_94' title="bbox 1419 1806 2477 1855; baseline 0.001 -12"><span class='ocrx_word' id='word_1_643' title='bbox 1419 1818 1488 1855; x_wconf 92' lang='lat' dir='ltr'>per</span> <span class='ocrx_word' id='word_1_644' title='bbox 1506 1806 1653 1855; x_wconf 90' lang='lat' dir='ltr'>priores</span> <span class='ocrx_word' id='word_1_645' title='bbox 1674 1807 1804 1843; x_wconf 91' lang='lat' dir='ltr'>Patres</span> <span class='ocrx_word' id='word_1_646' title='bbox 1825 1806 1874 1843; x_wconf 92' lang='lat' dir='ltr'>ad</span> <span class='ocrx_word' id='word_1_647' title='bbox 1892 1806 2122 1854; x_wconf 89' lang='lat' dir='ltr'>posteriores</span> <span class='ocrx_word' id='word_1_648' title='bbox 2142 1807 2296 1844; x_wconf 89' lang='lat' dir='ltr'>devenit</span> <span class='ocrx_word' id='word_1_649' title='bbox 2315 1807 2477 1854; x_wconf 89' lang='lat' dir='ltr'>cognitio</span> 
     </span>
    </p>

    <p class='ocr_par' dir='ltr' id='par_1_41' title="bbox 1415 1858 2634 2014">
     <span class='ocr_line' id='line_1_95' title="bbox 1420 1858 2634 1910; baseline 0.002 -15"><span class='ocrx_word' id='word_1_650' title='bbox 1420 1858 1532 1896; x_wconf 83' lang='lat' dir='ltr'>fidei:</span> <span class='ocrx_word' id='word_1_651' title='bbox 1571 1859 1783 1896; x_wconf 90' lang='lat' dir='ltr'>secundum</span> <span class='ocrx_word' id='word_1_652' title='bbox 1817 1859 1908 1896; x_wconf 93' lang='lat' dir='ltr'>illud</span> <span class='ocrx_word' id='word_1_653' title='bbox 1934 1860 2045 1896; x_wconf 86' lang='lat' dir='ltr'>Deut.</span> <span class='ocrx_word' id='word_1_654' title='bbox 2075 1871 2171 1896; x_wconf 85' lang='lat' dir='ltr'>xxxn</span> <span class='ocrx_word' id='word_1_655' title='bbox 2198 1859 2238 1896; x_wconf 78' lang='lat' dir='ltr'>*z</span> <span class='ocrx_word' id='word_1_656' title='bbox 2276 1862 2478 1910; x_wconf 79' lang='lat' dir='ltr'>Interroga</span> <span class='ocrx_word' id='word_1_657' title='bbox 2506 1871 2598 1893; x_wconf 67' lang='lat' dir='ltr'>‘vers-</span> <span class='ocrx_word' id='word_1_658' title='bbox 2614 1879 2634 1899; x_wconf 87' lang='lat'>7·</span> 
     </span>
     <span class='ocr_line' id='line_1_96' title="bbox 1415 1912 2478 1962; baseline 0.001 -14"><span class='ocrx_word' id='word_1_659' title='bbox 1415 1917 1566 1960; x_wconf 86' lang='lat' dir='ltr'>patrem</span> <span class='ocrx_word' id='word_1_660' title='bbox 1603 1918 1708 1948; x_wconf 89' lang='lat' dir='ltr'>tuum</span> <span class='ocrx_word' id='word_1_661' title='bbox 1745 1917 1780 1948; x_wconf 92' lang='lat' dir='ltr'>et</span> <span class='ocrx_word' id='word_1_662' title='bbox 1805 1912 2040 1948; x_wconf 85' lang='lat' dir='ltr'>annuntiabit</span> <span class='ocrx_word' id='word_1_663' title='bbox 2072 1913 2147 1949; x_wconf 89' lang='lat' dir='ltr'>tibi.</span> <span class='ocrx_word' id='word_1_664' title='bbox 2196 1912 2272 1949; x_wconf 89' lang='lat' dir='ltr'>Sed</span> <span class='ocrx_word' id='word_1_665' title='bbox 2306 1914 2478 1962; x_wconf 90' lang='lat' dir='ltr'>Apostoli</span> 
     </span>
     <span class='ocr_line' id='line_1_97' title="bbox 1420 1964 2479 2014; baseline 0.001 -13"><span class='ocrx_word' id='word_1_666' title='bbox 1420 1964 1638 2014; x_wconf 90' lang='lat' dir='ltr'>plenissime</span> <span class='ocrx_word' id='word_1_667' title='bbox 1676 1965 1826 2003; x_wconf 84' lang='lat' dir='ltr'>fuerunt</span> <span class='ocrx_word' id='word_1_668' title='bbox 1857 1965 2025 2002; x_wconf 91' lang='lat' dir='ltr'>instructi</span> <span class='ocrx_word' id='word_1_669' title='bbox 2053 1964 2101 2001; x_wconf 91' lang='lat' dir='ltr'>de</span> <span class='ocrx_word' id='word_1_670' title='bbox 2128 1965 2336 2013; x_wconf 85' lang='lat' dir='ltr'>mysteriis:</span> <span class='ocrx_word' id='word_1_671' title='bbox 2375 1979 2479 2003; x_wconf 89' lang='lat' dir='ltr'>acce-</span> 
     </span>
    </p>

    <p class='ocr_par' dir='ltr' id='par_1_42' title="bbox 1420 2017 2713 2224">
     <span class='ocr_line' id='line_1_98' title="bbox 1420 2017 2479 2066; baseline 0.002 -12"><span class='ocrx_word' id='word_1_672' title='bbox 1420 2025 1557 2066; x_wconf 92' lang='lat' dir='ltr'>perunt</span> <span class='ocrx_word' id='word_1_673' title='bbox 1586 2017 1704 2064; x_wconf 82' lang='lat' dir='ltr'>enim,</span> <span class='ocrx_word' id='word_1_674' title='bbox 1733 2018 1828 2054; x_wconf 90' lang='lat' dir='ltr'>sicut</span> <span class='ocrx_word' id='word_1_675' title='bbox 1858 2023 2022 2066; x_wconf 85' lang='lat' dir='ltr'>tempore</span> <span class='ocrx_word' id='word_1_676' title='bbox 2047 2019 2173 2065; x_wconf 86' lang='lat' dir='ltr'>prius,</span> <span class='ocrx_word' id='word_1_677' title='bbox 2208 2019 2258 2055; x_wconf 89' lang='lat' dir='ltr'>ita</span> <span class='ocrx_word' id='word_1_678' title='bbox 2290 2024 2326 2055; x_wconf 89' lang='lat' dir='ltr'>et</span> <span class='ocrx_word' id='word_1_679' title='bbox 2351 2020 2479 2056; x_wconf 88' lang='lat' dir='ltr'>ceteris</span> 
     </span>
     <span class='ocr_line' id='line_1_99' title="bbox 1421 2070 2713 2125; baseline 0.001 -17"><span class='ocrx_word' id='word_1_680' title='bbox 1421 2071 1683 2115; x_wconf 79' lang='lat' dir='ltr'>abundantius,</span> <span class='ocrx_word' id='word_1_681' title='bbox 1713 2078 1754 2107; x_wconf 93' lang='lat' dir='ltr'>ut</span> <span class='ocrx_word' id='word_1_682' title='bbox 1783 2070 1870 2107; x_wconf 89' lang='lat' dir='ltr'>dicit</span> <span class='ocrx_word' id='word_1_683' title='bbox 1899 2071 2035 2107; x_wconf 86' lang='lat' dir='ltr'>Glossa</span> <span class='ocrx_word' id='word_1_684' title='bbox 2059 2070 2090 2116; x_wconf 72' lang='lat'>*,</span> <span class='ocrx_word' id='word_1_685' title='bbox 2121 2083 2235 2119; x_wconf 91' lang='lat' dir='ltr'>super</span> <span class='ocrx_word' id='word_1_686' title='bbox 2255 2071 2346 2108; x_wconf 91' lang='lat' dir='ltr'>illud</span> <span class='ocrx_word' id='word_1_687' title='bbox 2364 2073 2475 2109; x_wconf 90' lang='lat' dir='ltr'>Rom.</span> <span class='ocrx_word' id='word_1_688' title='bbox 2506 2078 2626 2125; x_wconf 52' lang='lat' dir='ltr'>glugfrlin·</span> <span class='ocrx_word' id='word_1_689' title='bbox 2646 2078 2713 2099; x_wconf 76' lang='lat' dir='ltr'>Lom-</span> 
     </span>
     <span class='ocr_line' id='line_1_100' title="bbox 1421 2111 2645 2172; baseline 0 -12"><span class='ocrx_word' id='word_1_690' title='bbox 1421 2123 1533 2169; x_wconf 74' lang='lat' dir='ltr'>vu1*,</span> <span class='ocrx_word' id='word_1_691' title='bbox 1562 2135 1629 2159; x_wconf 93' lang='lat' dir='ltr'>nos</span> <span class='ocrx_word' id='word_1_692' title='bbox 1658 2123 1728 2170; x_wconf 86' lang='lat' dir='ltr'>ipsi</span> <span class='ocrx_word' id='word_1_693' title='bbox 1752 2123 1941 2171; x_wconf 81' lang='lat' dir='ltr'>primitias</span> <span class='ocrx_word' id='word_1_694' title='bbox 1969 2123 2126 2171; x_wconf 82' lang='lat' dir='ltr'>Spiritus</span> <span class='ocrx_word' id='word_1_695' title='bbox 2153 2125 2337 2161; x_wconf 84' lang='lat' dir='ltr'>habentes.</span> <span class='ocrx_word' id='word_1_696' title='bbox 2377 2126 2478 2172; x_wconf 90' lang='lat' dir='ltr'>Ergo</span> <span class='ocrx_word' id='word_1_697' title='bbox 2506 2111 2598 2161; x_wconf 51' lang='grc' dir='ltr'>-Ἲῑεὲς,</span> <span class='ocrx_word' id='word_1_698' title='bbox 2613 2145 2645 2167; x_wconf 86' lang='lat'>23.</span> 
     </span>
     <span class='ocr_line' id='line_1_101' title="bbox 1421 2175 2479 2224; baseline 0.002 -12"><span class='ocrx_word' id='word_1_699' title='bbox 1421 2176 1573 2213; x_wconf 90' lang='lat' dir='ltr'>videtur</span> <span class='ocrx_word' id='word_1_700' title='bbox 1602 2176 1706 2224; x_wconf 91' lang='lat' dir='ltr'>quod</span> <span class='ocrx_word' id='word_1_701' title='bbox 1741 2175 1904 2223; x_wconf 90' lang='lat' dir='ltr'>cognitio</span> <span class='ocrx_word' id='word_1_702' title='bbox 1940 2176 2174 2213; x_wconf 88' lang='lat' dir='ltr'>credibilium</span> <span class='ocrx_word' id='word_1_703' title='bbox 2210 2189 2288 2213; x_wconf 93' lang='lat' dir='ltr'>non</span> <span class='ocrx_word' id='word_1_704' title='bbox 2321 2178 2479 2215; x_wconf 90' lang='lat' dir='ltr'>creverit</span> 
     </span>
    </p>

    <p class='ocr_par' dir='ltr' id='par_1_43' title="bbox 1422 2229 2058 2278">
     <span class='ocr_line' id='line_1_102' title="bbox 1422 2229 2058 2278; baseline -0.002 -12"><span class='ocrx_word' id='word_1_705' title='bbox 1422 2241 1490 2278; x_wconf 92' lang='lat' dir='ltr'>per</span> <span class='ocrx_word' id='word_1_706' title='bbox 1518 2236 1737 2277; x_wconf 90' lang='lat' dir='ltr'>temporum</span> <span class='ocrx_word' id='word_1_707' title='bbox 1766 2229 2058 2266; x_wconf 87' lang='lat' dir='ltr'>successionem.</span> 
     </span>
    </p>

    <p class='ocr_par' dir='ltr' id='par_1_44' title="bbox 1421 2281 2717 2539">
     <span class='ocr_line' id='line_1_103' title="bbox 1476 2281 2707 2335; baseline 0.002 -17"><span class='ocrx_word' id='word_1_708' title='bbox 1476 2282 1550 2318; x_wconf 80' lang='lat' dir='ltr'>SED</span> <span class='ocrx_word' id='word_1_709' title='bbox 1579 2293 1724 2319; x_wconf 81' lang='lat' dir='ltr'>CONTRA</span> <span class='ocrx_word' id='word_1_710' title='bbox 1752 2293 1817 2318; x_wconf 86' lang='lat' dir='ltr'>EST</span> <span class='ocrx_word' id='word_1_711' title='bbox 1837 2282 1940 2330; x_wconf 91' lang='lat' dir='ltr'>quod</span> <span class='ocrx_word' id='word_1_712' title='bbox 1969 2281 2173 2329; x_wconf 88' lang='lat' dir='ltr'>Gregorius</span> <span class='ocrx_word' id='word_1_713' title='bbox 2202 2281 2290 2318; x_wconf 90' lang='lat' dir='ltr'>dicit</span> <span class='ocrx_word' id='word_1_714' title='bbox 2308 2283 2344 2328; x_wconf 79' lang='lat'>*,</span> <span class='ocrx_word' id='word_1_715' title='bbox 2374 2283 2479 2331; x_wconf 92' lang='lat' dir='ltr'>quod</span> <span class='ocrx_word' id='word_1_716' title='bbox 2506 2314 2579 2335; x_wconf 54' lang='lat' dir='ltr'>Em</span> <span class='ocrx_word' id='word_1_717' title='bbox 2603 2314 2669 2335; x_wconf 51' lang='lat' dir='ltr'>alm,</span> <span class='ocrx_word' id='word_1_718' title='bbox 2686 2314 2707 2335; x_wconf 72' lang='grc' dir='ltr'><em>Π</em></span> 
     </span>
     <span class='ocr_line' id='line_1_104' title="bbox 1421 2320 2717 2388; baseline 0.001 -17"><span class='ocrx_word' id='word_1_719' title='bbox 1421 2334 1625 2371; x_wconf 81' lang='lat' dir='ltr'>secundum</span> <span class='ocrx_word' id='word_1_720' title='bbox 1663 2335 1890 2371; x_wconf 90' lang='lat' dir='ltr'>incrementa</span> <span class='ocrx_word' id='word_1_721' title='bbox 1929 2340 2136 2383; x_wconf 90' lang='lat' dir='ltr'>temporum</span> <span class='ocrx_word' id='word_1_722' title='bbox 2174 2335 2290 2371; x_wconf 79' lang='lat' dir='ltr'>crevit</span> <span class='ocrx_word' id='word_1_723' title='bbox 2327 2335 2479 2372; x_wconf 86' lang='lat' dir='ltr'>scientia</span> <span class='ocrx_word' id='word_1_724' title='bbox 2507 2320 2717 2388; x_wconf 45' lang='lat' dir='ltr'>gffmS-&#39;&#39;lxssctffij</span> 
     </span>
     <span class='ocr_line' id='line_1_105' title="bbox 1421 2382 2714 2446; baseline 0.002 -23"><span class='ocrx_word' id='word_1_725' title='bbox 1421 2393 1639 2424; x_wconf 89' lang='lat' dir='ltr'>sanctorum</span> <span class='ocrx_word' id='word_1_726' title='bbox 1667 2388 1846 2424; x_wconf 90' lang='lat' dir='ltr'>Patrum:</span> <span class='ocrx_word' id='word_1_727' title='bbox 1874 2393 1910 2424; x_wconf 92' lang='lat' dir='ltr'>et</span> <span class='ocrx_word' id='word_1_728' title='bbox 1926 2393 2066 2435; x_wconf 85' lang='lat' dir='ltr'>quanto</span> <span class='ocrx_word' id='word_1_729' title='bbox 2082 2387 2280 2424; x_wconf 77' lang='lat' dir='ltr'>viciniores</span> <span class='ocrx_word' id='word_1_730' title='bbox 2306 2389 2482 2425; x_wconf 81' lang='lat' dir='ltr'>adventui</span> <span class='ocrx_word' id='word_1_731' title='bbox 2507 2382 2714 2446; x_wconf 53' lang='lat' dir='ltr'>gffgrdgn·cgi¹3·v{³</span> 
     </span>
     <span class='ocr_line' id='line_1_106' title="bbox 1423 2426 2714 2489; baseline 0.001 -13"><span class='ocrx_word' id='word_1_732' title='bbox 1423 2440 1629 2476; x_wconf 79' lang='lat' dir='ltr'>Salvatoris</span> <span class='ocrx_word' id='word_1_733' title='bbox 1644 2441 1823 2488; x_wconf 88' lang='lat' dir='ltr'>fuerunt,</span> <span class='ocrx_word' id='word_1_734' title='bbox 1853 2446 1954 2476; x_wconf 86' lang='lat' dir='ltr'>tanto</span> <span class='ocrx_word' id='word_1_735' title='bbox 1981 2446 2218 2477; x_wconf 81' lang='lat' dir='ltr'>sacramenta</span> <span class='ocrx_word' id='word_1_736' title='bbox 2249 2440 2377 2477; x_wconf 86' lang='lat' dir='ltr'>salutis</span> <span class='ocrx_word' id='word_1_737' title='bbox 2399 2442 2479 2489; x_wconf 86' lang='lat' dir='ltr'>ple·</span> <span class='ocrx_word' id='word_1_738' title='bbox 2558 2434 2563 2439; x_wconf 51' lang='lat'>⁸</span> <span class='ocrx_word' id='word_1_739' title='bbox 2597 2436 2603 2446; x_wconf 90' lang='lat'>&#39;</span> <span class='ocrx_word' id='word_1_740' title='bbox 2645 2426 2668 2447; x_wconf 51' lang='grc' dir='ltr'>μ’</span> <span class='ocrx_word' id='word_1_741' title='bbox 2707 2434 2714 2440; x_wconf 69' lang='grc'><strong><em>’</em></strong></span> 
     </span>
     <span class='ocr_line' id='line_1_107' title="bbox 1424 2493 1791 2539; baseline 0 -11"><span class='ocrx_word' id='word_1_742' title='bbox 1424 2493 1506 2529; x_wconf 87' lang='lat' dir='ltr'>nius</span> <span class='ocrx_word' id='word_1_743' title='bbox 1529 2498 1791 2539; x_wconf 86' lang='lat' dir='ltr'>perceperunt.</span> 
     </span>
    </p>

    <p class='ocr_par' dir='ltr' id='par_1_45' title="bbox 1422 2544 2715 3161">
     <span class='ocr_line' id='line_1_108' title="bbox 1476 2544 2476 2594; baseline 0.003 -14"><span class='ocrx_word' id='word_1_744' title='bbox 1476 2545 1701 2581; x_wconf 70' lang='lat' dir='ltr'>REsponnEo</span> <span class='ocrx_word' id='word_1_745' title='bbox 1735 2555 1919 2581; x_wconf 81' lang='lat' dir='ltr'>DICENDUM</span> <span class='ocrx_word' id='word_1_746' title='bbox 1953 2545 2058 2594; x_wconf 91' lang='lat' dir='ltr'>quod</span> <span class='ocrx_word' id='word_1_747' title='bbox 2102 2544 2151 2581; x_wconf 91' lang='lat' dir='ltr'>ita</span> <span class='ocrx_word' id='word_1_748' title='bbox 2186 2557 2226 2581; x_wconf 93' lang='lat' dir='ltr'>se</span> <span class='ocrx_word' id='word_1_749' title='bbox 2261 2546 2402 2582; x_wconf 91' lang='lat' dir='ltr'>habent</span> <span class='ocrx_word' id='word_1_750' title='bbox 2438 2546 2476 2583; x_wconf 91' lang='lat' dir='ltr'>in</span> 
     </span>
     <span class='ocr_line' id='line_1_109' title="bbox 1424 2595 2618 2647; baseline 0.003 -14"><span class='ocrx_word' id='word_1_751' title='bbox 1424 2596 1595 2634; x_wconf 91' lang='lat' dir='ltr'>doctrina</span> <span class='ocrx_word' id='word_1_752' title='bbox 1631 2596 1720 2633; x_wconf 91' lang='lat' dir='ltr'>fidei</span> <span class='ocrx_word' id='word_1_753' title='bbox 1749 2596 1890 2633; x_wconf 89' lang='lat' dir='ltr'>articuli</span> <span class='ocrx_word' id='word_1_754' title='bbox 1914 2595 1928 2625; x_wconf 72' lang='grc' dir='ltr'>β</span> <span class='ocrx_word' id='word_1_755' title='bbox 1956 2597 2045 2634; x_wconf 92' lang='lat' dir='ltr'>fidei</span> <span class='ocrx_word' id='word_1_756' title='bbox 2074 2597 2168 2633; x_wconf 90' lang='lat' dir='ltr'>sicut</span> <span class='ocrx_word' id='word_1_757' title='bbox 2203 2597 2384 2646; x_wconf 90' lang='lat' dir='ltr'>principia</span> <span class='ocrx_word' id='word_1_758' title='bbox 2412 2611 2479 2647; x_wconf 92' lang='lat' dir='ltr'>per</span> <span class='ocrx_word' id='word_1_759' title='bbox 2605 2603 2618 2636; x_wconf 77' lang='grc' dir='ltr'><strong>β</strong></span> 
     </span>
     <span class='ocr_line' id='line_1_110' title="bbox 1423 2649 2477 2697; baseline 0.001 -11"><span class='ocrx_word' id='word_1_760' title='bbox 1423 2662 1463 2686; x_wconf 91' lang='lat' dir='ltr'>se</span> <span class='ocrx_word' id='word_1_761' title='bbox 1483 2657 1573 2686; x_wconf 90' lang='lat' dir='ltr'>nota</span> <span class='ocrx_word' id='word_1_762' title='bbox 1600 2649 1638 2686; x_wconf 94' lang='lat' dir='ltr'>in</span> <span class='ocrx_word' id='word_1_763' title='bbox 1658 2649 1825 2686; x_wconf 87' lang='lat' dir='ltr'>doctrina</span> <span class='ocrx_word' id='word_1_764' title='bbox 1846 2661 1943 2696; x_wconf 92' lang='lat' dir='ltr'>quae</span> <span class='ocrx_word' id='word_1_765' title='bbox 1973 2662 2041 2697; x_wconf 92' lang='lat' dir='ltr'>per</span> <span class='ocrx_word' id='word_1_766' title='bbox 2060 2649 2244 2686; x_wconf 89' lang='lat' dir='ltr'>rationem</span> <span class='ocrx_word' id='word_1_767' title='bbox 2271 2652 2477 2687; x_wconf 89' lang='lat' dir='ltr'>naturalem</span> 
     </span>
     <span class='ocr_line' id='line_1_111' title="bbox 1423 2701 2478 2750; baseline 0.001 -11"><span class='ocrx_word' id='word_1_768' title='bbox 1423 2703 1593 2739; x_wconf 86' lang='lat' dir='ltr'>habetur.</span> <span class='ocrx_word' id='word_1_769' title='bbox 1633 2703 1675 2738; x_wconf 91' lang='lat' dir='ltr'>In</span> <span class='ocrx_word' id='word_1_770' title='bbox 1695 2701 1833 2749; x_wconf 89' lang='lat' dir='ltr'>quibus</span> <span class='ocrx_word' id='word_1_771' title='bbox 1861 2701 2051 2750; x_wconf 90' lang='lat' dir='ltr'>principiis</span> <span class='ocrx_word' id='word_1_772' title='bbox 2080 2702 2175 2739; x_wconf 93' lang='lat' dir='ltr'>ordo</span> <span class='ocrx_word' id='word_1_773' title='bbox 2195 2702 2350 2750; x_wconf 90' lang='lat' dir='ltr'>quidam</span> <span class='ocrx_word' id='word_1_774' title='bbox 2374 2703 2478 2740; x_wconf 88' lang='lat' dir='ltr'>inve-</span> 
     </span>
     <span class='ocr_line' id='line_1_112' title="bbox 1423 2754 2476 2803; baseline 0.002 -12"><span class='ocrx_word' id='word_1_775' title='bbox 1423 2755 1533 2802; x_wconf 89' lang='lat' dir='ltr'>nitur,</span> <span class='ocrx_word' id='word_1_776' title='bbox 1562 2762 1604 2791; x_wconf 93' lang='lat' dir='ltr'>ut</span> <span class='ocrx_word' id='word_1_777' title='bbox 1622 2754 1812 2803; x_wconf 89' lang='lat' dir='ltr'>quaedam</span> <span class='ocrx_word' id='word_1_778' title='bbox 1841 2754 1878 2791; x_wconf 91' lang='lat' dir='ltr'>in</span> <span class='ocrx_word' id='word_1_779' title='bbox 1898 2754 1977 2790; x_wconf 90' lang='lat' dir='ltr'>aliis</span> <span class='ocrx_word' id='word_1_780' title='bbox 2001 2754 2177 2803; x_wconf 89' lang='lat' dir='ltr'>implicite</span> <span class='ocrx_word' id='word_1_781' title='bbox 2199 2755 2476 2793; x_wconf 89' lang='lat' dir='ltr'>contineantur:</span> 
     </span>
     <span class='ocr_line' id='line_1_113' title="bbox 1424 2807 2478 2855; baseline 0.002 -11"><span class='ocrx_word' id='word_1_782' title='bbox 1424 2808 1518 2845; x_wconf 92' lang='lat' dir='ltr'>sicut</span> <span class='ocrx_word' id='word_1_783' title='bbox 1542 2808 1672 2844; x_wconf 90' lang='lat' dir='ltr'>omnia</span> <span class='ocrx_word' id='word_1_784' title='bbox 1700 2807 1879 2855; x_wconf 89' lang='lat' dir='ltr'>principia</span> <span class='ocrx_word' id='word_1_785' title='bbox 1908 2808 2138 2844; x_wconf 87' lang='lat' dir='ltr'>reducuntur</span> <span class='ocrx_word' id='word_1_786' title='bbox 2155 2807 2204 2844; x_wconf 91' lang='lat' dir='ltr'>ad</span> <span class='ocrx_word' id='word_1_787' title='bbox 2223 2808 2298 2844; x_wconf 91' lang='lat' dir='ltr'>hoc</span> <span class='ocrx_word' id='word_1_788' title='bbox 2316 2809 2410 2845; x_wconf 92' lang='lat' dir='ltr'>sicut</span> <span class='ocrx_word' id='word_1_789' title='bbox 2430 2809 2478 2846; x_wconf 90' lang='lat' dir='ltr'>ad</span> 
     </span>
     <span class='ocr_line' id='line_1_114' title="bbox 1422 2859 2619 2910; baseline 0.002 -13"><span class='ocrx_word' id='word_1_790' title='bbox 1422 2860 1591 2910; x_wconf 91' lang='lat' dir='ltr'>primum</span> <span class='ocrx_word' id='word_1_791' title='bbox 1606 2865 1633 2906; x_wconf 75' lang='grc' dir='ltr'>Υ,</span> <span class='ocrx_word' id='word_1_792' title='bbox 1653 2859 1885 2908; x_wconf 84' lang='lat' dir='ltr'>Impossibile</span> <span class='ocrx_word' id='word_1_793' title='bbox 1915 2865 1968 2896; x_wconf 90' lang='lat' dir='ltr'>est</span> <span class='ocrx_word' id='word_1_794' title='bbox 1984 2860 2097 2896; x_wconf 88' lang='lat' dir='ltr'>simul</span> <span class='ocrx_word' id='word_1_795' title='bbox 2127 2861 2326 2908; x_wconf 87' lang='lat' dir='ltr'>affirmare</span> <span class='ocrx_word' id='word_1_796' title='bbox 2356 2867 2390 2897; x_wconf 90' lang='lat' dir='ltr'>et</span> <span class='ocrx_word' id='word_1_797' title='bbox 2418 2874 2479 2898; x_wconf 91' lang='lat' dir='ltr'>ne·</span> <span class='ocrx_word' id='word_1_798' title='bbox 2603 2874 2619 2899; x_wconf 79' lang='grc' dir='ltr'><strong><em>τ</em></strong></span> 
     </span>
     <span class='ocr_line' id='line_1_115' title="bbox 1422 2912 2715 2968; baseline 0.001 -18"><span class='ocrx_word' id='word_1_799' title='bbox 1422 2925 1530 2963; x_wconf 80' lang='lat' dir='ltr'>gare,</span> <span class='ocrx_word' id='word_1_800' title='bbox 1550 2920 1591 2949; x_wconf 89' lang='lat' dir='ltr'>ut</span> <span class='ocrx_word' id='word_1_801' title='bbox 1605 2920 1707 2961; x_wconf 89' lang='lat' dir='ltr'>patet</span> <span class='ocrx_word' id='word_1_802' title='bbox 1720 2925 1789 2961; x_wconf 89' lang='lat' dir='ltr'>per</span> <span class='ocrx_word' id='word_1_803' title='bbox 1803 2912 2093 2961; x_wconf 88' lang='lat' dir='ltr'>Philosophum,</span> <span class='ocrx_word' id='word_1_804' title='bbox 2105 2913 2144 2949; x_wconf 90' lang='lat' dir='ltr'>in</span> <span class='ocrx_word' id='word_1_805' title='bbox 2160 2913 2210 2949; x_wconf 92' lang='lat' dir='ltr'>IV</span> <span class='ocrx_word' id='word_1_806' title='bbox 2228 2914 2443 2962; x_wconf 86' lang='lat' dir='ltr'>Metaphys.</span> <span class='ocrx_word' id='word_1_807' title='bbox 2459 2914 2479 2936; x_wconf 74' lang='lat'>&#39;¹‘</span> <span class='ocrx_word' id='word_1_808' title='bbox 2506 2919 2715 2968; x_wconf 54' lang='lat' dir='ltr'>bidiss¹ffi‘&#39;gi&#39;&#39;</span> 
     </span>
     <span class='ocr_line' id='line_1_116' title="bbox 1424 2953 2714 3014; baseline -0.002 -11"><span class='ocrx_word' id='word_1_809' title='bbox 1424 2967 1472 3003; x_wconf 92' lang='lat' dir='ltr'>Et</span> <span class='ocrx_word' id='word_1_810' title='bbox 1491 2965 1658 3003; x_wconf 89' lang='lat' dir='ltr'>similiter</span> <span class='ocrx_word' id='word_1_811' title='bbox 1674 2977 1808 3002; x_wconf 91' lang='lat' dir='ltr'>omnes</span> <span class='ocrx_word' id='word_1_812' title='bbox 1828 2964 1970 3002; x_wconf 92' lang='lat' dir='ltr'>articuli</span> <span class='ocrx_word' id='word_1_813' title='bbox 1989 2965 2167 3014; x_wconf 90' lang='lat' dir='ltr'>implicite</span> <span class='ocrx_word' id='word_1_814' title='bbox 2185 2965 2423 3003; x_wconf 88' lang='lat' dir='ltr'>continentur</span> <span class='ocrx_word' id='word_1_815' title='bbox 2441 2967 2478 3004; x_wconf 90' lang='lat' dir='ltr'>in</span> <span class='ocrx_word' id='word_1_816' title='bbox 2506 2978 2539 2999; x_wconf 64' lang='lat'><em>¹¹¹1</em></span> <span class='ocrx_word' id='word_1_817' title='bbox 2552 2962 2576 2993; x_wconf 83' lang='lat' dir='ltr'>&#39;n-</span> <span class='ocrx_word' id='word_1_818' title='bbox 2592 2962 2614 3000; x_wconf 76' lang='lat'>9&#39;-</span> <span class='ocrx_word' id='word_1_819' title='bbox 2647 2963 2652 2973; x_wconf 77' lang='lat'>¹</span> <span class='ocrx_word' id='word_1_820' title='bbox 2691 2953 2714 2974; x_wconf 50' lang='grc' dir='ltr'><strong>μ</strong></span> 
     </span>
     <span class='ocr_line' id='line_1_117' title="bbox 1424 3017 2478 3068; baseline 0.001 -13"><span class='ocrx_word' id='word_1_821' title='bbox 1424 3019 1609 3068; x_wconf 88' lang='lat' dir='ltr'>aliquibus</span> <span class='ocrx_word' id='word_1_822' title='bbox 1637 3018 1767 3067; x_wconf 91' lang='lat' dir='ltr'>primis</span> <span class='ocrx_word' id='word_1_823' title='bbox 1796 3017 2046 3066; x_wconf 89' lang='lat' dir='ltr'>credibilibus,</span> <span class='ocrx_word' id='word_1_824' title='bbox 2075 3018 2213 3055; x_wconf 90' lang='lat' dir='ltr'>scilicet</span> <span class='ocrx_word' id='word_1_825' title='bbox 2239 3026 2280 3055; x_wconf 93' lang='lat' dir='ltr'>ut</span> <span class='ocrx_word' id='word_1_826' title='bbox 2309 3019 2478 3056; x_wconf 91' lang='lat' dir='ltr'>credatur</span> 
     </span>
     <span class='ocr_line' id='line_1_118' title="bbox 1423 3069 2616 3116; baseline 0.001 -8"><span class='ocrx_word' id='word_1_827' title='bbox 1423 3073 1528 3109; x_wconf 90' lang='lat' dir='ltr'>Deus</span> <span class='ocrx_word' id='word_1_828' title='bbox 1548 3069 1561 3093; x_wconf 71' lang='grc' dir='ltr'><strong>δ</strong></span> <span class='ocrx_word' id='word_1_829' title='bbox 1591 3083 1672 3108; x_wconf 90' lang='lat' dir='ltr'>esse</span> <span class='ocrx_word' id='word_1_830' title='bbox 1702 3078 1737 3107; x_wconf 91' lang='lat' dir='ltr'>et</span> <span class='ocrx_word' id='word_1_831' title='bbox 1760 3070 2038 3116; x_wconf 90' lang='lat' dir='ltr'>providentiam</span> <span class='ocrx_word' id='word_1_832' title='bbox 2066 3071 2208 3108; x_wconf 88' lang='lat' dir='ltr'>habere</span> <span class='ocrx_word' id='word_1_833' title='bbox 2233 3071 2330 3108; x_wconf 90' lang='lat' dir='ltr'>circa</span> <span class='ocrx_word' id='word_1_834' title='bbox 2357 3072 2479 3109; x_wconf 86' lang='lat' dir='ltr'>homi·</span> <span class='ocrx_word' id='word_1_835' title='bbox 2602 3078 2616 3102; x_wconf 76' lang='grc' dir='ltr'><strong>ὃ</strong></span> 
     </span>
     <span class='ocr_line' id='line_1_119' title="bbox 1424 3123 2635 3161; baseline 0 0"><span class='ocrx_word' id='word_1_836' title='bbox 1424 3137 1516 3161; x_wconf 90' lang='lat' dir='ltr'>num</span> <span class='ocrx_word' id='word_1_837' title='bbox 1554 3125 1735 3160; x_wconf 90' lang='lat' dir='ltr'>salutem:</span> <span class='ocrx_word' id='word_1_838' title='bbox 1774 3123 1985 3160; x_wconf 88' lang='lat' dir='ltr'>secundum</span> <span class='ocrx_word' id='word_1_839' title='bbox 2022 3124 2112 3160; x_wconf 93' lang='lat' dir='ltr'>illud</span> <span class='ocrx_word' id='word_1_840' title='bbox 2147 3124 2199 3160; x_wconf 85' lang='lat' dir='ltr'>ad</span> <span class='ocrx_word' id='word_1_841' title='bbox 2235 3125 2334 3161; x_wconf 85' lang='lat' dir='ltr'>Heb.</span> <span class='ocrx_word' id='word_1_842' title='bbox 2369 3137 2403 3161; x_wconf 82' lang='lat' dir='ltr'>xi</span> <span class='ocrx_word' id='word_1_843' title='bbox 2433 3126 2476 3161; x_wconf 78' lang='lat' dir='ltr'>*z</span> <span class='ocrx_word' id='word_1_844' title='bbox 2507 3129 2596 3151; x_wconf 68' lang='lat' dir='ltr'>&#39;Vers-</span> <span class='ocrx_word' id='word_1_845' title='bbox 2613 3130 2635 3151; x_wconf 84' lang='lat'>⁶·</span> 
     </span>
    </p>
   </div>
   <div class='ocr_carea' id='block_1_38' title="bbox 1422 3177 2477 3225">
    <p class='ocr_par' dir='ltr' id='par_1_46' title="bbox 1422 3177 2477 3225">
     <span class='ocr_line' id='line_1_120' title="bbox 1422 3177 2477 3225; baseline 0.001 -12"><span class='ocrx_word' id='word_1_846' title='bbox 1422 3178 1668 3214; x_wconf 87' lang='lat' dir='ltr'>Accedentem</span> <span class='ocrx_word' id='word_1_847' title='bbox 1705 3177 1756 3212; x_wconf 86' lang='lat' dir='ltr'>ad</span> <span class='ocrx_word' id='word_1_848' title='bbox 1780 3177 1905 3212; x_wconf 90' lang='lat' dir='ltr'>Deum</span> <span class='ocrx_word' id='word_1_849' title='bbox 1933 3182 2077 3225; x_wconf 88' lang='lat' dir='ltr'>oportet</span> <span class='ocrx_word' id='word_1_850' title='bbox 2102 3177 2253 3213; x_wconf 85' lang='lat' dir='ltr'>credere</span> <span class='ocrx_word' id='word_1_851' title='bbox 2286 3177 2373 3225; x_wconf 89' lang='lat' dir='ltr'>quia</span> <span class='ocrx_word' id='word_1_852' title='bbox 2410 3183 2477 3222; x_wconf 82' lang='lat' dir='ltr'>est,</span> 
     </span>
    </p>
   </div>
   <div class='ocr_carea' id='block_1_39' title="bbox 2507 2288 2714 2309">
    <p class='ocr_par' dir='ltr' id='par_1_47' title="bbox 2507 2288 2714 2309">
     <span class='ocr_line' id='line_1_121' title="bbox 2507 2288 2714 2309; baseline 0 0"><span class='ocrx_word' id='word_1_853' title='bbox 2507 2290 2515 2297; x_wconf 90' lang='lat'>&#39;</span> <span class='ocrx_word' id='word_1_854' title='bbox 2531 2288 2602 2309; x_wconf 84' lang='lat' dir='ltr'>Hom.</span> <span class='ocrx_word' id='word_1_855' title='bbox 2622 2288 2676 2309; x_wconf 84' lang='lat' dir='ltr'>XVI</span> <span class='ocrx_word' id='word_1_856' title='bbox 2690 2288 2714 2309; x_wconf 84' lang='lat' dir='ltr'>in</span> 
     </span>
    </p>
   </div>
   <div class='ocr_carea' id='block_1_40' title="bbox 1476 3329 2063 3397">
    <p class='ocr_par' dir='ltr' id='par_1_48' title="bbox 1476 3329 2063 3397">
     <span class='ocr_line' id='line_1_122' title="bbox 1476 3329 2063 3389; baseline -0.002 -35"><span class='ocrx_word' id='word_1_857' title='bbox 1476 3329 1502 3389; x_wconf 61' lang='grc' dir='ltr'>Ξ)</span> <span class='ocrx_word' id='word_1_858' title='bbox 1517 3330 1646 3361; x_wconf 83' lang='lat' dir='ltr'>primum.</span> <span class='ocrx_word' id='word_1_859' title='bbox 1663 3342 1682 3348; x_wconf 96' lang='lat'><em>—</em></span> <span class='ocrx_word' id='word_1_860' title='bbox 1696 3329 1859 3361; x_wconf 81' lang='lat' dir='ltr'>principium</span> <span class='ocrx_word' id='word_1_861' title='bbox 1878 3329 1975 3354; x_wconf 79' lang='lat' dir='ltr'>addunt</span> <span class='ocrx_word' id='word_1_862' title='bbox 1993 3329 2063 3354; x_wconf 86' lang='lat' dir='ltr'>GsK.</span> 
     </span>
     <span class='ocr_line' id='line_1_123' title="bbox 1492 3364 1781 3397; baseline -0.007 -7"><span class='ocrx_word' id='word_1_863' title='bbox 1492 3365 1501 3397; x_wconf 94' lang='lat'><em>)</em></span> <span class='ocrx_word' id='word_1_864' title='bbox 1522 3365 1602 3390; x_wconf 75' lang='lat' dir='ltr'>Deus.</span> <span class='ocrx_word' id='word_1_865' title='bbox 1620 3378 1639 3384; x_wconf 95' lang='lat'>-</span> <span class='ocrx_word' id='word_1_866' title='bbox 1658 3364 1743 3389; x_wconf 85' lang='lat' dir='ltr'>Deum</span> <span class='ocrx_word' id='word_1_867' title='bbox 1763 3364 1781 3388; x_wconf 90' lang='lat'>1.</span> 
     </span>
    </p>
   </div>
  </div>
 </body>
</html>
