2892 4056
194 695 281 743 2232.
257 702 295 723 ⁶³¹¹·
290 702 342 742 νζ,
313 695 404 774 {¹¹31ss

249 752 290 769 arb
354 754 405 769 om-

194 754 264 796 melnt.

190 2408 277 2434 ’Trnch
286 2407 402 2428 LXXXIII

190 2434 214 2455 in
228 2434 294 2455 Ioan.

192 2463 200 2470 ·
217 2461 282 2482 vers,
299 2466 327 2482 ιη.

341 1774 355 1789 ιι
379 1773 400 1793 ο,
428 1758 477 1794 ad
506 1771 604 1806 quae
633 1759 765 1795 omnia
794 1760 864 1796 alia
893 1760 1145 1806 reducuntur,
1182 1767 1223 1795 ut
1256 1771 1370 1814 supra
1388 1760 1408 1781 '¹‘
1426 1760 1492 1796 ha-

435 161 505 196 160

1128 163 1394 208 QUAESTIO
1424 165 1546 210 XXII,
1577 165 1873 201 ARTlCULUS
1905 167 1916 200 1

908 340 1316 417 QUAESTIO
1353 342 2138 402 VIGESIMASECUNDA

651 452 733 491 DE
766 450 1137 491 PRAECEPTIS
1170 452 1651 493 PERTINENTIBUS
1686 453 1771 492 AD
1806 453 1963 494 SPEM
1996 453 2075 494 ET
2109 454 2387 496 TIMOREM

1256 558 1290 582 IN
1319 557 1413 582 DUOS
1441 558 1642 583 ARTICULOS
1670 559 1787 584 DIVISA

516 648 622 673 EINDE
661 636 979 672 considerandum
1008 643 1063 672 est
1093 637 1138 672 de
1167 638 1379 685 praeceptis
1407 650 1490 686 per-
1517 655 1518 679 t

435 647 720 728 Dtinentibus
748 689 797 725 ad
826 700 934 736 spem
964 696 999 724 et
1027 688 1204 726 timorem
1224 689 1254 725 ²².
1517 682 1519 719 Ῑ

434 743 482 778 Et
510 742 607 778 circa
634 742 708 778 hoc
737 749 971 788 quaeruntur
999 742 1088 778 duo.

1599 638 1748 676 Primo:
1783 640 1831 677 de
1859 641 2071 689 praeceptis
2099 642 2374 699 pertinentibus
2405 644 2454 682 ad
2465 656 2604 694 spem.

1600 691 1800 728 Secundo.
1840 693 1886 730 de
1923 694 2134 742 praeceptis
2172 695 2445 742 pertinentibus
2482 697 2532 734 ad
2564 697 2606 734 ti-

1653 756 1816 782 morem.

1243 846 1560 888 ARTICULUS
1593 848 1798 891 PRIMUS

921 937 1076 968 UTRUM
1100 937 1156 967 DE
1180 937 1254 967 SPE
1278 937 1451 968 DEBEAT
1474 939 1577 969 ΒΑΝ
1600 939 1795 977 ALIQUOD
1819 940 2111 972 PRAECEPTUM

548 1042 613 1077 435(
642 1027 665 1052 Ι)
694 1027 830 1052 PRtMUM
860 1028 913 1052 stc
937 1028 1179 1053 PROCEDlTUR.
1199 1017 1359 1053 Videtur
1386 1017 1519 1065 quodi

467 1060 510 1092 ''5³''
522 1058 615 1129 2250·
643 1069 787 1105 nullum
817 1077 1064 1121 praeceptum
1098 1070 1143 1106 sit
1178 1070 1348 1107 dandum
1381 1070 1519 1118 perti-

448 1121 495 1170 ,J
532 1138 567 1168 r
582 1132 737 1159 nens
757 1121 806 1158 ad
825 1122 1003 1159 virtutem
1033 1122 1124 1171 spei.
1157 1123 1274 1169 Quod
1303 1123 1404 1159 enim
1423 1135 1492 1171 po-

448 1168 461 1180 *
487 1152 714 1211 ffflK
741 1175 973 1212 sufficienter
1008 1175 1090 1212 fieri
1126 1187 1197 1223 per
1233 1187 1374 1222 unum,
1414 1188 1493 1212 non

431 1233 582 1274 oportet
600 1229 704 1275 quod
726 1229 772 1264 ad
793 1228 831 1264 id
851 1229 1031 1276 aliquid
1051 1228 1153 1264 aliud
1173 1227 1383 1264 inducatur
1415 1229 1493 1264 Sed
1518 1235 1519 1250 ³

431 1281 479 1316 ad
495 1281 726 1328 sperandum
748 1282 893 1317 bonum
915 1281 1145 1317 sufficienter
1163 1281 1283 1316 homo
1304 1281 1494 1317 inducitur
1518 1282 1519 1286 ’

432 1344 475 1368 ex
505 1334 586 1381 ipsa
618 1334 777 1370 naturali
810 1334 1060 1370 inclinatione.
1098 1334 1201 1381 Ergo
1231 1345 1308 1370 non
1343 1330 1519 1382 oportet?

431 1387 536 1434 quod
547 1386 679 1423 adhoc
694 1386 894 1423 inducatur
908 1388 1027 1424 homo
1043 1398 1111 1435 per
1125 1386 1217 1434 legis
1231 1394 1490 1435 praeceptum.
1517 1391 1519 1440 l

485 1449 519 1475 2.
541 1440 774 1487 PRAETEREA,
796 1452 884 1477 cum
904 1447 1107 1489 praecepta
1127 1441 1263 1477 dentur
1283 1441 1329 1478 de
1349 1441 1493 1477 actibus
1517 1460 1519 1487 1

430 1490 630 1539 virtutum,
660 1493 881 1542 principalia
909 1501 1112 1542 praecepta
1141 1493 1282 1531 debent
1301 1492 1316 1523 β
1336 1494 1415 1531 dari
1446 1494 1492 1530 de
1517 1509 1519 1543 g

430 1545 576 1582 actibus
604 1547 872 1595 principalium
899 1547 1095 1584 virtutum.
1127 1547 1203 1584 Sed
1233 1548 1329 1584 inter
1357 1559 1493 1583 omnes
1517 1551 1518 1578 ἐ

428 1598 586 1636 virtutes
614 1600 900 1649 principaliores
935 1608 1021 1638 sunt
1055 1609 1129 1637 tres
1157 1600 1315 1637 virtutes
1346 1601 1492 1636 theolo-

428 1653 546 1699 gicae,
573 1653 713 1690 scilicet
740 1666 840 1702 spes,
861 1654 957 1690 fides
977 1659 992 1681 Υ
1012 1661 1049 1689 et
1077 1653 1222 1690 caritas.
1253 1654 1354 1690 Cum
1384 1654 1493 1701 igitur
1517 1676 1518 1680 =

427 1705 650 1753 principalia
669 1706 760 1753 legis
779 1714 984 1754 praecepta
999 1707 1072 1742 sint
1086 1715 1289 1755 praecepta
1309 1706 1491 1754 decalogi,

428 1811 550 1848 bitum
580 1819 654 1858 est;
683 1812 835 1849 videtur
863 1813 984 1860 quod,
1015 1813 1045 1848 si
1074 1813 1121 1849 de
1151 1825 1217 1871 spe
1248 1805 1400 1849 daretur
1428 1813 1492 1849 ali-

427 1865 533 1913 quod
562 1873 827 1924 praeceptum,
858 1866 962 1914 quod
992 1865 1148 1902 deberet
1175 1865 1270 1902 inter
1289 1874 1492 1914 praecepta

428 1918 599 1965 decalogi
619 1918 812 1955 contineri.
843 1920 934 1956 Non
955 1927 1083 1956 autem
1106 1917 1350 1956 continetur⁶
1354 1949 1362 1956 .
1389 1920 1491 1967 Ergo
1516 1955 1518 1961 Α

426 1971 578 2008 videtur
606 1972 713 2019 quod
741 1972 887 2008 nullum
916 1980 1165 2021 praeceptum
1185 1972 1222 2009 in
1244 1973 1325 2021 lege
1355 1973 1493 2010 debeat

429 2025 510 2061 dari
540 2025 586 2061 de
616 2033 702 2061 actu
732 2025 824 2073 spei.

482 2079 516 2115 3.
547 2079 780 2125 PRAETEREA,
811 2078 982 2114 eiusdem
1011 2078 1166 2115 rationis
1195 2086 1250 2115 est
1273 2079 1491 2127 praecipere
1517 2102 1519 2130 l

427 2139 553 2168 actum
583 2131 729 2167 virtutis
758 2139 793 2167 et
821 2131 1024 2179 prohibere
1053 2139 1179 2168 actum
1206 2132 1286 2169 vitii
1315 2132 1492 2181 oppositi.

429 2185 506 2221 Sed
539 2196 617 2220 non
654 2185 845 2221 invenitur
882 2185 1037 2234 aliquod
1075 2193 1320 2234 praeceptum
1360 2186 1492 2223 datum

427 2250 495 2286 per
523 2237 628 2284 quod
656 2238 901 2286 prohibeatur
934 2238 1169 2286 desperatio,
1208 2251 1306 2287 quae
1341 2247 1397 2275 est
1425 2251 1492 2287 op-

427 2291 550 2339 posita
579 2291 671 2338 spei.
702 2291 803 2338 Ergo
832 2291 984 2327 videtur
1012 2291 1117 2339 quod
1147 2303 1218 2328 nec
1248 2293 1293 2328 de
1315 2304 1381 2340 spe
1403 2304 1492 2328 con·
1517 2298 1519 2318 ἴ

427 2344 558 2381 veniat
586 2343 743 2390 aliquod
770 2352 1018 2392 praeceptum
1049 2344 1139 2380 dari.

483 2398 557 2433 SED
578 2408 726 2433 CONTRA
745 2409 810 2433 EST
839 2397 943 2445 quod
963 2397 1198 2444 Augustinus
1220 2397 1307 2434 dicit
1325 2397 1357 2444 ³³⁴,
1378 2409 1494 2445 super
1516 2437 1519 2460 Ι

429 2450 520 2486 illud
550 2451 653 2486 Ioan.
683 2461 731 2485 xv
749 2450 781 2496 ³¹²,
822 2465 840 2482 «
860 2451 947 2486 Hoc
976 2458 1030 2486 est
1058 2458 1306 2498 praeceptum
1336 2462 1490 2496 meum,

428 2511 469 2540 ut
498 2502 656 2550 diligatis
686 2503 848 2540 invicem
868 2517 906 2539 »ε
936 2504 996 2539 De
1012 2503 1096 2550 fide
1115 2504 1220 2540 nobis
1239 2514 1353 2551 quam
1373 2502 1491 2540 multa

429 2557 608 2593 mandata
635 2562 741 2599 sunt‚·
770 2568 885 2605 quam
914 2557 1030 2592 multa
1056 2557 1101 2593 de
1128 2567 1202 2605 spe.
1233 2557 1335 2604 Ergo
1357 2556 1404 2593 de
1423 2569 1491 2605 spe

430 2610 610 2647 convenit
638 2610 765 2657 aliqua
793 2617 996 2658 praecepta
1026 2609 1117 2646 dari.

483 2665 707 2700 Respowmso
727 2675 910 2700 DICENDUM
939 2663 1043 2711 quod
1072 2670 1364 2710 praeceptorum
1394 2674 1491 2710 quae

429 2717 466 2752 in
487 2729 593 2752 sacra
623 2717 814 2764 Scriptura
843 2716 1089 2752 inveniuntur
1117 2715 1308 2764 quaedam
1339 2723 1426 2751 sunt
1446 2715 1492 2751 de
1518 2720 1519 2750 l

430 2770 637 2806 substantia
657 2769 768 2816 legis;
799 2769 989 2817 quaedam
1010 2781 1103 2805 vero
1133 2776 1221 2805 sunt
1242 2768 1492 2816 praeambula

430 2823 477 2859 ad
507 2824 641 2870 legem.
685 2823 939 2859 Praeambula
974 2822 1128 2870 quidem
1162 2829 1248 2857 sunt
1284 2820 1332 2857 ad
1371 2821 1520 2868 legem³

430 2875 490 2911 illa
525 2875 661 2923 quibus
698 2888 775 2912 non
814 2875 1058 2912 existentibus
1096 2875 1153 2910 lex
1187 2875 1315 2910 locum
1352 2874 1520 2910 habere*

431 2940 508 2964 non
528 2936 663 2977 potest.
695 2928 924 2965 Huiusmodi
955 2935 1083 2964 autem
1114 2934 1201 2963 sunt
1220 2934 1424 2975 praecepta
1446 2926 1493 2963 de
1519 2934 1520 2939 ¹

432 2989 516 3017 actu
545 2981 635 3017 fidei
656 2989 692 3017 et
712 2982 758 3018 de
788 2989 873 3017 actu
903 2981 1003 3029 spei:
1035 2980 1123 3029 quia
1152 2992 1220 3028 per
1248 2987 1374 3016 actum
1403 2980 1493 3016 fidei

432 3046 541 3070 mens
561 3034 725 3070 hominis
745 3034 943 3070 inclinatur
960 3041 1001 3070 ut
1021 3040 1269 3080 recognoscat
1297 3040 1492 3069 auctorem
1519 3045 1521 3061 1

433 3087 522 3134 legis
551 3088 664 3123 talem
684 3091 696 3107 ὅ
718 3087 777 3122 cui
813 3099 852 3122 se
882 3087 1045 3123 subdere
1083 3086 1241 3130 debeat;
1279 3097 1348 3133 per
1384 3097 1491 3133 spem
1519 3085 1521 3131 ξ

431 3152 524 3176 vero
554 3139 714 3188 praemii
749 3140 867 3175 homo
898 3139 1086 3176 inducitur
1123 3139 1171 3176 ad
1209 3139 1492 3175 observantiam
1518 3150 1520 3180 3

485 3279 512 3311 α)
532 3279 611 3303 adid
623 3278 734 3310 aliquid.
752 3292 770 3296 -
787 3278 824 3302 ad
836 3278 938 3310 aliquid
951 3279 1026 3309 EFH,
1043 3279 1110 3303 illud
1124 3285 1175 3310 per
1189 3278 1292 3310 aliquid
1310 3278 1327 3309 l,
1342 3278 1379 3302 ad
1398 3278 1426 3303 id
1441 3285 1492 3310 per
1518 3279 1520 3301 l

432 3314 663 3382 ‘²¹¹q‚¹‘¹‘¹.1⁸1‚'}’„2‘¹
671 3314 884 3374 {2252215333'
881 3314 970 3372 ἐξα

485 3349 512 3418 [7³3
530 3356 596 3416 rges,
615 3385 691 3414 fides.
701 3398 721 3404 -
726 3384 796 3417 fides
814 3391 872 3416 spes
892 3385 947 3408 BH.
1517 3313 1520 3423 i

485 3419 510 3450 ὅ)
529 3420 688 3445 continetur.
704 3433 718 3438 -
735 3419 771 3444 ibi
787 3419 938 3444 continetur
957 3419 1002 3444 Pa.

486 3463 507 3487 ε)
528 3456 616 3480 taIem.
628 3469 644 3473 -
658 3455 720 3480 Om.
730 3455 794 3479 BH.
1517 3427 1520 3486 i

1543 1028 1849 1068 praeceptorum.
1879 1021 2089 1069 Praecepta
2107 1032 2201 1057 vero
2222 1020 2234 1046 t
2253 1021 2301 1057 de
2329 1023 2538 1060 substantia
2557 1024 2608 1059 le-

1518 1072 1599 1125 gis
1627 1080 1714 1109 sunt
1742 1085 1841 1121 quae
1876 1073 2023 1109 homini
2055 1073 2132 1110 iam
2161 1074 2331 1110 subiecto
2369 1083 2405 1112 et
2437 1075 2486 1112 ad
2514 1077 2608 1112 obe-

1517 1119 1729 1183 diendum
1757 1132 1890 1173 parato
1919 1125 2185 1174 imponuntur,
2219 1127 2444 1175 pertinentia
2473 1129 2520 1166 ad
2550 1141 2608 1165 re-

1517 1155 1519 1219 i
1544 1177 1764 1214 ctitudinem
1798 1177 1910 1213 vitae.
1951 1179 2000 1214 Et
2027 1178 2115 1215 ideo
2147 1179 2370 1216 huiusmodi
2403 1189 2607 1231 praecepta

1544 1230 1668 1266 statim
1696 1230 1734 1266 in
1762 1229 1844 1278 ipsa
1871 1229 2118 1277 legislatione
2146 1239 2414 1280 proponuntur
2435 1245 2504 1282 per
2522 1246 2607 1271 mo·

1544 1282 1636 1320 dum
1656 1290 1961 1331 praeceptorum.
1993 1283 2082 1332 Spei
2109 1295 2203 1320 vero
2233 1292 2270 1320 et
2288 1284 2378 1322 fidei
2405 1295 2608 1336 praecepta

1544 1347 1622 1372 non
1643 1343 1749 1372 erant
1767 1336 2022 1384 proponenda
2035 1348 2105 1385 per
2120 1337 2280 1374 modum
2294 1346 2607 1388 praeceptorum:

1545 1389 1631 1437 quia
1659 1388 1729 1425 nisi
1757 1390 1878 1426 homo
1906 1389 1983 1425 iarn
2008 1390 2179 1426 crederet
2206 1398 2242 1427 et
2270 1399 2450 1439 speraret,
2471 1393 2608 1431 frustra

1545 1442 1577 1478 ei
1607 1443 1665 1478 lex
1692 1449 1983 1490 proponeretur.
2015 1443 2092 1480 Sed
2121 1443 2216 1480 sicut
2242 1451 2490 1493 praeceptum
2516 1437 2609 1484 fiuei

1542 1495 1840 1554 proponendum
1870 1495 1938 1531 fuit
1964 1507 2034 1544 per
2051 1497 2211 1534 modum
2231 1497 2528 1536 denuntiationis
2546 1500 2609 1536 vel

1545 1548 1931 1595 commemorationis,
1943 1556 1984 1584 ut
2002 1561 2118 1597 supra
2131 1549 2151 1571 ’¹‘
2167 1549 2310 1586 dictum
2331 1559 2401 1597 est;
2421 1551 2473 1588 ita
2493 1552 2608 1591 etiam
2635 1565 2704 1593 Ὧι.
2716 1568 2845 1592 mma...

1517 1634 1518 1649 ἶ
1543 1609 1790 1649 praeceptum
1820 1601 1900 1649 spei
1929 1601 1966 1638 in
1985 1601 2108 1650 prima
2127 1602 2218 1650 legis
2232 1603 2371 1640 latione
2389 1615 2608 1653 proponen-

1545 1654 1638 1691 dum
1667 1655 1734 1690 fuit
1759 1666 1827 1702 per
1856 1654 2018 1691 modum
2047 1655 2334 1703 promissionis:
2364 1658 2427 1705 qui
2457 1663 2475 1685 η
2504 1658 2606 1696 enim

1544 1707 1814 1744 obedientibus
1842 1707 2014 1756 praemia
2040 1709 2235 1756 promittit,
2265 1720 2312 1745 ex
2337 1710 2413 1747 hoc
2439 1710 2524 1759 ipso
2547 1711 2607 1749 in-

1517 1777 1518 1782 =
1545 1760 1631 1796 citat
1662 1761 1711 1797 ad
1743 1772 1865 1808 spem.
1909 1760 2020 1797 Unde
2049 1762 2180 1798 omnia
2216 1762 2406 1810 promissa
2443 1775 2542 1812 quae
2569 1764 2608 1801 i'n

1543 1814 1624 1860 lege
1646 1813 1886 1849 continentur
1905 1821 1993 1850 sunt
2019 1815 2101 1862 spei
2130 1814 2338 1851 excitativa.

1599 1867 1673 1903 Sed
1694 1866 1794 1914 quia,
1811 1867 1892 1913 lege
1907 1866 1983 1903 iam
1999 1867 2122 1915 posita
2136 1865 2161 1914 θ,
2177 1867 2338 1916 pertinet
2352 1867 2400 1904 ad
2419 1868 2609 1916 sapientes

1542 1919 1646 1956 viros
1674 1927 1715 1955 ut
1734 1931 1812 1956 non
1841 1920 1966 1956 solum
1995 1919 2176 1958 inducant
2202 1921 2378 1958 homines
2405 1921 2455 1957 ad
2479 1921 2609 1961 obser-

1517 1996 1518 2021 3
1543 1973 1714 2009 vantiam
1734 1979 2039 2021 praeceptorum,
2061 1974 2128 2011 sed
2149 1973 2260 2011 etiam
2281 1974 2401 2011 multo
2421 1974 2540 2022 magis
2560 1975 2610 2013 ad

1517 2043 1519 2056 >
1544 2026 1855 2063 conservandum
1874 2026 1965 2073 legis
1985 2026 2300 2073 fundamentum3
2321 2027 2409 2065 ideo
2428 2035 2517 2075 post
2534 2028 2610 2076 pri-

1544 2092 1649 2116 mam
1670 2079 1762 2127 legis
1781 2079 1962 2116 lationem
1988 2078 2027 2115 in
2047 2092 2153 2116 sacra
2174 2080 2368 2128 Scriptura
2395 2081 2609 2129 multiplici-

1517 2131 1519 2138 *
1543 2141 1600 2170 ter
1620 2132 1850 2169 inducuntur
1868 2131 2044 2169 homines
2070 2134 2117 2170 ad
2141 2134 2385 2181 sperandum,
2408 2133 2521 2171 etiam
2541 2146 2610 2183 per

1517 2231 1518 2234 Ἰ
1543 2186 1706 2223 modum
1732 2185 2004 2222 admonitionis
2023 2186 2085 2222 vel
2105 2187 2308 2235 praecepti,
2331 2195 2366 2223 et
2385 2198 2464 2224 non
2484 2188 2609 2225 solum

1517 2235 1518 2279 Ῐ
1543 2251 1612 2288 per
1626 2239 1788 2275 modum
1809 2238 2085 2287 promissionis,
2106 2239 2202 2276 sicut
2220 2239 2258 2276 in
2277 2241 2374 2287 lege:
2395 2239 2491 2277 sicut
2508 2249 2611 2290 patet

1543 2292 1582 2329 in
1601 2292 1742 2328 Psalm.
1763 2291 1799 2327 *ε
1829 2293 1983 2339 Sperate
2011 2291 2048 2328 in
2069 2304 2112 2328 eo
2138 2304 2268 2329 omnes
2295 2294 2612 2342 congregationes
2638 2311 2648 2321 ·

1517 2360 1519 2376 ι
1538 2345 1688 2393 populi,
1720 2352 1756 2380 et
1783 2345 1820 2380 in
1849 2345 1977 2381 multis
2006 2344 2087 2381 aliis
2117 2345 2333 2393 scripturae
2363 2345 2467 2382 locis.

1597 2399 1656 2434 An
1685 2410 1823 2434 PRlMUM
1851 2409 1950 2435 ERGO
1978 2409 2163 2435 DICENDUM
2199 2399 2304 2446 quod
2339 2406 2474 2436 natura
2505 2399 2611 2437 suffi-

1545 2451 1688 2487 cienter
1723 2450 1877 2487 inclinat
1913 2451 1960 2488 ad
1996 2452 2229 2499 sperandum
2268 2452 2415 2488 bonum
2452 2460 2610 2490 naturae

1544 2505 1738 2541 humanae
1758 2504 2103 2552 proportionatum.
2131 2505 2207 2541 Sed
2227 2505 2275 2541 ad
2295 2505 2530 2553 sperandum
2549 2518 2610 2543 su-

1545 2557 1786 2605 pernaturale
1805 2557 1951 2594 bonurn
1982 2557 2149 2606 oportuit
2174 2558 2374 2595 hominem
2395 2558 2527 2596 induci
2545 2571 2611 2596 au-

1546 2609 1716 2647 ctoritate
1736 2609 1826 2657 legis
1847 2610 1997 2647 divinae
2011 2639 2019 2655 ,
2049 2610 2186 2658 partim
2214 2611 2371 2660 quidem
2399 2612 2610 2660 promissis,

1545 2663 1683 2711 partim
1704 2670 1832 2699 autem
1853 2663 2180 2700 admonitionibus
2198 2665 2261 2701 vel
2280 2664 2505 2713 praeceptis.
2521 2685 2546 2693 —
2562 2666 2612 2702 Et

1545 2723 1674 2752 tamen
1685 2716 1732 2751 ad
1750 2728 1795 2751 ea
1810 2715 1922 2752 etiam
1939 2716 2004 2752 ad‘
2020 2728 2119 2763 quae
2139 2717 2316 2754 naturalis
2331 2716 2427 2754 ratio
2442 2717 2609 2766 inclinat,

1518 2807 1519 2813 χ
1545 2769 1641 2805 sicut
1661 2776 1748 2804 sunt
1767 2775 1874 2804 actus
1901 2769 2084 2805 virtutum
2114 2770 2330 2815 moralium,
2350 2771 2610 2808 necessarium

1546 2821 1614 2858 fuit
1642 2828 1845 2869 praecepta
1873 2821 1964 2868 legis
1993 2821 2145 2858 divinae
2175 2823 2272 2869 dari,
2306 2830 2462 2871 propter
2490 2823 2611 2860 maio-

1547 2886 1627 2911 rem
1648 2874 1884 2918 firmitatem3
1922 2882 1957 2910 et
1984 2874 2188 2923 praecipue
2223 2875 2310 2924 quia
2343 2876 2521 2913 naturalis
2554 2889 2610 2914 ra-

1546 2928 1597 2964 tio
1618 2926 1782 2964 hominis
1811 2927 2062 2964 obtenebrata
2082 2935 2161 2965 erat
2187 2941 2257 2976 per
2285 2929 2619 2978 concupiscentias.

1519 2999 1521 3019 a
1546 2980 1702 3029 peccati.

1599 3035 1657 3069 Ao
1691 3044 1881 3070 SECUNDUM
1914 3044 2099 3070 morannum
2133 3035 2238 3081 quod
2266 3042 2470 3083 praecepta
2498 3034 2609 3072 deca-

1546 3086 1622 3133 logi
1636 3091 1652 3107 *
1667 3085 1854 3133 pertinent
1874 3085 1920 3123 ad
1941 3085 2105 3134 primam
2126 3087 2216 3134 legis
2235 3087 2430 3124 lationem.
2453 3088 2503 3125 Et
2519 3087 2608 3126 ideo

1546 3138 1642 3175 inter
1670 3146 1872 3187 praecepta
1901 3138 2071 3186 decalogi
2100 3151 2176 3176 non
2206 3140 2275 3177 fuit
2303 3140 2472 3178 dandum
2498 3153 2607 3190 prae—

1598 3277 1623 3309 ζ)
1644 3285 1715 3302 vero.
1729 3291 1747 3296 —
1762 3279 1820 3303 ideo
1839 3278 2048 3310 ABEFHKLpC,
2068 3278 2154 3311 igitur
2172 3279 2204 3303 G.

1598 3315 1625 3343 η)
1645 3313 1699 3345 qui.
1710 3326 1729 3331 —
1741 3314 1812 3344 quod
1831 3313 1895 3345 Ppu-

1598 3346 1622 3379 θ)
1638 3348 1738 3380 posita.
1752 3362 1771 3367 -
1784 3349 1908 3380 imposita
1928 3348 1956 3372 P.

1600 3383 1618 3414 ι)
1637 3383 1681 3407 ad.
1695 3396 1713 3401 -
1727 3383 1789 3408 Om.
1808 3384 1909 3408 codices
1928 3384 2041 3416 exceptis
2060 3392 2125 3415 asin
2145 3392 2192 3416 pro
2212 3384 2330 3412 inclinat,
2350 3383 2484 3416 intelligat
2502 3383 2553 3415 pG.

1599 3419 1623 3450 κ)
1644 3419 1773 3451 decalogi.
1787 3419 1886 3451 —Iegis
1906 3419 2027 3451 decalogi
2046 3419 2092 3444 Pa.

2731 1674 2747 1698 η

2679 2310 2764 2333 Mn.

2639 2342 2698 2360 vern.
2712 2343 2735 2366 9.

2791 2316 2830 2332 ιιι
2841 2327 2849 2338 ,
