2892 4056
215 1129 231 1152 a
247 1137 256 1146 ·
283 1129 376 1151 causa
399 1119 615 1151 delectationis
631 1120 658 1156 *‚
683 1130 749 1151 non
772 1127 879 1151 autem
901 1122 1069 1162 proprium
1092 1121 1263 1152 obiectum.

223 1538 226 1540 >
281 1521 318 1546 ut
339 1524 473 1554 arguens
499 1515 648 1546 intendit:
680 1515 735 1545 sed
758 1515 846 1555 prius
869 1522 980 1546 natura
1010 1515 1122 1547 saltem
1145 1523 1192 1547 est
1221 1517 1345 1547 bonum

31 1957 166 2014 {cg-phu
149 1963 253 2007 λασίῃ.

957 170 1222 216 QUAESTIO
1250 170 1371 215 XVlI,

287 245 410 276 maliter
431 245 481 276 vel
502 244 689 282 virtualiter,
713 246 792 277 idest
815 257 881 277 esse
904 247 965 277 tale
989 247 1078 288 quod
1101 254 1241 278 causaret
1264 247 1343 278 desi-

288 289 410 320 derium
426 288 450 318 si
473 288 606 318 inveniri
622 296 730 329 posset
745 290 932 321 desiderans.
950 309 970 313 -
987 294 1222 332 Argumentum
1238 298 1344 322 autem

286 333 430 374 loquitur
452 332 490 362 de
506 332 666 363 identitate
690 334 878 365 omnimoda
893 334 1023 365 obiecti:
1048 335 1123 375 quia
1146 335 1237 375 ponit
1259 334 1343 365 futu-

287 386 359 407 rum
382 386 419 406 ex
442 383 529 416 parte
545 376 658 407 obiecti
683 378 835 409 desiderii.
860 378 1017 409 Futuritio
1033 378 1119 408 enim
1140 379 1174 408 in
1189 379 1344 409 desiderio

286 420 490 451 intellectuali
505 420 660 451 redundat
683 421 716 451 in
731 422 892 452 obiectum
915 432 952 452 ex
975 422 1182 462 dispositione
1202 422 1344 459 subiecti,

287 464 339 495 cui
361 470 488 505 oportet
511 464 671 494 obiectum
702 475 768 496 non
796 466 903 496 adesse
926 465 951 495 si
975 466 1175 496 desideratur.
1200 465 1241 496 Et
1272 466 1344 497 ideo
1371 466 1372 501 1

286 508 366 538 ratio
390 507 468 538 nihil
491 508 662 539 concludit.
1371 524 1372 556 i

341 551 392 582 Ad
408 551 544 587 tertium,
559 559 688 592 negatur
700 553 837 593 sequela.
855 552 939 590 Quia
950 552 1090 583 damnati
1104 552 1220 583 habent
1232 554 1344 584 volun-

286 602 383 626 tatem
398 595 610 626 inordinatam
625 603 655 627 et
671 605 862 637 perversam:
883 602 914 626 et
927 595 999 626 ideo
1016 606 1082 626 non
1097 606 1221 627 summe
1238 597 1372 628 dolent

286 640 324 669 de
348 639 433 669 malo
451 639 571 679 culpae,
588 641 677 680 quod
693 647 739 670 est
755 646 863 671 contra
882 640 1004 670 bonum
1021 639 1188 670 divinum*
1180 651 1212 670 1n
1229 641 1343 681 seipso,

285 683 340 713 sed
360 683 398 713 de
421 683 508 713 malo
531 693 663 723 poenae,
683 684 772 724 quod
787 690 834 714 est
855 690 963 713 contra
979 683 1251 734 participationem
1266 685 1344 715 eius.

283 727 372 758 Beati
386 736 462 757 vero
480 727 597 758 habent
619 727 816 758 voluntatem
831 733 957 763 rectam,
976 734 1006 757 et
1025 727 1124 777 magis
1146 729 1285 767 gaudent
1307 729 1345 759 de
1370 747 1372 762 1

285 771 372 801 bono
397 770 528 801 divino
520 781 554 801 1n
575 771 678 812 seipso
703 780 800 812 quam
819 771 858 801 de
872 770 938 800 eius
961 770 1210 810 participatione.
1230 789 1251 795 -
1269 772 1345 802 Pro-

285 814 370 845 batio
394 822 500 846 autem
524 814 626 851 allata,
642 814 768 850 scilicet,
782 814 872 844 Deus
895 824 956 844 non
982 820 1027 844 est
1049 814 1149 845 bonus
1171 815 1269 846 beatis
1284 817 1346 846 nisi
1370 812 1371 815 ¹

285 860 411 889 ratione
426 859 567 899 praemii
596 858 681 899 quod
702 858 776 895 dat,
800 857 878 887 falsa
900 864 963 893 est,
988 865 1023 888 ut
1046 865 1131 898 patet
1155 868 1191 888 ex
1214 859 1335 889 dictis*

339 902 391 932 Ad
406 908 565 943 quartum,
579 908 711 941 negatur
724 902 813 942 quod
829 901 1035 951 operationes,
1049 912 1131 942 quae
1143 909 1217 932 sunt
1233 913 1344 933 causae
1370 921 1372 936 .

283 946 540 981 delectationum,
557 945 619 975 sint
641 954 753 975 causae
776 954 884 975 earum
909 955 974 975 non
1003 945 1063 975 nisi
1086 945 1250 976 obiective.
1280 947 1372 992 Stat

284 989 371 1020 enim
392 989 482 1030 quod
497 989 559 1020 sint
580 998 692 1019 causae
715 998 825 1019 earum
844 995 880 1020 ut
902 988 1064 1020 afferentes
1087 989 1219 1020 obiecta.
1244 990 1284 1020 Et
1303 990 1346 1021 sic

284 1041 331 1064 est
352 1033 390 1066 in
401 1032 586 1073 operatione
608 1042 672 1073 qua
695 1032 898 1073 coniungitur
921 1033 1051 1069 amicus,
1074 1034 1112 1064 de
1135 1044 1202 1084 quo
1222 1040 1268 1064 est
1291 1035 1345 1065 de-

281 1076 408 1108 lectatio
432 1076 609 1107 secundum
624 1076 776 1116 seipsum.
800 1077 892 1108 Unde
912 1076 1055 1118 operatio
1072 1077 1203 1117 ponitur
1218 1078 1346 1118 propria
1370 1074 1372 1082 ’

337 1164 388 1194 Ad
411 1163 570 1205 quintum,
587 1171 718 1204 negatur
741 1164 877 1205 sequela.
902 1165 943 1196 Et
965 1166 1004 1195 ad
1027 1165 1163 1206 primam
1186 1166 1345 1206 probatio·
1370 1182 1372 1197 ι

282 1217 357 1238 nem
380 1207 494 1239 dicitur
516 1209 605 1249 quod
628 1208 759 1239 destruit
782 1209 928 1249 seipsam.
951 1210 1035 1239 Nam
1058 1209 1083 1239 si
1107 1210 1146 1239 ad
1165 1210 1346 1241 delectatio-

281 1261 357 1282 nem
379 1252 587 1293 praeexigitur
609 1252 791 1283 consecutio
814 1253 891 1283 boni
914 1253 1048 1294 proprii,
1074 1263 1270 1294 consequens
1300 1261 1347 1285 est

273 1296 372 1337 ,quod
398 1296 482 1327 illud
509 1297 642 1327 exterius
673 1296 763 1327 cuius
791 1297 973 1328 consecutio
1007 1297 1176 1338 requiritur
1202 1305 1248 1328 est
1272 1307 1345 1338 pro-

281 1339 388 1380 prium
420 1341 559 1376 bonum,
585 1346 616 1371 et
638 1350 703 1370 non
727 1340 795 1371 sola
825 1341 1008 1372 consecutio
1031 1341 1116 1371 illius
1146 1342 1186 1372 sit
1208 1342 1341 1373 bonum.

280 1384 365 1414 Nam
379 1383 452 1414 ideo
467 1384 620 1425 consequi
635 1383 714 1414 illud
730 1385 850 1424 appetit
864 1385 939 1425 quia
954 1391 1001 1415 est
1015 1385 1182 1424 proprium
1202 1386 1341 1416 bonum:

281 1434 314 1458 et
335 1437 402 1458 non
426 1438 442 1458 e
462 1437 614 1458 converso
638 1427 711 1458 ideo
734 1434 781 1458 est
799 1428 966 1469 proprium
989 1429 1114 1459 bonum
1137 1429 1212 1469 quia
1235 1439 1343 1459 conse-

280 1471 412 1512 quimur
433 1472 522 1502 illud.
546 1471 621 1502 Non
637 1480 712 1511 ergo
735 1471 961 1502 consecutione
983 1471 1019 1502 fit
1041 1472 1165 1502 bonum
1184 1479 1342 1509 nostrum,
1371 1482 1373 1498 ι

280 1565 426 1589 nostrum
459 1558 579 1589 ratione
602 1558 651 1589 sui
681 1569 779 1599 quam
810 1559 1034 1590 consecutione
1064 1559 1225 1591 habeatur.
1249 1578 1270 1583 —
1294 1561 1345 1590 Ad

278 1602 452 1633 necandam
476 1609 599 1638 autem,
622 1603 662 1632 de
685 1603 959 1639 denominatione,
983 1610 1115 1643 negatur
1142 1604 1248 1635 minor
1270 1614 1344 1635 cum

279 1645 474 1687 praecisione
503 1646 675 1677 intellecta:
690 1646 792 1677 'aliter
815 1647 900 1677 enirn
930 1647 1008 1677 nihil
1038 1648 1207 1678 concludit.
1242 1649 1343 1688 Nega-

280 1696 333 1721 tur
354 1690 440 1721 enim
463 1691 552 1731 quod
574 1700 641 1720 esse
664 1691 787 1722 bonurn
810 1691 949 1722 hominis
976 1691 1150 1722 intrinsecis
1178 1692 1206 1722 ei
1231 1702 1344 1723 conve-

279 1733 347 1765 niat
368 1733 557 1771 formaliter,
583 1734 760 1765 extrinsecis
784 1742 891 1766 autem
924 1735 1064 1766 subiecto
1089 1737 1256 1767 conveniat
1278 1743 1344 1767 tan-

278 1784 350 1809 tum
373 1778 633 1809 denominatione
649 1779 830 1810 extrinseca.
855 1779 922 1810 Stat
944 1779 1029 1809 enirn
1053 1781 1142 1820 quod
1166 1781 1343 1811 secundum

279 1831 380 1853 unam
402 1822 558 1853 rationem
581 1822 730 1853 bonitatis
753 1823 797 1853 sic
821 1823 876 1859 sit,
899 1830 929 1854 et
952 1825 1128 1854 secundum
1148 1824 1242 1854 aliam
1266 1835 1342 1855 non.

278 1866 409 1896 Bonum
423 1866 508 1897 enim
531 1876 598 1897 non
613 1873 660 1897 est
683 1867 778 1897 unius
801 1874 925 1898 tanturn
941 1866 1070 1898 rationis
1093 1867 1245 1904 formalis,
1262 1869 1343 1899 sicut

279 1919 409 1940 sanum:
433 1911 489 1941 sed
505 1917 551 1941 est
565 1911 788 1941 transcendens
805 1921 977 1942 commune
998 1912 1149 1942 omnibus
1164 1912 1342 1952 generibus,

279 1960 317 1984 ut
338 1960 424 1994 patet
446 1954 479 1984 in
503 1955 515 1985 1
534 1955 636 1986 Ethic.
654 1955 672 1974 *
695 1955 787 1986 Unde
811 1955 882 1986 dico
913 1955 1001 1996 quod
1027 1956 1130 1992 Deus,
1152 1956 1343 1996 inquantum

278 1997 368 2034 finis,
397 2005 444 2029 est
473 1999 595 2029 bonum
626 2008 736 2030 meum
767 1999 1025 2030 denominatione
1057 2000 1240 2036 intrinseca,
1292 2000 1343 2031 uia

280 2048 327 2073 est
352 2042 474 2072 bonum
502 2052 612 2073 meum
642 2053 698 2073 sua
724 2043 890 2074 intrinseca
913 2043 1065 2080 bonitate,
1090 2053 1171 2084 quae
1201 2050 1247 2075 est
1296 2044 1343 2074 nis

277 2094 380 2122 meus,
405 2093 536 2126 propter
558 2097 656 2127 quam
683 2096 743 2126 ego
767 2096 857 2117 sum:
892 2088 947 2118 sed
976 2097 1035 2127 ego
1059 2097 1132 2118 sum
1162 2089 1266 2118 bonus
1289 2088 1343 2118 illa

278 2129 420 2160 bonitate
442 2130 547 2160 divina
570 2131 830 2161 denominatione
854 2131 1034 2162 extrinseca.
1059 2132 1100 2162 Et
1116 2141 1190 2166 cum
1205 2132 1266 2162 hoc
1283 2138 1343 2163 stat

278 2173 368 2214 quod
391 2183 451 2214 ego
467 2184 540 2204 sum
561 2175 667 2205 bonus
690 2175 831 2205 bonitate
855 2175 979 2213 morali,
999 2185 1097 2216 quarn
1113 2176 1225 2212 habeo,
1245 2177 1342 2206 deno-

278 2218 454 2248 minatione
477 2218 659 2255 intrinseca;
685 2226 716 2250 et
738 2220 835 2255 Deus,
860 2226 895 2250 ut
913 2219 1088 2250 bonificans
1112 2230 1163 2250 me
1183 2220 1235 2251 tali
1251 2221 1341 2251 boni-

278 2268 358 2299 tate,
387 2268 434 2292 est
457 2262 580 2293 bonum
603 2272 714 2293 meum
744 2263 1004 2294 denominatione
1034 2264 1213 2295 extrinseca.
1245 2264 1286 2294 Et
1308 2266 1341 2294 in

278 2311 418 2346 utroque
433 2306 580 2345 exemplo
597 2316 664 2337 non
680 2314 864 2337 numeratur
879 2307 1020 2338 formalis
1037 2308 1172 2344 bonitas,
1189 2315 1225 2339 ut
1240 2315 1339 2347 patet:

280 2349 342 2380 hoc
366 2349 451 2379 enirn
477 2359 648 2380 commune
679 2358 725 2381 est
743 2350 893 2381 omnibus
916 2351 1100 2382 nominibus
1131 2353 1169 2382 ab
1200 2362 1267 2382 uno
1290 2352 1340 2382 vel

1400 169 1694 206 ARTICULUS
1722 169 1772 205 VI
2382 169 2423 205 13
2435 181 2446 205 1

1397 247 1436 277 ad
1460 257 1563 277 unum
1586 247 1634 276 vel
1657 247 1689 276 in
1715 256 1825 278 uno.-
1839 246 1887 276 Ex
1909 246 2026 287 quibus
2051 253 2136 286 patet
2158 256 2258 277 vanus
2284 253 2314 276 et
2336 247 2455 286 pericu-

1395 291 1484 321 losus
1507 290 1596 321 istius
1620 290 1717 326 labor,
1743 297 1772 321 et
1795 290 1906 321 veritas
1930 290 2073 320 tenenda.

1449 334 1502 364 XI.
1528 335 1562 364 In
1593 335 1707 364 eodem
1731 334 1843 375 quinto
1868 333 2018 372 articulo,
2048 333 2080 363 in
2109 333 2315 373 responsione
2346 334 2384 363 ad
2408 344 2454 364 se-

1370 383 1372 392 ’
1397 379 1549 414 cundum,
1574 378 1698 408 adverte
1721 378 1809 418 quod
1833 380 1953 408 Auctor
1976 377 2102 408 duobus
2125 377 2239 413 modis,
2265 384 2296 407 et
2318 384 2455 417 utroque

1397 431 1453 462 per
1476 421 1629 457 accidens,
1654 421 1804 452 hactenus
1828 421 1903 452 dixit
1925 421 2073 452 virtutem
2097 421 2309 471 theologicam
2333 431 2400 451 esse
2423 421 2455 451 in

1398 466 1520 496 medio:
1552 465 1669 496 scilicet
1692 475 1728 495 ex
1757 473 1844 505 parte
1868 465 1985 502 nostri,
2017 472 2053 496 ut
2083 471 2168 505 patet
2197 465 2230 495 in
2259 465 2455 505 praecedenti

1398 510 1504 545 Libro,
1521 519 1575 549 qu.
1601 519 1680 544 mnv,
1698 516 1753 539 art.
1769 518 1806 548 4,
1832 516 1862 540 et
1884 516 2041 550 quantum
2063 509 2103 539 ad
2126 509 2347 539 secundarium
2370 509 2455 539 obie-

1371 557 1373 598 ξ
1399 560 1495 589 ctum,
1520 560 1556 583 ut
1579 559 1663 592 patet
1686 553 1745 583 hic.
1777 553 1817 583 Et
1839 553 1911 583 licet
1934 553 2047 583 habere
2070 553 2213 583 medium
2236 559 2393 603 quantum
2417 553 2456 582 ad

1398 596 1621 628 secundarium
1644 597 1805 627 obiectum
1833 596 1955 646 aliquid
1985 606 2021 627 ex
2049 603 2135 637 parte
2159 597 2258 627 nostri
2288 602 2455 631 connotet,

1371 652 1372 681 ξ
1398 648 1434 672 ut
1449 641 1481 671 in
1495 640 1557 671 fine
1581 640 1676 671 huius
1700 640 1915 680 responsionis
1938 640 2039 671 littera
2062 647 2218 681 quantum
2241 640 2280 670 ad
2303 650 2394 680 spem
2409 641 2456 670 in-

1371 683 1372 699 *
1398 685 1512 721 sinuat,
1529 691 1560 715 et
1575 684 1719 724 superius
1734 684 1752 703 *
1767 685 1806 714 de
1829 684 1946 714 credito
1971 684 2212 720 declaravimus;
2237 684 2262 714 si
2278 691 2383 714 tamen
2403 684 2455 714 ad·

1398 729 1550 760 vertimus
1573 729 1661 768 quod
1685 728 1807 758 oblecta
1829 728 1906 758 haec
1930 728 2113 758 secundaria
2136 728 2311 759 secundum
2327 738 2360 758 se
2383 734 2457 759 sunt

1370 773 1372 776 “
1398 773 1431 802 in
1446 773 1564 808 medio,
1581 772 1655 812 quia
1678 772 1871 802 exceduntur
1887 779 1916 802 et
1932 773 2099 808 excedunt3
2121 782 2186 802 non
2205 772 2457 802 irrationabiliter

1399 816 1540 846 dicemus
1555 816 1703 846 virtutem
1719 815 1931 855 theologicam
1956 825 2020 845 non
2040 825 2096 855 per
2112 826 2154 852 se,
2171 816 2225 846 sed
2244 825 2300 855 per
2315 815 2457 846 accidens

1370 861 1372 886 Ξ
1399 869 1465 889 esse
1489 859 1521 889 in
1544 859 1669 894 medio,
1701 859 1824 889 duabus
1847 859 1920 895 viis,
1946 859 2062 890 scilicet
2085 869 2121 889 ex
2144 866 2230 899 parte
2255 859 2401 895 subiecti,
2426 866 2457 890 et

1399 908 1435 933 ex
1461 909 1547 942 parte
1571 902 1685 932 obiecti
1708 902 1892 932 secundarii.
1913 920 1933 925 —
1953 902 2156 933 Obiectiones
2180 910 2285 933 autern
2309 903 2394 933 Scoti
2418 904 2456 933 de

1399 953 1470 977 actu
1493 946 1616 976 virtutis
1639 946 1849 985 theologicae,
1869 944 1961 986 fquod
1986 953 2031 976 est
2053 947 2086 976 in
2110 947 2215 976 medio
2240 947 2335 977 etiam
2357 947 2388 977 in
2413 954 2456 978 at-

1370 973 1549 1030 tingendo
1575 989 1735 1020 obiectum
1758 989 1958 1029 primarium,
1983 990 2014 1019 in
2038 990 2110 1021 loco
2134 990 2456 1030 praedicto*solutae

1399 1042 1481 1065 sunt.
1515 1033 1718 1065 Obiectiones
1753 1040 1859 1063 autem
1886 1034 2045 1070 Durandi,
2074 1034 2106 1064 in
2136 1044 2190 1074 qu.
2214 1035 2351 1064 secunda
2375 1045 2457 1064 xxvn

1399 1078 1469 1109 dist.
1488 1078 1528 1108 111
1550 1077 1650 1115 Sem„
1666 1077 1706 1107 ad
1729 1077 1930 1117 probandum
1946 1078 2033 1118 quod
2049 1078 2146 1108 virtus
2162 1077 2340 1118 theologica
2356 1085 2402 1108 est
2424 1078 2456 1108 in

1399 1121 1505 1152 medio
1530 1122 1670 1152 duorum
1693 1121 1853 1157 vitiorum,
1879 1131 1963 1151 nunc
1987 1121 2155 1151 solvendae
2180 1129 2357 1152 occurrunt.

1451 1166 1566 1206 Arguit
1588 1175 1663 1205 ergo
1687 1165 1775 1206 quia,
1800 1165 1881 1196 sicut
1907 1165 2065 1195 invenitur
2087 1165 2228 1195 medium
2252 1175 2325 1195 curn
2349 1175 2457 1205 super-

1399 1209 1591 1240 abundantia
1614 1216 1645 1240 et
1667 1209 1790 1239 defectu
1813 1209 1846 1239 in
1870 1209 2069 1249 passionibus
2091 1216 2242 1249 respectu·
2257 1209 2383 1249 regulae
2402 1219 2457 1239 na-

1399 1254 1521 1289 turalis,
1546 1254 1588 1284 ita
1610 1253 1768 1284 invenitur
1792 1253 1825 1283 in
1851 1253 1971 1283 actibus
2002 1253 2131 1283 rationis
2161 1260 2302 1293 respectu
2333 1253 2457 1292 regulae

1398 1297 1643 1338 supernaturalis
1660 1297 1815 1332 excedere,
1831 1296 1961 1327 deficere
1977 1304 2007 1327 et
2022 1297 2158 1338 aequari,
2176 1304 2211 1327 ut
2231 1303 2316 1337 patet
2331 1297 2363 1326 in
2379 1296 2455 1327 fide:

1399 1341 1554 1381 contingit
1572 1341 1655 1371 enim
1679 1341 1803 1371 credere
1827 1341 1899 1381 plus
1915 1351 2012 1381 quam
2035 1348 2169 1381 oportet,
2187 1347 2217 1371 et
2239 1340 2344 1371 minus
2359 1350 2457 1381 quam

1399 1392 1534 1425 oportet,
1555 1392 1586 1415 et
1603 1391 1760 1425 quantum
1783 1391 1918 1424 oportet,
1935 1385 2007 1415 licet
2023 1391 2158 1415 extrema
2177 1384 2367 1415 infidelitatis
2382 1384 2457 1414 vitia

1399 1429 1461 1460 sint
1480 1428 1687 1459 innominata.
1712 1428 1753 1458 Et
1772 1428 1815 1458 sic
1838 1439 1909 1468 spes
1932 1436 1978 1459 est
1998 1429 2101 1458 media
2124 1429 2204 1459 inter
2226 1429 2457 1468 praesumptio-

1399 1483 1473 1503 nem
1492 1479 1523 1503 et
1545 1471 1808 1512 desperationem.

1452 1517 1514 1548 Sed
1529 1516 1590 1547 hoc
1605 1515 1694 1546 facile
1711 1515 1854 1551 solvitur,
1871 1515 1896 1545 si
1912 1516 1991 1546 ratio
2012 1515 2130 1546 litterae
2151 1515 2343 1555 inspiciatur,
2361 1525 2457 1555 penes

1399 1560 1476 1601 quid
1493 1560 1670 1591 attendatur
1693 1559 1805 1589 habere
1828 1569 1885 1599 per
1901 1569 1932 1589 se
1948 1559 2103 1589 medium:
2129 1559 2246 1589 scilicet
2260 1569 2356 1598 penes
2373 1559 2457 1589 obie-

1372 1608 1373 1611 ’
1399 1611 1496 1640 ctum,
1513 1605 1555 1634 ita
1580 1605 1668 1644 quod
1693 1603 1859 1643 proprium
1883 1603 2043 1634 obiectum
2066 1603 2105 1633 sit
2127 1603 2160 1632 in
2184 1602 2291 1633 medio
2315 1613 2457 1633 excessus

1398 1649 1447 1679 vel
1471 1648 1612 1678 defectus
1635 1648 1769 1687 regulae.
1802 1647 1899 1684 Quod
1924 1654 2046 1677 constat
2068 1657 2134 1677 non
2158 1646 2271 1677 habere
2294 1647 2402 1677 locum
2425 1647 2457 1676 in

1371 1694 1373 1701 ’
1397 1693 1467 1723 Deo
1491 1692 1646 1732 glorioso,
1677 1691 1732 1732 qui
1757 1698 1803 1721 est
1825 1691 1892 1731 ipsa
1916 1692 2023 1731 regula
2053 1698 2083 1721 et
2106 1691 2267 1721 obiectum
2290 1691 2457 1731 proprium

1398 1736 1520 1768 virtutis
1544 1735 1750 1775 theologicae.
1775 1735 1866 1766 Unde
1891 1742 2113 1775 argumentum
2131 1734 2235 1765 deficit
2256 1734 2289 1764 in
2312 1734 2456 1765 similitu-

1398 1781 1480 1811 dine.
1506 1781 1591 1817 Quia
1606 1780 1639 1809 in
1655 1779 1855 1819 passionibus
1879 1779 2038 1810 invenitur
2061 1779 2204 1809 medium
2224 1788 2297 1809 cum
2313 1778 2456 1809 extremis

1399 1825 1576 1855 secundum
1607 1823 1772 1864 proprium
1803 1823 1982 1859 obiectum,
2015 1823 2057 1854 ita
2084 1823 2172 1863 quod
2202 1822 2233 1852 in
2262 1822 2387 1853 obiecto
2412 1829 2458 1852 est

1398 1868 1541 1899 medium
1556 1868 1637 1898 inter
1652 1868 1803 1898 excedens
1820 1874 1850 1897 et
1867 1866 2013 1897 deficiens
2030 1877 2047 1897 a
2061 1867 2178 1906 regula.
2198 1867 2272 1896 Non
2290 1866 2333 1896 sic
2350 1873 2457 1896 autem

1397 1919 1444 1943 est
1466 1912 1499 1942 in
1523 1911 1643 1942 actibus
1667 1911 1796 1942 rationis
1821 1917 1945 1941 nostrae
1969 1911 2156 1941 habentibus
2179 1911 2285 1940 Deum
2309 1919 2366 1950 pro
2383 1920 2456 1950 pro-

1397 1957 1468 1996 prio
1485 1956 1624 1986 obiecto:
1645 1955 1799 1995 quoniam
1815 1954 1847 1984 in
1863 1954 1907 1985 eis
1922 1955 2098 1985 secundum
2114 1954 2280 1994 proprium
2296 1953 2456 1984 obiectum

1397 2010 1464 2031 non
1477 2007 1523 2030 est
1535 2000 1678 2030 medium
1694 2006 1724 2030 et
1739 1999 1900 2035 excedens,
1917 2005 1989 2034 etc.;
2007 1998 2161 2039 quoniam
2175 1999 2282 2038 ipsum
2297 1998 2456 2028 obiectum

1397 2051 1444 2075 est
1467 2044 1534 2084 ipsa
1558 2044 1682 2083 regula,
1706 2043 1738 2073 in
1763 2053 1826 2093 qua
1849 2053 1914 2073 non
1938 2051 2011 2073 sunt
2035 2049 2180 2073 extrema.
2197 2042 2328 2079 -Quod
2350 2049 2457 2072 autem

1397 2088 1511 2119 dicitur
1534 2088 1623 2128 quod
1648 2087 1803 2127 contingit
1828 2087 1952 2117 credere
1976 2086 2048 2127 plus
2071 2096 2168 2127 quam
2199 2093 2340 2126 oportet,
2369 2086 2394 2115 si
2418 2086 2457 2116 ad

1397 2132 1558 2162 obiectum
1574 2131 1707 2162 formale
1722 2130 1795 2161 fidei
1811 2130 1970 2166 referatur,
1988 2130 2193 2160 falsissimum
2209 2137 2268 2160 est:
2290 2139 2354 2159 non
2372 2130 2456 2160 enim

1396 2183 1501 2216 potest
1524 2175 1661 2206 nimium
1677 2175 1760 2205 credi
1777 2176 1857 2206 Deo.
1882 2175 1913 2205 Si
1930 2185 2005 2205 vero
2022 2175 2060 2204 ad
2077 2174 2193 2204 credita
2216 2173 2374 2209 referatur,
2393 2173 2456 2204 iam

1396 2221 1517 2251 dictum
1549 2227 1595 2250 est
1624 2220 1713 2260 quod
1737 2226 1783 2250 est
1814 2229 1870 2259 per
1893 2219 2036 2249 accidens
2065 2225 2131 2249 tam
2159 2218 2191 2247 in
2213 2217 2275 2248 fide
2304 2227 2401 2258 quam
2424 2218 2456 2247 in

1395 2274 1461 2304 spe.
1492 2264 1533 2294 Et
1555 2270 1723 2304 propterea
1746 2263 1963 2294 innominatae
1987 2273 2052 2293 non
2076 2269 2149 2292 sunt
2172 2261 2362 2292 infidelitatis
2386 2271 2456 2301 spe—

1395 2308 1456 2339 cies
1482 2308 1542 2338 nisi
1565 2307 1791 2348 multiplicatae
1816 2318 1871 2347 per
1898 2307 2040 2337 accidens
2065 2306 2240 2336 secundum
2265 2315 2383 2336 errores
2408 2305 2454 2335 di-

1393 2362 1514 2388 versos,
1540 2362 1619 2392 quas
1643 2352 1787 2392 superius
1803 2351 1820 2370 *
1835 2351 1955 2382 dictum
1979 2358 2025 2381 est
2048 2360 2114 2380 esse
2133 2349 2277 2380 infinitas.

1090 2507 1405 2549 ARTICULUS
1434 2507 1642 2548 SEXTUS

558 2599 714 2630 UTRUM
737 2599 835 2630 SPES
858 2599 924 2629 Str
949 2599 1105 2630 V1RTus
1128 2599 1360 2630 DlSTlNCTA
1383 2599 1438 2630 AB
1462 2599 1571 2630 ALus
1595 2598 1855 2630 vtRTUTfflUS
1878 2598 2174 2630 THEOLoolcts

793 2685 824 2709 111
844 2685 926 2715 Sem„
946 2686 1004 2710 dist.
1022 2693 1088 2715 xxm,
1107 2693 1151 2717 qu.
1169 2693 1197 2717 11,
1216 2691 1264 2711 art.
1284 2685 1308 2715 3,
1327 2685 1377 2718 qu'·
1399 2693 1407 2709 1
1418 2693 1425 2715 ;
1446 2686 1487 2710 De
1507 2685 1618 2715 Vir-rut„
1638 2693 1684 2717 qu.
1701 2692 1736 2715 xv,
1755 2690 1802 2709 art.
1822 2684 1846 2714 3,
1865 2685 1896 2709 ad
1915 2692 1940 2717 9.

369 2783 382 2807 εν
419 2787 472 2828 Ἢ(
493 2777 516 2802 n
544 2776 686 2802 SEXTUM
705 2777 758 2802 stc
787 2777 1027 2802 PRocanrruR.
1050 2765 1208 2802 Videtur
1237 2766 1341 2813 quod

335 2827 339 2835 ’
422 2817 472 2877 ξ’ῐὶο
494 2829 581 2866 spes
595 2830 673 2855 non
693 2817 738 2854 sit
750 2818 869 2856 virtus
884 2818 1055 2856 distincta
1074 2819 1121 2854 ab
1137 2817 1216 2855 aliis
1236 2819 1341 2855 theo-

321 2909 323 2915 ,
434 2857 465 2911 ‘f
480 2869 666 2918 logicis.
639 2876 656 2892 α
689 2871 850 2908 Habitus
870 2871 971 2909 enirn
991 2870 1267 2918 distinguuntur
1285 2884 1342 2908 se-

319 2924 322 2929 '
342 2917 425 2959 s'ss'l'e
455 2917 663 2961 &cundum
683 2924 842 2970 obiecta,
861 2931 903 2961 ut
922 2936 1036 2972 supra
1053 2923 1074 2945 ’¹‘
1102 2924 1244 2961 dictum
1274 2932 1339 2961 est.

282 2974 359 3011 Sed
388 2974 490 3012 idem
519 2982 574 3012 est
602 2976 793 3014 obiectum
813 2977 894 3026 spei
922 2984 959 3014 et
985 2976 1142 3013 aliarum
1160 2977 1339 3014 virtutum

279 3027 590 3075 theologicarum.
613 3029 714 3077 Ergo
734 3042 821 3078 spes
840 3042 919 3066 non
939 3029 1175 3076 distinguitur
1193 3030 1241 3066 ab
1261 3029 1340 3066 aliis

280 3079 481 3117 virtutibus
509 3081 741 3129 theologicis.

337 3145 371 3170 2.
402 3134 643 3180 PRAETEREA‚
678 3134 715 3171 in
752 3135 928 3182 symbolo
965 3134 1074 3176 fidei,
1109 3134 1146 3171 in
1182 3146 1258 3182 quo
1295 3134 1339 3171 fi-

282 3186 369 3223 dem
397 3186 634 3235 profitemur,
655 3186 809 3224 dicitur:
838 3188 1005 3236 Expecto
1030 3187 1339 3224 resurrectionem

281 3243 516 3276 mortuorum
554 3245 590 3276 et
613 3239 729 3276 vitam
744 3240 877 3288 futuri
898 3238 912 3269 β
939 3240 1088 3276 saeculi.
1120 3239 1211 3276 Sed'
1230 3251 1339 3289 expe-

301 3459 306 3465 ·
334 3424 542 3465 a)·theologicis.
559 3437 578 3443 —
595 3424 738 3449 virtutibus
761 3423 915 3457 theologicis
937 3423 1042 3449 PGLsA
1067 3429 1092 3449 et
1116 3431 1166 3453 Ra,
1185 3424 1338 3458 theologicis
1364 3424 1366 3474 1

279 3460 421 3485 vireunbus
440 3459 494 3490 DK,
513 3467 566 3484 om.
585 3459 632 3492 pC.
1365 3475 1367 3488 ι

1397 2765 1507 2802 ctatio
1536 2765 1682 2802 futurae
1711 2764 1950 2802 beatitudinis
1983 2764 2145 2813 pertinet
2173 2765 2220 2802 ad
2253 2777 2383 2813 spem,
2412 2774 2454 2802 ut

1396 2830 1510 2867 supra
1528 2817 1548 2839 ’¹²
1576 2818 1718 2855 dictum
1742 2825 1807 2854 est.
1838 2818 1938 2865 Ergo
1967 2830 2054 2866 spes
2074 2829 2095 2854 a
2123 2817 2200 2855 fide
2219 2830 2298 2855 non
2326 2818 2452 2855 distin-

1395 2871 1528 2919 guitur.

1451 2925 1484 2960 3.
1509 2924 1741 2969 PRAETEREA,
1760 2935 1830 2971 per
1849 2935 1957 2971 spem
1977 2923 2094 2960 homo
2118 2922 2237 2960 tendit
2255 2923 2293 2960 in
2312 2924 2450 2960 Deum.

1396 2976 1473 3013 Sed
1493 2977 1567 3013 hoc
1585 2976 1737 3024 proprie
1756 2975 1918 3024 pertinet
1936 2975 1985 3012 ad
2009 2975 2213 3012 caritatem.
2244 2976 2346 3023 Ergo
2367 2988 2452 3025 spes

1394 3042 1416 3066 a
1446 3029 1611 3066 caritate'
1627 3041 1703 3066 non
1733 3028 1978 3076 distinguitur.

1449 3083 1522 3119 SED
1560 3093 1725 3128 CONTRA,
1755 3081 1820 3118 ubi
1856 3093 1935 3118 non
1969 3089 2024 3118 est
2062 3081 2247 3118 distinctio
2286 3081 2336 3118 ibi
2374 3094 2451 3118 non

1394 3142 1450 3171 est
1478 3146 1671 3172 numerus.
1693 3135 1770 3172 Sed
1798 3146 1884 3183 spes
1909 3141 2205 3171 connumeratur
2229 3133 2309 3170 aliis
2336 3134 2451 3171 virtu-

1393 3186 1493 3225 tibus
1521 3187 1762 3235 theologicis:
1792 3186 1880 3224 dicit
1903 3187 2005 3224 enirn
2025 3187 2242 3234 Gregorius,
2268 3187 2305 3224 in
2326 3188 2338 3222 I
2363 3187 2451 3223 Mo-

1394 3240 1464 3277 ral.
1486 3240 1518 3285 *,
1549 3253 1631 3276 esse
1660 3249 1734 3276 tres
1759 3239 1929 3287 virtutes,
1959 3239 2090 3286 fidem,
2119 3252 2225 3288 spem
2257 3247 2292 3276 et
2321 3239 2450 3276 carita-

1446 3423 1471 3456 β)
1483 3424 1584 3457 futuri.
1602 3438 1620 3443 —
1639 3424 1744 3448 venturi
1762 3424 1832 3448 PGa.

2486 688 2556 715 ’.Ωιι
2579 692 2692 715 1,art.1,

2484 705 2615 736 comment.
2625 721 2647 736 n.
2655 721 2678 736 x.

2485 996 2522 1017 *1⁸²
2527 995 2580 1020 11⁸²,
2587 1001 2625 1023 qu.
2631 1001 2694 1022 niv,

2483 1025 2524 1043 art.
2530 1029 2553 1048 4,
2559 1021 2692 1043 Comment-

2484 1055 2547 1070 num·
2562 1054 2597 1073 nt,
2612 1054 2644 1070 lv.

2483 2835 2491 2843 ·
2506 2834 2557 2855 Art.
2572 2840 2592 2855 2.

2481 3181 2487 3186 '
2511 3181 2567 3208 Cap.
2588 3188 2637 3203 xvt.
2657 3182 2686 3202 al.

2478 3213 2559 3231 xxxin:
2565 3214 2615 3238 cap.
2618 3214 2687 3233 xxvn,

2478 3234 2506 3254 al.
2531 3240 2571 3260 xn
2596 3235 2618 3255 in
2643 3238 2686 3255 vet.

2479 3266 2559 3282 xxvm.
