2892 4056
942 175 1209 221 QUAESTIO
1238 175 1417 222 XXXIII,
1446 175 1742 212 ARTICULUS
1769 175 1857 212 VIII

309 263 445 294 sequens
467 258 515 282 est
536 257 576 282 ut‘
594 252 680 283 nulla
695 253 851 283 Ecclesiae
874 254 923 283 lex
936 253 1128 293 intelligatur
1149 254 1298 284 mandare
1314 263 1372 293 op-

308 297 462 338 positum.
487 296 642 334 Quamvis
666 296 751 326 enim
770 297 977 328 ecclesiastica
999 297 1049 327 lex
1072 297 1192 338 aliquid
1208 297 1374 337 prohibeat

309 339 426 372 clericis
449 339 539 380 quod
562 339 636 369 alias
659 339 742 370 licite
761 339 827 371 fieri
851 348 967 381 posset,
984 351 1151 381 nunquam
1174 348 1280 372 tamen
1299 351 1372 381 pro-

308 384 395 414 hibet
418 383 546 419 eisdem,
572 389 627 413 aut
649 383 726 419 aliis,
751 384 790 414 ad
814 385 903 425 quod
935 384 1010 414 alias
1034 391 1190 415 tenentur.
1215 384 1308 415 Unde
1331 391 1371 420 et,

307 427 341 458 in
363 427 540 468 preposite,
565 427 721 457 Ecclesiae
745 428 889 467 praelatis
912 427 1100 458 habentibus
1123 427 1372 458 iurisdictionem

307 471 527 511 temporalem,
543 471 619 511 quia
635 477 781 501 tenentur
803 472 843 501 ad
866 471 1019 502 iustitiam
1033 471 1255 502 vindicativam
1279 472 1373 502 etiam

307 515 340 545 in
364 525 456 545 causa
481 514 658 554 sanguinis,
685 515 773 545 nulla
795 515 1004 554 irregularitas
1026 514 1173 545 imminet
1195 515 1237 551 si,
1262 522 1371 546 exorto

307 558 493 594 homicidio,
518 558 696 589 committat
718 558 814 589 iudici
838 561 898 588 suo
921 565 966 594 ut,
990 559 1118 588 veritate
1134 566 1305 598 comperta,
1325 559 1371 589 iu-

307 600 424 634 stitiam
443 601 549 632 faciat:
574 609 609 633 ut
625 609 710 642 patet
725 602 843 639 Extra,
860 601 892 631 in
908 611 976 642 cap.
992 602 1178 641 Episcopus,
1199 602 1250 633 Ne
1264 603 1372 634 clerici

307 647 358 677 vel
380 646 529 676 monachi
550 655 585 676 se
608 647 807 676 immisceant
829 652 888 676 etc.

362 689 397 719 In
420 689 588 730 proposito
612 699 698 729 ergo,
715 699 790 719 cum
813 698 903 719 casus
923 687 1036 718 accidit
1053 698 1119 729 quo
1144 689 1289 719 sacerdos
1305 699 1371 719 non

306 733 412 773 potest
428 733 517 764 aliter
532 742 713 764 succurrere
728 732 870 772 periculo
880 731 1017 771 proximi
1033 732 1092 762 nisi
1104 733 1272 762 revelando
1284 742 1372 772 prae-

305 777 507 817 parationem
530 784 560 808 et
582 782 839 817 praeparantem,
874 785 940 805 non
968 775 1060 806 debet
1083 775 1194 813 dicere,
1227 776 1372 816 Capiatis

305 822 415 860 talem,
439 828 514 858 etc„
538 821 604 857 sed,
631 819 781 851 Caveatis
801 829 823 850 a
846 819 904 849 tali
910 826 923 856 ;
946 825 977 849 et
995 819 1176 858 praemittat
1193 829 1369 860 expressam

305 865 567 905 protestationem
589 863 679 904 quod
698 863 805 894 solum
824 862 980 893 cautelam
999 862 1136 902 proximi
1159 863 1295 894 intendit
1302 872 1310 899 ;
1335 870 1371 894 ut

305 909 484 940 conformet
499 918 532 939 se
555 907 680 939 canoni.
697 906 721 936 si
745 905 842 937 iudici
864 905 991 936 revelat.
1008 906 1224 946 Advertatque
1240 906 1371 946 diligen-

304 959 352 983 ter
373 959 404 983 et
426 952 581 982 discernat
602 950 820 981 necessitatem
843 949 1003 979 revelandi
1026 956 1209 989 personam.
1237 950 1321 980 Nam
1345 951 1372 980 si

304 997 344 1027 ad
367 996 552 1027 evitandum
583 993 763 1034 periculum
786 992 900 1024 sufficit
921 993 1058 1023 revelare
1083 993 1370 1032 praeparationem,

303 1040 359 1071 sed
375 1039 528 1080 princeps
545 1038 757 1078 postmodum
770 1037 840 1068 vult
855 1044 1041 1077 extorquere
1057 1036 1284 1067 revelationem
1302 1047 1371 1077 per-

303 1093 410 1125 sonae,
421 1093 489 1113 non
500 1083 593 1113 debet
604 1081 735 1112 clericus
746 1091 917 1121 personam
932 1080 1149 1111 manifestare:
1170 1088 1268 1113 cessat
1284 1082 1370 1112 enim

302 1123 378 1159 tunc
401 1126 482 1157 ratio
505 1125 665 1156 revelandi
689 1135 772 1166 quae
794 1125 903 1165 ipsum
927 1124 1098 1164 obligabat.

357 1170 398 1200 Et
420 1180 476 1209 per
497 1170 576 1201 haec
598 1176 686 1211 patet
713 1169 832 1201 solutio
863 1169 1073 1199 obiectorum.
1105 1168 1256 1200 Canones
1284 1169 1370 1200 enim

301 1214 506 1255 prohibentes
529 1214 735 1255 agitationem
760 1223 872 1244 causae
896 1212 1057 1252 sanguinis
1081 1222 1098 1242 a
1122 1213 1242 1244 clericis
1263 1213 1373 1253 prohi-

301 1259 377 1290 bent
392 1265 479 1288 actus
495 1258 535 1288 ad
549 1268 632 1299 quos
648 1268 713 1289 non
728 1264 876 1288 tenentur
891 1256 1077 1297 simpliciter
1097 1263 1152 1287 aut
1164 1267 1220 1296 per
1237 1258 1369 1298 seipsos,

302 1309 332 1333 et
355 1312 427 1337 non
445 1312 501 1333 eos
520 1303 564 1332 ad
586 1312 669 1343 quos
693 1309 850 1333 tenentur.
871 1319 892 1324 -
908 1302 950 1332 Et
972 1300 1180 1332 confirmatur
1194 1300 1256 1331 hoc
1280 1311 1317 1332 ex
1331 1311 1370 1332 eo

268 1349 278 1352 ⁴
301 1346 391 1388 quod
422 1346 530 1377 nullus
553 1353 670 1383 status,
695 1345 823 1377 nullum
845 1351 976 1380 votum,
1007 1344 1134 1375 nullum
1163 1352 1370 1385 praeceptum

301 1397 428 1421 excusat
450 1390 617 1421 hominem
640 1396 807 1430 potentem
830 1389 998 1420 subvenire
1021 1399 1040 1418 a
1062 1388 1273 1420 subventione
1298 1399 1371 1430 pro-

299 1434 378 1466 ximi
391 1434 425 1464 in
448 1444 522 1465 casu
538 1441 695 1465 extremae
718 1433 926 1469 necessitatis;
951 1439 1006 1463 aut
1021 1431 1194 1462 inhabilem
1213 1433 1316 1463 reddit
1331 1434 1371 1463 ad

300 1478 488 1511 huiusmodi
506 1478 752 1509 subventionem
766 1478 800 1508 in
819 1487 893 1508 casu
913 1483 1069 1507 extremae
1081 1476 1292 1506 necessitatis:
1310 1477 1370 1507 nisi

300 1528 400 1557 stema
421 1521 624 1563 perfectionis
647 1521 767 1552 caritati
791 1520 967 1552 contrarius
989 1519 1186 1556 inveniatur,
1211 1520 1301 1560 quod
1323 1527 1371 1551 est

298 1566 506 1607 impossibile.
531 1565 667 1597 Constat
681 1571 791 1596 autem
813 1564 846 1596 in
862 1564 1032 1604 proposito
1055 1574 1166 1594 casum
1181 1574 1250 1595 esse
1273 1571 1370 1595 extre-

298 1619 371 1643 mae
393 1609 596 1647 necessitatis,
611 1609 743 1650 quando
758 1608 846 1640 aliud
869 1618 936 1639 non
959 1614 1006 1639 est
1029 1608 1219 1645 remedium,
1241 1608 1282 1638 ad
1305 1608 1369 1639 evi-

297 1654 430 1698 tandam
450 1660 589 1685 mortem
611 1653 761 1690 alicuius,
786 1652 848 1683 nisi
869 1652 1020 1683 revelatio
1050 1661 1206 1692 personae
1227 1651 1283 1682 fiat
1305 1652 1370 1689 tali,

399 1698 511 1729 iudici.

306 1765 309 1767 >
351 1742 404 1774 111.
427 1742 463 1773 In
486 1742 696 1782 responsione
726 1742 766 1772 ad
793 1740 938 1777 tertium,
969 1740 1106 1771 dubium
1138 1750 1176 1771 ex
1202 1740 1369 1777 Durando,

299 1786 463 1827 ambiguo,
486 1786 520 1816 in
543 1796 599 1826 qu.
623 1795 646 1826 4
668 1785 739 1817 dist.
763 1795 815 1816 xix
837 1784 908 1816 libri
931 1785 1055 1822 Quarti,
1087 1784 1238 1821 occurrit,
1263 1794 1303 1815 an
1323 1795 1370 1815 se-

299 1836 383 1863 creta
405 1829 543 1872 monitio
565 1830 752 1870 praecedere
775 1829 888 1860 debeat
909 1829 1154 1860 accusationem.
1179 1829 1220 1860 Et
1239 1828 1307 1859 sine
1323 1839 1370 1863 ar—

299 1874 470 1914 gumentis,
490 1873 571 1904 scito
587 1874 676 1914 quod
700 1873 860 1905 accusatio
884 1873 1053 1913 dupliciter
1067 1882 1231 1904 occurrere
1246 1878 1368 1913 potest:

299 1917 416 1958 ptimo,
440 1924 477 1949 ut
490 1917 592 1954 licita;
617 1918 770 1954 secundo,
785 1924 822 1948 ut
837 1917 952 1948 debita.
977 1917 1018 1948 Et
1033 1917 1164 1958 quando
1185 1916 1277 1947 alicui
1297 1916 1371 1947 licet

272 1974 275 1977 ’
299 1971 456 1998 accusare,
473 1961 500 1992 si
515 1968 621 2002 sperat
640 1972 698 2002 ,per
712 1968 864 1992 secretam
879 1961 1094 1992 monitionem
1110 1960 1369 1992 emendationem

298 2006 493 2046 peecatoris;
509 2015 568 2036 nec
582 2006 729 2037 imminet
743 2015 780 2036 ex
796 2005 947 2036 dilatione
966 2005 1143 2046 punitionis
1158 2004 1245 2036 illius
1260 2004 1371 2044 poeni-

2411 186 2481 222 271

1426 253 1519 284 tentis
1539 253 1693 283 damnum
1717 252 1896 283 communis
1920 251 2013 287 boni;
2037 258 2112 287 tunc
2127 251 2160 281 in
2180 250 2251 281 foro
2275 250 2486 289 poenitentiae

1426 303 1550 327 tenetur
1571 296 1770 337 praemittere
1793 295 2020 327 correctionem
2042 302 2205 325 secretam:
2229 294 2304 334 quia
2318 301 2348 324 et
2363 295 2487 324 bonum

1426 350 1599 370 commune
1611 347 1641 370 et
1653 341 1776 370 bonum
1792 339 1895 370 famae
1914 338 2051 379 proximi
2067 337 2179 368 salvari
2194 344 2299 377 potest
2316 344 2391 368 tunc
2413 348 2487 368 cum

1426 394 1481 424 spe
1497 384 1606 414 salutis
1623 384 1769 423 proximi.
1787 383 1848 414 Sed
1863 383 1992 424 quando
2009 382 2123 423 aliquis
2139 388 2262 412 tenetur
2281 381 2319 411 ad
2339 390 2486 411 accusan-

1426 428 1515 464 dum,
1533 428 1622 468 quod
1638 434 1714 458 tunc
1726 427 1832 457 solum
1846 434 1902 463 est,
1919 433 1956 457 ut
1970 425 2100 456 inferius
2110 425 2128 444 *
2139 425 2267 465 patebit,
2283 425 2413 465 quando
2430 425 2486 455 bo-

1426 481 1505 502 num
1521 481 1692 501 commune
1715 471 1776 501 hoc
1799 470 1909 511 exigit3
1934 477 2010 500 tunc
2032 479 2097 500 non
2112 469 2206 499 habet
2224 469 2333 499 locum
2352 476 2486 499 secretae

1426 515 1610 546 monitionis
1626 514 1827 554 praemissio:
1852 514 1926 554 quia
1945 514 2009 544 sive
2025 514 2210 543 emendetur
2225 513 2290 543 sive
2306 522 2382 548 non,
2399 522 2486 542 com-

1425 569 1522 589 mune
1552 559 1677 588 bonum
1706 568 1772 588 non
1806 558 1924 598 patitur
1947 557 2142 588 dilationem.
2173 557 2214 587 Et
2236 557 2299 587 hoc
2327 563 2374 587 est
2397 557 2486 596 quod

1425 605 1546 634 Auctor
1567 602 1601 632 in
1623 601 1725 632 littera
1749 601 1823 632 dicit
1844 601 1877 631 in
1901 601 1960 631 hac
1982 600 2204 641 responsione,
2229 601 2307 630 dum
2331 599 2374 631 ait
2396 600 2485 640 quod

1424 646 1552 687 quando
1575 646 1720 675 imminet
1734 645 1918 684 periculum
1942 645 2167 682 multitudinis,
2193 653 2255 674 non
2271 644 2364 674 habet
2380 643 2484 674 locum

1419 695 1626 730 praeceptum
1650 690 1782 719 Domini
1799 689 1839 719 de
1853 693 1976 719 secreta
1991 689 2182 725 monitione,
2199 689 2274 728 quia
2299 697 2361 718 non
2371 693 2487 728 peccat

1415 734 1529 774 frater
1544 734 1577 763 in
1592 738 1624 763 te
1638 738 1771 763 tantum.
1790 732 1878 762 Haec
1894 732 1980 762 enim
1992 732 2086 762 verba
2099 732 2247 761 dicuntur
2262 732 2485 771 respondendo

1423 778 1463 808 ad
1486 783 1710 816 argumentum
1733 776 1772 806 de
1787 776 2000 806 accusatione:
2025 776 2100 816 quia
2115 775 2273 806 accusatio
2290 775 2397 806 solum
2413 785 2486 815 pro-

1422 828 1492 861 pter
1514 820 1694 860 periculum
1717 829 1772 850 seu
1796 819 1919 849 malum
1942 819 2154 849 multitudinis
2178 825 2224 849 est
2246 819 2430 858 necessaria,
2450 826 2487 850 ut

1422 864 1554 895 inferius
1567 862 1587 881 ³
1605 869 1702 903 patet.

1478 908 1530 938 IV.
1555 907 1591 936 In
1614 907 1729 936 eodem
1752 905 1894 942 articulo,
1910 906 1943 935 in
1959 906 2166 945 responsione
2189 907 2228 935 ad
2251 905 2411 946 quintum,
2429 906 2486 936 du-

1421 951 1512 982 bium
1536 949 1672 980 occurrit
1695 959 1752 985 an,
1777 959 1851 979 cum
1873 949 2055 989 proceditur
2077 959 2133 989 per
2158 949 2245 979 viam
2275 950 2486 980 denuntiatio—

1422 995 1481 1031 nis,
1505 993 1607 1034 possit
1630 993 1788 1032 praelatus
1811 993 1990 1032 praecipere
2013 999 2067 1023 aut
2090 993 2257 1032 inquirere.
2282 993 2323 1024 Et
2337 1000 2383 1024 est
2405 994 2485 1024 ratio

1423 1037 1512 1069 dubii
1534 1037 1611 1078 quia
1633 1036 1797 1076 inquisitio
1821 1042 1867 1066 est
1890 1036 1950 1066 alia
1972 1036 2022 1066 via
2037 1037 2228 1076 procedendi
2243 1047 2341 1077 quam
2365 1037 2487 1068 denun-

1421 1082 1521 1118 tiatio,
1546 1087 1576 1112 et
1598 1080 1716 1111 habent
1738 1079 1879 1110 diversos
1902 1079 1995 1110 fines:
2026 1090 2101 1110 nam
2123 1079 2177 1110 illa
2199 1081 2239 1110 ad
2268 1081 2391 1111 bonum
2414 1091 2486 1121 pec—

1422 1125 1547 1162 catoris,
1566 1124 1644 1155 haec
1659 1124 1700 1154 ad
1718 1124 1843 1154 bonum
1859 1133 2031 1154 commune
2050 1123 2223 1155 ordinatur.
2246 1124 2282 1154 In
2297 1125 2486 1165 oppositum

1422 1177 1530 1201 autem
1554 1175 1601 1199 est
1623 1168 1712 1209 quod
1730 1170 1853 1198 Auctor
1875 1167 1926 1197 hic
1950 1166 2072 1207 excipit,
2089 1167 2215 1207 quando
2234 1178 2296 1208 per
2311 1169 2419 1209 aliqua
2440 1170 2486 1199 in-

1422 1214 1506 1245 dicia
1530 1212 1792 1252 manifestantur.

1476 1257 1528 1288 Ad
1550 1257 1612 1287 hoc
1636 1255 1749 1286 dicitur
1771 1255 1861 1296 quod
1883 1254 2058 1295 inquisitio,
2073 1254 2201 1294 proprie
2218 1255 2394 1306 loquendo,
2419 1266 2485 1287 non

1421 1302 1515 1332 habet
1526 1300 1656 1331 locum'
1648 1310 1681 1330 in
1695 1309 1846 1340 processu
1862 1309 1918 1339 per
1942 1298 2230 1329 denuntiationem:
2259 1299 2413 1350 quoniam
2438 1300 2485 1330 in-

1421 1345 1627 1387 quisitionem
1639 1343 1823 1383 praecedere
1838 1343 1930 1373 debet
1945 1342 2086 1373 infamia.
2104 1343 2149 1373 Ita
2161 1343 2250 1383 quod
2267 1343 2361 1373 etiam
2377 1344 2402 1373 si
2419 1345 2484 1375 duo

1421 1390 1472 1420 vel
1494 1389 1600 1429 plures
1630 1388 1735 1418 iurent
1762 1386 1877 1417 vidisse
1900 1396 1932 1417 se
1961 1387 2102 1427 aliquem
2137 1387 2333 1417 commisisse
2366 1387 2484 1418 crimen

1422 1432 1567 1473 aliquod,
1592 1438 1622 1462 et
1644 1431 1731 1461 nulla
1754 1431 1842 1461 adest
1863 1430 2009 1466 infamia;
2034 1440 2100 1460 non
2124 1437 2170 1460 est
2192 1437 2359 1470 propterea
2380 1431 2484 1472 inqui-

1421 1477 1567 1511 rendum,
1584 1482 1619 1506 ut
1641 1475 1675 1505 in
1690 1484 1759 1514 cap.
1782 1474 2014 1514 Inquisitionis,
2027 1475 2145 1511 Extra,
2161 1475 2200 1505 de
2208 1475 2482 1514 Accusationibus,

1423 1520 1547 1551 dicitur.
1582 1519 1644 1550 Sed
1674 1528 1731 1548 nec
1759 1524 1805 1548 est
1827 1517 2007 1558 puniendus
2033 1517 2219 1548 iudicialiter
2249 1518 2326 1554 nisi,
2349 1518 2484 1550 fraterna

1422 1563 1617 1595 correctione
1647 1562 1834 1602 praemissa,
1866 1571 2051 1601 processum
2082 1562 2121 1592 sit
2151 1571 2208 1601 per
2238 1562 2484 1593 denuntiationis

1421 1608 1516 1644 viam,
1540 1614 1577 1638 ut
1598 1606 1795 1647 praedictum
1818 1612 1874 1636 est.
1898 1605 2079 1645 Praecipere
2102 1612 2209 1635 autem
2238 1613 2343 1645 potest
2365 1607 2484 1646 praela-

1421 1659 1472 1683 tus
1496 1650 1630 1682 subditis
1656 1649 1794 1680 inductis
1816 1659 1872 1690 per
1895 1655 2003 1686 testes,
2028 1659 2104 1679 cum
2133 1659 2189 1689 per
2211 1649 2484 1681 denuntiationem

1421 1695 1620 1737 proceditur,
1644 1694 1683 1724 de
1705 1694 1834 1724 veritate
1862 1693 2007 1724 dicenda:
2035 1693 2118 1723 sicut
2145 1693 2240 1724 iudex
2268 1694 2484 1725 iuramentum

1422 1747 1528 1780 potest
1551 1739 1682 1778 exigere.
1706 1737 1858 1777 Exceptio
1878 1737 1974 1777 igitur
1995 1737 2145 1768 Auctoris
2166 1737 2199 1767 in
2222 1737 2325 1768 littera
2347 1748 2414 1768 non
2436 1748 2483 1769 re·

1421 1783 1582 1824 stringitur
1598 1783 1638 1812 ad
1653 1791 1762 1812 casum
1785 1782 1915 1822 quando
1931 1780 2113 1821 proceditur
2127 1790 2183 1821 per
2198 1781 2482 1819 denuntiationem,

1421 1828 1476 1859 sed
1485 1827 1519 1858 in
1531 1826 1696 1857 communi
1708 1825 1861 1866 loquitur,
1874 1825 1914 1855 ad
1925 1824 2151 1865 perfectionem
2169 1825 2340 1863 doctrinae,
2352 1827 2482 1866 quando

1421 1871 1540 1911 obligat
1555 1876 1762 1911 praeceptum
1777 1868 1919 1909 praelati:
1936 1875 1973 1899 ut
1987 1875 2074 1909 patet
2089 1878 2126 1899 ex
2142 1879 2180 1899 eo
2197 1870 2286 1910 quod
2305 1869 2389 1906 dicit,
2399 1876 2482 1910 puta

1417 1925 1485 1956 per.
1501 1914 1668 1956 infamiam
1675 1921 1688 1951 ;
1711 1919 1835 1944 constat
1856 1922 1995 1953 namque
2017 1912 2183 1943 infamiam
2206 1913 2246 1943 ad
2261 1913 2398 1944 formam
2414 1924 2482 1954 per-

1420 1960 1519 1991 tinere
1541 1957 1769 1999 inquisitionis.

1077 2147 1396 2190 ARTICULUS
1425 2146 1698 2189 OCTAVUS

498 2240 655 2272 UTRUM
677 2239 871 2270 TESTIUM
895 2239 1107 2271 1NDUCT10
1130 2239 1305 2270 DEBEAT
1328 2238 1613 2270 PRAECEDERE
1636 2238 1855 2269 PUBLICAM
1883 2237 2281 2268 DENUNTIATIONEM

379 2321 415 2346 lv
433 2320 520 2349 Sent„
538 2319 598 2344 dist.
615 2326 667 2350 xxx,
685 2326 732 2351 qu.
748 2325 777 2348 11,
795 2323 843 2343 art.
862 2318 886 2349 3,
905 2318 956 2351 qu*
976 2325 1007 2349 25
1026 2318 1069 2343 De
1084 2318 1192 2347 Vir-tut„
1212 2325 1256 2351 qu.
1274 2325 1312 2349 m,
1331 2323 1377 2342 art.
1398 2324 1422 2347 2,
1441 2317 1474 2342 ad
1493 2324 1517 2348 2,
1537 2324 1571 2348 24
1589 2324 1664 2349 sqq.;
1686 2315 1784 2346 Quodl.
1802 2316 1845 2346 XI,
1865 2323 1909 2348 qu.
1927 2323 1952 2344 x,
1971 2320 2018 2339 art.
2040 2323 2068 2346 ¹3
2088 2315 2118 2339 In
2137 2315 2246 2345 Matth.,
2264 2322 2321 2348 cap.
2339 2322 2410 2341 xvm.

336 2408 390 2434 ns.
480 2414 483 2420 s
509 2401 533 2426 ι)
553 2400 728 2429 ocTAvun
746 2399 800 2425 Slc
819 2399 1060 2426 PROCEDITUR.
1076 2387 1239 2424 Videtur
1257 2388 1364 2436 quod

331 2421 481 2503 μὴν
509 2442 662 2478 testium
681 2440 851 2477 inductio
870 2453 950 2477 non
969 2441 1107 2477 debeat
1131 2440 1362 2498 praecedere

316 2495 435 2545 'Aba
446 2481 477 2539 '6
492 2494 704 2543 publicam
720 2493 1060 2530 denuntiationem.
1080 2493 1244 2528 Peccata
1259 2492 1360 2528 enim

307 2510 476 2583 Ᾰῖἑὲῖ)
467 2540 498 2582 X
510 2547 659 2584 occulta
696 2559 774 2583 non
812 2553 900 2583 sunt
934 2545 1014 2582 aliis
1057 2544 1360 2582 manifestanda·

298 2598 390 2648 quia
403 2599 458 2636 sic
475 2600 596 2637 homo
616 2599 736 2647 magis
755 2606 854 2636 esset
866 2599 1041 2647 proditor
1059 2596 1224 2634 criminis
1243 2609 1361 2645 quam

265 2687 272 2699 ‚
298 2658 493 2690 corrector
518 2653 660 2699 fratris,
689 2659 731 2689 ut
757 2651 990 2700 Augustinus
1018 2651 1107 2688 dicit
1124 2650 1155 2686 *.
1195 2649 1272 2687 Sed
1300 2649 1361 2686 ille

191 2713 198 2720 ·
237 2739 245 2747 ,
265 2714 272 2721 ·
299 2705 366 2754 qui
391 2705 536 2742 inducit
562 2712 676 2742 testes
717 2713 919 2753 peceatum
946 2704 1068 2741 fratris
1103 2702 1208 2739 alteri
1241 2702 1361 2739 mani-

297 2759 418 2796 festat.
439 2758 542 2806 Ergo
561 2758 600 2795 in
618 2758 783 2806 peccatis
802 2757 958 2794 occultis
977 2769 1055 2794 non
1075 2756 1190 2793 debet
1208 2755 1360 2792 testium

297 2810 468 2848 inductio
494 2810 724 2860 praecedere
752 2810 946 2859 publicam
975 2808 1315 2846 denuntiationem.

353 2874 389 2900 2.
417 2864 652 2904 Pmmm.
678 2863 800 2900 homo
830 2864 944 2900 debet
967 2862 1121 2909 diligere
1140 2861 1359 2909 proximum

299 2915 396 2955 sieut
413 2915 596 2964 seipsum.
625 2916 702 2954 Sed
722 2916 846 2953 nullus
874 2916 922 2953 ad
942 2927 1052 2951 suum
1076 2921 1277 2963 peccatum
1297 2925 1360 2950 oc-

299 2969 446 3005 cultum
473 2968 618 3005 inducit
643 2975 768 3006 testes.
799 2969 900 3016 Ergo
929 2973 1054 3016 neque
1082 2966 1131 3003 ad
1158 2973 1358 3015 peccatum

300 3021 493 3057 occultum
521 3020 643 3058 fratris
672 3021 785 3058 debet
812 3020 1004 3057 inducere.

355 3073 389 3110 3.
411 3073 644 3118 Pmmnm,
660 3081 774 3110 testes
793 3073 1025 3110 inducuntur
1043 3072 1091 3109 ad
1111 3070 1252 3119 aliquid
1271 3082 1359 3119 pro-

299 3125 485 3162 bandum.
513 3125 592 3163 Sed
609 3125 647 3163 in
667 3126 822 3163 occultis
841 3137 919 3162 non
937 3132 1063 3174 potest
1080 3124 1163 3161 fieri
1182 3123 1358 3173 probatio

298 3190 368 3226 per
395 3185 520 3216 testes.
558 3178 660 3226 Ergo
689 3178 826 3215 frustra
857 3176 1077 3214 huiusmodi
1108 3183 1221 3213 testes
1249 3175 1358 3213 indu-

301 3238 447 3267 cuntur.

352 3294 390 3330 4.
419 3283 661 3330 ΡιιΑι-ῑιῈιιεΑ,
687 3282 920 3331 Augustinus
948 3281 1055 3328 dicit,
1085 3281 1123 3318 in
1147 3281 1298 3331 Regula
1316 3280 1357 3328 ¹⁸⁸,

300 3335 405 3384 quod
428 3335 537 3384 prius
563 3336 780 3384 praeposito
815 3336 921 3372 debet
945 3334 1088 3371 ostendi
1113 3345 1226 3382 quam
1264 3333 1359 3370 testi-

1414 2388 1494 2424 bus.
1534 2386 1612 2423 Sed
1639 2386 1840 2423 ostendere
1869 2385 2088 2434 praeposito
2116 2385 2196 2422 sive
2225 2386 2394 2434 praelato
2423 2394 2480 2423 est

1415 2440 1541 2476 dicere
1570 2438 1775 2475 Ecclesiae.
1806 2439 1898 2474 Non
1927 2450 2016 2486 ergo
2044 2438 2196 2475 testium
2224 2438 2394 2475 inductio
2414 2439 2478 2476 de-

1414 2492 1478 2527 bet
1503 2491 1734 2540 praecedere
1762 2490 1956 2539 publicam
1986 2490 2325 2528 denuntiationem.

1468 2544 1542 2580 SED
1571 2554 1716 2580 CONTRA
1747 2554 1814 2579 EST
1841 2542 1948 2590 quod
1969 2543 2160 2580 Dominus
2191 2543 2300 2590 dicit,

1414 2608 1500 2632 xvm
1526 2601 1543 2617 ‘²
1565 2595 1597 2632 ²⁸.

1466 2649 1695 2685 Respoumzo
1714 2659 1898 2684 memnon
1927 2648 2032 2695 quod
2061 2647 2108 2684 de
2135 2659 2214 2683 uno
2236 2655 2405 2684 extremo
2425 2648 2472 2685 ad

1414 2701 1517 2738 aliud
1546 2708 1759 2737 extremum
1788 2700 2062 2736 convenienter
2092 2699 2270 2736 transitur
2299 2712 2368 2748 per
2394 2712 2474 2737 me-

1415 2754 1533 2790 dium.
1573 2755 1614 2790 ln
1650 2752 1884 2789 correctione
1919 2760 2047 2789 autem
2084 2752 2248 2792 fraterna
2281 2753 2472 2790 Dominus

1412 2806 1535 2843 voluit
1553 2806 1658 2854 quod
1677 2805 1905 2854 principium
1934 2812 2032 2842 esset
2059 2805 2263 2851 occultum,
2285 2805 2377 2842 dum
2400 2805 2474 2843 fra·-

1413 2867 1470 2896 ter
1498 2859 1703 2907 corriperet
1729 2858 1881 2894 fratrem
1909 2857 2005 2894 inter
2031 2869 2072 2894 se
2105 2865 2142 2894 et
2168 2857 2295 2906 ipsum
2324 2858 2471 2905 solum;

1412 2912 1532 2949 finem
1566 2918 1694 2948 autem
1725 2910 1845 2948 voluit
1881 2922 1962 2947 esse
1998 2910 2218 2959 publicum,
2255 2917 2297 2947 ut
2333 2910 2473 2948 scilicet

1412 2964 1607 3002 Ecclesiae
1636 2963 1930 3001 denuntiaretur.
1959 2964 2008 3000 Et
2026 2963 2113 3000 ideo
2143 2963 2415 3000 convenienter
2433 2963 2472 3000 in

1411 3017 1538 3054 medio
1566 3017 1718 3065 ponitur
1744 3015 1895 3052 testium
1922 3015 2103 3064 inductio,
2126 3023 2169 3052 ut
2190 3015 2316 3064 primo
2340 3016 2471 3064 paucis

1411 3069 1595 3107 indicetur
1621 3076 1818 3118 peccatum
1847 3068 1988 3115 fratris,
2022 3069 2086 3118 qui
2113 3068 2261 3118 possint
2286 3069 2470 3118 prodesse

1413 3129 1449 3159 et
1468 3134 1547 3159 non
1567 3123 1715 3169 obesse,
1743 3129 1784 3158 ut
1812 3122 1945 3158 saltem
1966 3121 2020 3158 sic
2039 3121 2119 3159 sine
2148 3121 2396 3159 multitudinis
2416 3121 2470 3158 in-

1411 3175 1527 3212 famia
1556 3174 1792 3211 emendetur.

1465 3229 1524 3264 AD
1543 3239 1679 3264 patmum
1699 3238 1796 3264 ERGO
1815 3238 1999 3264 DICENDUM
2027 3227 2132 3276 quod
2161 3226 2314 3276 quidam
2343 3226 2395 3263 sic
2414 3230 2469 3267 in-

1411 3280 1632 3317 tellexerunt
1668 3279 1843 3316 ordinem
1879 3279 2065 3317 fraternae
2108 3278 2348 3316 correctionis
2386 3291 2467 3320 esse

1413 3333 1645 3370 servandum
1687 3339 1729 3368 ut
1755 3332 1882 3381 primo
1914 3333 2026 3370 frater
2057 3332 2103 3369 sit
2135 3332 2173 3369 in
2202 3339 2348 3369 secreto
2386 3344 2468 3372 cor·

2339 2544 2473 2580 Matth.

353 3447 381 3481 α)
399 3447 498 3472 Matth.
515 3454 585 3472 xvm.
602 3459 621 3466 -
637 3446 739 3471 Adhibe
762 3449 846 3471 tecum
871 3452 952 3470 unum
971 3445 1012 3470 vel
1030 3445 1097 3470 duos
1121 3448 1151 3470 ut
1169 3444 1195 3469 in
1220 3452 1267 3470 ore
1290 3445 1403 3470 duorum
1422 3448 1471 3470 etc.
1489 3445 1558 3469 addit
1576 3445 1604 3469 P.

2514 430 2722 457 'Qu-uV1n‚art.t.

2510 855 2522 866 ⁸
2536 855 2596 877 lbid.

2500 2630 2512 2641 ⁸
2525 2629 2594 2652 Vers.
2607 2637 2628 2659 ¹5
2642 2637 2693 2659 sqq.
