2892 4056
0 3654 9 3774 l

0 3775 9 3854 l

106 869 117 880 ⁸
131 868 198 890 Vers.
212 874 244 897 ²5·

51 1163 53 1165 ι
105 1137 115 1148 ·
129 1136 196 1158 Vere.
211 1136 234 1158 6.

103 1345 114 1356 ·
126 1343 194 1368 Vm.
208 1350 238 1367 ιε.
280 1336 283 1337 ’

44 1454 55 1474 ’,
101 1450 118 1464 ”“
177 1468 184 1475 .
204 1459 264 1478 xu.
283 1453 313 1475 al-

101 1485 158 1508 xvu,
175 1485 190 1502 n
197 1483 314 1502 vet-xxxi.

46 1563 47 1566 η
101 1549 114 1561 ⁸
125 1548 194 1572 vm.
208 1555 242 1578 ¹⁹·

100 1817 111 1827 ⁸
124 1816 180 1839 Loe.
194 1816 234 1839 cit.

98 1843 124 1854 ⁰⁰
137 1843 204 1867 Van.
218 1843 250 1865 18.

100 1874 111 1885 ⁸
124 1873 191 1896 Vm.
204 1879 239 1896 aa.

99 1922 175 1944 *Art-
190 1922 296 1950 praeeed-

1030 149 1295 194 QUAESTIO
1324 151 1426 198 xL1,

1455 151 1749 189 ARTICULUS
1780 153 1810 189 11
2438 155 2512 202 319

1067 258 1422 300 ARTICULUS
1462 259 1788 302 SECUNDUS

1115 348 1271 380 UTRUM
1294 350 1396 380 RixA
1419 350 1487 380 SIT
1510 350 1623 380 121th
1646 351 1745 382 tRAE

1051 426 1145 458 Supra,
1165 434 1209 459 qu.
1227 435 1318 458 xxxvn,
1338 432 1384 452 art.
1405 434 1428 458 2,
1447 428 1479 452 ad
1502 435 1528 458 1;
1549 436 1594 460 qu.
1613 436 1699 459 eLvm,
1719 435 1765 454 art.
1784 437 1808 462 7.

386 531 389 535 ,
414 516 437 538 -ι
464 519 531 558 fg<
555 508 578 532 D
597 508 788 534 SECUNDUM
802 508 855 533 sm
869 507 1110 533 PROCEDITUR.
1121 497 1282 534 Videtur
1296 499 1401 545 quod

474 538 530 607 {33
555 548 634 585 rixa
653 561 731 585 non
755 549 800 586 sit
825 548 902 585 filia
921 548 1010 584 irae.
1041 548 1186 585 Dicitur
1206 550 1306 586 enim
1327 551 1400 587 Iac.

364 602 396 647 ,J
423 617 481 647 ν,
502 606 523 644 (1
537 599 543 604 “
555 613 591 638 1v
608 601 644 638 *z
669 602 776 639 Unde
792 601 888 638 bella
906 606 943 636 et
957 600 1037 636 lites
1052 601 1088 637 in
1109 602 1244 638 vobis?
1262 603 1403 639 Nonne

352 644 375 672 ³
399 628 489 682 §3²³⁴
512 646 543 689 N
554 666 605 690 ex
622 653 926 702 concupiscentiis
944 664 1041 701 quae
1059 653 1220 691 militant
1234 655 1270 691 in
1286 667 1402 691 mem-

344 706 420 742 bris
448 706 614 743 vestris?
655 707 733 743 Sed
759 706 814 743 ira
846 717 925 742 non
952 705 1114 754 pertinet
1147 707 1195 743 ad
1225 707 1403 756 concupi-

343 758 526 795 scibilem.
556 759 658 806 Ergo
678 759 756 795 rixa
782 770 862 795 non
890 765 945 794 est
972 758 1049 794 filia
1077 758 1167 805 irae,
1187 760 1254 796 sed
1283 760 1402 807 magis

343 811 684 859 concupiscentiae.

397 875 432 900 2.
462 864 695 909 PRAETEREA,
715 864 828 900 va.
847 874 958 899 xxvm
976 863 996 883 *
1016 863 1168 899 dicitur:
1201 864 1275 905 Qui
1291 875 1331 900 se
1349 865 1402 900 ia-

343 922 418 953 ctat
438 921 474 952 et
498 917 628 953 dilatat
655 916 782 964 iurgia
811 916 981 952 concitat.
1018 915 1095 952 Sed
1123 915 1225 951 idern
1252 915 1404 952 videtu-r

343 981 427 1005 esse
452 969 531 1005 rixa
558 968 665 1016 quod
693 967 869 1015 iurgium.
899 968 1002 1015 Ergo
1021 967 1174 1004 videtur
1201 968 1306 1016 quod
1326 968 1404 1004 rixa

341 1021 388 1058 sit
414 1021 491 1058 filia
519 1019 720 1070 superbiae
748 1021 811 1056 vel
838 1019 962 1057 inanis
998 1020 1160 1068 gloriae,
1200 1021 1248 1057 ad
1285 1032 1403 1069 quam

340 1074 506 1123 pertinet
530 1085 570 1110 se
598 1073 737 1110 iactare
765 1080 802 1109 et
830 1073 998 1110 dilatare.

395 1127 430 1163 3.
451 1127 689 1173 PRAETER-ei,
714 1126 827 1163 Rov.
848 1137 933 1162 xvm
954 1126 974 1148 ¹¹¹
993 1125 1144 1163 dicitur:
1164 1126 1287 1162 Labia
1305 1125 1406 1162 stulti

340 1179 551 1215 immiscent
578 1190 619 1215 se
644 1179 751 1215 rixis.
792 1179 870 1216 Sed
898 1178 1051 1227 stultitia
1089 1178 1215 1215 differt
1251 1179 1299 1215 ab
1327 1178 1403 1215 ira:

340 1242 419 1269 non
439 1231 542 1269 enim
571 1231 779 1282 opponitur
805 1230 1099 1278 mansuetudini,
1120 1231 1188 1268 sed
1208 1231 1328 1279 magis
1347 1243 1405 1268 sa-

339 1284 591 1334 pientiaevet
595 1284 832 1333 prudentiae.
845 1285 947 1332 Ergo
963 1284 1042 1320 rixa
1057 1296 1135 1320 non
1151 1290 1207 1320 est
1219 1284 1298 1320 filia
1312 1284 1401 1321 irae.

392 1349 430 1385 4.
452 1339 694 1384 PRAETEREA‚
722 1338 838 1374 Prov'.
858 1348 882 1373 x
901 1338 922 1360 2
946 1337 1097 1374 dieitur:
1127 1337 1262 1373 Odium
1288 1337 1403 1374 susci-

340 1395 395 1427 tat
419 1390 538 1427 rixas.
569 1390 647 1427 Sed
675 1390 802 1426 odium
830 1390 952 1427 oritur
970 1401 1020 1426 ex
1047 1389 1210 1434 invidias
1236 1397 1279 1426 ut
1307 1390 1403 1427 Gre-

340 1442 469 1491 gorius
498 1443 604 1490 dicit,
633 1443 759 1479 XXXI
787 1442 932 1479 Moral.
953 1442 973 1464 '¹‘
1000 1443 1103 1490 Ergo
1132 1442 1212 1479 rixa
1239 1454 1319 1479 non
1348 1449 1404 1479 est

341 1495 419 1532 filia
446 1495 543 1542 irae,
574 1495 642 1532 sed
670 1494 849 1532 invidiae.

397 1549 431 1585 5.
458 1549 697 1590 ΡκΑΕἹ-Εκεᾼ,
725 1548 840 1584 Prov.
862 1558 935 1584 xvu
953 1547 974 1569 *
1006 1547 1162 1584 dicitur:
1195 1547 1270 1589 Qui
1286 1548 1402 1584 medi-

339 1606 442 1638 tatur
458 1600 666 1637 discordias
691 1600 855 1637 seminat
877 1600 995 1636 rixas.
1026 1599 1103 1637 Sed
1137 1599 1327 1637 discordia
1347 1608 1403 1637 est

338 1654 418 1692 filia
445 1653 568 1690 inanis
596 1653 750 1701 gloriae,
779 1660 822 1689 ut
847 1664 962 1701 supra
979 1652 1000 1674 *
1019 1652 1163 1689 dictum
1192 1660 1260 1690 est.
1297 1654 1400 1701 Ergo

340 1714 377 1744 et
403 1718 494 1743 rixa.

393 1760 468 1796 San
497 1770 644 1796 coum
671 1770 739 1795 Est
770 1758 874 1807 quod
904 1758 1110 1805 Gregorius
1140 1757 1243 1804 dicit,
1273 1758 1400 1794 XXXI

338 1812 484 1849 Moral.
504 1811 536 1859 ¹⁵,
556 1811 662 1859 quod
681 1823 731 1848 ex
750 1811 808 1848 ira
827 1811 949 1847 oritur
970 1811 1070 1847 rixa.
1100 1811 1149 1847 Et
1165 1811 1279 1847 Prov.
1298 1821 1347 1846 xv
1359 1809 1401 1832 ³⁸*

340 1873 379 1902 et
395 1876 480 1902 xxix
493 1864 514 1887 ¹⁸
543 1864 696 1901 dicitur:
734 1864 801 1901 Vir
818 1863 1024 1900 iracundus
1036 1868 1224 1911 provocat
1239 1863 1357 1899 rixas.

392 1918 619 1955 Responnzo
638 1928 824 1954 mcENDuM
852 1917 969 1964 quod,
999 1916 1095 1952 sicut
1123 1915 1265 1952 dictum
1295 1922 1351 1952 est
1367 1915 1399 1962 ²¹⁸,

338 1971 418 2007 rixa
450 1970 634 2018 importat
669 1969 865 2018 quandam
905 1968 1242 2006 contradictionem
1279 1980 1400 2016 usque

336 2023 387 2060 ad
414 2023 513 2060 facta
540 2022 849 2070 pervenientem,
885 2021 978 2058 dum
1007 2033 1106 2058 unus
1138 2022 1298 2058 alterum
1326 2022 1401 2058 lae-

337 2075 428 2113 dere
457 2075 624 2112 molitur.
661 2074 871 2123 Dupliciter
898 2081 1026 2111 autem
1054 2085 1155 2111 unus
1183 2074 1298 2110 alium
1326 2074 1401 2110 lae-

337 2129 428 2166 dere
455 2127 626 2165 intendit.
655 2127 742 2164 Uno
772 2126 905 2173 modo,
926 2126 1034 2174 quasi
1062 2126 1262 2163 intendens
1289 2126 1401 2163 abso-

335 2182 413 2219 lute
449 2181 596 2218 malum
632 2178 762 2228 ipsius.
805 2180 854 2215 Et
885 2179 969 2215 talis
1000 2179 1117 2215 laesio
1153 2178 1316 2226 pertinet
1351 2179 1400 2215 ad

337 2234 490 2280 odium,
527 2233 634 2270 cuius
662 2231 819 2269 intentio
850 2239 906 2268 est
939 2232 988 2268 ad
1016 2231 1247 2268 laedendum
1276 2230 1400 2267 inimi-

337 2296 429 2324 cum*
444 2286 507 2323 vel
526 2286 563 2322 in
583 2285 786 2322 manifesto
805 2285 867 2321 vel
886 2284 925 2321 in
945 2285 1106 2321 occulto.
1127 2305 1151 2311 -
1170 2283 1254 2320 Alio
1280 2283 1399 2319 modo

337 2339 473 2387 aliquis
501 2337 660 2375 intendit
687 2337 804 2374 alium
833 2337 983 2374 laedere
1019 2349 1067 2373 eo
1096 2336 1237 2373 sciente
1273 2343 1309 2372 et
1344 2348 1401 2372 re-

335 2398 547 2441 pugnante:
568 2390 674 2440 quod
693 2390 920 2438 importatur
938 2389 1094 2426 nomine
1113 2389 1227 2426 rixae.
1257 2389 1306 2425 Et
1324 2389 1400 2425 hoc

335 2445 490 2494 proprie
518 2443 680 2493 pertinet
703 2444 751 2480 ad
770 2443 878 2490 iram,
899 2454 997 2492 quae
1027 2449 1083 2479 est
1110 2441 1298 2491 appetitus
1315 2441 1399 2478 vin-

337 2498 480 2536 dictae:
510 2509 589 2534 non
607 2496 711 2533 enim
739 2495 879 2533 sufficit
906 2495 1000 2532 irato
1029 2494 1133 2544 quod
1156 2495 1314 2531 latenter
1332 2506 1400 2531 no-

389 2611 417 2642 α)
435 2610 548 2643 aliquid.
565 2623 585 2630 —
601 2610 698 2643 aliquis
716 2611 745 2635 P.

390 2645 416 2679 β)
434 2653 462 2671 se
476 2646 626 2680 praeferat.
642 2659 662 2665 -
674 2647 850 2679 praeferatur
868 2645 900 2676 G,
917 2652 975 2671 sese
988 2645 1132 2678 praeferat
1150 2645 1180 2670 P.

1456 506 1538 534 ceat
1557 498 1591 534 ei
1612 507 1742 536 contra
1771 513 1885 548 quem
1914 501 2096 548 irascitur,
2117 501 2185 538 sed
2203 502 2285 537 vult
2307 502 2411 550 quod
2431 501 2511 549 ipse

1455 551 1600 597 sentiat,
1622 559 1657 588 et
1676 553 1781 600 quod
1805 561 1936 589 contra
1954 554 2190 590 voluntatem
2210 565 2319 590 suam
2339 554 2479 602 aliquid
2495 559 2511 574 ‘²

1455 603 1616 651 patiatur
1643 604 1681 640 in
1709 605 1914 641 vindictam
1952 606 2030 642 eius
2068 607 2171 654 quod
2200 606 2305 652 fecit,
2343 614 2384 642 ut
2410 613 2513 654 patet

1455 668 1523 703 per
1542 668 1586 692 ea
1605 668 1703 704 quae
1732 669 1846 705 supra
1864 657 1885 679 ’¹‘
1905 658 2003 694 dicta
2031 666 2118 695 sunt
2145 659 2192 695 de
2220 658 2398 707 passione
2422 659 2511 695 irae.

1457 709 1504 744 Et
1522 708 1608 745 ideo
1630 709 1707 745 rixa
1726 710 1877 757 proprie
1898 710 2016 747 oritur
2035 723 2079 747 ex
2098 711 2162 748 ira.
2509 708 2516 710 s

1507 762 1566 796 Ab
1595 773 1731 798 PRlMUM
1759 773 1857 798 ERGO
1885 774 2068 799 memnon
2097 764 2214 811 quod,
2239 763 2334 800 sicut
2361 775 2475 811 supra
2492 763 2513 784 ’¹‘

1457 812 1599 848 dictum
1629 822 1703 858 est,
1741 826 1875 851 omnes
1903 815 2100 862 passiones
2132 815 2326 852 irascibilis
2356 828 2400 852 ex
2428 828 2512 863 pas-

1456 864 1626 901 sionibus
1662 866 1965 914 concupiscibilis
2002 868 2181 904 oriuntur.
2224 869 2273 904 Et
2300 869 2511 905 secundum

1457 917 1551 963 hoc,
1590 917 1682 953 illud
1714 919 1820 965 quod
1857 919 2029 966 proxime
2059 920 2176 956 oritur
2211 932 2256 955 ex
2284 920 2358 966 ira,
2396 921 2514 957 oritur

1458 968 1570 1004 etiam
1591 981 1637 1005 ex
1657 970 1962 1018 concupiscentia
1989 972 2084 1008 sicut
2112 983 2156 1008 ex
2183 972 2307 1020 prima
2334 973 2472 1010 radice.

1508 1023 1567 1056 AD
1587 1033 1776 1058 SECUNDUM
1795 1034 1979 1060 DICENDUM
1999 1024 2102 1072 quod
2121 1024 2269 1060 iactatio
2290 1032 2327 1061 et
2347 1025 2512 1062 dilatatio

1456 1073 1529 1120 sui,
1555 1085 1653 1121 quae
1672 1074 1716 1110 fit
1732 1086 1802 1122 per
1820 1075 2039 1123 superbiam
2066 1077 2129 1113 vel
2158 1076 2312 1114 inanem
2340 1077 2511 1125 gloriam,

2540 668 2635 695 '1⁸11u,
2656 674 2750 695 u.x1.v1,

2538 697 2580 716 art.
2596 694 2618 721 ⁶,
2633 674 2661 716 ὦ
2675 701 2696 716 2.

2539 771 2576 793 ⁸1·
2584 771 2639 799 11²⁰,
2650 779 2689 800 qu.
2697 779 2751 799 xxv,

2539 802 2582 820 an.
2598 804 2614 820 1.

1456 1138 1534 1162 non
1561 1126 1701 1163 directe
1731 1127 1893 1164 concitat
1919 1128 2082 1175 iurgium
2111 1136 2175 1165 aut
2202 1129 2334 1176 rixam,
2355 1130 2423 1167 sed
2450 1142 2514 1167 oc·
2552 1145 2555 1147 ·

1457 1178 1713 1216 casionaliter:
1742 1180 1968 1227 inquantum
1987 1181 2126 1217 scilicet
2145 1193 2190 1217 ex
2207 1182 2282 1218 hoc
2306 1183 2515 1220 concitatur

1455 1231 1529 1278 ira,
1564 1231 1657 1268 dum
1686 1232 1820 1280 aliquis
1849 1233 1919 1270 sibi
1947 1234 1996 1270 ad
2022 1233 2199 1270 iniuriam
2232 1241 2382 1283 reputat
2409 1235 2513 1283 quod

1455 1285 1548 1320 alter
1575 1284 1608 1320 ei
1637 1297 1676 1320 se
1713 1285 1900 1333 praeferat
1917 1284 1949 1331 ⁸³3
1989 1294 2025 1322 et
2052 1286 2105 1323 sic
2142 1298 2186 1323 ex
2214 1287 2269 1323 ira
2305 1295 2514 1336 sequuntur

1455 1348 1575 1384 iurg1a
1603 1344 1639 1373 et
1667 1349 1779 1374 rixae.

1507 1392 1566 1426 An
1599 1401 1758 1427 TERTmM
1791 1402 1973 1427 DICENDUM
2002 1392 2107 1438 quod
2135 1391 2206 1438 ira,
2240 1391 2335 1428 sicut
2362 1404 2477 1441 supra
2494 1392 2515 1414 *

1455 1441 1598 1478 dictum
1618 1450 1684 1489 est,
1705 1442 1863 1490 impedit
1881 1443 2062 1480 iudicium
2081 1444 2252 1480 rationis:
2276 1445 2379 1482 unde
2394 1445 2515 1481 'habet

1455 1494 1740 1531 similitudinem
1774 1507 1862 1532 cum
1895 1495 2058 1533 stultitia.
2097 1498 2146 1533 Et
2172 1508 2217 1533 ex
2244 1498 2320 1534 hoc
2347 1498 2516 1545 sequitur

1453 1548 1559 1595 quod
1587 1548 1754 1584 habeant
1782 1559 2030 1585 communem
2059 1549 2254 1586 effectum:
2291 1561 2335 1586 ex
2365 1550 2515 1586 defectu

1454 1600 1557 1637 enim
1590 1600 1744 1637 rationis
1777 1600 1958 1648 contingit
1994 1601 2099 1650 quod
2135 1601 2270 1649 aliquis
2302 1602 2514 1639 inordinate

1454 1653 1569 1690 alium
1598 1653 1751 1690 laedere
1779 1653 1945 1690 molitur.

1506 1707 1565 1742 An
1594 1717 1767 1748 QUARTUM
1794 1717 1978 1742 montinum
2006 1706 2111 1754 quod
2138 1706 2230 1754 rixa,
2252 1707 2320 1743 etsi
2342 1708 2515 1756 quando-

1453 1770 1528 1806 que
1547 1770 1593 1794 ex
1613 1758 1705 1795 odio
1734 1758 1888 1804 oriatur,
1916 1770 1996 1795 non
2023 1766 2153 1795 tamen
2182 1766 2239 1796 est
2264 1760 2443 1808 proprius
2464 1761 2515 1796 ef-

1453 1811 1571 1847 fectus
1590 1810 1679 1847 odii.
1710 1811 1810 1857 Quia
1828 1818 1978 1859 praeter
2004 1811 2255 1849 intentionem
2279 1812 2440 1849 odientis
2459 1820 2516 1849 est

1452 1863 1556 1912 quod
1577 1862 1699 1900 rixose
1721 1871 1756 1900 et
1774 1863 1972 1900 manifeste
2000 1864 2195 1901 inimicum
2223 1865 2364 1901 laedat:
2395 1877 2515 1913 quan-

1453 1916 1582 1963 doque
1611 1916 1712 1952 enim
1742 1916 1855 1952 etiarn
1889 1917 2036 1953 occulte
2064 1917 2215 1954 laedere
2243 1917 2411 1966 quaerit;
2446 1918 2514 1955 sed

1452 1968 1609 2020 quando
1636 1968 1743 2006 videt
1769 1980 1810 2005 se
1835 1969 2075 2017 praevalere,
2105 1981 2193 2006 cum
2222 1969 2302 2006 rixa
2330 1978 2366 2007 et
2392 1971 2514 2018 iurgio

1451 2021 1662 2058 laesionem
1689 2021 1860 2058 intendit.
1899 2021 1976 2059 Sed
2004 2022 2128 2058 rixose
2161 2022 2327 2070 aliquem
2361 2023 2514 2060 laedere

1452 2081 1508 2110 est
1526 2074 1704 2122 proprius
1724 2074 1879 2110 effectus
1906 2074 1996 2121 irae,
2017 2075 2162 2112 ratione
2181 2075 2257 2111 iam
2272 2075 2292 2096 '¹‘
2307 2075 2417 2112 dicta.

1503 2127 1565 2163 Ad
1594 2138 1756 2169 QUlNTUM
1783 2138 1967 2164 chENDUM
2004 2127 2110 2176 quod
2146 2139 2191 2164 ex
2219 2127 2306 2164 rixis
2343 2128 2514 2176 sequitur

1451 2178 1584 2215 odium
1605 2186 1641 2215 et
1660 2179 1849 2216 discordia
1867 2179 1906 2216 in
1925 2180 2105 2217 cordibus
2123 2180 2336 2217 rixantium.
2358 2182 2406 2217 Et
2424 2181 2511 2218 ideo

1450 2230 1510 2267 ille
1529 2231 1595 2279 qui
1613 2232 1825 2277 meditatur,
1854 2232 1952 2268 idest
1979 2232 2044 2280 qui
2072 2233 2230 2270 intendit
2252 2233 2348 2270 inter
2365 2234 2513 2282 aliquos

1451 2283 1642 2330 seminare
1669 2283 1898 2329 discordias,
1932 2293 2111 2331 procurat
2137 2286 2243 2333 quod
2270 2287 2318 2323 ad
2346 2286 2511 2323 invicem

1452 2335 1620 2372 rixantur
1636 2341 1672 2372 ἵε
1702 2336 1798 2372 sicut
1824 2336 2022 2383 quodlibet
2054 2345 2256 2386 peccatum
2291 2345 2417 2386 potest
2443 2339 2514 2375 im-

1450 2400 1583 2436 perare
1612 2396 1739 2425 actum
1777 2389 1927 2425 alterius
1959 2390 2125 2438 peccati,
2165 2390 2378 2427 ordinando
2406 2391 2510 2429 illum

1451 2441 1489 2477 in
1518 2453 1632 2478 suum
1660 2442 1791 2478 finem.
1823 2442 1898 2478 Sed
1927 2454 1972 2478 ex
2000 2443 2075 2479 hoc
2098 2447 2182 2480 ‘non
2209 2443 2379 2492 sequitur
2406 2445 2512 2493 quod

1451 2493 1531 2535 rixa
1549 2494 1594 2530 sit
1611 2494 1690 2530 filia
1707 2494 1830 2531 inanis
1849 2494 1991 2542 gloriae
2009 2495 2162 2544 proprie
2183 2503 2219 2532 et
2238 2495 2390 2533 directe.

1503 2608 1530 2642 γ)
1549 2609 1689 2634 rixantur.
1706 2623 1726 2628 —
1743 2609 1870 2634 rixentur
1887 2609 1970 2633 PGsK
1989 2614 2015 2633 et
2032 2616 2077 2634 aa.
2093 2615 2108 2620 χ

997 2723 1333 2756 Commentaria
1354 2721 1608 2754 Garffinalis
1630 2723 1832 2756 Caietam

365 2813 386 2834 n
409 2802 603 2844 quaestionis
622 2801 1002 2843 quadragesimaeprimae
1017 2809 1154 2842 utroque
1170 2801 1302 2832 articulo
1318 2800 1398 2830 nihil

339 2815 567 2878 Iscribendum
584 2846 720 2877 occurrit
734 2846 794 2876 nisi
814 2853 849 2876 ut
868 2846 1008 2876 advertas
1021 2845 1039 2865 *
1054 2845 1153 2886 quod,
1170 2845 1245 2885 quia
1261 2844 1396 2885 particu-

334 2891 391 2922 lari
403 2890 525 2922 effectui
540 2890 734 2931 particularis
749 2900 843 2921 causa
858 2897 894 2921 ut
908 2890 1036 2931 propria
1051 2889 1238 2929 assignanda
1251 2896 1306 2925 est,
1322 2889 1395 2919 ideo

335 2934 428 2971 rixae,
452 2944 534 2976 quae
557 2935 596 2965 ad
615 2934 737 2965 malum
759 2934 896 2974 proximi
912 2944 986 2964 cum
1009 2933 1248 2974 particularibus
1265 2932 1397 2963 circum-

336 2978 457 3010 stantiis
478 2978 588 3015 tendit,
612 2978 727 3009 scilicet
750 2978 966 3019 cognitionem
988 2986 1019 3009 et
1041 2978 1283 3019 repugnantiam
1297 2977 1324 3014 *,
1345 2977 1392 3007 ira

285 3027 291 3034 ·
335 3021 466 3064 ponitur
486 3022 614 3063 propria
635 3029 743 3059 mater,
759 3028 871 3063 utpote
894 3032 976 3064 quae
999 3022 1038 3052 ad
1061 3022 1183 3052 malum
1199 3021 1397 3052 machinatur

336 3076 411 3097 cum
425 3066 552 3098 scientia
574 3066 750 3107 punitionis
772 3066 993 3107 repugnantis;
1018 3072 1049 3097 et
1071 3076 1138 3097 non
1161 3066 1283 3102 odium,
1307 3065 1396 3106 quod

335 3110 458 3141 malum
481 3117 571 3151 optat
592 3111 786 3141 absolvendo
806 3121 838 3141 se
862 3121 879 3141 a
902 3110 946 3141 sic
959 3109 1010 3140 vel
1032 3110 1086 3140 sic.
1112 3111 1194 3140 Inter
1210 3109 1396 3140 huiusmodi

336 3164 474 3195 namque
498 3154 687 3186 desiderium
711 3162 742 3186 et
763 3155 862 3185 rixam
885 3154 1031 3185 distantia
1055 3161 1101 3184 est
1123 3154 1203 3184 sicut
1225 3153 1306 3185 inter
1325 3153 1395 3184 uni-

334 3199 453 3229 versale
476 3205 507 3230 et
529 3199 724 3240 particulare,
740 3208 796 3230 seu
820 3199 1004 3230 absolutum
1027 3204 1058 3228 et
1073 3197 1323 3229 dearticulatum.
1347 3198 1395 3228 In-

1447 2807 1494 2831 ter
1515 2801 1583 2832 irati
1608 2809 1714 2833 autem
1738 2801 1928 2832 desiderium
1951 2808 1982 2831 et
2004 2801 2104 2831 rixam
2119 2801 2339 2841 propinquitas
2361 2808 2445 2832 tanta
2461 2809 2507 2833 est

1448 2851 1484 2875 ut
1507 2855 1543 2876 ex
1567 2852 1727 2876 contracto
1751 2845 1819 2876 irati
1844 2845 1997 2875 desiderio
2023 2845 2061 2874 ad
2085 2844 2206 2874 malum
2235 2845 2289 2881 sic,
2313 2845 2377 2875 rixa
2400 2845 2506 2877 statim

1448 2890 1622 2929 proveniat.
1652 2890 1694 2920 Et
1716 2896 1882 2929 propterea
1904 2888 1937 2918 in
1960 2888 2061 2919 littera
2091 2888 2218 2924 dicitur,
2242 2889 2275 2918 in
2299 2889 2505 2929 responsione

1448 2933 1487 2963 ad
1517 2940 1683 2974 quartum,
1707 2934 1795 2974 quod
1818 2939 1939 2972 praeter
1968 2932 2177 2963 intentionem
2200 2932 2266 2962 odii
2295 2940 2341 2963 est
2370 2933 2449 2970 rixa;
2474 2940 2506 2964 et

1447 2984 1552 3007 tamen
1577 2984 1681 3018 potest
1703 2978 1741 3007 ab
1762 2987 1800 3007 eo
1816 2976 1992 3017 provenire,
2016 2983 2052 3007 ut
2078 2977 2111 3006 in
2128 2986 2260 3016 corpore
2277 2977 2398 3007 articuli
2428 2977 2503 3007 dici-

1447 3027 1507 3052 tur.
1531 3021 1588 3052 Est
1603 3021 1759 3062 siquidem
1778 3027 1900 3061 praeter
1920 3020 2130 3052 intentionem
2147 3019 2213 3051 odii
2231 3020 2412 3057 formaliter,
2429 3021 2504 3062 quia

1447 3075 1513 3095 non
1537 3065 1761 3097 determinatur
1791 3074 1827 3095 ex
1850 3064 1976 3095 formali
2005 3064 2127 3095 intento
2157 3064 2197 3095 ad
2219 3064 2322 3095 taliter
2344 3064 2503 3095 offenden-

1448 3109 1542 3139 dum:
1567 3116 1673 3150 potest
1695 3115 1800 3139 tamen
1823 3118 1861 3139 ex
1883 3108 1959 3139 odio
1983 3108 2164 3149 provenire,
2189 3108 2263 3148 quia
2286 3108 2419 3139 intentio
2437 3108 2502 3138 odii

1447 3160 1553 3193 potest
1575 3163 1607 3184 se
1637 3153 1799 3184 extendere
1823 3153 1863 3183 ad
1892 3152 2109 3193 imperandam
2140 3151 2255 3188 rixam,
2280 3152 2360 3183 sicut
2389 3159 2419 3182 et
2441 3151 2501 3182 alia

1447 3197 1531 3228 vitia.

1211 3318 1448 3355 ——m

2639 1291 2654 1325 β

2540 1400 2631 1426 ⁸1⁸11⁸=‚
2636 1406 2648 1427 q
2653 1406 2750 1428 mxxviii,

2540 1430 2582 1447 art.
2597 1432 2617 1454 3.

2541 2087 2549 2095 ·
2563 2085 2588 2106 In
2603 2091 2708 2114 corpore.
