2892 4056
75 774 185 825 egilii.
191 778 285 823 “ἰ“ιῑι.4“

265 807 285 829 3»

73 876 148 898 ἈΙ-ι
163 875 267 903 praeced.

48 1900 279 1957 aum

1030 168 1300 214 QUAESTIO
1330 168 1398 214 vl,

317 255 395 280 non
425 250 480 280 est
508 255 622 280 causa
658 244 879 292 privationis
918 258 995 282 non
1027 254 1151 295 potest
1189 246 1262 283 dici
1297 258 1379 283 esse

317 308 431 333 causa
458 295 554 332 illius
583 296 635 332 rei
673 298 721 334 ad
750 310 879 357 quam·
894 299 1054 357 pertinet
1090 299 1251 358 privatio
1285 298 1380 335 sicut

317 348 479 385 existens
509 348 555 384 de
577 349 720 386 ratione
742 350 881 398 speciei
900 351 1038 399 ipsius.
1067 363 1146 388 non
1174 351 1277 388 enim
1296 358 1379 400 pot-

317 407 373 437 est
401 400 473 437 dici
504 413 616 437 causa
646 403 887 450 aegritudinis
925 403 1029 452 quod
1066 416 1142 440 non
1177 412 1233 440 est
1266 416 1379 440 causa

317 453 646 502 distemperantiae
674 456 891 492 humorum.
926 457 1055 492 Potest
1083 463 1210 492 tamen
1239 456 1378 505 aliquid

315 505 387 542 dici
415 518 498 543 esse
532 518 646 543 causa
674 507 854 556 diaphani
881 508 1056 556 quamvis
1082 520 1159 544 non
1189 508 1235 545 sit
1263 521 1376 546 eausa

315 558 563 605 obscuritatis,
593 571 691 608 quae
710 573 788 597 non
809 568 864 598 est
892 560 938 597 de
958 560 1103 597 ratione
1131 561 1270 608 speciei
1299 561 1376 598 dia-

313 610 442 659 phani.
474 611 688 649 Informitas
727 620 855 649 autem
891 612 982 649 fidei
1019 625 1098 649 non
1130 613 1291 661 pertinet
1327 614 1375 651 ad

314 662 502 702 rationem
530 665 669 712 speciei
696 665 814 713 ipsius
841 665 949 702 fidei:
989 677 1077 702 cum
1105 665 1202 702 fides
1231 666 1376 703 dicatur

313 715 486 753 informis
525 725 680 766 propter
717 717 908 754 defectum
947 717 1143 754 cuiusdam
1183 719 1374 755 exterioris

312 769 470 816 formae,
491 768 586 806 sicut
610 769 751 806 dictum
772 777 827 806 est
839 769 870 806 ¹².
902 770 950 806 Et
967 769 1054 806 ideo
1075 770 1163 806 illud
1185 778 1241 807 est
1260 783 1374 807 causa

312 821 403 858 fidei
421 821 592 858 informis
621 822 726 870 quod
746 829 801 858 est
829 834 943 859 causa
965 822 1055 858 fidei
1082 822 1299 871 simpliciter
1319 823 1372 860 di-

313 881 404 910 ctae.
441 875 526 911 Hoc
546 881 674 911 autem
695 881 750 910 est
768 875 888 921 Deus,
908 882 949 911 ut
969 874 1111 911 dictum
1132 883 1188 911 est
1205 876 1236 911 *.
1263 876 1372 912 Unde

312 926 532 975 relinquitur
559 926 664 974 quod
691 927 789 963 fides
813 926 984 964 informis
1012 927 1057 964 sit
1086 927 1232 964 donum
1261 928 1345 964 Dei.

364 980 423 1016 An
451 990 588 1016 ramum
616 990 714 1016 ano
734 991 918 1017 memnon
939 980 1044 1028 quod
1071 980 1168 1017 fides
1187 980 1370 1026 informis,

312 1031 379 1067 etsi
407 1043 485 1068 non
514 1031 560 1068 sit
590 1032 758 1080 perfecta
792 1031 1009 1082 simpliciter
1039 1033 1270 1082 perfectione
1299 1033 1373 1070 vir-

308 1083 407 1131 tutis,
428 1091 484 1121 est
506 1091 635 1121 tamen
651 1083 818 1134 perfecta
837 1085 1005 1134 quadam
1024 1086 1253 1135 perfectione
1273 1098 1371 1134 quae

309 1135 446 1173 sufficit
473 1137 522 1174 ad
550 1136 640 1174 fidei
669 1136 865 1175 rationem.

360 1190 420 1226 An
447 1201 638 1228 SECUNDUM
667 1202 851 1228 met-:unum
885 1191 989 1239 quod
1018 1190 1239 1228 deformitas
1267 1197 1372 1228 actus

309 1248 366 1279 'est
384 1241 432 1279 de
452 1241 597 1291 ratione
615 1243 756 1292 speciei
775 1243 892 1296 ipsius
912 1251 1016 1280 actus
1036 1244 1247 1281 secundum
1267 1243 1372 1292 quod

309 1301 382 1348 est
393 1290 508 1332 'acffis
526 1295 696 1343 moralis,
725 1304 767 1333 ut
794 1296 943 1346 supra*
972 1295 1113 1333 dictum
1134 1305 1207 1334 est:
1238 1296 1372 1334 dicitur

275 1340 282 1351 ’
309 1343 410 1384 e'nim
434 1355 539 1385 actus
563 1349 744 1386 deformis
770 1361 841 1397 per
867 1349 1121 1398 privationem
1150 1349 1325 1386 formae
1317 1361 1372 1385 in-

308 1399 512 1460 trinsecae,
522 1413 621 1450 quae
641 1410 697 1438 est
724 1402 851 1439 debita
871 1402 1192 1438 commensuratio
1213 1402 1372 1438 circum-

307 1452 530 1490 stantiarum
558 1461 675 1503 actus.
706 1455 755 1491 Et
781 1454 869 1491 ideo
897 1466 976 1491 non
1003 1461 1129 1503 potest
1157 1454 1230 1492 dici
1259 1466 1372 1491 causa

359 1572 387 1604 ζ)
403 1573 544 1606 contingit.
561 1586 581 1592 —
597 1576 660 1598 sunt
678 1581 696 1598 a
715 1573 775 1599 Deo
792 1574 861 1598 addit
878 1574 908 1598 P.

1429 168 1723 205 ARTICULUS
1753 169 1783 204 II
2442 168 2489 203 63

1433 254 1537 282 actus
1566 246 1747 283 deformis
1767 248 1883 292 Deus,
1913 246 1976 294 qui
1996 258 2074 282 non
2095 253 2149 282 est
2178 258 2291 282 causa
2315 245 2492 281 deformi·-

1433 298 1536 335 tatis:
1575 299 1659 335 licet
1687 299 1732 335 sit
1761 311 1873 336 causa
1901 306 2005 335 actus
2034 298 2259 347 inquantum
2290 305 2344 334 est
2373 306 2489 334 actus.

1484 350 1554 387 Vel
1583 351 1787 388 dicendum
1807 351 1912 400 quod
1940 352 2159 388 deformitas
2180 363 2257 387 non
2277 351 2401 387 solum
2421 351 2490 386 irn-

1432 410 1555 452 portat
1573 403 1826 452 privationem
1848 404 1995 440 debitae
2016 405 2172 449 formae,
2190 404 2257 440 sed
2273 403 2384 439 etiam
2402 415 2490 439 con-

1431 457 1582 493 trariam
1611 456 1909 505 dispositionem.
1945 457 2056 494 Unde
2077 456 2296 493 deformitas
2316 468 2356 492 se
2375 456 2491 492 habet

1431 509 1479 546 ad
1508 517 1635 546 actum
1664 509 1757 546 sicut
1787 509 1925 546 falsitas
1953 510 2002 546 ad
2029 510 2160 546 fidem.
2203 509 2252 545 Et
2279 508 2365 545 ideo
2395 509 2490 545 sicut

1431 569 1535 598 actus
1558 561 1738 598 deformis
1759 574 1836 599 non
1856 570 1911 598 est
1931 574 1952 598 a
1972 563 2069 608 Deo,
2090 562 2139 599 ita
2158 573 2229 598 nec
2249 561 2373 609 aliqua
2391 561 2487 598 fides

1430 615 1532 651 falsa.
1562 615 1611 650 Et
1635 614 1730 651 sicut
1756 615 1851 651 fides
1870 614 2042 651 informis
2063 622 2118 651 est
2136 628 2158 651 a
2178 615 2275 660 Deo,
2305 614 2354 650 ita
2374 614 2486 650 etiam

1430 675 1534 704 actus
1563 667 1627 715 qui
1646 675 1733 703 sunt
1760 668 1851 704 boni
1866 660 1914 703 ex
1934 679 2083 715 genere,
2113 666 2290 715 quamvis
2313 679 2391 703 non
2417 666 2488 703 sint

1430 719 1580 756 caritate
1615 719 1776 766 formati,
1798 720 1890 756 sicut
1912 721 2138 769 plerumque
2170 719 2207 756 in
2227 718 2487 768 peccatoribus

1430 772 1609 819 contingit
1627 771 1650 808 ζ.

1480 826 1539 860 An
1567 836 1726 861 τειιτιυΜ
1753 837 1936 862 ῡιεεΝιιυΜ
1974 825 2077 873 quod
2106 824 2165 861 ille
2203 824 2266 873 qui
2299 824 2433 873 accipit
2465 837 2487 860 a

1428 878 1511 912 Deo
1532 876 1650 913 fidem
1669 878 1813 924 absque
1834 878 1982 914 caritate
2003 889 2080 913 non
2101 876 2316 925 simpliciter
2335 884 2487 914 sanatur

1428 929 1475 964 ab
1504 928 1739 974 infidelitate,
1770 929 1859 977 quia
1887 942 1964 967 non
1993 937 2212 966 removetur
2241 931 2350 978 culpa
2376 942 2485 978 prae-

1428 981 1593 1017 cedentis
1612 981 1859 1018 infidelitatis:
1880 983 1947 1019 sed
1966 990 2119 1019 sanatur
2150 983 2361 1019 secundum
2381 982 2484 1031 quid,

1427 1042 1468 1070 ut
1495 1033 1635 1070 scilicet
1662 1041 1783 1070 cesset
1811 1047 1833 1071 a
1861 1035 1923 1071 tali
1950 1042 2120 1084 peccato.
2150 1035 2236 1072 Hoc
2259 1043 2387 1072 autem
2415 1035 2485 1072 fre-

1426 1093 1585 1136 quenter
1600 1085 1790 1134 contingit,
1807 1087 1911 1135 quod
1931 1087 2064 1135 aliquis
2085 1087 2225 1124 desistit
2244 1087 2292 1124 ab
2307 1100 2384 1125 uno
2399 1095 2484 1125 actu

1426 1138 1582 1188 peccati,
1603 1138 1715 1176 etiam
1730 1140 1815 1176 Deo
1829 1140 1904 1176 hoc
1923 1139 2092 1187 faciente,
2109 1140 2173 1189 qui
2187 1148 2316 1177 tamen
2335 1139 2384 1177 ab
2399 1147 2484 1178 actu

1426 1191 1575 1228 alterius
1593 1191 1737 1241 peccati
1755 1205 1834 1230 non
1854 1191 2006 1240 desistit,
2026 1193 2179 1242 propria
2194 1192 2385 1242 iniquitate
2400 1205 2483 1241 sug-

1425 1251 1589 1292 gerente.
1619 1245 1668 1281 Et
1693 1257 1764 1293 per
1790 1245 1892 1282 hunc
1912 1251 1930 1272 η
1958 1246 2120 1283 modum
2151 1245 2259 1283 datur
2281 1246 2482 1294 aliquando

1426 1310 1448 1333 a
1476 1297 1560 1333 Deo
1588 1297 1732 1333 homini
1760 1298 1865 1346 quod
1890 1298 2027 1345 credat,
2057 1310 2136 1335 non
2164 1305 2292 1335 tamen
2321 1298 2430 1336 datur
2450 1299 2483 1335 ei

1427 1349 1586 1386 caritatis
1623 1351 1789 1387 donum:
1833 1351 1928 1387 sicut
1966 1350 2078 1388 etiam
2116 1350 2303 1400 aliquibus
2339 1351 2482 1400 absque

1427 1401 1578 1438 caritate
1612 1402 1720 1438 datur
1753 1403 1898 1440 donum
1929 1403 2151 1452 prophetiae
2178 1405 2239 1440 vel
2268 1403 2408 1452 aliquid
2436 1404 2483 1441 si-

1427 1453 1527 1490 mile.

1477 1578 1504 1606 η)
1523 1575 1600 1600 hunc.
1617 1588 1636 1593 -
1654 1575 1735 1599 etiam
1754 1575 1823 1599 addit
1841 1575 1868 1599 P.

981 1643 1314 1677 Commenta-ia
1337 1643 1587 1678 Oardinalis
1609 1644 1808 1677 Caietam

304 1714 371 1795 1¹11
359 1711 505 1757 articulo
521 1721 662 1760 secundo
681 1721 824 1752 eiusdem
839 1729 943 1753 sextae
962 1722 1168 1764 quaestionis,
1187 1723 1221 1753 in
1240 1733 1370 1764 respon-

336 1763 427 1800 sione
450 1766 489 1796 ad
513 1758 707 1802 secundum,
739 1765 874 1797 dubium
897 1767 1050 1803 occurrit,
1075 1767 1242 1807 quomodo
1266 1766 1370 1798 defor—

306 1808 400 1840 rffltas
421 1815 509 1841 actus
532 1810 572 1840 sit
601 1810 640 1840 de
661 1809 784 1841 ratione
807 1810 920 1852 speciei
950 1811 1051 1851 ipsius
1075 1817 1163 1842 actus
1193 1811 1367 1842 secundum

306 1852 397 1894 qued
419 1861 466 1885 est
488 1860 576 1885 actus
599 1854 740 1885 moralis.
763 1854 897 1885 Videtur
914 1855 1002 1885 enim
1023 1855 1086 1886 hoc
1101 1855 1294 1886 contrarium
1314 1856 1369 1886 do·

306 1898 425 1933 ctrinae
447 1899 537 1930 datae
558 1898 592 1929 in
614 1898 720 1930 Prima
743 1898 905 1930 Secundae
921 1897 952 1935 *,
986 1899 1039 1930 ubi
1063 1899 1183 1930 dictum
1207 1906 1254 1930 est
1280 1900 1370 1940 quod

306 1941 490 1973 deformitas
517 1942 670 1983 privativa
696 1949 784 1973 actus
814 1943 932 1983 peccati
963 1953 1028 1974 non
1056 1950 1103 1974 est
1133 1944 1172 1973 de
1194 1943 1370 1984 integritate

305 1986 421 2031 speciei
434 1986 534 2028 ipsius
552 1987 682 2027 peccati,
706 1987 761 2017 sed
780 1997 978 2029 consequens
993 1988 1032 2018 ad
1049 1988 1187 2029 speciem
1210 1987 1284 2018 mali
1300 1998 1370 2018 mo-

305 2030 388 2061 ralis.
412 2028 590 2068 Quomodo
614 2037 698 2062 stant
719 2030 796 2061 haec
818 2032 885 2062 duo
908 2030 1024 2062 simul?

304 2083 310 2086 “
360 2074 413 2105 Ad
429 2074 492 2106 hoc
510 2074 624 2108 dieitur
646 2075 735 2115 quod
756 2074 858 2106 littera
881 2085 947 2106 non
971 2075 1047 2106 dicit
1069 2075 1158 2116 quod
1181 2075 1314 2116 privatio
1329 2075 1368 2105 si-

304 2117 453 2158 gnificata
472 2127 530 2159 per
546 2118 781 2150 deformitatem
803 2119 844 2150 sit
867 2120 905 2150 de
920 2119 1042 2150 ratione
1057 2119 1172 2160 speciei
1188 2119 1370 2159 simpliciter

305 2169 337 2194 et
349 2163 504 2200 absolute,
520 2163 575 2195 sed
591 2173 666 2194 cum
682 2162 928 2201 modificatione,
952 2164 1069 2195 scilicet
1085 2170 1121 2195 ut
1134 2173 1234 2204 supra
1248 2163 1367 2194 dictum

304 2212 361 2241 est.
392 2207 471 2244 Ubi,
504 2214 634 2248 propter
656 2207 858 2239 subiunctam
882 2208 1053 2244 rationem,
1079 2208 1212 2243 scilicet,
1240 2208 1369 2238 Dicitur

305 2249 388 2281 e'nz'm
401 2256 492 2283 actus
502 2251 658 2293 deformis
664 2261 727 2291 per
732 2252 948 2292 privationem
952 2251 1089 2292 formae
1099 2253 1291 2283 intrinsecae
1298 2258 1367 2287 etc„

305 2293 384 2325 scito
411 2295 501 2336 quod
524 2295 792 2326 commensuratio
820 2296 986 2327 intrinsece
1017 2296 1120 2327 debita
1150 2296 1232 2326 actui
1256 2295 1367 2326 morali

305 2337 481 2378 duplidter,
503 2340 662 2379 quantum
683 2340 722 2370 ad
745 2339 949 2380 propositum
966 2346 1095 2380 spectat,
1118 2346 1224 2380 potest
1237 2339 1369 2370 inveniri

305 2382 413 2414 deesse
434 2382 468 2413 in
490 2388 563 2414 actu
585 2383 708 2414 morali.
733 2383 808 2414 Uno
822 2384 934 2420 modo,
953 2394 1010 2424 per
1024 2385 1160 2415 modum
1184 2393 1282 2424 purae
1304 2383 1367 2423 pri-

304 2426 453 2458 vationis:
485 2427 567 2458 sicut
597 2427 723 2458 tenebra
749 2427 908 2458 invenitur
933 2428 966 2458 in
990 2428 1150 2468 diaphano
1179 2438 1236 2467 per
1265 2427 1367 2458 solam

304 2471 479 2503 absentiam
500 2469 641 2501 luminis.
668 2471 710 2502 Et
732 2470 757 2501 si
780 2471 842 2502 hoc
865 2472 965 2502 modo
988 2471 1120 2502 inveniri
1144 2471 1368 2502 concederetur

304 2521 392 2546 actus
415 2514 544 2545 moralis
560 2514 720 2551 deformis,
745 2522 820 2546 tunc
843 2516 956 2556 procul
979 2515 1077 2546 dubio
1101 2513 1283 2545 deformitas
1305 2514 1368 2554 pri-

302 2558 405 2590 vative
429 2565 510 2590 esset
536 2559 702 2589 intrinsece
733 2559 771 2589 de
802 2559 922 2590 ratione
949 2558 1062 2599 speciei
1093 2565 1180 2589 actus
1207 2558 1368 2588 moraliter

304 2602 390 2634 mali.
414 2603 456 2634 Et
470 2602 625 2644 quonjam
641 2613 677 2633 ex
691 2602 781 2633 dictis
805 2603 838 2634 in
854 2603 961 2633 Primo
981 2603 1077 2634 Libro
1092 2601 1110 2621 *
1126 2610 1156 2633 et
1170 2602 1317 2633 Secundo
1331 2601 1366 2621 ¹⁸¹*

303 2654 390 2687 patet
411 2647 487 2678 mali
509 2646 638 2677 moralis
660 2647 798 2687 speciem
821 2647 992 2686 positivam
1011 2656 1088 2682 esse,
1112 2653 1143 2677 et
1165 2655 1231 2676 non
1249 2645 1283 2677 in
1305 2645 1366 2685 pri-

302 2691 446 2728 vatione,
475 2691 531 2721 sed
556 2691 591 2722 in
613 2690 830 2722 contrarietate
855 2691 1042 2727 consistere3
1073 2690 1146 2720 ideo
1175 2690 1227 2721 hic
1255 2699 1366 2720 sensus

302 2745 368 2766 non
392 2742 438 2766 est
460 2735 534 2766 huic
557 2735 676 2765 litterae
699 2735 894 2765 tribuendus.

357 2779 430 2810 Alio
453 2789 527 2820 ergo
551 2779 650 2809 modo
674 2779 829 2819 contingit
853 2788 909 2819 per
932 2779 1067 2809 modum
1091 2777 1274 2818 privationis
1290 2787 1364 2808 con-

301 2823 460 2864 sequentis
487 2822 675 2853 contrariam
701 2822 856 2853 formam:
890 2823 972 2853 sicut
997 2822 1127 2853 caecitas
1156 2821 1298 2862 sequitur
1326 2821 1365 2851 ad

302 2867 439 2898 formam
463 2867 651 2898 contrariam
674 2866 755 2897 visui
778 2867 828 2897 vel
852 2867 958 2897 oculo.
982 2866 1023 2896 Et
1045 2866 1106 2896 hoc
1122 2866 1220 2895 modo
1244 2865 1364 2895 dictum

301 2911 362 2942 fuit
383 2911 472 2952 quod
488 2910 671 2941 deformitas
685 2910 836 2950 privative
854 2910 1014 2941 invenitur
1032 2910 1064 2940 in
1088 2916 1159 2940 actu
1184 2909 1270 2939 malo
1290 2919 1361 2940 mo-

301 2955 413 2986 raliter.
437 2955 478 2985 Et
501 2954 614 2986 dicitur
636 2964 702 2984 esse
718 2955 758 2985 de
772 2954 894 2985 ratione
910 2953 1024 2994 speciei
1046 2960 1133 2984 actus
1150 2952 1278 2983 moralis
1297 2962 1363 2983 non

301 3006 337 3030 ut
359 2998 531 3033 differentia
553 2998 728 3035 intrinseca,
754 2999 809 3029 sed
832 3004 867 3029 ut
889 2998 995 3039 passio
1020 3007 1218 3047 consequens
1241 2997 1281 3026 ad
1303 2996 1364 3027 dif-

300 3038 468 3075 ferentium
480 3042 691 3077 intrinsecam.
714 3041 757 3073 Et
779 3041 893 3073 dicitur
907 3042 1000 3073 etiam
1024 3041 1158 3082 privatio
1181 3040 1326 3071 formae
1316 3050 1363 3071 m-

300 3086 466 3117 trinsecae:
490 3085 566 3127 quia
582 3093 628 3117 est
646 3085 780 3126 privatio
800 3085 921 3116 formae
936 3085 1120 3116 intrinsecae
1139 3084 1222 3115 actui
1238 3084 1361 3115 morali.

300 3131 341 3161 Et
364 3136 521 3171 quantum
545 3130 585 3160 ad
600 3136 797 3170 praesentem
821 3129 1040 3170 quaestionem
1064 3134 1191 3168 spectat,
1208 3128 1293 3158 idem
1317 3134 1364 3159 est

299 3174 454 3205 iudicium
487 3174 551 3204 sive
573 3173 627 3204 illa
648 3173 781 3214 privatio
805 3173 844 3204 sit
872 3174 910 3204 de
934 3173 1054 3203 ratione
1078 3172 1191 3212 speciei
1218 3178 1254 3202 ut
1277 3171 1362 3203 diffe-

300 3218 399 3250 rentia
422 3218 487 3248 sive
510 3224 547 3248 ut
568 3217 688 3258 passio:
714 3218 752 3248 ab
775 3218 889 3248 eodem
913 3217 997 3247 enim
1021 3222 1131 3256 agente
1155 3222 1239 3246 sunt.

1423 1730 1453 1754 et
1475 1723 1608 1764 planum
1632 1723 1716 1754 illius
1739 1734 1885 1761 sensum,
1909 1724 1996 1754 aliter
2018 1724 2134 1764 exponi
2155 1724 2257 1755 littera
2278 1725 2355 1756 ista:
2386 1734 2422 1757 ut
2444 1727 2483 1758 sit

1423 1777 1526 1798 sermo
1551 1777 1615 1798 non
1641 1768 1680 1798 de
1702 1768 1806 1808 specie
1829 1768 1903 1798 mali
1920 1768 2048 1799 moralis
2070 1769 2159 1808 quod
2183 1775 2228 1799 est
2250 1778 2349 1809 genus
2371 1771 2482 1810 positi-

1422 1821 1499 1842 vum
1522 1811 1554 1842 in
1578 1821 1690 1852 genere
1713 1811 1890 1852 qualitatis;
1921 1813 1975 1842 sed
1999 1812 2038 1842 sit
2061 1822 2165 1842 sermo
2195 1813 2233 1843 de
2257 1819 2327 1844 actu
2351 1814 2481 1855 quidem

1423 1855 1544 1892 morali,
1565 1862 1596 1886 et
1614 1856 1682 1886 eius
1701 1856 1804 1896 specie
1823 1856 1992 1892 moraliter,
2016 1856 2075 1886 sub
2094 1857 2180 1886 malo
2199 1857 2381 1896 simpliciter
2398 1865 2481 1889 tran-

1422 1900 1605 1930 scendenter
1619 1907 1760 1939 sumpto.
1777 1900 1818 1930 Et
1833 1907 1909 1930 tunc
1924 1907 2005 1931 esset
2014 1910 2123 1930 sensus
2134 1901 2222 1940 quod
2237 1900 2420 1932 deformitas
2436 1910 2482 1933 est

1422 1944 1587 1974 intrinsece
1600 1944 1639 1974 de
1650 1944 1771 1974 ratione
1779 1944 1894 1983 speciei
1903 1951 1991 1975 actus
2003 1944 2132 1974 moralis
2141 1944 2332 1985 inquantum
2341 1945 2360 1963 '¹'
2367 1946 2479 1978 malus.

1477 1988 1517 2018 Et
1540 1987 1694 2029 quoniam
1716 1987 1793 2018 haec
1815 1987 1980 2028 responsio
2004 1997 2069 2018 non
2093 1987 2216 2028 attingit
2238 1989 2278 2019 ad
2302 1989 2481 2021 deformita-

1422 2037 1486 2061 tem
1509 2031 1687 2071 specificam
1711 2038 1797 2062 actus
1821 2031 1948 2062 moralis
1962 2031 1980 2051 *
1995 2031 2026 2061 in
2044 2032 2173 2072 proprio
2188 2042 2301 2072 genere
2326 2043 2425 2074 usque
2442 2034 2516 2064 ad·

1422 2075 1548 2106 ultimas
1573 2075 1691 2116 species
1715 2075 1906 2115 simpliciter,
1931 2081 1966 2106 ut
1985 2085 2022 2106 ex
2037 2075 2159 2116 supra*
2174 2076 2263 2106 dictis
2282 2084 2389 2107 contra
2404 2077 2479 2108 Sco-

1422 2127 1491 2150 tum
1514 2126 1613 2159 patet;
1643 2119 1725 2150 sicut
1749 2119 1836 2150 iuxta
1863 2119 2003 2159 primum
2026 2129 2156 2150 sensum
2178 2121 2219 2150 ad
2248 2120 2480 2157 deformimtem

1421 2170 1669 2204 consequentem
1692 2163 1829 2203 speciem
1853 2164 2022 2195 deventum
2038 2170 2093 2200 est,
2118 2170 2148 2194 et
2171 2163 2353 2195 deformitas
2376 2166 2480 2206 dupli-

1422 2208 1497 2238 citer
1519 2207 1602 2238 sumi
1630 2214 1750 2247 potest,
1780 2207 1930 2248 privative
1954 2214 1983 2238 et
2007 2207 2177 2238 contrarie:
2208 2207 2281 2238 ideo
2309 2210 2479 2240 secundam

1420 2251 1540 2282 addidit
1563 2251 1802 2292 responsionem
1826 2252 1864 2282 de
1888 2251 2086 2283 deformitate
2109 2251 2261 2282 contrarie
2284 2259 2420 2294 sumpta.
2445 2254 2479 2283 ln

1420 2306 1484 2337 qua
1498 2296 1585 2326 vides
1607 2295 1775 2336 quomodo
1799 2302 1886 2326 actus
1902 2295 2076 2326 contrarius
2091 2295 2197 2326 virtuti
2216 2305 2281 2326 non
2297 2303 2343 2327 est
2365 2306 2383 2326 a
2399 2297 2478 2334 Deo,

1420 2340 1452 2370 in
1469 2349 1529 2370 suo
1545 2339 1701 2380 exemplo,
1720 2340 1802 2370 sicut
1821 2349 1878 2370 nec
1885 2339 1982 2380 falsa
1990 2339 2096 2380 fides,
2121 2349 2202 2380 quae
2217 2339 2311 2370 etiam
2327 2341 2480 2371 contrarie

1421 2384 1596 2424 opponitur
1617 2393 1708 2414 verae
1731 2382 1814 2416 fidei.
1838 2390 1875 2414 ut
1896 2390 1982 2423 patet
2004 2383 2037 2413 in
2060 2382 2086 2413 11
2109 2384 2284 2414 Periherm.
2301 2383 2319 2403 *

1475 2428 1512 2458 11.
1538 2428 1573 2458 ln
1596 2427 1803 2467 responsione
1829 2428 1868 2457 ad
1892 2427 2020 2458 tertium
2043 2427 2184 2464 eiusdem
2207 2427 2328 2458 articuli
2354 2429 2478 2459 adverte

1419 2471 1508 2511 quod
1531 2471 1604 2501 hinc
1627 2471 1723 2501 habes
1746 2471 1913 2511 quomodo
1937 2471 2048 2502 debeat
2069 2470 2200 2511 intelligi
2223 2471 2411 2502 simultanea
2432 2472 2479 2502 in-

1420 2514 1503 2545 fusio
1526 2514 1694 2544 virtutum:
1725 2514 1814 2554 quod
1844 2513 1962 2547 scilicet
1991 2514 2174 2554 intelligitur
2202 2515 2235 2544 in
2263 2525 2329 2545 esse
2355 2515 2477 2546 virtutis

1418 2557 1610 2598 simpliciter.
1634 2557 1740 2588 Habes
1759 2557 1844 2587 enim
1866 2557 1941 2588 hinc
1963 2559 2051 2598 quod
2074 2557 2151 2588 fides
2166 2558 2310 2589 informis
2333 2560 2477 2599 quando-

1418 2611 1481 2642 que
1513 2601 1605 2632 datur
1627 2612 1645 2632 a
1667 2601 1738 2631 Deo
1773 2601 1839 2632 sine
1862 2601 2004 2632 caritate:
2029 2611 2065 2631 ac
2099 2611 2156 2641 per
2188 2602 2268 2638 hoc,
2304 2603 2396 2633 datur
2424 2603 2476 2634 ille

1417 2645 1490 2676 fidei
1518 2645 1643 2676 habitus
1672 2645 1727 2686 qui
1751 2644 1818 2675 sine
1841 2645 2034 2676 caritateest
2056 2655 2128 2675 vera
2155 2645 2231 2676 fides
2258 2646 2379 2683 infusa,
2409 2657 2475 2678 non

1418 2696 1524 2720 tamen
1547 2688 1730 2729 simpliciter
1747 2688 1855 2724 virtus,
1879 2696 1915 2720 ut
1937 2695 2023 2730 patet
2046 2699 2082 2719 ex
2105 2689 2194 2720 dictis
2209 2689 2235 2719 *.
2261 2689 2345 2720 Cum
2369 2698 2475 2722 autem

1417 2732 1593 2765 infunditur
1608 2743 1671 2763 una
1686 2732 1791 2773 aliqua
1806 2732 1904 2763 virtus
1919 2732 2101 2772 simpliciter
2115 2733 2148 2762 in
2164 2743 2230 2763 esse
2246 2734 2376 2770 virtutis,
2401 2742 2476 2766 tunc

1417 2777 1512 2808 simul
1535 2787 1647 2807 omnes
1669 2776 1792 2807 virtutis
1815 2776 1940 2807 habitus
1965 2777 1998 2806 in
2021 2786 2087 2806 esse
2110 2777 2232 2807 virtutis
2254 2777 2474 2810 infunduntur.

1416 2821 1456 2851 Et
1479 2821 1536 2851 hac
1560 2820 1759 2851 distinctione
1783 2827 1908 2860 oportet
1931 2820 1977 2851 uti
2001 2827 2129 2860 propter
2146 2821 2276 2851 virtutes
2298 2831 2380 2862 quae
2403 2833 2475 2863 pos-

1417 2871 1491 2895 sunt
1513 2875 1579 2895 esse
1601 2864 1763 2894 informes.
1791 2865 1874 2894 Nam
1897 2864 1929 2893 in
1952 2864 2020 2894 aliis
2043 2873 2108 2894 non
2132 2864 2333 2904 distinguitur
2356 2875 2422 2897 esse
2446 2874 2477 2898 et

1417 2919 1483 2939 esse
1507 2909 1654 2940 virtutem
1678 2908 1871 2948 simpliciter:
1896 2918 1931 2938 ac
1954 2918 2010 2948 per
2032 2907 2104 2944 hoc,
2129 2918 2194 2938 non
2218 2908 2420 2949 distinguitur
2443 2911 2474 2940 in

1417 2953 1460 2983 eis
1483 2952 1608 2983 infundi
1631 2959 1663 2982 et
1683 2951 1808 2982 infundi
1831 2952 1863 2982 in
1889 2961 1954 2982 esse
1977 2951 2099 2983 virtutis
2122 2952 2314 2992 simpliciter.
2337 2953 2378 2983 Et
2399 2954 2475 2985 haec

1416 3003 1491 3027 nota
1514 3003 1643 3037 propter
1662 2995 1834 3036 baptizatos
1853 2996 1886 3026 in
1906 3002 2035 3036 peccato
2052 2996 2191 3032 mortali;
2216 3003 2247 3027 et
2259 3003 2389 3037 propter
2404 2998 2475 3029 hae-

1416 3040 1528 3071 reticos
1543 3040 1672 3082 quando
1689 3045 1916 3070 convertuntur
1931 3039 1970 3070 ad
1985 3039 2081 3070 fidem
2097 3049 2172 3070 cum
2187 3047 2317 3080 peccato
2338 3041 2474 3073 mortali.

1416 3083 1594 3115 infunditur
1608 3084 1764 3125 siquidem
1788 3090 1863 3114 tunc
1881 3093 1899 3114 a
1918 3083 2023 3114 divina
2041 3083 2223 3115 liberalitate
2246 3083 2324 3115 fides
2346 3085 2412 3115 sine
2429 3096 2476 3117 ca·

1414 3127 1502 3159 ritate
1526 3128 1666 3159 subiecto
1691 3127 1844 3167 disposito
1867 3127 1907 3158 ad
1929 3126 2001 3158 fidei
2026 3133 2056 3158 et
2071 3137 2137 3158 non
2153 3127 2286 3158 caritatis
2301 3129 2474 3169 susceptio-

1415 3181 1502 3203 nem:
1536 3172 1616 3202 sicut
1639 3171 1786 3202 materiae
1814 3171 1983 3211 dispositae
2007 3172 2046 3201 ad
2069 3171 2275 3202 substantiam
2298 3172 2421 3203 animae
2445 3181 2475 3204 et

1415 3226 1480 3246 non
1504 3216 1544 3246 ad
1559 3225 1654 3255 opera
1669 3215 1736 3246 eius
1752 3215 1930 3246 infunditur
1943 3215 2058 3251 anima,
2082 3223 2118 3246 ut
2141 3222 2226 3256 patet
2248 3216 2280 3245 in
2297 3217 2472 3248 amentibus

355 3263 463 3293 Potest
485 3268 592 3292 autem
620 3268 650 3292 et
673 3261 777 3297 debet,
806 3261 982 3292 secundum
1011 3260 1219 3291 intentionem
1245 3259 1363 3290 litterae
1417 3261 1455 3290 ab
1479 3266 1579 3290 utero.

1181 3385 1754 3420 -—·Q·————-“
1759 3401 1884 3404 Η
1890 3402 1966 3404 ‘ja

2509 1950 2518 1958 ·
2536 1949 2659 1970 moraliter
2681 1950 2718 1971 in—

2507 1977 2617 2002 quantum
2631 1978 2666 1997 est
2679 1976 2705 1998 P.

2531 2036 2655 2057 moraliter
2668 2036 2693 2057 P.

2508 2078 2593 2099 ·1·11·=
2606 2084 2717 2107 qumn

2507 2108 2548 2126 art.
2557 2110 2574 2131 ι,
2586 2084 2717 2128 ἐὲιιιιιιειιῐ.

2507 2137 2571 2152 num.
2587 2137 2611 2152 ιι.

2506 2387 2716 2442 liberiiiiclbapgie.

2502 2693 2576 2721 ’.Qu
2591 2699 2622 2720 tv,
2636 2698 2679 2716 art.
2692 2700 2714 2720 2,

2503 2710 2634 2742 Commen’t.
2658 2726 2681 2742 ιι.
2697 2727 2714 2747 ι,

2503 2752 2528 2772 ιι;
2532 2750 2574 2768 art.
2579 2752 2599 2774 5,
2605 2746 2643 2772 (cf.
2646 2737 2715 2768 Com-

2503 2763 2574 2794 rn'ent.
2592 2778 2614 2794 n.
2629 2779 2660 2800 iv,
2674 2776 2705 2798 v).
