2892 4056
49 399 62 411 ¹⁵
68 399 144 421 Tract-
151 398 228 421 XXVI
236 399 260 421 tn

49 425 114 447 Ioan.

50 607 141 629 'Vei-n.
156 612 189 635 23,
203 611 259 634 32.-

50 633 86 656 Cf.
105 639 156 660 cap.
172 638 259 659 xmu,

50 665 108 681 vers.
124 665 150 681 ιι.

51 765 89 795 71⁵
97 765 153 792 11¹⁸,
161 771 201 793 qu.
211 770 259 791 nx,

23 807 25 809 -
49 795 92 814 nrt.
106 797 129 819 9,
143 797 177 813 10.

14 875 17 882 ·=
50 871 61 883 ⁸
74 869 142 892 vm.
156 874 190 898 ²³·

57 3051 67 3062 “
82 3050 156 3074 &ac-
162 3049 217 3072 Tol.
224 3049 267 3076 IV,

0 3091 4 3105 ‚·
57 3082 107 3100 eeu.
121 3082 174 3100 uu.

976 165 1241 211 QUAESTIO
1269 165 1320 211 X,
1349 164 1643 202 ARTICULUS
1671 165 1757 201 VIII

287 243 401 280 citur:
430 243 490 278 De
507 241 656 291 Iudaeis
678 244 871 291 praecepit
887 248 903 271 Υ
921 249 1050 280 sancta
1078 243 1252 291 Synodus
1280 254 1341 279 ne-

287 294 381 332 mini
392 294 562 342 deinceps
575 294 627 330 ad
638 295 862 332 credendum
876 296 951 333 vim
968 297 1119 344 inferre.
1140 296 1242 343 Ergo
1261 295 1342 343 pari

287 346 431 384 ratione
459 358 529 382 nec
558 346 619 383 alii
642 346 813 385 infideles
835 357 923 386 sunt
951 349 999 386 ad
1022 348 1140 385 fidem
1169 347 1340 395 cogendi.

342 400 376 436 3.
407 399 648 445 PRAETEREA,
682 401 913 448 Augustinus
942 401 1030 438 dicit
1047 401 1067 422 *
1086 401 1192 448 quod
1220 408 1343 437 cetera

286 459 412 500 potest
437 452 557 488 homo
586 453 731 500 nolens,
751 454 903 490 credere
931 454 1080 490 nonnisi
1095 453 1234 490 volens.
1265 453 1342 489 Sed
1367 467 1369 495 ε

286 505 464 541 voluntas
493 504 576 552 cogi
603 517 682 542 non
708 513 842 554 potest.
873 507 973 553 Ergo
993 506 1142 542 videtur
1164 505 1268 553 quod
1288 505 1342 542 in-

287 557 420 594 fideles
448 568 526 593 non
554 557 626 593 sint
654 558 849 605 adlfidem
879 558 1048 604 cogendi.

339 621 376 656 4.
401 610 633 656 PRAETEREA,
661 611 798 646 Ezech.
818 621 903 646 xvm
922 610 942 631 ’¹‘
962 609 1095 647 dicitur
1114 621 1159 646 ex
1178 621 1342 658 persona
1367 621 1369 657 3

287 662 379 699 Dei:
398 661 502 699 Nolo
522 668 680 699 mortem
694 662 903 711 peccatoris
921 660 946 699 ὅ.
973 662 1049 699 Sed
1068 674 1138 699 nos
1159 662 1342 699 debemus
1368 663 1369 666 ’

286 715 523 751 voluntatem
552 723 722 752 nostram
751 715 990 752 conformare
1018 714 1184 760 divinae,
1214 723 1255 751 ut
1282 727 1342 751 su-

287 778 356 815 pra
373 767 394 788 *
412 767 555 804 dictum
585 775 651 806 est.
680 768 782 814 Ergo
812 766 925 803 etiam
953 779 1024 804 nos
1051 779 1129 803 non
1159 767 1342 804 debemus

287 820 384 856 velle
413 820 519 868 quod
546 819 718 856 infideles
746 819 977 856 occidantur.

342 872 416 908 Set>
445 882 590 909 CONTRA
616 883 683 908 EST
709 871 814 919 quod
843 871 976 909 dicitur
1004 872 1096 907 Luc.
1119 883 1179 908 Xiv
1201 871 1237 907 *ε
1266 872 1345 907 Exi

287 924 325 961 in
343 925 426 961 vias
447 930 484 960 et
506 935 635 972 saepes
652 929 688 960 et
705 923 884 972 compelle
910 924 1063 970 intrare,
1089 930 1128 960 ut
1145 923 1344 971 impleatur
1368 927 1369 930 ’

287 977 420 1014 domus
446 987 543 1013 mea.
577 975 655 1013 Sed
681 976 858 1014 homines
885 976 923 1014 in
952 977 1112 1014 domum
1140 976 1228 1023 Dei,
1249 976 1344 1013 idest

287 1029 325 1066 in
354 1028 563 1065 Ecclesiam

287 1088 375 1118 sunt
403 1081 656 1130 compellendi
685 1081 734 1118 ad
760 1081 892 1118 fidem.

340 1134 565 1170 Respommo
594 1145 777 1171 mcENDuM
810 1135 915 1182 quod
947 1134 1158 1172 infidelium
1186 1133 1343 1182 quidam

287 1193 374 1222 sunt
402 1185 466 1234 qui
486 1198 684 1235 nunquam
712 1195 960 1236 susceperunt
986 1187 1118 1233 fidem,
1139 1186 1234 1224 sicut
1253 1198 1343 1234 gen·
1368 1201 1371 1248 ᾗ

286 1237 368 1275 tiles
388 1246 425 1275 et
445 1239 584 1276 Iudaei.
611 1240 660 1276 Et
678 1241 771 1276 tales
790 1240 894 1276 nullo
914 1239 1033 1277 modo
1053 1246 1140 1276 sunt
1158 1240 1205 1276 ad
1224 1240 1342 1276 fidem
1369 1250 1371 1289 ᾗ

263 1292 560 1339 compellendi,
594 1299 637 1328 ut
664 1292 733 1340 ipsi
763 1292 936 1329 credant:
976 1294 1064 1340 quia
1093 1292 1247 1329 credere
1274 1304 1343 1329 vo-

287 1344 438 1380 luntatis
458 1352 522 1381 est.
555 1345 650 1381 Sunt
676 1353 805 1381 tamen
830 1345 1082 1394 compellendi
1108 1357 1130 1381 a
1148 1344 1342 1391 fidelibus,

288 1395 319 1433 si
352 1397 508 1433 facultas
545 1397 660 1443 adsit,
699 1405 740 1434 ut
775 1397 894 1434 fidem
930 1410 1010 1434 non
1042 1397 1252 1445 impediant
1282 1397 1344 1433 vel
1369 1410 1372 1458 Ι

288 1449 546 1497 blasphemiis,
566 1450 629 1486 vel
657 1449 766 1486 malis
793 1449 1116 1497 persuasionibus,
1140 1450 1203 1486 vel
1232 1448 1344 1486 etiam
1369 1462 1372 1503 ἱ

288 1501 426 1550 apertis
453 1501 791 1549 persecutionibus.
830 1502 878 1538 Et
909 1509 1065 1550 propter
1101 1502 1176 1538 hoc
1211 1501 1344 1538 fideles

289 1553 427 1606 Christi
445 1554 663 1601 frequenter
678 1561 810 1591 contra
827 1554 1001 1593 infideles
1017 1554 1157 1591 bellum
1172 1561 1344 1600 movent,

288 1617 368 1652 non
394 1605 551 1654 quidem
577 1613 618 1643 ut
642 1618 708 1643 eos
737 1607 786 1644 ad
815 1607 1049 1644 credendum
1077 1614 1214 1655 cogant
1242 1606 1345 1655 (quia

289 1657 320 1704 si
352 1657 464 1696 etiam
494 1657 592 1695 eost
618 1659 798 1696 vicissent
826 1667 862 1696 et
890 1660 1062 1709 captivos
1089 1660 1285 1706 haberent,
1306 1659 1345 1696 in
1371 1666 1372 1687 ³

290 1723 425 1749 eorum
443 1711 615 1749 libertate
638 1711 893 1762 relinquerent
911 1725 960 1749 an
989 1712 1142 1750 credere
1170 1712 1342 1759 vellent):

290 1763 358 1801 sed
389 1770 545 1813 propter
580 1764 656 1802 hoc
692 1773 734 1802 ut
770 1777 836 1802 eos
875 1765 1104 1814 compellant
1140 1777 1188 1802 ne
1225 1765 1373 1803 fidem}

290 1815 428 1871 Christi
455 1817 678 1865 impediant.

342 1868 416 1907 Alii
439 1881 533 1906 vero
561 1877 648 1907 sunt
675 1869 847 1907 infideles
875 1869 940 1919 qui
966 1870 1199 1919 quandoque
1226 1870 1345 1907 fidem

289 1929 536 1980 susceperunt
569 1930 606 1959 et
633 1935 719 1960 eam
754 1923 1000 1971 profitentur:
1038 1923 1134 1960 sicut
1168 1922 1345 1960 haeretici

289 1974 352 2012 vel
379 1972 611 2023 quicumque
635 1981 653 2003 η
679 1983 885 2025 apostatae.
923 1976 973 2013 Et
999 1976 1090 2013 tales
1118 1983 1204 2012 sunt
1231 1975 1346 2013 etiam

291 2026 534 2075 corporaliter
565 2028 818 2077 compellendi
845 2037 886 2066 ut
912 2027 1095 2081 impleant
1127 2027 1232 2077 quod
1259 2040 1346 2077 pro-

290 2079 475 2123 miserunt
493 2087 530 2116 et
548 2087 700 2118 teneant
719 2080 823 2130 quod
842 2081 961 2119 semel
979 2088 1238 2130 susceperunt.

342 2133 401 2172 AD
426 2144 563 2170 PRtMUM
585 2145 684 2170 ERGO
712 2145 896 2171 memnon
923 2133 1029 2183 quod
1055 2146 1125 2182 per
1152 2133 1254 2170 illam
1282 2145 1348 2170 au-

291 2184 502 2224 ctoritatem
529 2185 686 2235 quidam
717 2186 978 2224 intellexerunt
1005 2198 1088 2223 esse
1115 2185 1347 2236 prohibitam

290 2249 370 2277 non
396 2237 553 2286 quidem
581 2238 1016 2277 excommunicationem
1047 2238 1325 2276 haereticorum
1338 2267 1348 2286 ,

291 2289 360 2327 sed
378 2301 514 2327 eorum
533 2289 786 2329 occisionem:
814 2300 855 2329 ut
871 2299 975 2341 patet
997 2304 1066 2340 per
1084 2291 1348 2330 auctoritatem

293 2341 559 2390 Chrysostomi
585 2342 791 2381 inductam.
824 2344 875 2382 Et
898 2344 1150 2392 Augustinus,
1179 2344 1231 2382 ad
1262 2344 1349 2382 Vin-

361 2455 373 2488 )
386 2455 533 2488 praecepit.
549 2468 570 2475 -
583 2456 717 2488 praecipit
735 2456 766 2481 L.

383 2490 543 2522 peccatoris.
561 2503 580 2509 —
593 2491 779 2522 peccatoribus
797 2491 825 2515 P.

345 2525 368 2558 ι)
387 2525 415 2550 in
435 2525 590 2551 Ecclesiam.
606 2537 626 2545 -·
643 2526 670 2551 in
689 2526 756 2558 (om.
774 2525 814 2559 11)
833 2529 952 2551 sanctam
972 2526 1116 2552 Ecclesiam
1135 2525 1212 2550 Plxa.

345 2559 371 2593 ζ)
389 2560 414 2585 si
430 2560 511 2586 etiam
530 2567 582 2586 eos.
600 2575 620 2580 -
637 2561 661 2586 si
678 2568 722 2587 eos
740 2561 820 2586 etiam
839 2561 871 2592 G,
889 2561 969 2586 etiam
987 2561 1012 2586 si
1029 2568 1073 2586 eos
1091 2561 1144 2585 Hir.

343 2595 372 2628 η)
391 2596 432 2620 νει
449 2595 614 2629 qudcumque.
631 2610 650 2614 —
667 2600 695 2621 et
711 2596 868 2629 quicumque
886 2596 936 2626 Ga,
955 2596 998 2621 vel
1015 2595 1173 2629 quandoque
1191 2595 1219 2619 P.

291 2668 319 2691 a
335 2628 370 2690 ¹2)
387 2631 522 2671 cuiusque.
538 2644 562 2691 -ι
574 2632 760 2691 ειιίιιεὶιιηιᾳιιι
774 2631 875 2656 codices
894 2636 919 2656 et
935 2638 953 2655 a
959 2639 968 2661 ,-
985 2639 1033 2663 pro
1048 2634 1074 2656 et
1087 2630 1214 2659 munibus,
1229 2630 1350 2656 omnibus

299 2693 302 2695 ,
362 2672 371 2696 ;
389 2673 503 2698 primum
522 2673 552 2691 ve
579 2674 632 2691 om.
672 2673 699 2691 a.

345 2700 365 2733 t)
383 2703 563 2733 susceperunt.
580 2715 599 2720 —
615 2704 775 2733 acceperunt
792 2702 839 2726 Pa.

344 2735 372 2768 ιι)
390 2743 442 2762 nou
460 2740 549 2762 sunt...
561 2736 656 2769 fldem.
672 2750 692 2756 -
709 2736 771 2762 Om.
783 2736 969 2768 ABFHpCEK,
989 2743 1040 2761 non
1053 2736 1107 2765 GL,
1127 2742 1179 2760 non
1197 2738 1262 2760 sunt
1278 2742 1349 2761 com-

287 2771 408 2804 pellendi
422 2771 447 2797 si
464 2774 554 2796 autem
567 2774 740 2804 susceperunt
751 2771 834 2806 fidem
848 2771 908 2796 DsE
927 2777 952 2796 et
970 2779 996 2802 R,
1011 2779 1063 2796 non
1081 2774 1144 2796 sunt
1160 2770 1198 2795 ad
1208 2771 1294 2803 fidem
1305 2778 1349 2796 co-

588 1033 622 1074 ‘,
660 1029 797 1066 intrant
829 1041 899 1077 per
929 1029 1059 1066 fidem.
1099 1029 1200 1076 Ergo
1230 1028 1343 1077 aliqui
1368 1037 1370 1042 ’

2397 165 2446 211 89

1395 295 1506 331 tentia
1543 301 1643 341 erat,
1682 296 1867 332 neminem
1905 295 1956 332 ad
1992 295 2168 331 unitatem
2206 294 2343 330 Christi
2373 307 2450 331 esse

1395 347 1618 396 cogendum,
1637 349 1751 384 verbo
1779 359 1857 384 esse
1883 347 2086 397 agendum,
2113 347 2357 394 disputatione
2377 359 2448 394 pu-

1367 435 1369 438 ,
1394 400 1602 450 gnandum.
1633 401 1706 436 Sed
1721 401 1814 437 haec
1833 400 1956 448 opinio
1982 411 2066 436 mea
2094 411 2168 436 non
2197 399 2449 436 contradicen-

1367 444 1369 465 '
1395 453 1486 489 tium
1505 453 1638 497 verbis,
1658 453 1723 489 sed
1748 452 2080 490 demonstrantium
2107 457 2306 500 superatur
2323 463 2449 488 exem-

1389 505 1475 553 plis.
1505 506 1652 554 Legum
1681 506 1779 541 enim
1807 511 1930 542 terror
1953 506 2002 541 ita
2024 505 2171 553 profuit
2200 510 2239 541 ut
2264 504 2372 540 multi
2397 504 2449 541 di-

1367 565 1369 589 Ι
1396 563 1502 594 cant:
1534 558 1685 594 Gratias
1704 558 1880 603 Domino,
1901 559 1965 606 qui
1982 557 2131 594 vincula
2156 562 2283 594 nostra
2301 557 2448 605 dirupit.

1395 675 1499 699 scere
1529 675 1649 710 usque
1673 663 1721 700 ad
1742 675 1909 699 messem
1932 679 1965 709 ι»,
1990 663 2147 711 qualiter
2169 661 2450 710 intelligendum

1367 740 1369 768 ;
1396 715 1442 752 sit
1460 723 1618 763 apparet
1637 727 1682 751 ex
1701 716 1775 751 hoc
1795 715 1901 762 quod
1920 715 2110 752 subditur:
2134 731 2152 748 α
2171 716 2232 751 Νε
2252 715 2359 761 forte,
2376 715 2451 751 col·-

1394 767 1548 815 ligentes
1577 768 1736 813 zizania,
1766 767 1962 804 eradicetis
1989 768 2101 804 simul
2130 779 2217 803 cum
2247 767 2298 803 eis
2328 775 2363 804 et
2390 767 2451 804 tri-

1367 853 1369 868 !
1395 819 1511 856 ticum
1531 835 1563 855 ».
1591 821 1660 856 Uln
1687 820 1776 856 satis
1804 820 1968 865 ostendit,
1989 820 2083 856 sicut
2106 820 2335 867 Augustinus
2365 819 2452 856 dicit

1396 870 1556 921 (Contra
1571 872 1685 919 Epist.
1702 872 1932 917 Parmen.*),
1949 883 2033 908 cum
2054 877 2171 908 metus
2189 873 2254 908 iste
2275 884 2348 908 non
2367 873 2452 908 sub-

1396 930 1459 969 est,
1479 924 1570 960 idest
1600 925 1749 971 quando
1778 925 1829 960 ita
1857 925 2033 972 cuiusque
2051 923 2064 944 θ
2083 925 2223 961 crimen
2245 930 2371 961 notum
2401 930 2454 961 est

1368 996 1369 1016 ι
1396 982 1430 1012 et
1457 976 1628 1012 omnibus
1652 976 1862 1013 execrabile
1879 982 2036 1024 apparet
2054 982 2092 1012 ut
2113 977 2174 1013 vel
2199 977 2318 1014 nullos
2341 989 2451 1025 pror-

1395 1041 1468 1074 sus,
1489 1028 1546 1064 vel
1575 1040 1648 1064 non
1669 1029 1758 1065 tales
1777 1030 1912 1065 habeat
1932 1030 2143 1077 defensores
2164 1041 2236 1077 per
2253 1041 2344 1077 quos
2367 1042 2452 1077 pos—

1368 1119 1370 1125 ,
1395 1082 1441 1117 sit
1466 1081 1627 1117 schisma
1655 1082 1882 1130 contingere,
1908 1093 1981 1118 non
2010 1083 2174 1118 dormiat
2197 1083 2372 1118 severitas
2399 1083 2452 1118 di-

1395 1133 1585 1182 sciplinae.

1449 1188 1508 1222 AD
1536 1197 1726 1223 SECUNDUM
1752 1182 1935 1223 mcEN'DUM
1968 1186 2073 1234 quod
2102 1186 2251 1232 Iudaei,
2290 1187 2319 1223 si
2348 1187 2450 1223 nullo

1398 1239 1516 1275 modo
1546 1246 1794 1286 susceperunt
1813 1245 1819 1259 ‘
1839 1238 1970 1285 fidem,
1994 1251 2073 1275 non
2102 1247 2188 1275 sunt
2216 1239 2375 1286 cogendi
2404 1239 2452 1275 ad

1397 1291 1527 1328 fidem.
1559 1291 1598 1327 Si
1627 1299 1754 1327 autem
1784 1299 2031 1340 susceperunt
2058 1292 2174 1328 fidem
2193 1297 2224 1338 ²,
2245 1297 2389 1339 oportet
2416 1298 2455 1327 ut

1387 1343 1507 1391 fidem
1535 1343 1749 1380 necessitate
1776 1350 1963 1393 cogantur
1990 1344 2169 1381 retinere.-
2202 1344 2295 1380 sicut
2323 1344 2360 1380 in
2390 1356 2452 1380 eo·

1399 1396 1486 1432 dem
1517 1396 1679 1444 capitulo
1710 1396 1854 1432 dicitur.

1450 1449 1510 1484 An
1537 1459 1695 1485 TERTmM
1734 1460 1915 1485 DICENDUM
1950 1449 2075 1496 quod,
2114 1449 2208 1484 sicut
2234 1460 2370 1485 vovere
2402 1454 2456 1485 est

1397 1500 1606 1546 voluntatis,
1628 1501 1782 1536 reddere
1804 1507 1928 1537 autem
1954 1507 2008 1537 est
2030 1501 2250 1537 necessitatis
2269 1501 2301 1546 *,
2322 1501 2371 1537 ita
2391 1513 2452 1536 ac-

1399 1552 1524 1601 cipere
1553 1553 1670 1590 fidem
1701 1560 1755 1589 est
1781 1553 1997 1600 voluntatis,
2018 1553 2085 1589 sed
2105 1561 2234 1590 tenere
2253 1553 2329 1589 iam
2349 1565 2454 1589 acce·
2506 1574 2510 1578 -

1370 1613 1372 1642 ἓ
1398 1612 1502 1653 ptam
1536 1603 1550 1626 λ
1584 1613 1639 1642 est
1674 1605 1916 1643 necessitatis.
1956 1607 2005 1642 Et
2031 1605 2118 1642 ideo
2155 1605 2332 1642 haeretici
2369 1613 2456 1642 sunt

1370 1649 1372 1664 ¹
1400 1657 1652 1706 compellendi
1688 1666 1730 1694 ut
1763 1659 1882 1695 fidem
1919 1666 2081 1695 teneant.
2119 1658 2220 1694 Dicit
2247 1658 2349 1694 enim
2376 1660 2454 1694 Au-

1370 1692 1373 1745 l
1399 1711 1579 1770 gusdnus,
1600 1711 1651 1747 ad
1667 1711 1908 1759 Bonifacium
1933 1711 2113 1748 Comitem
2132 1711 2168 1747 ²¹²:
2198 1711 2272 1748 Ubi
2287 1716 2342 1747 est
2357 1711 2490 1759 quod·

1399 1763 1458 1800 isti
1493 1764 1660 1800 clamare
1696 1770 1985 1800 consueverunt.-
2021 1779 2040 1796 ‘a
2070 1764 2248 1800 Liberum
2286 1769 2340 1799 est
2376 1775 2456 1800 cre-

1371 1839 1374 1866 5
1399 1816 1487 1852 dere
1513 1816 1573 1852 vel
1600 1828 1673 1853 non
1693 1816 1862 1853 credere.-
1889 1817 1951 1853 cui
1971 1817 2048 1853 vim
2077 1817 2242 1853 Christus
2265 1815 2413 1852 intulit?
2435 1831 2453 1849 >

1399 1869 1653 1918 Agnoscant'
1638 1881 1675 1905 m
1694 1869 1814 1906 Paulo
1827 1870 1936 1917 prius
1954 1874 2148 1918 cogentem
2167 1875 2184 1897 μ
2214 1868 2399 1905 Christum
2424 1875 2460 1904 et

1395 1927 1525 1969 postea
1552 1922 1755 1958 docentem.

1453 1976 1512 2010 Αι)
1533 1985 1705 2016 QUARTUM
1720 1985 1902 2011 DlCENDUM
1922 1974 2040 2022 quod,
2056 1973 2151 2010 sicut
2164 1973 2203 2010 in
2223 1973 2359 2010 eadem
2380 1973 2458 2022 epi-

1401 2027 1496 2063 stola
1515 2026 1535 2047 ’¹‘
1553 2026 1786 2074 Augustinus
1802 2029 1816 2047 ν’
1834 2026 1933 2073 dicit,
1954 2026 2077 2066 nullus
2096 2032 2262 2063 nostrum
2285 2026 2366 2062 vult
2390 2025 2456 2062 ali-
2486 2026 2493 2033 '

1401 2090 1510 2127 quem
1537 2080 1766 2116 haereticum
1798 2080 1937 2128 perire.
1975 2079 2048 2115 Sed
2074 2079 2183 2115 aliter
2215 2090 2290 2115 non
2323 2079 2459 2115 meruit

1400 2132 1539 2169 habere
1563 2143 1700 2180 pacem
1728 2132 1860 2168 domus
1886 2131 2029 2177 David,
2058 2132 2130 2168 nisi
2154 2131 2333 2168 Absalom
2349 2131 2458 2179 filius

1401 2185 1479 2221 eius
1507 2185 1544 2221 in
1573 2184 1667 2221 bello
1695 2185 1796 2233 quod
1821 2190 1951 2222 contra
1972 2189 2123 2232 patrem
2150 2184 2307 2233 gerebat
2318 2184 2460 2231 fuisset

1401 2237 1595 2275 extinctus.
1624 2238 1686 2274 Sic
1711 2237 1880 2274 Ecclesia
1913 2236 2121 2283 Catholica,
2151 2236 2184 2273 si
2209 2234 2219 2261 ἕ
2245 2236 2458 2285 aliquorum

1395 2290 1606 2338 perditione
1631 2295 1771 2327 ceteros
1796 2290 1948 2340 colligit,
1972 2289 2139 2327 dolorem
2164 2289 2326 2326 materni
2351 2295 2462 2326 sanat

1401 2343 1523 2380 cordis
1549 2349 1739 2380 tantorum
1766 2343 1982 2380 liberatione
2002 2342 2244 2391 populorum.

1402 2455 1486 2488 gendi
1502 2455 1550 2481 sed
1567 2456 1591 2480 si
1608 2459 1778 2488 susceperunt
1790 2455 1873 2488 fidem
1892 2455 1937 2485 sK,
1953 2462 2004 2480 uon
2022 2458 2085 2480 sunt
2093 2445 2215 2488 ‘cogendi
2231 2455 2269 2480 ad
2274 2454 2358 2488 fidem
2377 2454 2401 2479 si
2411 2462 2460 2479 au-

1403 2492 1455 2514 tem
1469 2490 1549 2521 prius
1561 2490 1644 2523 fldem
1661 2490 1750 2522 gratis
1773 2493 1944 2521 susceperunt
1962 2497 2014 2514 non
2032 2490 2118 2515 coacti
2135 2490 2248 2523 cogendi
2270 2493 2332 2514 sunt
2350 2487 2460 2522 (omisso

1402 2524 1518 2558 oportet)
1537 2525 1557 2555 1,
1570 2525 1642 2549 nullo
1660 2525 1740 2550 modo
1757 2528 1819 2550 sunt
1837 2524 1950 2557 cogendi
1967 2524 2096 2557 adfidem
2109 2525 2134 2550 si
2150 2529 2240 2550 autem
2253 2527 2412 2556 acceperunt
2422 2524 2459 2556 fl-

1403 2560 1593 2627 dml)p5mere
1611 2595 1665 2619 iam
1681 2597 1861 2626 acceptam-
1874 2597 1939 2626 post
1957 2594 2145 2626 susceptionem
2164 2594 2272 2619 credere
2290 2594 2312 2624 1;
2332 2594 2385 2618 iam
2405 2602 2459 2620 om.

1402 2631 1432 2659 Β
1451 2631 1686 2699 azazenam.-
1666 2667 1900 2696 —persequentem
1918 2664 1962 2693 sA,
1983 2667 2156 2697 cognoscente
2174 2662 2211 2696 (ει
2229 2664 2352 2697 docente)
2372 2664 2403 2695 1),
2416 2671 2459 2689 co-

1401 2703 1569 2733 gnoscentem
1589 2699 1666 2724 ceteri
1685 2705 1711 2724 et
1728 2699 1781 2728 Pa,·
1799 2707 1846 2731 pro
1868 2698 2000 2723 Giristum
2019 2702 2052 2729 et,
2072 2702 2099 2724 et
2119 2698 2252 2724 Gir-istum
2271 2699 2299 2723 P.

1455 2735 1478 2767 ν)
1497 2735 1670 2768 Augustinus.
1687 2748 1706 2753 -
1722 2707 1865 2766 Apostzlus
1878 2733 2135 2774 :ABEFHILpCGKn
2152 2738 2177 2758 et
2194 2741 2221 2759 x.

1456 2769 1480 2802 Ε)
1498 2770 1567 2796 ³12—
1585 2770 1610 2794 in
1630 2770 1683 2800 ΒΚ,
1702 2777 1755 2794 om.
1774 2770 1840 2802 Apu,
1858 2769 1883 2794 si
1900 2776 1938 2793 ex
1956 2769 2002 2793 Pa.

961 2842 1293 2875 Commentaria
1313 2841 1565 2874 Oardjnalis
1588 2841 1788 2873 Caietam

321 2921 342 2942 n
365 2910 496 2943 articulo
520 2918 634 2943 octavo
657 2911 800 2942 eiusdem
829 2911 1022 2953 quaestionis
1053 2911 1187 2942 dubium
1211 2911 1349 2942 occurrit

294 2923 359 2986 Iex
381 2955 488 2992 Scoto‚
511 2955 545 2985 in
568 2955 701 2993 Quarto,
726 2955 796 2987 dist.
813 2966 853 2992 xv,
871 2965 925 2996 qu.
941 2955 1010 2992 ult„
1035 2955 1179 2986 credente
1197 2955 1287 2996 quod
1301 2964 1348 2986 re-

291 2999 404 3039 ligiose
424 2998 512 3030 fieret
535 2998 561 3029 si
582 2998 724 3030 infideles
746 3006 933 3039 cogerentur
955 3010 973 3030 ιι
995 2999 1190 3040 principibus
1212 2997 1306 3029 minis
1321 3005 1352 3030 et

292 3043 463 3075 terroribus
485 3043 526 3073 ad
547 3042 654 3074 fidem.
673 3043 762 3074 Tum
783 3043 860 3084 quie
881 3043 914 3074 in
936 3042 1083 3074 Concilio
1102 3043 1261 3073 Toletano
1271 3041 1300 3078 ³,
1316 3049 1352 3074 ut

292 3087 425 3118 habetur
446 3096 506 3117 ην
529 3086 610 3123 dist„
634 3096 702 3118 can.
716 3087 768 3118 De
789 3086 930 3125 Iudaeis,
950 3087 1154 3118 commendat
1168 3086 1351 3118 Sisebutum

293 3130 603 3171 principem,vocans
615 3140 690 3161 eum
701 3130 976 3172 religiosissimum
988 3130 1022 3161 in
1036 3129 1198 3162 coactione
1208 3130 1250 3160 ad
1261 3129 1350 3162 Chri÷

293 3173 492 3206 stianitatem.
515 3174 682 3214 Approbat
704 3183 779 3214 ergo
803 3183 878 3205 eum
900 3174 1041 3215 synodus
1059 3180 1212 3215 tanquam
1227 3173 1351 3214 religio-

294 3227 367 3249 sum
389 3217 423 3249 in
445 3218 516 3248 hoc.
532 3234 552 3240 -
567 3217 655 3248 Tum
676 3217 761 3258 quie,
783 3217 857 3249 dato
876 3218 965 3259 quod
989 3217 1059 3249 ficte
1085 3224 1348 3254 converterentur,

294 3262 397 3293 maius
419 3261 542 3292 malum
563 3267 611 3292 est
632 3260 812 3292 infidelibus
834 3271 927 3302 posse
949 3261 1045 3292 libere
1066 3261 1169 3301 legem
1184 3270 1276 3292 suam
1289 3261 1350 3292 iui-

295 3306 389 3337 citam
411 3315 531 3336 servare
555 3315 653 3346 quam
684 3315 750 3335 non
774 3315 867 3345 posse
889 3315 960 3335 eam
985 3305 1117 3346 impune
1149 3315 1279 3336 servare.
1303 3308 1350 3336 Ac

294 3360 350 3391 per
373 3350 444 3386 hoc,
469 3350 612 3390 cogendo
632 3359 686 3380 eos
709 3349 749 3379 ad
764 3348 870 3385 fidem,
889 3348 943 3379 fiet
957 3348 1063 3380 minus
1079 3349 1247 3380 malumoe
1262 3350 1350 3380 Tum

295 3394 370 3435 quia
392 3394 502 3424 saltem
524 3392 580 3423 filii
604 3402 732 3429 eorum,
756 3392 782 3422 si
805 3393 885 3423 bene
907 3393 1128 3430 educarentur,
1151 3392 1184 3423 in
1207 3393 1296 3424 tertia
1319 3400 1350 3424 et

295 3443 406 3479 quarta
428 3437 579 3478 progenie
603 3443 706 3467 essent
726 3446 798 3467 vere
820 3435 939 3467 fideles.

438 3498 547 3523 Sum:
565 3497 667 3523 Τιιιοι.
685 3497 716 3522 D.
730 3497 844 3522 Τιιοιιᾼιι
862 3496 894 3521 Τ.
910 3497 940 3521 V.

1459 2911 1496 2942 11.
1519 2912 1570 2941 Ad
1594 2910 1782 2941 evidentiam
1805 2910 1910 2946 huius,
1934 2909 2008 2950 quia
2023 2909 2146 2940 videtur
2168 2909 2282 2940 habere
2298 2919 2457 2951 sequaces,

1403 2955 1567 2986 sciendum
1588 2961 1634 2985 est
1649 2954 1746 2995 quod,
1764 2963 1838 2984 cum
1857 2953 1954 2984 timor
1968 2953 2092 2984 minuat
2110 2953 2266 2984 rationem
2278 2953 2458 2990 voluntarii,

1403 2999 1482 3029 adeo
1507 3006 1542 3030 ut
1565 3009 1600 3029 ea
1623 3007 1706 3039 quae
1729 3007 1765 3028 ex
1786 2997 1901 3028 timore
1922 2997 2012 3034 fiunt,
2029 2997 2102 3028 licet
2123 2997 2186 3028 sint
2207 2997 2389 3038 simpliciter
2403 3008 2459 3028 vo-

1401 3043 1546 3079 luntario,
1563 3048 1637 3073 sunt
1651 3041 1893 3083 quodammodo
1916 3041 2136 3077 involuntaria,
2153 3048 2184 3072 et
2199 3041 2294 3072 mixta
2307 3048 2460 3072 vocentur

1403 3093 1434 3118 et
1445 3087 1520 3123 sint;
1542 3094 1573 3118 et
1591 3087 1676 3126 apud
1691 3086 1869 3126 theologos,
1885 3095 1967 3126 quae
1987 3095 2024 3116 ex
2039 3085 2153 3116 timore
2171 3085 2274 3116 servili
2288 3084 2370 3117 fiunt
2389 3086 2457 3116 abs-

1402 3140 1465 3171 que
1489 3131 1613 3161 caritate
1637 3129 1728 3166 fiant3
1753 3136 1783 3160 et
1805 3129 1891 3170 apud
1913 3129 2048 3160 morales
2072 3129 2192 3160 dicatur
2213 3129 2302 3170 quod
2324 3129 2460 3159 oderunt

1401 3183 1529 3214 peccare
1551 3174 1627 3204 mali
1643 3173 1812 3204 formidine
1835 3181 1970 3213 poenae:
1995 3182 2191 3214 consequens
2216 3179 2262 3203 est
2277 3179 2313 3203 ut
2336 3172 2456 3203 coactio

1402 3218 1582 3258 principum
1612 3217 1706 3248 minis
1730 3223 1760 3247 et
1781 3216 1951 3247 terroribus
1973 3217 2014 3246 ad
2036 3217 2269 3257 susceptionem
2295 3215 2369 3246 fidei
2391 3225 2457 3246 non

1402 3262 1443 3292 ad
1465 3262 1676 3292 voluntariam
1698 3260 1847 3296 omnino,
1872 3261 1927 3291 sed
1949 3260 2100 3291 serviliter
2119 3260 2329 3291 voluntariam
2353 3260 2457 3290 termi-

1402 3313 1509 3342 netur;
1533 3316 1569 3336 ac
1592 3315 1647 3346 per
1666 3305 1726 3335 hoc
1749 3304 1789 3335 ad
1807 3303 2014 3344 sacrilegium.
2032 3322 2053 3327 -
2068 3304 2109 3334 Et
2123 3310 2207 3335 tenet
2221 3304 2296 3334 haec
2319 3303 2455 3343 sequela,

1402 3349 1477 3390 quia
1495 3349 1652 3390 suscipere
1675 3355 1868 3379 sacramenta
1889 3348 1962 3378 fidei
1986 3347 2135 3378 serviliter
2158 3354 2203 3378 est
2232 3347 2457 3378 contumeliam

1402 3392 1514 3424 inferre
1534 3392 1743 3424 sacramentis.
1761 3391 1902 3422 -Prima
1924 3398 2031 3422 autem
2057 3391 2183 3432 sequela
2203 3398 2288 3431 petet
2309 3400 2346 3421 ex
2368 3400 2455 3421 com-

1403 3436 1493 3467 muni
1516 3437 1686 3467 hominum
1709 3435 1838 3467 ratione.
1866 3435 2062 3466 Rationabile
2086 3435 2203 3475 quippe
2226 3441 2288 3471 est,
2317 3441 2347 3465 et
2367 3441 2403 3465 ut
2424 3434 2456 3464 in

2286 3502 2314 3519 12

1366 243 1554 279 centium
1573 242 1610 289 ²¹²,
1641 242 1688 279 de
1717 255 1757 279 se
1786 242 1894 279 dicit:
1921 243 2033 278 Haec
2055 242 2229 289 primitus
2257 253 2340 278 mea
2367 254 2449 278 sen-
2474 248 2509 269 E
2526 248 2684 300 it·x<31113213

1396 600 1512 657 Quod
1534 622 1621 657 ergo
1645 610 1834 647 Dominus
1855 610 1985 656 dicit*‚
2013 625 2032 643 α
2047 609 2162 647 Sinite
2185 617 2344 658 utraque
2374 621 2451 646 cre·
2479 616 2684 644 &Loccit--venso-

2479 883 2487 890 ·
2493 878 2545 901 Lib.
2556 880 2595 906 111,
2606 886 2656 907 cap.
2662 886 2686 901 ιι.

2483 1508 2489 1514 ·
2511 1505 2588 1526 Gloss.
2607 1505 2690 1527 Lomb.

2481 1532 2504 1552 in
2512 1532 2549 1553 Ρε.
2556 1538 2623 1557 mv,
2632 1537 2690 1553 ven.

2482 1714 2547 1766 31Εᾶ.
2556 1714 2690 1739 CLXXXV,

2558 1746 2651 1767 cnp.v1.
