<?xml version="1.0" encoding="UTF-8"?>
<!DOCTYPE html PUBLIC "-//W3C//DTD XHTML 1.0 Transitional//EN"
    "http://www.w3.org/TR/xhtml1/DTD/xhtml1-transitional.dtd">
<html xmlns="http://www.w3.org/1999/xhtml" xml:lang="en" lang="en">
 <head>
  <title>
</title>
<meta http-equiv="Content-Type" content="text/html;charset=utf-8" />
  <meta name='ocr-system' content='tesseract 3.04.00' />
  <meta name='ocr-capabilities' content='ocr_page ocr_carea ocr_par ocr_line ocrx_word'/>
</head>
<body>
  <div class='ocr_page' id='page_1' title='image "./operaomniaiussui08thom/operaomniaiussui08thom_0213.png"; bbox 0 0 2892 4056; ppageno 0'>
   <div class='ocr_carea' id='block_1_1' title="bbox 72 230 1350 2391">
    <p class='ocr_par' dir='ltr' id='par_1_1' title="bbox 277 230 1349 754">
     <span class='ocr_line' id='line_1_1' title="bbox 340 230 1348 281; baseline 0.001 -13"><span class='ocrx_word' id='word_1_1' title='bbox 340 231 566 268; x_wconf 60' lang='lat' dir='ltr'>Respounso</span> <span class='ocrx_word' id='word_1_2' title='bbox 594 230 777 267; x_wconf 72' lang='grc' dir='ltr'>οιεΕΝῡύΜ</span> <span class='ocrx_word' id='word_1_3' title='bbox 815 231 921 278; x_wconf 90' lang='lat' dir='ltr'>quod</span> <span class='ocrx_word' id='word_1_4' title='bbox 958 232 1138 279; x_wconf 80' lang='lat' dir='ltr'>Magister</span> <span class='ocrx_word' id='word_1_5' title='bbox 1174 244 1348 281; x_wconf 91' lang='lat' dir='ltr'>perscru-</span> 
     </span>
     <span class='ocr_line' id='line_1_2' title="bbox 285 282 1346 332; baseline 0.003 -13"><span class='ocrx_word' id='word_1_6' title='bbox 285 289 388 319; x_wconf 83' lang='lat' dir='ltr'>tatur</span> <span class='ocrx_word' id='word_1_7' title='bbox 412 282 511 318; x_wconf 90' lang='lat' dir='ltr'>hanc</span> <span class='ocrx_word' id='word_1_8' title='bbox 539 283 805 331; x_wconf 90' lang='lat' dir='ltr'>quaestionem</span> <span class='ocrx_word' id='word_1_9' title='bbox 834 283 871 320; x_wconf 92' lang='lat' dir='ltr'>in</span> <span class='ocrx_word' id='word_1_10' title='bbox 899 294 971 320; x_wconf 85' lang='lat' dir='ltr'>xvn</span> <span class='ocrx_word' id='word_1_11' title='bbox 1000 285 1084 321; x_wconf 91' lang='lat' dir='ltr'>dist.</span> <span class='ocrx_word' id='word_1_12' title='bbox 1106 286 1119 321; x_wconf 92' lang='lat'>1</span> <span class='ocrx_word' id='word_1_13' title='bbox 1150 285 1213 322; x_wconf 90' lang='lat' dir='ltr'>lib.</span> <span class='ocrx_word' id='word_1_14' title='bbox 1234 285 1346 332; x_wconf 64' lang='lat' dir='ltr'>Sem„</span> 
     </span>
     <span class='ocr_line' id='line_1_3' title="bbox 277 332 1348 389; baseline 0.003 -18"><span class='ocrx_word' id='word_1_15' title='bbox 277 332 323 389; x_wconf 39' lang='lat' dir='ltr'>[ef</span> <span class='ocrx_word' id='word_1_16' title='bbox 341 333 448 386; x_wconf 86' lang='lat' dir='ltr'>ponit</span> <span class='ocrx_word' id='word_1_17' title='bbox 466 335 573 383; x_wconf 89' lang='lat' dir='ltr'>quod</span> <span class='ocrx_word' id='word_1_18' title='bbox 602 335 734 372; x_wconf 88' lang='lat' dir='ltr'>caritas</span> <span class='ocrx_word' id='word_1_19' title='bbox 762 347 842 373; x_wconf 91' lang='lat' dir='ltr'>non</span> <span class='ocrx_word' id='word_1_20' title='bbox 871 344 926 373; x_wconf 91' lang='lat' dir='ltr'>est</span> <span class='ocrx_word' id='word_1_21' title='bbox 953 336 1092 386; x_wconf 90' lang='lat' dir='ltr'>aliquid</span> <span class='ocrx_word' id='word_1_22' title='bbox 1121 345 1290 374; x_wconf 91' lang='lat' dir='ltr'>creatum</span> <span class='ocrx_word' id='word_1_23' title='bbox 1309 337 1348 374; x_wconf 90' lang='lat' dir='ltr'>in</span> 
     </span>
     <span class='ocr_line' id='line_1_4' title="bbox 286 386 1347 437; baseline 0.003 -12"><span class='ocrx_word' id='word_1_24' title='bbox 286 386 434 434; x_wconf 78' lang='lat' dir='ltr'>anima,</span> <span class='ocrx_word' id='word_1_25' title='bbox 473 388 541 424; x_wconf 90' lang='lat' dir='ltr'>sed</span> <span class='ocrx_word' id='word_1_26' title='bbox 579 396 635 425; x_wconf 91' lang='lat' dir='ltr'>est</span> <span class='ocrx_word' id='word_1_27' title='bbox 671 389 751 437; x_wconf 89' lang='lat' dir='ltr'>ipse</span> <span class='ocrx_word' id='word_1_28' title='bbox 791 388 950 437; x_wconf 90' lang='lat' dir='ltr'>Spiritus</span> <span class='ocrx_word' id='word_1_29' title='bbox 979 391 1139 426; x_wconf 91' lang='lat' dir='ltr'>Sanctus</span> <span class='ocrx_word' id='word_1_30' title='bbox 1177 398 1347 428; x_wconf 88' lang='lat' dir='ltr'>mentem</span> 
     </span>
     <span class='ocr_line' id='line_1_5' title="bbox 285 439 1348 490; baseline 0.004 -15"><span class='ocrx_word' id='word_1_31' title='bbox 285 439 510 476; x_wconf 84' lang='lat' dir='ltr'>inhabitans.</span> <span class='ocrx_word' id='word_1_32' title='bbox 542 440 626 476; x_wconf 89' lang='lat' dir='ltr'>Nec</span> <span class='ocrx_word' id='word_1_33' title='bbox 655 449 711 477; x_wconf 93' lang='lat' dir='ltr'>est</span> <span class='ocrx_word' id='word_1_34' title='bbox 730 454 798 478; x_wconf 91' lang='lat' dir='ltr'>sua</span> <span class='ocrx_word' id='word_1_35' title='bbox 817 441 973 478; x_wconf 90' lang='lat' dir='ltr'>intentio</span> <span class='ocrx_word' id='word_1_36' title='bbox 1002 443 1107 490; x_wconf 91' lang='lat' dir='ltr'>quod</span> <span class='ocrx_word' id='word_1_37' title='bbox 1132 442 1200 479; x_wconf 92' lang='lat' dir='ltr'>iste</span> <span class='ocrx_word' id='word_1_38' title='bbox 1220 451 1348 480; x_wconf 90' lang='lat' dir='ltr'>motus</span> 
     </span>
     <span class='ocr_line' id='line_1_6' title="bbox 286 492 1349 544; baseline 0.004 -16"><span class='ocrx_word' id='word_1_39' title='bbox 286 492 496 529; x_wconf 85' lang='lat' dir='ltr'>dilectionis</span> <span class='ocrx_word' id='word_1_40' title='bbox 523 504 602 541; x_wconf 93' lang='lat' dir='ltr'>quo</span> <span class='ocrx_word' id='word_1_41' title='bbox 632 494 759 530; x_wconf 87' lang='lat' dir='ltr'>Deum</span> <span class='ocrx_word' id='word_1_42' title='bbox 789 494 978 542; x_wconf 85' lang='lat' dir='ltr'>diligimus</span> <span class='ocrx_word' id='word_1_43' title='bbox 1006 494 1052 530; x_wconf 89' lang='lat' dir='ltr'>sit</span> <span class='ocrx_word' id='word_1_44' title='bbox 1079 495 1160 543; x_wconf 91' lang='lat' dir='ltr'>ipse</span> <span class='ocrx_word' id='word_1_45' title='bbox 1191 495 1349 544; x_wconf 87' lang='lat' dir='ltr'>Spiritus</span> 
     </span>
     <span class='ocr_line' id='line_1_7' title="bbox 286 544 1348 595; baseline 0.003 -13"><span class='ocrx_word' id='word_1_46' title='bbox 286 544 470 582; x_wconf 74' lang='lat' dir='ltr'>Sanetus:</span> <span class='ocrx_word' id='word_1_47' title='bbox 509 545 576 582; x_wconf 91' lang='lat' dir='ltr'>sed</span> <span class='ocrx_word' id='word_1_48' title='bbox 610 546 715 595; x_wconf 90' lang='lat' dir='ltr'>quod</span> <span class='ocrx_word' id='word_1_49' title='bbox 742 548 810 582; x_wconf 90' lang='lat' dir='ltr'>iste</span> <span class='ocrx_word' id='word_1_50' title='bbox 842 553 971 583; x_wconf 87' lang='lat' dir='ltr'>motus</span> <span class='ocrx_word' id='word_1_51' title='bbox 1005 546 1214 584; x_wconf 90' lang='lat' dir='ltr'>dilectionis</span> <span class='ocrx_word' id='word_1_52' title='bbox 1244 556 1299 585; x_wconf 91' lang='lat' dir='ltr'>est</span> <span class='ocrx_word' id='word_1_53' title='bbox 1326 561 1348 585; x_wconf 89' lang='lat' dir='ltr'>a</span> 
     </span>
     <span class='ocr_line' id='line_1_8' title="bbox 285 596 1349 647; baseline 0.003 -13"><span class='ocrx_word' id='word_1_54' title='bbox 285 596 427 646; x_wconf 90' lang='lat' dir='ltr'>Spiritu</span> <span class='ocrx_word' id='word_1_55' title='bbox 447 597 589 634; x_wconf 90' lang='lat' dir='ltr'>Sancto</span> <span class='ocrx_word' id='word_1_56' title='bbox 619 610 698 635; x_wconf 88' lang='lat' dir='ltr'>non</span> <span class='ocrx_word' id='word_1_57' title='bbox 726 598 920 645; x_wconf 84' lang='lat' dir='ltr'>mediante</span> <span class='ocrx_word' id='word_1_58' title='bbox 942 598 1068 646; x_wconf 89' lang='lat' dir='ltr'>aliquo</span> <span class='ocrx_word' id='word_1_59' title='bbox 1089 599 1232 647; x_wconf 86' lang='lat' dir='ltr'>habitu,</span> <span class='ocrx_word' id='word_1_60' title='bbox 1254 600 1349 637; x_wconf 90' lang='lat' dir='ltr'>sicut</span> 
     </span>
     <span class='ocr_line' id='line_1_9' title="bbox 284 649 1347 698; baseline 0.004 -12"><span class='ocrx_word' id='word_1_61' title='bbox 284 662 307 687; x_wconf 89' lang='lat' dir='ltr'>a</span> <span class='ocrx_word' id='word_1_62' title='bbox 326 649 469 698; x_wconf 89' lang='lat' dir='ltr'>Spiritu</span> <span class='ocrx_word' id='word_1_63' title='bbox 489 650 628 688; x_wconf 87' lang='lat' dir='ltr'>Sancto</span> <span class='ocrx_word' id='word_1_64' title='bbox 657 658 746 688; x_wconf 87' lang='lat' dir='ltr'>sunt</span> <span class='ocrx_word' id='word_1_65' title='bbox 771 651 832 688; x_wconf 87' lang='lat' dir='ltr'>alii</span> <span class='ocrx_word' id='word_1_66' title='bbox 859 658 966 687; x_wconf 89' lang='lat' dir='ltr'>actus</span> <span class='ocrx_word' id='word_1_67' title='bbox 990 651 1148 689; x_wconf 78' lang='lat' dir='ltr'>virtuosi</span> <span class='ocrx_word' id='word_1_68' title='bbox 1176 653 1347 690; x_wconf 89' lang='lat' dir='ltr'>median-</span> 
     </span>
     <span class='ocr_line' id='line_1_10' title="bbox 283 702 1347 754; baseline 0.002 -14"><span class='ocrx_word' id='word_1_69' title='bbox 283 702 383 741; x_wconf 87' lang='lat' dir='ltr'>tibus</span> <span class='ocrx_word' id='word_1_70' title='bbox 401 702 594 741; x_wconf 84' lang='lat' dir='ltr'>habitibus</span> <span class='ocrx_word' id='word_1_71' title='bbox 611 703 773 741; x_wconf 85' lang='lat' dir='ltr'>aliarum</span> <span class='ocrx_word' id='word_1_72' title='bbox 790 702 985 750; x_wconf 81' lang='lat' dir='ltr'>virtutum,</span> <span class='ocrx_word' id='word_1_73' title='bbox 1006 711 1098 751; x_wconf 90' lang='lat' dir='ltr'>puta</span> <span class='ocrx_word' id='word_1_74' title='bbox 1116 705 1247 742; x_wconf 89' lang='lat' dir='ltr'>habitu</span> <span class='ocrx_word' id='word_1_75' title='bbox 1267 706 1347 754; x_wconf 91' lang='lat' dir='ltr'>spei</span> 
     </span>
    </p>

    <p class='ocr_par' dir='ltr' id='par_1_2' title="bbox 143 751 1347 857">
     <span class='ocr_line' id='line_1_11' title="bbox 143 751 1347 794; baseline 0.002 -3"><span class='ocrx_word' id='word_1_76' title='bbox 143 751 159 786; x_wconf 73' lang='grc' dir='ltr'><strong>β</strong></span> <span class='ocrx_word' id='word_1_77' title='bbox 276 762 349 791; x_wconf 87' lang='lat' dir='ltr'>-aut</span> <span class='ocrx_word' id='word_1_78' title='bbox 376 755 467 792; x_wconf 91' lang='lat' dir='ltr'>fidei</span> <span class='ocrx_word' id='word_1_79' title='bbox 491 754 506 785; x_wconf 73' lang='grc' dir='ltr'><strong>β</strong></span> <span class='ocrx_word' id='word_1_80' title='bbox 528 763 595 792; x_wconf 82' lang='lat' dir='ltr'>aut</span> <span class='ocrx_word' id='word_1_81' title='bbox 627 755 784 792; x_wconf 65' lang='lat' dir='ltr'>alienius</span> <span class='ocrx_word' id='word_1_82' title='bbox 815 755 967 792; x_wconf 87' lang='lat' dir='ltr'>alterius</span> <span class='ocrx_word' id='word_1_83' title='bbox 1000 756 1157 793; x_wconf 87' lang='lat' dir='ltr'>virtutis.</span> <span class='ocrx_word' id='word_1_84' title='bbox 1198 758 1246 794; x_wconf 90' lang='lat' dir='ltr'>Et</span> <span class='ocrx_word' id='word_1_85' title='bbox 1273 759 1347 794; x_wconf 93' lang='lat' dir='ltr'>hoc</span> 
     </span>
     <span class='ocr_line' id='line_1_12' title="bbox 285 807 1106 857; baseline 0.001 -13"><span class='ocrx_word' id='word_1_86' title='bbox 285 807 436 845; x_wconf 89' lang='lat' dir='ltr'>dicebat</span> <span class='ocrx_word' id='word_1_87' title='bbox 454 815 618 857; x_wconf 70' lang='lat' dir='ltr'>&#39;propter</span> <span class='ocrx_word' id='word_1_88' title='bbox 645 807 904 844; x_wconf 78' lang='lat' dir='ltr'>excellentiam</span> <span class='ocrx_word' id='word_1_89' title='bbox 935 808 1106 846; x_wconf 86' lang='lat' dir='ltr'>caritatis.</span> 
     </span>
    </p>

    <p class='ocr_par' dir='ltr' id='par_1_3' title="bbox 271 858 1347 1223">
     <span class='ocr_line' id='line_1_13' title="bbox 338 858 1347 913; baseline 0.002 -16"><span class='ocrx_word' id='word_1_90' title='bbox 338 860 415 905; x_wconf 86' lang='lat' dir='ltr'>Sed</span> <span class='ocrx_word' id='word_1_91' title='bbox 434 858 465 898; x_wconf 91' lang='lat' dir='ltr'>si</span> <span class='ocrx_word' id='word_1_92' title='bbox 485 860 568 913; x_wconf 80' lang='lat' dir='ltr'>quis</span> <span class='ocrx_word' id='word_1_93' title='bbox 587 863 687 898; x_wconf 89' lang='lat' dir='ltr'>recte</span> <span class='ocrx_word' id='word_1_94' title='bbox 713 860 936 907; x_wconf 77' lang='lat' dir='ltr'>consideret,</span> <span class='ocrx_word' id='word_1_95' title='bbox 957 861 1032 898; x_wconf 87' lang='lat' dir='ltr'>hoc</span> <span class='ocrx_word' id='word_1_96' title='bbox 1061 861 1182 908; x_wconf 86' lang='lat' dir='ltr'>magis</span> <span class='ocrx_word' id='word_1_97' title='bbox 1209 861 1347 899; x_wconf 88' lang='lat' dir='ltr'>redun-</span> 
     </span>
     <span class='ocr_line' id='line_1_14' title="bbox 285 911 1347 961; baseline 0 -10"><span class='ocrx_word' id='word_1_98' title='bbox 285 913 350 951; x_wconf 85' lang='lat' dir='ltr'>dat</span> <span class='ocrx_word' id='word_1_99' title='bbox 375 912 608 961; x_wconf 16' lang='lat' dir='ltr'>infflcaritatis</span> <span class='ocrx_word' id='word_1_100' title='bbox 641 911 922 952; x_wconf 85' lang='lat' dir='ltr'>detrimentum.</span> <span class='ocrx_word' id='word_1_101' title='bbox 962 913 1053 950; x_wconf 93' lang='lat' dir='ltr'>Non</span> <span class='ocrx_word' id='word_1_102' title='bbox 1083 913 1185 951; x_wconf 91' lang='lat' dir='ltr'>enim</span> <span class='ocrx_word' id='word_1_103' title='bbox 1219 922 1347 951; x_wconf 89' lang='lat' dir='ltr'>motus</span> 
     </span>
     <span class='ocr_line' id='line_1_15' title="bbox 284 965 1346 1014; baseline 0.001 -12"><span class='ocrx_word' id='word_1_104' title='bbox 284 965 446 1006; x_wconf 70' lang='lat' dir='ltr'>caritatis</span> <span class='ocrx_word' id='word_1_105' title='bbox 462 997 465 1002; x_wconf 90' lang='lat'>.</span> <span class='ocrx_word' id='word_1_106' title='bbox 479 965 532 1003; x_wconf 78' lang='lat' dir='ltr'>ita</span> <span class='ocrx_word' id='word_1_107' title='bbox 557 965 731 1014; x_wconf 82' lang='lat' dir='ltr'>procedit</span> <span class='ocrx_word' id='word_1_108' title='bbox 765 977 789 1002; x_wconf 88' lang='lat' dir='ltr'>a</span> <span class='ocrx_word' id='word_1_109' title='bbox 817 965 958 1014; x_wconf 86' lang='lat' dir='ltr'>Spiritu</span> <span class='ocrx_word' id='word_1_110' title='bbox 987 966 1128 1003; x_wconf 87' lang='lat' dir='ltr'>Sancto</span> <span class='ocrx_word' id='word_1_111' title='bbox 1165 975 1346 1003; x_wconf 90' lang='lat' dir='ltr'>movente</span> 
     </span>
     <span class='ocr_line' id='line_1_16' title="bbox 282 1018 1346 1065; baseline 0.002 -11"><span class='ocrx_word' id='word_1_112' title='bbox 282 1018 499 1055; x_wconf 73' lang='lat' dir='ltr'>humanm</span> <span class='ocrx_word' id='word_1_113' title='bbox 517 1025 693 1054; x_wconf 83' lang='lat' dir='ltr'>mentem</span> <span class='ocrx_word' id='word_1_114' title='bbox 717 1018 823 1065; x_wconf 87' lang='lat' dir='ltr'>quod</span> <span class='ocrx_word' id='word_1_115' title='bbox 851 1019 1020 1055; x_wconf 90' lang='lat' dir='ltr'>humana</span> <span class='ocrx_word' id='word_1_116' title='bbox 1049 1030 1158 1055; x_wconf 89' lang='lat' dir='ltr'>mens</span> <span class='ocrx_word' id='word_1_117' title='bbox 1177 1019 1224 1056; x_wconf 92' lang='lat' dir='ltr'>sit</span> <span class='ocrx_word' id='word_1_118' title='bbox 1241 1027 1346 1056; x_wconf 88' lang='lat' dir='ltr'>mota</span> 
     </span>
     <span class='ocr_line' id='line_1_17' title="bbox 279 1066 1345 1122; baseline 0.003 -16"><span class='ocrx_word' id='word_1_119' title='bbox 279 1066 602 1122; x_wconf 49' lang='lat' dir='ltr'>tantumffietnullo</span> <span class='ocrx_word' id='word_1_120' title='bbox 622 1071 741 1107; x_wconf 90' lang='lat' dir='ltr'>modo</span> <span class='ocrx_word' id='word_1_121' title='bbox 761 1070 807 1107; x_wconf 91' lang='lat' dir='ltr'>sit</span> <span class='ocrx_word' id='word_1_122' title='bbox 823 1071 1053 1121; x_wconf 88' lang='lat' dir='ltr'>principium</span> <span class='ocrx_word' id='word_1_123' title='bbox 1073 1071 1186 1108; x_wconf 90' lang='lat' dir='ltr'>huius</span> <span class='ocrx_word' id='word_1_124' title='bbox 1205 1079 1345 1120; x_wconf 89' lang='lat' dir='ltr'>motus,</span> 
     </span>
     <span class='ocr_line' id='line_1_18' title="bbox 271 1119 1347 1177; baseline 0.003 -18"><span class='ocrx_word' id='word_1_125' title='bbox 271 1120 382 1177; x_wconf 24' lang='lat' dir='ltr'>fisis-:ut</span> <span class='ocrx_word' id='word_1_126' title='bbox 397 1119 486 1160; x_wconf 77' lang='lat' dir='ltr'>cuin</span> <span class='ocrx_word' id='word_1_127' title='bbox 504 1120 661 1172; x_wconf 77' lang='lat' dir='ltr'>aliquod</span> <span class='ocrx_word' id='word_1_128' title='bbox 689 1134 827 1172; x_wconf 84' lang='lat' dir='ltr'>corpus</span> <span class='ocrx_word' id='word_1_129' title='bbox 855 1132 1034 1162; x_wconf 87' lang='lat' dir='ltr'>movetur</span> <span class='ocrx_word' id='word_1_130' title='bbox 1062 1125 1110 1162; x_wconf 91' lang='lat' dir='ltr'>ab</span> <span class='ocrx_word' id='word_1_131' title='bbox 1137 1125 1264 1173; x_wconf 90' lang='lat' dir='ltr'>aliquo</span> <span class='ocrx_word' id='word_1_132' title='bbox 1286 1137 1347 1162; x_wconf 86' lang='lat' dir='ltr'>ex-</span> 
     </span>
     <span class='ocr_line' id='line_1_19' title="bbox 280 1172 1346 1223; baseline 0.001 -9"><span class='ocrx_word' id='word_1_133' title='bbox 280 1172 408 1223; x_wconf 78' lang='lat' dir='ltr'>teriori</span> <span class='ocrx_word' id='word_1_134' title='bbox 435 1183 631 1215; x_wconf 69' lang='lat' dir='ltr'>movente.</span> <span class='ocrx_word' id='word_1_135' title='bbox 668 1175 754 1214; x_wconf 89' lang='lat' dir='ltr'>Hoc</span> <span class='ocrx_word' id='word_1_136' title='bbox 783 1176 887 1214; x_wconf 88' lang='lat' dir='ltr'>enim</span> <span class='ocrx_word' id='word_1_137' title='bbox 917 1185 972 1214; x_wconf 89' lang='lat' dir='ltr'>est</span> <span class='ocrx_word' id='word_1_138' title='bbox 1000 1185 1131 1214; x_wconf 90' lang='lat' dir='ltr'>contra</span> <span class='ocrx_word' id='word_1_139' title='bbox 1159 1177 1346 1215; x_wconf 88' lang='lat' dir='ltr'>rationem</span> 
     </span>
    </p>

    <p class='ocr_par' dir='ltr' id='par_1_4' title="bbox 72 1228 1350 2391">
     <span class='ocr_line' id='line_1_20' title="bbox 72 1228 1344 1280; baseline 0.006 -19"><span class='ocrx_word' id='word_1_140' title='bbox 72 1248 88 1280; x_wconf 80' lang='grc' dir='ltr'>- </span> <span class='ocrx_word' id='word_1_141' title='bbox 272 1228 499 1275; x_wconf 67' lang='lat' dir='ltr'>‚voluntat-ii,</span> <span class='ocrx_word' id='word_1_142' title='bbox 520 1228 629 1267; x_wconf 86' lang='lat' dir='ltr'>cuius</span> <span class='ocrx_word' id='word_1_143' title='bbox 656 1236 808 1277; x_wconf 86' lang='lat' dir='ltr'>oportet</span> <span class='ocrx_word' id='word_1_144' title='bbox 834 1229 1065 1279; x_wconf 86' lang='lat' dir='ltr'>principium</span> <span class='ocrx_word' id='word_1_145' title='bbox 1089 1230 1127 1267; x_wconf 93' lang='lat' dir='ltr'>in</span> <span class='ocrx_word' id='word_1_146' title='bbox 1146 1230 1229 1279; x_wconf 92' lang='lat' dir='ltr'>ipso</span> <span class='ocrx_word' id='word_1_147' title='bbox 1250 1243 1344 1277; x_wconf 83' lang='lat' dir='ltr'>esse,</span> 
     </span>
     <span class='ocr_line' id='line_1_21' title="bbox 99 1276 1346 1332; baseline 0.003 -14.975"><span class='ocrx_word' id='word_1_148' title='bbox 99 1276 212 1310; x_wconf 51' lang='lat'>*⁸2³*</span> <span class='ocrx_word' id='word_1_149' title='bbox 222 1287 254 1308; x_wconf 71' lang='lat'>¹¹¹¹</span> <span class='ocrx_word' id='word_1_150' title='bbox 276 1280 727 1332; x_wconf 36' lang='lat' dir='ltr'>sicut&#39;supmffidicmm</span> <span class='ocrx_word' id='word_1_151' title='bbox 753 1290 819 1319; x_wconf 91' lang='lat' dir='ltr'>est.</span> <span class='ocrx_word' id='word_1_152' title='bbox 851 1283 962 1320; x_wconf 86' lang='lat' dir='ltr'>Unde</span> <span class='ocrx_word' id='word_1_153' title='bbox 991 1291 1213 1332; x_wconf 89' lang='lat' dir='ltr'>sequeretur</span> <span class='ocrx_word' id='word_1_154' title='bbox 1241 1285 1346 1331; x_wconf 87' lang='lat' dir='ltr'>quod</span> 
     </span>
     <span class='ocr_line' id='line_1_22' title="bbox 72 1328 1347 1386; baseline 0.003 -17"><span class='ocrx_word' id='word_1_155' title='bbox 72 1350 83 1362; x_wconf 75' lang='lat'>.-</span> <span class='ocrx_word' id='word_1_156' title='bbox 110 1335 111 1338; x_wconf 76' lang='grc'>’</span> <span class='ocrx_word' id='word_1_157' title='bbox 256 1328 438 1386; x_wconf 47' lang='lat' dir='ltr'>wigere</span> <span class='ocrx_word' id='word_1_158' title='bbox 471 1344 550 1371; x_wconf 90' lang='lat' dir='ltr'>non</span> <span class='ocrx_word' id='word_1_159' title='bbox 579 1337 676 1372; x_wconf 80' lang='lat' dir='ltr'>esset</span> <span class='ocrx_word' id='word_1_160' title='bbox 712 1335 984 1385; x_wconf 83' lang='lat' dir='ltr'>voluntarium.</span> <span class='ocrx_word' id='word_1_161' title='bbox 1029 1336 1147 1384; x_wconf 87' lang='lat' dir='ltr'>Quod</span> <span class='ocrx_word' id='word_1_162' title='bbox 1180 1336 1347 1385; x_wconf 91' lang='lat' dir='ltr'>implicat</span> 
     </span>
     <span class='ocr_line' id='line_1_23' title="bbox 271 1379 1347 1441; baseline 0.003 -18"><span class='ocrx_word' id='word_1_163' title='bbox 271 1379 645 1441; x_wconf 59' lang='lat' dir='ltr'>‚fssotitradictiohem:</span> <span class='ocrx_word' id='word_1_164' title='bbox 674 1389 767 1424; x_wconf 78' lang='lat' dir='ltr'>curn</span> <span class='ocrx_word' id='word_1_165' title='bbox 796 1398 908 1425; x_wconf 88' lang='lat' dir='ltr'>amor</span> <span class='ocrx_word' id='word_1_166' title='bbox 940 1388 988 1425; x_wconf 88' lang='lat' dir='ltr'>de</span> <span class='ocrx_word' id='word_1_167' title='bbox 1016 1388 1074 1425; x_wconf 91' lang='lat' dir='ltr'>sui</span> <span class='ocrx_word' id='word_1_168' title='bbox 1103 1388 1250 1427; x_wconf 88' lang='lat' dir='ltr'>ratione</span> <span class='ocrx_word' id='word_1_169' title='bbox 1278 1389 1347 1427; x_wconf 90' lang='lat' dir='ltr'>im-</span> 
     </span>
     <span class='ocr_line' id='line_1_24' title="bbox 274 1439 1346 1489; baseline 0.002 -13"><span class='ocrx_word' id='word_1_170' title='bbox 274 1446 407 1489; x_wconf 62' lang='lat' dir='ltr'>portet</span> <span class='ocrx_word' id='word_1_171' title='bbox 423 1439 595 1488; x_wconf 68' lang='lat' dir='ltr'>quod-,sit</span> <span class='ocrx_word' id='word_1_172' title='bbox 622 1447 727 1481; x_wconf 81' lang='lat' dir='ltr'>actus</span> <span class='ocrx_word' id='word_1_173' title='bbox 745 1439 960 1478; x_wconf 87' lang='lat' dir='ltr'>voluntatis.</span> <span class='ocrx_word' id='word_1_174' title='bbox 982 1462 1005 1469; x_wconf 91' lang='lat'>-</span> <span class='ocrx_word' id='word_1_175' title='bbox 1026 1440 1206 1478; x_wconf 86' lang='lat' dir='ltr'>Similiter</span> <span class='ocrx_word' id='word_1_176' title='bbox 1233 1440 1346 1478; x_wconf 89' lang='lat' dir='ltr'>etiam</span> 
     </span>
     <span class='ocr_line' id='line_1_25' title="bbox 271 1492 1347 1541; baseline -0.002 -9"><span class='ocrx_word' id='word_1_177' title='bbox 271 1497 505 1540; x_wconf 66' lang='lat' dir='ltr'>mnpotast</span> <span class='ocrx_word' id='word_1_178' title='bbox 524 1492 601 1531; x_wconf 74' lang='lat' dir='ltr'>diei</span> <span class='ocrx_word' id='word_1_179' title='bbox 617 1493 722 1540; x_wconf 84' lang='lat' dir='ltr'>quod</span> <span class='ocrx_word' id='word_1_180' title='bbox 743 1494 978 1530; x_wconf 82' lang='lat' dir='ltr'>sicmoveat</span> <span class='ocrx_word' id='word_1_181' title='bbox 1005 1493 1165 1541; x_wconf 89' lang='lat' dir='ltr'>Spiritus</span> <span class='ocrx_word' id='word_1_182' title='bbox 1186 1495 1347 1531; x_wconf 91' lang='lat' dir='ltr'>Sanctus</span> 
     </span>
     <span class='ocr_line' id='line_1_26' title="bbox 273 1545 1347 1595; baseline 0.002 -14"><span class='ocrx_word' id='word_1_183' title='bbox 273 1545 520 1590; x_wconf 57' lang='lat' dir='ltr'>muntem</span> <span class='ocrx_word' id='word_1_184' title='bbox 538 1546 586 1582; x_wconf 81' lang='lat' dir='ltr'>ad</span> <span class='ocrx_word' id='word_1_185' title='bbox 604 1552 733 1581; x_wconf 77' lang='lat' dir='ltr'>actum</span> <span class='ocrx_word' id='word_1_186' title='bbox 763 1545 941 1595; x_wconf 84' lang='lat' dir='ltr'>diligendi</span> <span class='ocrx_word' id='word_1_187' title='bbox 969 1546 1067 1582; x_wconf 88' lang='lat' dir='ltr'>sicut</span> <span class='ocrx_word' id='word_1_188' title='bbox 1094 1554 1274 1583; x_wconf 89' lang='lat' dir='ltr'>movetur</span> <span class='ocrx_word' id='word_1_189' title='bbox 1291 1546 1347 1583; x_wconf 90' lang='lat' dir='ltr'>in—</span> 
     </span>
     <span class='ocr_line' id='line_1_27' title="bbox 86 1591 1348 1649; baseline 0.002 -15"><span class='ocrx_word' id='word_1_190' title='bbox 86 1624 93 1638; x_wconf 66' lang='grc'>,-</span> <span class='ocrx_word' id='word_1_191' title='bbox 273 1591 677 1647; x_wconf 60' lang='lat' dir='ltr'>Uti‘txffietitum,&#39;quod</span> <span class='ocrx_word' id='word_1_192' title='bbox 706 1598 773 1648; x_wconf 84' lang='lat' dir='ltr'>etsi</span> <span class='ocrx_word' id='word_1_193' title='bbox 801 1598 848 1649; x_wconf 83' lang='lat' dir='ltr'>sit</span> <span class='ocrx_word' id='word_1_194' title='bbox 873 1598 1103 1648; x_wconf 88' lang='lat' dir='ltr'>principium</span> <span class='ocrx_word' id='word_1_195' title='bbox 1130 1606 1247 1646; x_wconf 90' lang='lat' dir='ltr'>actus,</span> <span class='ocrx_word' id='word_1_196' title='bbox 1269 1611 1348 1647; x_wconf 92' lang='lat' dir='ltr'>non</span> 
     </span>
     <span class='ocr_line' id='line_1_28' title="bbox 74 1636 1347 1710; baseline 0.006 -28"><span class='ocrx_word' id='word_1_197' title='bbox 74 1644 89 1682; x_wconf 66' lang='grc' dir='ltr'>ἶ</span> <span class='ocrx_word' id='word_1_198' title='bbox 137 1653 158 1680; x_wconf 73' lang='grc' dir='ltr'>ἲ</span> <span class='ocrx_word' id='word_1_199' title='bbox 267 1636 487 1710; x_wconf 50' lang='lat' dir='ltr'>ffifflssnest</span> <span class='ocrx_word' id='word_1_200' title='bbox 502 1647 646 1700; x_wconf 70' lang='lat' dir='ltr'>in‘ipso</span> <span class='ocrx_word' id='word_1_201' title='bbox 668 1648 780 1700; x_wconf 83' lang='lat' dir='ltr'>a&#39;gere</span> <span class='ocrx_word' id='word_1_202' title='bbox 799 1651 862 1688; x_wconf 90' lang='lat' dir='ltr'>vel</span> <span class='ocrx_word' id='word_1_203' title='bbox 880 1664 959 1689; x_wconf 89' lang='lat' dir='ltr'>non</span> <span class='ocrx_word' id='word_1_204' title='bbox 979 1663 1102 1700; x_wconf 89' lang='lat' dir='ltr'>agere.</span> <span class='ocrx_word' id='word_1_205' title='bbox 1133 1647 1316 1690; x_wconf 60' lang='lat' dir='ltr'>Sic&#39;enim</span> <span class='ocrx_word' id='word_1_206' title='bbox 1331 1657 1347 1680; x_wconf 71' lang='grc' dir='ltr'><strong>Ὺ</strong></span> 
     </span>
     <span class='ocr_line' id='line_1_29' title="bbox 271 1699 1350 1753; baseline 0.001 -12"><span class='ocrx_word' id='word_1_207' title='bbox 271 1701 318 1753; x_wconf 60' lang='lat' dir='ltr'>ig</span> <span class='ocrx_word' id='word_1_208' title='bbox 424 1699 619 1743; x_wconf 71' lang='lat' dir='ltr'>tolleretur</span> <span class='ocrx_word' id='word_1_209' title='bbox 646 1704 740 1741; x_wconf 86' lang='lat' dir='ltr'>ratio</span> <span class='ocrx_word' id='word_1_210' title='bbox 769 1703 991 1751; x_wconf 86' lang='lat' dir='ltr'>voluntarii,</span> <span class='ocrx_word' id='word_1_211' title='bbox 1023 1712 1058 1741; x_wconf 90' lang='lat' dir='ltr'>et</span> <span class='ocrx_word' id='word_1_212' title='bbox 1087 1705 1350 1742; x_wconf 83' lang='lat' dir='ltr'>excluderetur</span> 
     </span>
     <span class='ocr_line' id='line_1_30' title="bbox 339 1754 1348 1806; baseline -0.001 -11"><span class='ocrx_word' id='word_1_213' title='bbox 339 1754 535 1795; x_wconf 68' lang='lat' dir='ltr'>‘amer-iti:</span> <span class='ocrx_word' id='word_1_214' title='bbox 556 1768 645 1794; x_wconf 83' lang='lat' dir='ltr'>cum</span> <span class='ocrx_word' id='word_1_215' title='bbox 663 1764 792 1795; x_wconf 89' lang='lat' dir='ltr'>tamen</span> <span class='ocrx_word' id='word_1_216' title='bbox 814 1769 929 1806; x_wconf 89' lang='lat' dir='ltr'>supra</span> <span class='ocrx_word' id='word_1_217' title='bbox 946 1757 967 1779; x_wconf 76' lang='lat'>&#39;¹‘</span> <span class='ocrx_word' id='word_1_218' title='bbox 984 1757 1156 1795; x_wconf 88' lang='lat' dir='ltr'>habitum</span> <span class='ocrx_word' id='word_1_219' title='bbox 1177 1758 1223 1795; x_wconf 89' lang='lat' dir='ltr'>sit</span> <span class='ocrx_word' id='word_1_220' title='bbox 1240 1758 1348 1805; x_wconf 92' lang='lat' dir='ltr'>quod</span> 
     </span>
     <span class='ocr_line' id='line_1_31' title="bbox 277 1809 1348 1859; baseline 0.001 -13"><span class='ocrx_word' id='word_1_221' title='bbox 277 1809 431 1851; x_wconf 62' lang='lat' dir='ltr'>diectio</span> <span class='ocrx_word' id='word_1_222' title='bbox 459 1809 622 1847; x_wconf 84' lang='lat' dir='ltr'>caritatis</span> <span class='ocrx_word' id='word_1_223' title='bbox 642 1818 698 1846; x_wconf 91' lang='lat' dir='ltr'>est</span> <span class='ocrx_word' id='word_1_224' title='bbox 717 1810 821 1847; x_wconf 86' lang='lat' dir='ltr'>radix</span> <span class='ocrx_word' id='word_1_225' title='bbox 841 1810 1027 1848; x_wconf 89' lang='lat' dir='ltr'>merendi.</span> <span class='ocrx_word' id='word_1_226' title='bbox 1048 1831 1072 1838; x_wconf 94' lang='lat'>-</span> <span class='ocrx_word' id='word_1_227' title='bbox 1093 1811 1171 1847; x_wconf 93' lang='lat' dir='ltr'>Sed</span> <span class='ocrx_word' id='word_1_228' title='bbox 1199 1818 1348 1859; x_wconf 86' lang='lat' dir='ltr'>oportet</span> 
     </span>
     <span class='ocr_line' id='line_1_32' title="bbox 306 1861 1346 1917; baseline 0.001 -18"><span class='ocrx_word' id='word_1_229' title='bbox 306 1861 395 1917; x_wconf 61' lang='lat'>¹³⁰⁶.</span> <span class='ocrx_word' id='word_1_230' title='bbox 415 1861 469 1903; x_wconf 90' lang='lat' dir='ltr'>sic</span> <span class='ocrx_word' id='word_1_231' title='bbox 486 1863 666 1916; x_wconf 81' lang='lat' dir='ltr'>voluntas</span> <span class='ocrx_word' id='word_1_232' title='bbox 695 1870 898 1901; x_wconf 89' lang='lat' dir='ltr'>moveatur</span> <span class='ocrx_word' id='word_1_233' title='bbox 925 1875 948 1900; x_wconf 86' lang='lat' dir='ltr'>a</span> <span class='ocrx_word' id='word_1_234' title='bbox 977 1863 1117 1913; x_wconf 91' lang='lat' dir='ltr'>Spiritu</span> <span class='ocrx_word' id='word_1_235' title='bbox 1138 1864 1278 1901; x_wconf 89' lang='lat' dir='ltr'>Sancto</span> <span class='ocrx_word' id='word_1_236' title='bbox 1299 1864 1346 1901; x_wconf 89' lang='lat' dir='ltr'>ad</span> 
     </span>
     <span class='ocr_line' id='line_1_33' title="bbox 275 1874 1347 1973; baseline 0.002 -21"><span class='ocrx_word' id='word_1_237' title='bbox 275 1874 533 1973; x_wconf 28' lang='lat' dir='ltr'>{iligendum‘</span> <span class='ocrx_word' id='word_1_238' title='bbox 550 1913 658 1965; x_wconf 60' lang='grc' dir='ltr'><strong>’(1μοςί</strong></span> <span class='ocrx_word' id='word_1_239' title='bbox 695 1915 809 1958; x_wconf 81' lang='lat' dir='ltr'>etiam</span> <span class='ocrx_word' id='word_1_240' title='bbox 846 1915 928 1965; x_wconf 84' lang='lat' dir='ltr'>ipsa</span> <span class='ocrx_word' id='word_1_241' title='bbox 963 1916 1018 1955; x_wconf 91' lang='lat' dir='ltr'>sit·</span> <span class='ocrx_word' id='word_1_242' title='bbox 1037 1915 1208 1954; x_wconf 88' lang='lat' dir='ltr'>efficiens</span> <span class='ocrx_word' id='word_1_243' title='bbox 1244 1917 1347 1954; x_wconf 88' lang='lat' dir='ltr'>hunc</span> 
     </span>
     <span class='ocr_line' id='line_1_34' title="bbox 270 2011 1347 2071; baseline -0.001 -12"><span class='ocrx_word' id='word_1_244' title='bbox 270 2011 471 2060; x_wconf 54' lang='lat' dir='ltr'>›enaNullus</span> <span class='ocrx_word' id='word_1_245' title='bbox 488 2028 621 2059; x_wconf 77' lang='lat' dir='ltr'>autem</span> <span class='ocrx_word' id='word_1_246' title='bbox 638 2029 744 2059; x_wconf 86' lang='lat' dir='ltr'>actus</span> <span class='ocrx_word' id='word_1_247' title='bbox 771 2022 939 2069; x_wconf 84' lang='lat' dir='ltr'>perfecte</span> <span class='ocrx_word' id='word_1_248' title='bbox 966 2021 1191 2071; x_wconf 84' lang='lat' dir='ltr'>producitur</span> <span class='ocrx_word' id='word_1_249' title='bbox 1214 2022 1262 2058; x_wconf 86' lang='lat' dir='ltr'>ab</span> <span class='ocrx_word' id='word_1_250' title='bbox 1278 2021 1347 2059; x_wconf 84' lang='lat' dir='ltr'>ali-</span> 
     </span>
     <span class='ocr_line' id='line_1_35' title="bbox 271 2073 1347 2126; baseline 0.001 -16"><span class='ocrx_word' id='word_1_251' title='bbox 271 2073 561 2126; x_wconf 53' lang='lat' dir='ltr'>gua-{potentia</span> <span class='ocrx_word' id='word_1_252' title='bbox 586 2073 710 2110; x_wconf 84' lang='lat' dir='ltr'>activa</span> <span class='ocrx_word' id='word_1_253' title='bbox 748 2074 819 2111; x_wconf 88' lang='lat' dir='ltr'>nisi</span> <span class='ocrx_word' id='word_1_254' title='bbox 853 2074 900 2111; x_wconf 89' lang='lat' dir='ltr'>sit</span> <span class='ocrx_word' id='word_1_255' title='bbox 927 2075 961 2111; x_wconf 89' lang='lat' dir='ltr'>ei</span> <span class='ocrx_word' id='word_1_256' title='bbox 995 2074 1250 2112; x_wconf 87' lang='lat' dir='ltr'>connaturalis</span> <span class='ocrx_word' id='word_1_257' title='bbox 1277 2086 1347 2124; x_wconf 88' lang='lat' dir='ltr'>per</span> 
     </span>
     <span class='ocr_line' id='line_1_36' title="bbox 276 2126 1344 2187; baseline -0.001 -22"><span class='ocrx_word' id='word_1_258' title='bbox 276 2126 447 2187; x_wconf 49' lang='lat' dir='ltr'>aliquam</span> <span class='ocrx_word' id='word_1_259' title='bbox 484 2127 651 2164; x_wconf 81' lang='lat' dir='ltr'>formam</span> <span class='ocrx_word' id='word_1_260' title='bbox 691 2138 789 2176; x_wconf 89' lang='lat' dir='ltr'>quae</span> <span class='ocrx_word' id='word_1_261' title='bbox 828 2127 874 2164; x_wconf 90' lang='lat' dir='ltr'>sit</span> <span class='ocrx_word' id='word_1_262' title='bbox 910 2127 1137 2177; x_wconf 87' lang='lat' dir='ltr'>principium</span> <span class='ocrx_word' id='word_1_263' title='bbox 1176 2127 1344 2164; x_wconf 91' lang='lat' dir='ltr'>actionis.</span> 
     </span>
     <span class='ocr_line' id='line_1_37' title="bbox 276 2174 1343 2233; baseline 0 -15"><span class='ocrx_word' id='word_1_264' title='bbox 276 2174 393 2233; x_wconf 45' lang='lat' dir='ltr'>{Inde</span> <span class='ocrx_word' id='word_1_265' title='bbox 411 2176 539 2227; x_wconf 76' lang='lat' dir='ltr'>Deus,</span> <span class='ocrx_word' id='word_1_266' title='bbox 569 2179 634 2229; x_wconf 87' lang='lat' dir='ltr'>qui</span> <span class='ocrx_word' id='word_1_267' title='bbox 662 2179 792 2218; x_wconf 90' lang='lat' dir='ltr'>omnia</span> <span class='ocrx_word' id='word_1_268' title='bbox 821 2187 954 2218; x_wconf 84' lang='lat' dir='ltr'>movet</span> <span class='ocrx_word' id='word_1_269' title='bbox 982 2180 1031 2218; x_wconf 88' lang='lat' dir='ltr'>ad</span> <span class='ocrx_word' id='word_1_270' title='bbox 1060 2177 1343 2227; x_wconf 70' lang='lat' dir='ltr'>debitos‘fines‚</span> 
     </span>
     <span class='ocr_line' id='line_1_38' title="bbox 276 2229 1346 2282; baseline 0 -12"><span class='ocrx_word' id='word_1_271' title='bbox 276 2229 435 2281; x_wconf 61' lang='lat' dir='ltr'>singulis</span> <span class='ocrx_word' id='word_1_272' title='bbox 453 2230 567 2273; x_wconf 81' lang='lat' dir='ltr'>rebus</span> <span class='ocrx_word' id='word_1_273' title='bbox 586 2233 721 2270; x_wconf 87' lang='lat' dir='ltr'>indidit</span> <span class='ocrx_word' id='word_1_274' title='bbox 739 2233 884 2271; x_wconf 88' lang='lat' dir='ltr'>formas</span> <span class='ocrx_word' id='word_1_275' title='bbox 905 2246 976 2282; x_wconf 90' lang='lat' dir='ltr'>per</span> <span class='ocrx_word' id='word_1_276' title='bbox 1000 2245 1094 2282; x_wconf 89' lang='lat' dir='ltr'>quas</span> <span class='ocrx_word' id='word_1_277' title='bbox 1117 2233 1346 2270; x_wconf 84' lang='lat' dir='ltr'>inclinantur</span> 
     </span>
     <span class='ocr_line' id='line_1_39' title="bbox 277 2285 1342 2334; baseline -0.001 -10"><span class='ocrx_word' id='word_1_278' title='bbox 277 2285 461 2324; x_wconf 70' lang='lat' dir='ltr'>adfines,</span> <span class='ocrx_word' id='word_1_279' title='bbox 480 2285 554 2322; x_wconf 83' lang='lat' dir='ltr'>sibi</span> <span class='ocrx_word' id='word_1_280' title='bbox 590 2286 833 2334; x_wconf 87' lang='lat' dir='ltr'>praestitutos</span> <span class='ocrx_word' id='word_1_281' title='bbox 869 2299 892 2323; x_wconf 91' lang='lat' dir='ltr'>a</span> <span class='ocrx_word' id='word_1_282' title='bbox 919 2287 1028 2323; x_wconf 89' lang='lat' dir='ltr'>Deo:</span> <span class='ocrx_word' id='word_1_283' title='bbox 1067 2293 1102 2323; x_wconf 91' lang='lat' dir='ltr'>et</span> <span class='ocrx_word' id='word_1_284' title='bbox 1129 2286 1342 2324; x_wconf 90' lang='lat' dir='ltr'>secundum</span> 
     </span>
     <span class='ocr_line' id='line_1_40' title="bbox 277 2338 1342 2391; baseline 0.001 -16"><span class='ocrx_word' id='word_1_285' title='bbox 277 2338 359 2375; x_wconf 78' lang='lat' dir='ltr'>hoc</span> <span class='ocrx_word' id='word_1_286' title='bbox 381 2339 544 2386; x_wconf 80' lang='lat' dir='ltr'>disponit</span> <span class='ocrx_word' id='word_1_287' title='bbox 556 2339 688 2375; x_wconf 51' lang='lat' dir='ltr'>¹omm&#39;a</span> <span class='ocrx_word' id='word_1_288' title='bbox 706 2339 885 2386; x_wconf 73' lang='lat' dir='ltr'>suaviter,</span> <span class='ocrx_word' id='word_1_289' title='bbox 905 2347 950 2391; x_wconf 85' lang='lat' dir='ltr'>ut</span> <span class='ocrx_word' id='word_1_290' title='bbox 974 2339 1108 2376; x_wconf 89' lang='lat' dir='ltr'>dicitur</span> <span class='ocrx_word' id='word_1_291' title='bbox 1127 2341 1215 2390; x_wconf 86' lang='lat' dir='ltr'>Sap.</span> <span class='ocrx_word' id='word_1_292' title='bbox 1236 2351 1296 2376; x_wconf 86' lang='lat' dir='ltr'>vm</span> <span class='ocrx_word' id='word_1_293' title='bbox 1311 2340 1342 2376; x_wconf 70' lang='lat'>²⁸.</span> 
     </span>
    </p>
   </div>
   <div class='ocr_carea' id='block_1_2' title="bbox 0 0 188 4056">
    <p class='ocr_par' dir='ltr' id='par_1_5' title="bbox 0 0 188 4056">
     <span class='ocr_line' id='line_1_41' title="bbox 0 0 142 1798; baseline 0 -158"><span class='ocrx_word' id='word_1_294' title='bbox 0 0 142 1798; x_wconf 95' lang='lat' dir='ltr'>      </span> 
     </span>
     <span class='ocr_line' id='line_1_42' title="bbox 0 1798 174 2374; baseline 0.276 -48"><span class='ocrx_word' id='word_1_295' title='bbox 0 1798 128 2374; x_wconf 95' lang='lat' dir='ltr'>  </span> <span class='ocrx_word' id='word_1_296' title='bbox 158 2326 174 2374; x_wconf 95' lang='lat' dir='ltr'> </span> 
     </span>
     <span class='ocr_line' id='line_1_43' title="bbox 0 2374 188 4056; baseline 0 -1086"><span class='ocrx_word' id='word_1_297' title='bbox 0 2374 188 4056; x_wconf 95' lang='lat' dir='ltr'>       </span> 
     </span>
    </p>
   </div>
   <div class='ocr_carea' id='block_1_3' title="bbox 70 1761 270 1796">
    <p class='ocr_par' dir='ltr' id='par_1_6' title="bbox 70 1753 270 1796">
     <span class='ocr_line' id='line_1_44' title="bbox 70 1761 270 1796; baseline 0 -19"><span class='ocrx_word' id='word_1_298' title='bbox 70 1753 270 1796; x_wconf 16' lang='grc' dir='ltr'>ζῳῃαὶιινἸ</span> 
     </span>
    </p>
   </div>
   <div class='ocr_carea' id='block_1_4' title="bbox 38 2328 167 2375">
    <p class='ocr_par' dir='ltr' id='par_1_7' title="bbox 38 2328 167 2375">
     <span class='ocr_line' id='line_1_45' title="bbox 38 2328 167 2375; baseline 0 -13"><span class='ocrx_word' id='word_1_299' title='bbox 38 2328 55 2375; x_wconf 33' lang='lat' dir='ltr'>[v</span> <span class='ocrx_word' id='word_1_300' title='bbox 66 2338 134 2362; x_wconf 73' lang='lat' dir='ltr'>Vera.</span> <span class='ocrx_word' id='word_1_301' title='bbox 149 2336 167 2362; x_wconf 79' lang='grc' dir='ltr'>ι’.</span> 
     </span>
    </p>
   </div>
   <div class='ocr_carea' id='block_1_5' title="bbox 277 2443 1343 2662">
    <p class='ocr_par' dir='ltr' id='par_1_8' title="bbox 295 2443 1015 2485">
     <span class='ocr_line' id='line_1_46' title="bbox 295 2443 1015 2485; baseline 0 -9"><span class='ocrx_word' id='word_1_302' title='bbox 295 2482 307 2485; x_wconf 45' lang='lat'>..</span> <span class='ocrx_word' id='word_1_303' title='bbox 332 2443 363 2485; x_wconf 65' lang='grc' dir='ltr'>β)</span> <span class='ocrx_word' id='word_1_304' title='bbox 373 2450 464 2477; x_wconf 75' lang='lat' dir='ltr'>habitu</span> <span class='ocrx_word' id='word_1_305' title='bbox 483 2451 541 2484; x_wconf 80' lang='lat' dir='ltr'>spei</span> <span class='ocrx_word' id='word_1_306' title='bbox 557 2455 606 2476; x_wconf 78' lang='lat' dir='ltr'>aut</span> <span class='ocrx_word' id='word_1_307' title='bbox 618 2451 694 2485; x_wconf 80' lang='lat' dir='ltr'>fidei,</span> <span class='ocrx_word' id='word_1_308' title='bbox 712 2465 730 2470; x_wconf 97' lang='lat'>-</span> <span class='ocrx_word' id='word_1_309' title='bbox 741 2451 812 2484; x_wconf 80' lang='lat' dir='ltr'>fidei</span> <span class='ocrx_word' id='word_1_310' title='bbox 829 2455 877 2476; x_wconf 76' lang='lat' dir='ltr'>aue</span> <span class='ocrx_word' id='word_1_311' title='bbox 895 2452 952 2484; x_wconf 78' lang='lat' dir='ltr'>spei</span> <span class='ocrx_word' id='word_1_312' title='bbox 969 2452 1015 2476; x_wconf 87' lang='lat' dir='ltr'>Pa.</span> 
     </span>
    </p>

    <p class='ocr_par' dir='ltr' id='par_1_9' title="bbox 279 2487 965 2555">
     <span class='ocr_line' id='line_1_47' title="bbox 303 2487 895 2520; baseline -0.002 -8"><span class='ocrx_word' id='word_1_313' title='bbox 303 2516 305 2518; x_wconf 42' lang='grc'>,</span> <span class='ocrx_word' id='word_1_314' title='bbox 328 2495 329 2498; x_wconf 66' lang='grc'>’</span> <span class='ocrx_word' id='word_1_315' title='bbox 348 2487 359 2520; x_wconf 95' lang='grc'>)</span> <span class='ocrx_word' id='word_1_316' title='bbox 378 2487 458 2512; x_wconf 77' lang='grc' dir='ltr'><strong><em>εηίηι.</em></strong></span> <span class='ocrx_word' id='word_1_317' title='bbox 474 2500 495 2507; x_wconf 93' lang='lat'>-</span> <span class='ocrx_word' id='word_1_318' title='bbox 512 2487 574 2512; x_wconf 89' lang='lat' dir='ltr'>Om.</span> <span class='ocrx_word' id='word_1_319' title='bbox 593 2487 630 2516; x_wconf 83' lang='lat' dir='ltr'>H;</span> <span class='ocrx_word' id='word_1_320' title='bbox 649 2487 730 2512; x_wconf 75' lang='lat' dir='ltr'>eriam</span> <span class='ocrx_word' id='word_1_321' title='bbox 749 2494 803 2511; x_wconf 87' lang='lat' dir='ltr'>om.</span> <span class='ocrx_word' id='word_1_322' title='bbox 823 2487 895 2512; x_wconf 81' lang='lat' dir='ltr'>PKa.</span> 
     </span>
     <span class='ocr_line' id='line_1_48' title="bbox 279 2521 965 2555; baseline -0.004 -6"><span class='ocrx_word' id='word_1_323' title='bbox 279 2524 306 2543; x_wconf 65' lang='grc' dir='ltr'>Η*</span> <span class='ocrx_word' id='word_1_324' title='bbox 375 2525 475 2548; x_wconf 66' lang='lat' dir='ltr'>man.</span> <span class='ocrx_word' id='word_1_325' title='bbox 492 2535 512 2542; x_wconf 90' lang='lat'>·-</span> <span class='ocrx_word' id='word_1_326' title='bbox 529 2522 592 2547; x_wconf 90' lang='lat' dir='ltr'>Om.</span> <span class='ocrx_word' id='word_1_327' title='bbox 610 2521 739 2555; x_wconf 81' lang='lat' dir='ltr'>ABEFpC</span> <span class='ocrx_word' id='word_1_328' title='bbox 757 2526 784 2546; x_wconf 85' lang='lat' dir='ltr'>et</span> <span class='ocrx_word' id='word_1_329' title='bbox 799 2528 827 2551; x_wconf 73' lang='grc' dir='ltr'>κ,</span> <span class='ocrx_word' id='word_1_330' title='bbox 846 2522 915 2547; x_wconf 68' lang='lat' dir='ltr'>enim</span> <span class='ocrx_word' id='word_1_331' title='bbox 934 2522 965 2546; x_wconf 81' lang='lat' dir='ltr'>t..</span> 
     </span>
    </p>

    <p class='ocr_par' dir='ltr' id='par_1_10' title="bbox 298 2557 786 2590">
     <span class='ocr_line' id='line_1_49' title="bbox 298 2557 786 2590; baseline -0.008 -4"><span class='ocrx_word' id='word_1_332' title='bbox 298 2580 301 2586; x_wconf 52' lang='lat'><em>2</em></span> <span class='ocrx_word' id='word_1_333' title='bbox 332 2557 520 2590; x_wconf 56' lang='lat' dir='ltr'>onerandum</span> <span class='ocrx_word' id='word_1_334' title='bbox 539 2557 598 2583; x_wconf 81' lang='lat' dir='ltr'>hoe.</span> <span class='ocrx_word' id='word_1_335' title='bbox 613 2570 634 2577; x_wconf 83' lang='lat'>-</span> <span class='ocrx_word' id='word_1_336' title='bbox 650 2558 713 2583; x_wconf 82' lang='lat' dir='ltr'>Om.</span> <span class='ocrx_word' id='word_1_337' title='bbox 733 2557 786 2582; x_wconf 84' lang='lat' dir='ltr'>PG.</span> 
     </span>
    </p>

    <p class='ocr_par' dir='ltr' id='par_1_11' title="bbox 277 2591 1343 2662">
     <span class='ocr_line' id='line_1_50' title="bbox 300 2591 1343 2654; baseline -0.003 -35"><span class='ocrx_word' id='word_1_338' title='bbox 300 2625 302 2627; x_wconf 21' lang='lat' dir='ltr'>v</span> <span class='ocrx_word' id='word_1_339' title='bbox 331 2591 361 2628; x_wconf 78' lang='grc' dir='ltr'>ζ)</span> <span class='ocrx_word' id='word_1_340' title='bbox 371 2597 508 2654; x_wconf 51' lang='grc' dir='ltr'>μὸωηριε.</span> <span class='ocrx_word' id='word_1_341' title='bbox 525 2607 544 2613; x_wconf 94' lang='grc'>-</span> <span class='ocrx_word' id='word_1_342' title='bbox 556 2593 670 2626; x_wconf 75' lang='lat' dir='ltr'>proprie</span> <span class='ocrx_word' id='word_1_343' title='bbox 682 2593 941 2626; x_wconf 70' lang='lat' dir='ltr'>ABCDEGfflLpKn</span> <span class='ocrx_word' id='word_1_344' title='bbox 953 2597 979 2617; x_wconf 89' lang='lat' dir='ltr'>et</span> <span class='ocrx_word' id='word_1_345' title='bbox 996 2600 1040 2622; x_wconf 76' lang='lat' dir='ltr'>xa,</span> <span class='ocrx_word' id='word_1_346' title='bbox 1050 2592 1163 2624; x_wconf 80' lang='lat' dir='ltr'>proprie</span> <span class='ocrx_word' id='word_1_347' title='bbox 1170 2594 1296 2624; x_wconf 75' lang='lat' dir='ltr'>prompte</span> <span class='ocrx_word' id='word_1_348' title='bbox 1310 2592 1343 2622; x_wconf 82' lang='lat' dir='ltr'>F;</span> 
     </span>
     <span class='ocr_line' id='line_1_51' title="bbox 277 2631 430 2662; baseline -0.013 -7"><span class='ocrx_word' id='word_1_349' title='bbox 277 2631 307 2660; x_wconf 62' lang='lat' dir='ltr'>pt</span> <span class='ocrx_word' id='word_1_350' title='bbox 323 2635 379 2662; x_wconf 70' lang='lat' dir='ltr'>om.</span> <span class='ocrx_word' id='word_1_351' title='bbox 422 2646 430 2653; x_wconf 91' lang='lat'>.</span> 
     </span>
    </p>
   </div>
   <div class='ocr_carea' id='block_1_6' title="bbox 31 2771 1354 3476">
    <p class='ocr_par' dir='ltr' id='par_1_12' title="bbox 66 2771 1354 3245">
     <span class='ocr_line' id='line_1_52' title="bbox 339 2771 1347 2813; baseline -0.005 -7"><span class='ocrx_word' id='word_1_352' title='bbox 339 2773 478 2807; x_wconf 70' lang='lat' dir='ltr'>articulo</span> <span class='ocrx_word' id='word_1_353' title='bbox 491 2773 634 2804; x_wconf 75' lang='lat' dir='ltr'>secundo</span> <span class='ocrx_word' id='word_1_354' title='bbox 648 2773 792 2804; x_wconf 85' lang='lat' dir='ltr'>eiusdem</span> <span class='ocrx_word' id='word_1_355' title='bbox 806 2773 1012 2813; x_wconf 77' lang='lat' dir='ltr'>quaestionis,</span> <span class='ocrx_word' id='word_1_356' title='bbox 1025 2772 1143 2802; x_wconf 86' lang='lat' dir='ltr'>omissa</span> <span class='ocrx_word' id='word_1_357' title='bbox 1158 2771 1347 2812; x_wconf 84' lang='lat' dir='ltr'>quaestione</span> 
     </span>
     <span class='ocr_line' id='line_1_53' title="bbox 277 2783 1346 2857; baseline -0.006 -6"><span class='ocrx_word' id='word_1_358' title='bbox 277 2783 351 2851; x_wconf 57' lang='lat' dir='ltr'>ne</span> <span class='ocrx_word' id='word_1_359' title='bbox 367 2817 546 2850; x_wconf 68' lang='lat' dir='ltr'>intentione</span> <span class='ocrx_word' id='word_1_360' title='bbox 564 2817 706 2857; x_wconf 70' lang='lat' dir='ltr'>Magistri</span> <span class='ocrx_word' id='word_1_361' title='bbox 729 2817 973 2852; x_wconf 75' lang='lat' dir='ltr'>Sententiarum,</span> <span class='ocrx_word' id='word_1_362' title='bbox 991 2817 1065 2857; x_wconf 91' lang='lat' dir='ltr'>quia</span> <span class='ocrx_word' id='word_1_363' title='bbox 1089 2826 1155 2846; x_wconf 91' lang='lat' dir='ltr'>non</span> <span class='ocrx_word' id='word_1_364' title='bbox 1172 2823 1219 2846; x_wconf 91' lang='lat' dir='ltr'>est</span> <span class='ocrx_word' id='word_1_365' title='bbox 1234 2825 1346 2846; x_wconf 89' lang='lat' dir='ltr'>meum</span> 
     </span>
     <span class='ocr_line' id='line_1_54' title="bbox 279 2859 1345 2902; baseline -0.004 -9"><span class='ocrx_word' id='word_1_366' title='bbox 279 2861 387 2894; x_wconf 71' lang='lat' dir='ltr'>videte</span> <span class='ocrx_word' id='word_1_367' title='bbox 414 2862 494 2902; x_wconf 77' lang='lat' dir='ltr'>qaid</span> <span class='ocrx_word' id='word_1_368' title='bbox 521 2862 581 2893; x_wconf 75' lang='lat' dir='ltr'>iate</span> <span class='ocrx_word' id='word_1_369' title='bbox 610 2861 662 2892; x_wconf 81' lang='lat' dir='ltr'>vel</span> <span class='ocrx_word' id='word_1_370' title='bbox 691 2861 744 2892; x_wconf 83' lang='lat' dir='ltr'>ille</span> <span class='ocrx_word' id='word_1_371' title='bbox 775 2861 924 2897; x_wconf 78' lang='lat' dir='ltr'>sensen&#39;t3</span> <span class='ocrx_word' id='word_1_372' title='bbox 956 2867 1034 2891; x_wconf 86' lang='lat' dir='ltr'>nota</span> <span class='ocrx_word' id='word_1_373' title='bbox 1062 2860 1199 2891; x_wconf 88' lang='lat' dir='ltr'>rationes</span> <span class='ocrx_word' id='word_1_374' title='bbox 1228 2859 1345 2900; x_wconf 85' lang='lat' dir='ltr'>quibus</span> 
     </span>
     <span class='ocr_line' id='line_1_55' title="bbox 278 2904 1344 2947; baseline -0.004 -9"><span class='ocrx_word' id='word_1_375' title='bbox 278 2908 402 2938; x_wconf 69' lang='lat' dir='ltr'>Auctor</span> <span class='ocrx_word' id='word_1_376' title='bbox 430 2906 544 2947; x_wconf 67' lang='lat' dir='ltr'>probat</span> <span class='ocrx_word' id='word_1_377' title='bbox 573 2905 791 2936; x_wconf 80' lang='lat' dir='ltr'>necessitatem</span> <span class='ocrx_word' id='word_1_378' title='bbox 820 2904 989 2936; x_wconf 78' lang='lat' dir='ltr'>habitualis</span> <span class='ocrx_word' id='word_1_379' title='bbox 1018 2904 1153 2935; x_wconf 84' lang='lat' dir='ltr'>caritatis</span> <span class='ocrx_word' id='word_1_380' title='bbox 1183 2904 1216 2934; x_wconf 91' lang='lat' dir='ltr'>in</span> <span class='ocrx_word' id='word_1_381' title='bbox 1239 2904 1344 2934; x_wconf 83' lang='lat' dir='ltr'>anima</span> 
     </span>
     <span class='ocr_line' id='line_1_56' title="bbox 248 2947 1345 2990; baseline -0.002 -10"><span class='ocrx_word' id='word_1_382' title='bbox 248 2957 254 2976; x_wconf 78' lang='lat'>=</span> <span class='ocrx_word' id='word_1_383' title='bbox 281 2956 398 2981; x_wconf 89' lang='lat' dir='ltr'>nostra.</span> <span class='ocrx_word' id='word_1_384' title='bbox 423 2949 463 2981; x_wconf 90' lang='lat' dir='ltr'>Et</span> <span class='ocrx_word' id='word_1_385' title='bbox 486 2956 651 2981; x_wconf 82' lang='lat' dir='ltr'>memento</span> <span class='ocrx_word' id='word_1_386' title='bbox 666 2950 767 2990; x_wconf 89' lang='lat' dir='ltr'>quod,</span> <span class='ocrx_word' id='word_1_387' title='bbox 782 2949 859 2990; x_wconf 81' lang='lat' dir='ltr'>quia</span> <span class='ocrx_word' id='word_1_388' title='bbox 881 2948 914 2979; x_wconf 90' lang='lat' dir='ltr'>in</span> <span class='ocrx_word' id='word_1_389' title='bbox 930 2948 1128 2989; x_wconf 75' lang='lat' dir='ltr'>praecedenti</span> <span class='ocrx_word' id='word_1_390' title='bbox 1144 2947 1240 2978; x_wconf 90' lang='lat' dir='ltr'>Libro</span> <span class='ocrx_word' id='word_1_391' title='bbox 1255 2947 1272 2966; x_wconf 93' lang='lat'>*</span> <span class='ocrx_word' id='word_1_392' title='bbox 1291 2948 1345 2978; x_wconf 91' lang='lat' dir='ltr'>de-</span> 
     </span>
     <span class='ocr_line' id='line_1_57' title="bbox 148 2991 1345 3033; baseline -0.002 -8"><span class='ocrx_word' id='word_1_393' title='bbox 148 2993 158 3033; x_wconf 87' lang='lat'>,’</span> <span class='ocrx_word' id='word_1_394' title='bbox 184 2992 254 3028; x_wconf 77' lang='lat' dir='ltr'>u.&#39;ex&#39;</span> <span class='ocrx_word' id='word_1_395' title='bbox 279 2993 460 3025; x_wconf 71' lang='lat' dir='ltr'>terminavit</span> <span class='ocrx_word' id='word_1_396' title='bbox 474 2992 626 3024; x_wconf 84' lang='lat' dir='ltr'>meritum</span> <span class='ocrx_word' id='word_1_397' title='bbox 641 3003 680 3023; x_wconf 82' lang='lat' dir='ltr'>ex</span> <span class='ocrx_word' id='word_1_398' title='bbox 693 2991 791 3033; x_wconf 82' lang='lat' dir='ltr'>gratia</span> <span class='ocrx_word' id='word_1_399' title='bbox 805 2993 985 3033; x_wconf 84' lang='lat' dir='ltr'>provenire;</span> <span class='ocrx_word' id='word_1_400' title='bbox 1001 2999 1031 3023; x_wconf 89' lang='lat' dir='ltr'>et</span> <span class='ocrx_word' id='word_1_401' title='bbox 1047 2993 1133 3033; x_wconf 89' lang='lat' dir='ltr'>apud</span> <span class='ocrx_word' id='word_1_402' title='bbox 1148 2992 1345 3023; x_wconf 81' lang='lat' dir='ltr'>Auctorem*</span> 
     </span>
     <span class='ocr_line' id='line_1_58' title="bbox 66 3022 1344 3085; baseline -0.002 -16"><span class='ocrx_word' id='word_1_403' title='bbox 66 3045 71 3059; x_wconf 70' lang='lat'>³</span> <span class='ocrx_word' id='word_1_404' title='bbox 110 3065 121 3085; x_wconf 89' lang='lat'>,·</span> <span class='ocrx_word' id='word_1_405' title='bbox 179 3022 257 3081; x_wconf 53' lang='lat'>5233</span> <span class='ocrx_word' id='word_1_406' title='bbox 281 3037 392 3069; x_wconf 69' lang='lat' dir='ltr'>ennius</span> <span class='ocrx_word' id='word_1_407' title='bbox 420 3037 543 3068; x_wconf 75' lang='lat' dir='ltr'>realiter</span> <span class='ocrx_word' id='word_1_408' title='bbox 565 3037 767 3077; x_wconf 78' lang='lat' dir='ltr'>distinguitm·</span> <span class='ocrx_word' id='word_1_409' title='bbox 789 3046 807 3067; x_wconf 89' lang='lat' dir='ltr'>a</span> <span class='ocrx_word' id='word_1_410' title='bbox 835 3037 949 3076; x_wconf 81' lang='lat' dir='ltr'>gratia,</span> <span class='ocrx_word' id='word_1_411' title='bbox 974 3046 1056 3077; x_wconf 79' lang='lat' dir='ltr'>quae</span> <span class='ocrx_word' id='word_1_412' title='bbox 1086 3043 1134 3066; x_wconf 88' lang='lat' dir='ltr'>est</span> <span class='ocrx_word' id='word_1_413' title='bbox 1154 3035 1188 3066; x_wconf 89' lang='lat' dir='ltr'>in</span> <span class='ocrx_word' id='word_1_414' title='bbox 1212 3035 1344 3066; x_wconf 78' lang='lat' dir='ltr'>essentia</span> 
     </span>
     <span class='ocr_line' id='line_1_59' title="bbox 105 3075 1344 3124; baseline -0.002 -12"><span class='ocrx_word' id='word_1_415' title='bbox 105 3117 112 3124; x_wconf 51' lang='lat'><strong>·</strong></span> <span class='ocrx_word' id='word_1_416' title='bbox 247 3075 255 3111; x_wconf 67' lang='grc' dir='ltr'><em>ἶ</em></span> <span class='ocrx_word' id='word_1_417' title='bbox 281 3081 421 3112; x_wconf 78' lang='lat' dir='ltr'>animae:</span> <span class='ocrx_word' id='word_1_418' title='bbox 453 3081 527 3112; x_wconf 85' lang='lat' dir='ltr'>ideo</span> <span class='ocrx_word' id='word_1_419' title='bbox 551 3090 618 3111; x_wconf 85' lang='lat' dir='ltr'>non</span> <span class='ocrx_word' id='word_1_420' title='bbox 648 3090 686 3111; x_wconf 86' lang='lat' dir='ltr'>ex</span> <span class='ocrx_word' id='word_1_421' title='bbox 707 3087 796 3121; x_wconf 89' lang='lat' dir='ltr'>parte</span> <span class='ocrx_word' id='word_1_422' title='bbox 817 3088 906 3112; x_wconf 87' lang='lat' dir='ltr'>aetus</span> <span class='ocrx_word' id='word_1_423' title='bbox 933 3080 1101 3116; x_wconf 87' lang='lat' dir='ltr'>meritorii,</span> <span class='ocrx_word' id='word_1_424' title='bbox 1132 3081 1187 3110; x_wconf 86' lang='lat' dir='ltr'>sed</span> <span class='ocrx_word' id='word_1_425' title='bbox 1216 3079 1344 3110; x_wconf 80' lang='lat' dir='ltr'>aliunde</span> 
     </span>
     <span class='ocr_line' id='line_1_60' title="bbox 104 3124 1354 3166; baseline -0.005 -6"><span class='ocrx_word' id='word_1_426' title='bbox 104 3126 112 3138; x_wconf 87' lang='lat'>&#39;</span> <span class='ocrx_word' id='word_1_427' title='bbox 163 3154 169 3165; x_wconf 85' lang='lat'>,</span> <span class='ocrx_word' id='word_1_428' title='bbox 218 3126 255 3160; x_wconf 72' lang='grc' dir='ltr'>.ἇῖ</span> <span class='ocrx_word' id='word_1_429' title='bbox 281 3126 397 3166; x_wconf 76' lang='lat' dir='ltr'>probat</span> <span class='ocrx_word' id='word_1_430' title='bbox 416 3125 635 3156; x_wconf 63' lang='lat' dir='ltr'>necessit-uem</span> <span class='ocrx_word' id='word_1_431' title='bbox 656 3125 783 3156; x_wconf 74' lang='lat' dir='ltr'>habitus</span> <span class='ocrx_word' id='word_1_432' title='bbox 805 3125 948 3156; x_wconf 79' lang='lat' dir='ltr'>caritatis.</span> <span class='ocrx_word' id='word_1_433' title='bbox 972 3125 1105 3164; x_wconf 88' lang='lat' dir='ltr'>Propter</span> <span class='ocrx_word' id='word_1_434' title='bbox 1125 3124 1215 3164; x_wconf 90' lang='lat' dir='ltr'>quod</span> <span class='ocrx_word' id='word_1_435' title='bbox 1236 3124 1354 3162; x_wconf 33' lang='lat' dir='ltr'>nullus·</span> 
     </span>
     <span class='ocr_line' id='line_1_61' title="bbox 280 3167 1343 3201; baseline -0.003 0"><span class='ocrx_word' id='word_1_436' title='bbox 280 3170 413 3201; x_wconf 82' lang='lat' dir='ltr'>miretur</span> <span class='ocrx_word' id='word_1_437' title='bbox 442 3169 468 3200; x_wconf 88' lang='lat' dir='ltr'>si</span> <span class='ocrx_word' id='word_1_438' title='bbox 492 3169 531 3200; x_wconf 93' lang='lat' dir='ltr'>de</span> <span class='ocrx_word' id='word_1_439' title='bbox 553 3169 737 3200; x_wconf 72' lang='lat' dir='ltr'>necessitate</span> <span class='ocrx_word' id='word_1_440' title='bbox 765 3168 900 3200; x_wconf 84' lang='lat' dir='ltr'>caritatis</span> <span class='ocrx_word' id='word_1_441' title='bbox 929 3168 1050 3199; x_wconf 83' lang='lat' dir='ltr'>ratione</span> <span class='ocrx_word' id='word_1_442' title='bbox 1073 3174 1162 3198; x_wconf 87' lang='lat' dir='ltr'>actus</span> <span class='ocrx_word' id='word_1_443' title='bbox 1191 3167 1343 3198; x_wconf 88' lang='lat' dir='ltr'>meritorii</span> 
     </span>
     <span class='ocr_line' id='line_1_62' title="bbox 281 3213 632 3245; baseline 0 -1"><span class='ocrx_word' id='word_1_444' title='bbox 281 3223 348 3245; x_wconf 83' lang='lat' dir='ltr'>non</span> <span class='ocrx_word' id='word_1_445' title='bbox 371 3220 420 3244; x_wconf 88' lang='lat' dir='ltr'>est</span> <span class='ocrx_word' id='word_1_446' title='bbox 440 3223 546 3244; x_wconf 84' lang='lat' dir='ltr'>sermo</span> <span class='ocrx_word' id='word_1_447' title='bbox 569 3213 632 3244; x_wconf 85' lang='lat' dir='ltr'>hic.</span> 
     </span>
    </p>

    <p class='ocr_par' dir='ltr' id='par_1_13' title="bbox 31 3255 1344 3476">
     <span class='ocr_line' id='line_1_63' title="bbox 333 3255 1343 3298; baseline -0.002 -10"><span class='ocrx_word' id='word_1_448' title='bbox 333 3257 433 3289; x_wconf 83' lang='lat' dir='ltr'>Affert</span> <span class='ocrx_word' id='word_1_449' title='bbox 446 3257 542 3298; x_wconf 82' lang='lat' dir='ltr'>igitur</span> <span class='ocrx_word' id='word_1_450' title='bbox 557 3259 679 3288; x_wconf 81' lang='lat' dir='ltr'>Auctor</span> <span class='ocrx_word' id='word_1_451' title='bbox 693 3266 792 3287; x_wconf 88' lang='lat' dir='ltr'>unam</span> <span class='ocrx_word' id='word_1_452' title='bbox 811 3256 968 3287; x_wconf 83' lang='lat' dir='ltr'>rationem</span> <span class='ocrx_word' id='word_1_453' title='bbox 986 3255 1202 3296; x_wconf 83' lang='lat' dir='ltr'>principalem,</span> <span class='ocrx_word' id='word_1_454' title='bbox 1220 3262 1250 3286; x_wconf 92' lang='lat' dir='ltr'>et</span> <span class='ocrx_word' id='word_1_455' title='bbox 1264 3255 1343 3286; x_wconf 87' lang='lat' dir='ltr'>duas</span> 
     </span>
     <span class='ocr_line' id='line_1_64' title="bbox 281 3299 1344 3342; baseline -0.003 -9"><span class='ocrx_word' id='word_1_456' title='bbox 281 3301 479 3338; x_wconf 72' lang='lat' dir='ltr'>accessorius,</span> <span class='ocrx_word' id='word_1_457' title='bbox 503 3311 600 3342; x_wconf 88' lang='lat' dir='ltr'>quare</span> <span class='ocrx_word' id='word_1_458' title='bbox 624 3300 758 3331; x_wconf 86' lang='lat' dir='ltr'>caritatis</span> <span class='ocrx_word' id='word_1_459' title='bbox 780 3300 906 3331; x_wconf 87' lang='lat' dir='ltr'>habitus</span> <span class='ocrx_word' id='word_1_460' title='bbox 928 3300 968 3330; x_wconf 89' lang='lat' dir='ltr'>sit</span> <span class='ocrx_word' id='word_1_461' title='bbox 990 3299 1192 3330; x_wconf 87' lang='lat' dir='ltr'>necessarius.</span> <span class='ocrx_word' id='word_1_462' title='bbox 1216 3300 1258 3330; x_wconf 88' lang='lat' dir='ltr'>Et</span> <span class='ocrx_word' id='word_1_463' title='bbox 1272 3299 1344 3331; x_wconf 89' lang='lat' dir='ltr'>licet</span> 
     </span>
     <span class='ocr_line' id='line_1_65' title="bbox 31 3343 1344 3385; baseline -0.002 -8"><span class='ocrx_word' id='word_1_464' title='bbox 31 3379 44 3385; x_wconf 61' lang='grc'><strong>,</strong></span> <span class='ocrx_word' id='word_1_465' title='bbox 281 3355 394 3377; x_wconf 78' lang='lat' dir='ltr'>omnes</span> <span class='ocrx_word' id='word_1_466' title='bbox 416 3346 493 3376; x_wconf 83' lang='lat' dir='ltr'>istae</span> <span class='ocrx_word' id='word_1_467' title='bbox 516 3345 652 3376; x_wconf 83' lang='lat' dir='ltr'>rationes</span> <span class='ocrx_word' id='word_1_468' title='bbox 675 3351 842 3375; x_wconf 79' lang='lat' dir='ltr'>sumantur</span> <span class='ocrx_word' id='word_1_469' title='bbox 857 3353 894 3374; x_wconf 83' lang='lat' dir='ltr'>ex</span> <span class='ocrx_word' id='word_1_470' title='bbox 917 3344 1016 3374; x_wconf 88' lang='lat' dir='ltr'>modo</span> <span class='ocrx_word' id='word_1_471' title='bbox 1040 3343 1202 3385; x_wconf 85' lang='lat' dir='ltr'>operandi,</span> <span class='ocrx_word' id='word_1_472' title='bbox 1226 3343 1344 3375; x_wconf 84' lang='lat' dir='ltr'>scilicet</span> 
     </span>
     <span class='ocr_line' id='line_1_66' title="bbox 44 3387 1344 3430; baseline -0.002 -10"><span class='ocrx_word' id='word_1_473' title='bbox 44 3406 59 3420; x_wconf 64' lang='lat' dir='ltr'>a</span> <span class='ocrx_word' id='word_1_474' title='bbox 73 3407 109 3430; x_wconf 58' lang='grc' dir='ltr'>α,</span> <span class='ocrx_word' id='word_1_475' title='bbox 129 3413 192 3430; x_wconf 79' lang='lat' dir='ltr'>num.</span> <span class='ocrx_word' id='word_1_476' title='bbox 213 3414 254 3430; x_wconf 86' lang='lat' dir='ltr'>m.</span> <span class='ocrx_word' id='word_1_477' title='bbox 281 3389 426 3430; x_wconf 82' lang='lat' dir='ltr'>perfecte,</span> <span class='ocrx_word' id='word_1_478' title='bbox 449 3389 580 3421; x_wconf 79' lang='lat' dir='ltr'>faciliter</span> <span class='ocrx_word' id='word_1_479' title='bbox 594 3396 624 3420; x_wconf 90' lang='lat' dir='ltr'>et</span> <span class='ocrx_word' id='word_1_480' title='bbox 647 3388 878 3424; x_wconf 82' lang='lat' dir='ltr'>delectabiliter,</span> <span class='ocrx_word' id='word_1_481' title='bbox 904 3397 941 3418; x_wconf 82' lang='lat' dir='ltr'>ex</span> <span class='ocrx_word' id='word_1_482' title='bbox 963 3388 1068 3428; x_wconf 88' lang='lat' dir='ltr'>primo</span> <span class='ocrx_word' id='word_1_483' title='bbox 1086 3394 1201 3423; x_wconf 86' lang='lat' dir='ltr'>tamen,</span> <span class='ocrx_word' id='word_1_484' title='bbox 1226 3387 1344 3419; x_wconf 84' lang='lat' dir='ltr'>scilicet</span> 
     </span>
     <span class='ocr_line' id='line_1_67' title="bbox 35 3429 1341 3476; baseline -0.005 -9"><span class='ocrx_word' id='word_1_485' title='bbox 35 3429 70 3457; x_wconf 65' lang='lat'>³¹¹²</span> <span class='ocrx_word' id='word_1_486' title='bbox 84 3433 136 3456; x_wconf 58' lang='grc' dir='ltr'>ΕΜ·</span> <span class='ocrx_word' id='word_1_487' title='bbox 281 3444 320 3465; x_wconf 79' lang='lat' dir='ltr'>ex</span> <span class='ocrx_word' id='word_1_488' title='bbox 341 3434 543 3476; x_wconf 81' lang='lat' dir='ltr'>perfectione,</span> <span class='ocrx_word' id='word_1_489' title='bbox 567 3433 722 3465; x_wconf 84' lang='lat' dir='ltr'>stabilitur</span> <span class='ocrx_word' id='word_1_490' title='bbox 744 3433 903 3463; x_wconf 86' lang='lat' dir='ltr'>intentum</span> <span class='ocrx_word' id='word_1_491' title='bbox 917 3431 943 3462; x_wconf 68' lang='lat'>⁴³.</span> <span class='ocrx_word' id='word_1_492' title='bbox 968 3432 1070 3462; x_wconf 87' lang='lat' dir='ltr'>Maior</span> <span class='ocrx_word' id='word_1_493' title='bbox 1092 3431 1251 3472; x_wconf 83' lang='lat' dir='ltr'>siquidem</span> <span class='ocrx_word' id='word_1_494' title='bbox 1273 3431 1341 3462; x_wconf 83' lang='lat' dir='ltr'>illa:</span> 
     </span>
    </p>
   </div>
   <div class='ocr_carea' id='block_1_7' title="bbox 962 155 1779 201">
    <p class='ocr_par' dir='ltr' id='par_1_14' title="bbox 962 155 1779 201">
     <span class='ocr_line' id='line_1_68' title="bbox 962 155 1779 201; baseline 0.001 -10"><span class='ocrx_word' id='word_1_495' title='bbox 962 155 1226 200; x_wconf 89' lang='lat' dir='ltr'>QUAESTIO</span> <span class='ocrx_word' id='word_1_496' title='bbox 1240 155 1396 201; x_wconf 72' lang='lat' dir='ltr'>.XXIII,</span> <span class='ocrx_word' id='word_1_497' title='bbox 1425 155 1719 192; x_wconf 87' lang='lat' dir='ltr'>ARTICULUS</span> <span class='ocrx_word' id='word_1_498' title='bbox 1749 155 1779 192; x_wconf 89' lang='lat'>11</span> 
     </span>
    </p>
   </div>
   <div class='ocr_carea' id='block_1_8' title="bbox 1369 2179 1373 2786">
    <p class='ocr_par' dir='ltr' id='par_1_15' title="bbox 1369 2179 1373 2786">
     <span class='ocr_line' id='line_1_69' title="bbox 1369 2179 1373 2786; baseline 0 0"><span class='ocrx_word' id='word_1_499' title='bbox 1369 2179 1373 2786; x_wconf 95' lang='lat' dir='ltr'> </span> 
     </span>
    </p>
   </div>
   <div class='ocr_carea' id='block_1_9' title="bbox 2386 156 2454 192">
    <p class='ocr_par' dir='ltr' id='par_1_16' title="bbox 2386 156 2454 192">
     <span class='ocr_line' id='line_1_70' title="bbox 2386 156 2454 192; baseline 0.015 -1"><span class='ocrx_word' id='word_1_500' title='bbox 2386 156 2454 192; x_wconf 86' lang='lat'>165</span> 
     </span>
    </p>
   </div>
   <div class='ocr_carea' id='block_1_10' title="bbox 1398 229 2601 1964">
    <p class='ocr_par' dir='ltr' id='par_1_17' title="bbox 1398 229 2601 1964">
     <span class='ocr_line' id='line_1_71' title="bbox 1403 229 2463 279; baseline -0.001 -12"><span class='ocrx_word' id='word_1_501' title='bbox 1403 231 1646 268; x_wconf 86' lang='lat' dir='ltr'>Manifestum</span> <span class='ocrx_word' id='word_1_502' title='bbox 1680 239 1734 268; x_wconf 91' lang='lat' dir='ltr'>est</span> <span class='ocrx_word' id='word_1_503' title='bbox 1766 238 1893 268; x_wconf 86' lang='lat' dir='ltr'>autem</span> <span class='ocrx_word' id='word_1_504' title='bbox 1913 229 1927 252; x_wconf 71' lang='grc' dir='ltr'><em>δ</em></span> <span class='ocrx_word' id='word_1_505' title='bbox 1947 231 2051 279; x_wconf 91' lang='lat' dir='ltr'>quod</span> <span class='ocrx_word' id='word_1_506' title='bbox 2079 238 2183 267; x_wconf 89' lang='lat' dir='ltr'>actus</span> <span class='ocrx_word' id='word_1_507' title='bbox 2212 230 2374 267; x_wconf 89' lang='lat' dir='ltr'>caritatis</span> <span class='ocrx_word' id='word_1_508' title='bbox 2403 243 2463 267; x_wconf 89' lang='lat' dir='ltr'>ex-</span> 
     </span>
     <span class='ocr_line' id='line_1_72' title="bbox 1403 283 2463 332; baseline -0.001 -12"><span class='ocrx_word' id='word_1_509' title='bbox 1403 284 1501 321; x_wconf 91' lang='lat' dir='ltr'>cedit</span> <span class='ocrx_word' id='word_1_510' title='bbox 1520 291 1693 321; x_wconf 90' lang='lat' dir='ltr'>naturam</span> <span class='ocrx_word' id='word_1_511' title='bbox 1722 284 1912 332; x_wconf 90' lang='lat' dir='ltr'>potentiae</span> <span class='ocrx_word' id='word_1_512' title='bbox 1936 283 2154 320; x_wconf 89' lang='lat' dir='ltr'>voluntatis.</span> <span class='ocrx_word' id='word_1_513' title='bbox 2184 283 2268 319; x_wconf 90' lang='lat' dir='ltr'>Nisi</span> <span class='ocrx_word' id='word_1_514' title='bbox 2289 295 2378 331; x_wconf 88' lang='lat' dir='ltr'>ergo</span> <span class='ocrx_word' id='word_1_515' title='bbox 2399 284 2463 320; x_wconf 86' lang='lat' dir='ltr'>ali-</span> 
     </span>
     <span class='ocr_line' id='line_1_73' title="bbox 1402 335 2463 386; baseline -0.001 -13"><span class='ocrx_word' id='word_1_516' title='bbox 1402 348 1478 384; x_wconf 89' lang='lat' dir='ltr'>qua</span> <span class='ocrx_word' id='word_1_517' title='bbox 1498 336 1621 374; x_wconf 89' lang='lat' dir='ltr'>forma</span> <span class='ocrx_word' id='word_1_518' title='bbox 1645 336 1960 386; x_wconf 89' lang='lat' dir='ltr'>superadderetur</span> <span class='ocrx_word' id='word_1_519' title='bbox 1987 336 2147 372; x_wconf 89' lang='lat' dir='ltr'>naturali</span> <span class='ocrx_word' id='word_1_520' title='bbox 2173 335 2367 384; x_wconf 90' lang='lat' dir='ltr'>potentiae</span> <span class='ocrx_word' id='word_1_521' title='bbox 2394 348 2463 384; x_wconf 92' lang='lat' dir='ltr'>per</span> 
     </span>
     <span class='ocr_line' id='line_1_74' title="bbox 1401 388 2460 436; baseline -0.001 -10"><span class='ocrx_word' id='word_1_522' title='bbox 1401 401 1519 436; x_wconf 90' lang='lat' dir='ltr'>quarn</span> <span class='ocrx_word' id='word_1_523' title='bbox 1539 389 1779 426; x_wconf 86' lang='lat' dir='ltr'>inclinaretur</span> <span class='ocrx_word' id='word_1_524' title='bbox 1797 389 1846 426; x_wconf 90' lang='lat' dir='ltr'>ad</span> <span class='ocrx_word' id='word_1_525' title='bbox 1862 388 2071 426; x_wconf 88' lang='lat' dir='ltr'>dilectionis</span> <span class='ocrx_word' id='word_1_526' title='bbox 2091 395 2232 436; x_wconf 84' lang='lat' dir='ltr'>actum,</span> <span class='ocrx_word' id='word_1_527' title='bbox 2247 388 2460 426; x_wconf 89' lang='lat' dir='ltr'>secundum</span> 
     </span>
     <span class='ocr_line' id='line_1_75' title="bbox 1401 441 2601 494; baseline -0.002 -15"><span class='ocrx_word' id='word_1_528' title='bbox 1401 442 1476 479; x_wconf 88' lang='lat' dir='ltr'>hoc</span> <span class='ocrx_word' id='word_1_529' title='bbox 1495 447 1506 463; x_wconf 72' lang='lat'>⁵</span> <span class='ocrx_word' id='word_1_530' title='bbox 1526 450 1626 494; x_wconf 84' lang='lat' dir='ltr'>esset</span> <span class='ocrx_word' id='word_1_531' title='bbox 1653 450 1758 479; x_wconf 91' lang='lat' dir='ltr'>actus</span> <span class='ocrx_word' id='word_1_532' title='bbox 1787 443 1854 478; x_wconf 91' lang='lat' dir='ltr'>iste</span> <span class='ocrx_word' id='word_1_533' title='bbox 1888 441 2145 490; x_wconf 87' lang='lat' dir='ltr'>imperfectior</span> <span class='ocrx_word' id='word_1_534' title='bbox 2177 441 2322 478; x_wconf 89' lang='lat' dir='ltr'>actibus</span> <span class='ocrx_word' id='word_1_535' title='bbox 2356 449 2462 479; x_wconf 90' lang='lat' dir='ltr'>natu-</span> <span class='ocrx_word' id='word_1_536' title='bbox 2592 455 2601 470; x_wconf 82' lang='grc' dir='ltr'>ε</span> 
     </span>
     <span class='ocr_line' id='line_1_76' title="bbox 1402 494 2463 531; baseline -0.001 0"><span class='ocrx_word' id='word_1_537' title='bbox 1402 494 1542 531; x_wconf 91' lang='lat' dir='ltr'>ralibus</span> <span class='ocrx_word' id='word_1_538' title='bbox 1579 502 1616 531; x_wconf 93' lang='lat' dir='ltr'>et</span> <span class='ocrx_word' id='word_1_539' title='bbox 1651 495 1798 531; x_wconf 89' lang='lat' dir='ltr'>actibus</span> <span class='ocrx_word' id='word_1_540' title='bbox 1834 495 1993 531; x_wconf 88' lang='lat' dir='ltr'>aliarum</span> <span class='ocrx_word' id='word_1_541' title='bbox 2021 494 2226 531; x_wconf 87' lang='lat' dir='ltr'>virtutum:</span> <span class='ocrx_word' id='word_1_542' title='bbox 2265 505 2336 530; x_wconf 89' lang='lat' dir='ltr'>nec</span> <span class='ocrx_word' id='word_1_543' title='bbox 2365 502 2463 530; x_wconf 90' lang='lat' dir='ltr'>esset</span> 
     </span>
     <span class='ocr_line' id='line_1_77' title="bbox 1401 547 2460 596; baseline 0 -13"><span class='ocrx_word' id='word_1_544' title='bbox 1401 547 1517 584; x_wconf 88' lang='lat' dir='ltr'>facilis</span> <span class='ocrx_word' id='word_1_545' title='bbox 1551 554 1587 583; x_wconf 90' lang='lat' dir='ltr'>et</span> <span class='ocrx_word' id='word_1_546' title='bbox 1615 547 1856 584; x_wconf 88' lang='lat' dir='ltr'>delectabilis.</span> <span class='ocrx_word' id='word_1_547' title='bbox 1896 547 2012 594; x_wconf 90' lang='lat' dir='ltr'>Quod</span> <span class='ocrx_word' id='word_1_548' title='bbox 2040 554 2144 596; x_wconf 90' lang='lat' dir='ltr'>patet</span> <span class='ocrx_word' id='word_1_549' title='bbox 2181 558 2264 583; x_wconf 86' lang='lat' dir='ltr'>esse</span> <span class='ocrx_word' id='word_1_550' title='bbox 2302 547 2460 583; x_wconf 85' lang='lat' dir='ltr'>falsum:</span> 
     </span>
     <span class='ocr_line' id='line_1_78' title="bbox 1401 598 2462 648; baseline 0 -12"><span class='ocrx_word' id='word_1_551' title='bbox 1401 600 1490 648; x_wconf 91' lang='lat' dir='ltr'>quia</span> <span class='ocrx_word' id='word_1_552' title='bbox 1518 600 1618 636; x_wconf 90' lang='lat' dir='ltr'>nulla</span> <span class='ocrx_word' id='word_1_553' title='bbox 1646 600 1764 636; x_wconf 88' lang='lat' dir='ltr'>virtus</span> <span class='ocrx_word' id='word_1_554' title='bbox 1792 601 1907 637; x_wconf 90' lang='lat' dir='ltr'>habet</span> <span class='ocrx_word' id='word_1_555' title='bbox 1933 607 2076 636; x_wconf 87' lang='lat' dir='ltr'>tantam</span> <span class='ocrx_word' id='word_1_556' title='bbox 2104 598 2391 637; x_wconf 88' lang='lat' dir='ltr'>inclinationem</span> <span class='ocrx_word' id='word_1_557' title='bbox 2414 600 2462 636; x_wconf 92' lang='lat' dir='ltr'>ad</span> 
     </span>
     <span class='ocr_line' id='line_1_79' title="bbox 1401 652 2462 701; baseline -0.001 -12"><span class='ocrx_word' id='word_1_558' title='bbox 1401 665 1514 690; x_wconf 90' lang='lat' dir='ltr'>suum</span> <span class='ocrx_word' id='word_1_559' title='bbox 1543 660 1671 690; x_wconf 88' lang='lat' dir='ltr'>actum</span> <span class='ocrx_word' id='word_1_560' title='bbox 1700 653 1795 690; x_wconf 88' lang='lat' dir='ltr'>sicut</span> <span class='ocrx_word' id='word_1_561' title='bbox 1824 652 1977 699; x_wconf 87' lang='lat' dir='ltr'>caritas,</span> <span class='ocrx_word' id='word_1_562' title='bbox 2015 665 2087 689; x_wconf 92' lang='lat' dir='ltr'>nec</span> <span class='ocrx_word' id='word_1_563' title='bbox 2118 653 2248 700; x_wconf 90' lang='lat' dir='ltr'>aliqua</span> <span class='ocrx_word' id='word_1_564' title='bbox 2274 652 2462 701; x_wconf 7' lang='lat' dir='ltr'>itapdele-</span> 
     </span>
     <span class='ocr_line' id='line_1_80' title="bbox 1401 705 2463 754; baseline -0.001 -12"><span class='ocrx_word' id='word_1_565' title='bbox 1401 705 1584 742; x_wconf 84' lang='lat' dir='ltr'>ctabiliter</span> <span class='ocrx_word' id='word_1_566' title='bbox 1621 713 1812 754; x_wconf 89' lang='lat' dir='ltr'>operatur.</span> <span class='ocrx_word' id='word_1_567' title='bbox 1854 705 1964 742; x_wconf 91' lang='lat' dir='ltr'>Unde</span> <span class='ocrx_word' id='word_1_568' title='bbox 2002 705 2170 742; x_wconf 86' lang='lat' dir='ltr'>maxime</span> <span class='ocrx_word' id='word_1_569' title='bbox 2211 717 2368 741; x_wconf 88' lang='lat' dir='ltr'>necesse</span> <span class='ocrx_word' id='word_1_570' title='bbox 2406 713 2463 741; x_wconf 90' lang='lat' dir='ltr'>est</span> 
     </span>
     <span class='ocr_line' id='line_1_81' title="bbox 1401 757 2462 806; baseline 0 -13"><span class='ocrx_word' id='word_1_571' title='bbox 1401 758 1505 805; x_wconf 92' lang='lat' dir='ltr'>quod</span> <span class='ocrx_word' id='word_1_572' title='bbox 1535 759 1582 795; x_wconf 90' lang='lat' dir='ltr'>ad</span> <span class='ocrx_word' id='word_1_573' title='bbox 1612 765 1739 794; x_wconf 89' lang='lat' dir='ltr'>actum</span> <span class='ocrx_word' id='word_1_574' title='bbox 1769 757 1928 794; x_wconf 91' lang='lat' dir='ltr'>caritatis</span> <span class='ocrx_word' id='word_1_575' title='bbox 1957 757 2089 794; x_wconf 90' lang='lat' dir='ltr'>existat</span> <span class='ocrx_word' id='word_1_576' title='bbox 2123 758 2159 794; x_wconf 92' lang='lat' dir='ltr'>in</span> <span class='ocrx_word' id='word_1_577' title='bbox 2189 757 2299 794; x_wconf 91' lang='lat' dir='ltr'>nobis</span> <span class='ocrx_word' id='word_1_578' title='bbox 2337 757 2462 806; x_wconf 89' lang='lat' dir='ltr'>aliqua</span> 
     </span>
     <span class='ocr_line' id='line_1_82' title="bbox 1401 810 2461 859; baseline 0.001 -13"><span class='ocrx_word' id='word_1_579' title='bbox 1401 810 1600 847; x_wconf 88' lang='lat' dir='ltr'>habitualis</span> <span class='ocrx_word' id='word_1_580' title='bbox 1627 811 1751 847; x_wconf 88' lang='lat' dir='ltr'>forma</span> <span class='ocrx_word' id='word_1_581' title='bbox 1779 811 2022 859; x_wconf 90' lang='lat' dir='ltr'>superaddita</span> <span class='ocrx_word' id='word_1_582' title='bbox 2058 810 2249 858; x_wconf 91' lang='lat' dir='ltr'>potentiae</span> <span class='ocrx_word' id='word_1_583' title='bbox 2279 811 2461 857; x_wconf 87' lang='lat' dir='ltr'>naturali,</span> 
     </span>
     <span class='ocr_line' id='line_1_83' title="bbox 1400 861 2459 911; baseline 0.002 -13"><span class='ocrx_word' id='word_1_584' title='bbox 1400 861 1583 900; x_wconf 88' lang='lat' dir='ltr'>inclinans</span> <span class='ocrx_word' id='word_1_585' title='bbox 1602 862 1725 911; x_wconf 89' lang='lat' dir='ltr'>ipsam</span> <span class='ocrx_word' id='word_1_586' title='bbox 1746 862 1795 899; x_wconf 89' lang='lat' dir='ltr'>ad</span> <span class='ocrx_word' id='word_1_587' title='bbox 1814 862 1974 900; x_wconf 89' lang='lat' dir='ltr'>caritatis</span> <span class='ocrx_word' id='word_1_588' title='bbox 1992 870 2131 909; x_wconf 89' lang='lat' dir='ltr'>actum,</span> <span class='ocrx_word' id='word_1_589' title='bbox 2154 871 2189 900; x_wconf 92' lang='lat' dir='ltr'>et</span> <span class='ocrx_word' id='word_1_590' title='bbox 2213 862 2354 900; x_wconf 86' lang='lat' dir='ltr'>faciens</span> <span class='ocrx_word' id='word_1_591' title='bbox 2375 875 2459 900; x_wconf 91' lang='lat' dir='ltr'>eam</span> 
     </span>
     <span class='ocr_line' id='line_1_84' title="bbox 1400 913 2601 964; baseline -0.002 -13"><span class='ocrx_word' id='word_1_592' title='bbox 1400 922 1578 962; x_wconf 88' lang='lat' dir='ltr'>prompte</span> <span class='ocrx_word' id='word_1_593' title='bbox 1598 913 1610 940; x_wconf 69' lang='grc' dir='ltr'>ζ</span> <span class='ocrx_word' id='word_1_594' title='bbox 1630 922 1665 951; x_wconf 91' lang='lat' dir='ltr'>et</span> <span class='ocrx_word' id='word_1_595' title='bbox 1693 914 1960 952; x_wconf 91' lang='lat' dir='ltr'>delectabiliter</span> <span class='ocrx_word' id='word_1_596' title='bbox 1987 915 2149 964; x_wconf 89' lang='lat' dir='ltr'>operari.</span> <span class='ocrx_word' id='word_1_597' title='bbox 2587 921 2601 949; x_wconf 83' lang='grc' dir='ltr'>ζ</span> 
     </span>
     <span class='ocr_line' id='line_1_85' title="bbox 1453 967 2461 1015; baseline 0.001 -12"><span class='ocrx_word' id='word_1_598' title='bbox 1453 969 1511 1003; x_wconf 80' lang='lat' dir='ltr'>An</span> <span class='ocrx_word' id='word_1_599' title='bbox 1539 979 1677 1004; x_wconf 65' lang='lat' dir='ltr'>ramum</span> <span class='ocrx_word' id='word_1_600' title='bbox 1705 979 1802 1003; x_wconf 83' lang='lat' dir='ltr'>ERGO</span> <span class='ocrx_word' id='word_1_601' title='bbox 1831 979 2014 1004; x_wconf 82' lang='lat' dir='ltr'>D1CENDUM</span> <span class='ocrx_word' id='word_1_602' title='bbox 2052 968 2156 1015; x_wconf 86' lang='lat' dir='ltr'>quod</span> <span class='ocrx_word' id='word_1_603' title='bbox 2184 967 2265 1015; x_wconf 90' lang='lat' dir='ltr'>ipsa</span> <span class='ocrx_word' id='word_1_604' title='bbox 2298 968 2461 1004; x_wconf 89' lang='lat' dir='ltr'>essentia</span> 
     </span>
     <span class='ocr_line' id='line_1_86' title="bbox 1400 1019 2601 1068; baseline -0.002 -12"><span class='ocrx_word' id='word_1_605' title='bbox 1400 1019 1531 1056; x_wconf 87' lang='lat' dir='ltr'>divina</span> <span class='ocrx_word' id='word_1_606' title='bbox 1559 1020 1691 1056; x_wconf 89' lang='lat' dir='ltr'>caritas</span> <span class='ocrx_word' id='word_1_607' title='bbox 1721 1027 1786 1066; x_wconf 89' lang='lat' dir='ltr'>est,</span> <span class='ocrx_word' id='word_1_608' title='bbox 1809 1019 1903 1056; x_wconf 90' lang='lat' dir='ltr'>sicut</span> <span class='ocrx_word' id='word_1_609' title='bbox 1922 1028 1958 1056; x_wconf 91' lang='lat' dir='ltr'>et</span> <span class='ocrx_word' id='word_1_610' title='bbox 1976 1020 2160 1068; x_wconf 87' lang='lat' dir='ltr'>sapientia</span> <span class='ocrx_word' id='word_1_611' title='bbox 2185 1028 2252 1065; x_wconf 87' lang='lat' dir='ltr'>est,</span> <span class='ocrx_word' id='word_1_612' title='bbox 2274 1028 2309 1056; x_wconf 91' lang='lat' dir='ltr'>et</span> <span class='ocrx_word' id='word_1_613' title='bbox 2329 1020 2424 1057; x_wconf 91' lang='lat' dir='ltr'>sicut</span> <span class='ocrx_word' id='word_1_614' title='bbox 2442 1026 2460 1047; x_wconf 68' lang='grc' dir='ltr'>η</span> <span class='ocrx_word' id='word_1_615' title='bbox 2586 1031 2601 1053; x_wconf 87' lang='grc' dir='ltr'>η</span> 
     </span>
     <span class='ocr_line' id='line_1_87' title="bbox 1400 1072 2460 1110; baseline 0.002 -2"><span class='ocrx_word' id='word_1_616' title='bbox 1400 1072 1548 1108; x_wconf 88' lang='lat' dir='ltr'>bonitas</span> <span class='ocrx_word' id='word_1_617' title='bbox 1578 1080 1643 1109; x_wconf 90' lang='lat' dir='ltr'>est.</span> <span class='ocrx_word' id='word_1_618' title='bbox 1687 1072 1799 1109; x_wconf 89' lang='lat' dir='ltr'>Unde</span> <span class='ocrx_word' id='word_1_619' title='bbox 1832 1073 1927 1109; x_wconf 85' lang='lat' dir='ltr'>sicut</span> <span class='ocrx_word' id='word_1_620' title='bbox 1965 1072 2126 1109; x_wconf 89' lang='lat' dir='ltr'>dicimur</span> <span class='ocrx_word' id='word_1_621' title='bbox 2163 1073 2254 1110; x_wconf 89' lang='lat' dir='ltr'>boni</span> <span class='ocrx_word' id='word_1_622' title='bbox 2291 1073 2460 1110; x_wconf 85' lang='lat' dir='ltr'>bonitate</span> 
     </span>
     <span class='ocr_line' id='line_1_88' title="bbox 1399 1124 2460 1174; baseline 0 -12"><span class='ocrx_word' id='word_1_623' title='bbox 1399 1137 1499 1173; x_wconf 90' lang='lat' dir='ltr'>quae</span> <span class='ocrx_word' id='word_1_624' title='bbox 1518 1126 1624 1162; x_wconf 90' lang='lat' dir='ltr'>Deus</span> <span class='ocrx_word' id='word_1_625' title='bbox 1645 1132 1699 1162; x_wconf 87' lang='lat' dir='ltr'>est</span> <span class='ocrx_word' id='word_1_626' title='bbox 1717 1124 1748 1171; x_wconf 70' lang='lat'>²¹²,</span> <span class='ocrx_word' id='word_1_627' title='bbox 1770 1133 1806 1162; x_wconf 93' lang='lat' dir='ltr'>et</span> <span class='ocrx_word' id='word_1_628' title='bbox 1825 1125 2012 1174; x_wconf 89' lang='lat' dir='ltr'>sapientes</span> <span class='ocrx_word' id='word_1_629' title='bbox 2038 1126 2218 1174; x_wconf 83' lang='lat' dir='ltr'>sapientia</span> <span class='ocrx_word' id='word_1_630' title='bbox 2237 1138 2334 1174; x_wconf 89' lang='lat' dir='ltr'>quae</span> <span class='ocrx_word' id='word_1_631' title='bbox 2354 1126 2460 1162; x_wconf 90' lang='lat' dir='ltr'>Deus</span> 
     </span>
     <span class='ocr_line' id='line_1_89' title="bbox 1400 1177 2461 1226; baseline 0.001 -12"><span class='ocrx_word' id='word_1_632' title='bbox 1400 1186 1466 1224; x_wconf 91' lang='lat' dir='ltr'>est,</span> <span class='ocrx_word' id='word_1_633' title='bbox 1488 1177 1577 1226; x_wconf 92' lang='lat' dir='ltr'>quia</span> <span class='ocrx_word' id='word_1_634' title='bbox 1606 1178 1754 1215; x_wconf 90' lang='lat' dir='ltr'>bonitas</span> <span class='ocrx_word' id='word_1_635' title='bbox 1787 1190 1864 1226; x_wconf 92' lang='lat' dir='ltr'>qua</span> <span class='ocrx_word' id='word_1_636' title='bbox 1891 1178 2098 1215; x_wconf 87' lang='lat' dir='ltr'>formaliter</span> <span class='ocrx_word' id='word_1_637' title='bbox 2125 1178 2216 1215; x_wconf 91' lang='lat' dir='ltr'>boni</span> <span class='ocrx_word' id='word_1_638' title='bbox 2244 1191 2377 1215; x_wconf 89' lang='lat' dir='ltr'>sumus</span> <span class='ocrx_word' id='word_1_639' title='bbox 2406 1186 2461 1215; x_wconf 91' lang='lat' dir='ltr'>est</span> 
     </span>
     <span class='ocr_line' id='line_1_90' title="bbox 1398 1230 2462 1279; baseline 0.002 -13"><span class='ocrx_word' id='word_1_640' title='bbox 1398 1230 1633 1279; x_wconf 90' lang='lat' dir='ltr'>participatio</span> <span class='ocrx_word' id='word_1_641' title='bbox 1653 1231 1846 1279; x_wconf 88' lang='lat' dir='ltr'>quaedam</span> <span class='ocrx_word' id='word_1_642' title='bbox 1871 1231 2023 1268; x_wconf 90' lang='lat' dir='ltr'>divinae</span> <span class='ocrx_word' id='word_1_643' title='bbox 2048 1231 2236 1277; x_wconf 87' lang='lat' dir='ltr'>bonitatis,</span> <span class='ocrx_word' id='word_1_644' title='bbox 2258 1239 2293 1267; x_wconf 90' lang='lat' dir='ltr'>et</span> <span class='ocrx_word' id='word_1_645' title='bbox 2314 1231 2462 1279; x_wconf 88' lang='lat' dir='ltr'>sapien-</span> 
     </span>
     <span class='ocr_line' id='line_1_91' title="bbox 1398 1283 2460 1333; baseline 0.001 -14"><span class='ocrx_word' id='word_1_646' title='bbox 1398 1283 1448 1320; x_wconf 87' lang='lat' dir='ltr'>tia</span> <span class='ocrx_word' id='word_1_647' title='bbox 1467 1295 1543 1331; x_wconf 87' lang='lat' dir='ltr'>qua</span> <span class='ocrx_word' id='word_1_648' title='bbox 1563 1283 1769 1320; x_wconf 86' lang='lat' dir='ltr'>formaliter</span> <span class='ocrx_word' id='word_1_649' title='bbox 1782 1284 1976 1332; x_wconf 56' lang='lat' dir='ltr'>⁴sapientes</span> <span class='ocrx_word' id='word_1_650' title='bbox 1996 1295 2130 1320; x_wconf 87' lang='lat' dir='ltr'>sumus</span> <span class='ocrx_word' id='word_1_651' title='bbox 2150 1291 2207 1320; x_wconf 88' lang='lat' dir='ltr'>est</span> <span class='ocrx_word' id='word_1_652' title='bbox 2223 1283 2460 1333; x_wconf 88' lang='lat' dir='ltr'>participatio</span> 
     </span>
     <span class='ocr_line' id='line_1_92' title="bbox 1400 1336 2462 1386; baseline 0.001 -14"><span class='ocrx_word' id='word_1_653' title='bbox 1400 1336 1590 1386; x_wconf 90' lang='lat' dir='ltr'>quaedam</span> <span class='ocrx_word' id='word_1_654' title='bbox 1613 1336 1763 1373; x_wconf 88' lang='lat' dir='ltr'>divinae</span> <span class='ocrx_word' id='word_1_655' title='bbox 1784 1336 2006 1385; x_wconf 89' lang='lat' dir='ltr'>sapientiae;</span> <span class='ocrx_word' id='word_1_656' title='bbox 2028 1336 2077 1373; x_wconf 91' lang='lat' dir='ltr'>ita</span> <span class='ocrx_word' id='word_1_657' title='bbox 2097 1337 2210 1374; x_wconf 88' lang='lat' dir='ltr'>etiam</span> <span class='ocrx_word' id='word_1_658' title='bbox 2232 1337 2366 1373; x_wconf 89' lang='lat' dir='ltr'>caritas</span> <span class='ocrx_word' id='word_1_659' title='bbox 2386 1349 2462 1384; x_wconf 91' lang='lat' dir='ltr'>qua</span> 
     </span>
     <span class='ocr_line' id='line_1_93' title="bbox 1399 1388 2462 1438; baseline 0 -13"><span class='ocrx_word' id='word_1_660' title='bbox 1399 1389 1605 1426; x_wconf 86' lang='lat' dir='ltr'>formaliter</span> <span class='ocrx_word' id='word_1_661' title='bbox 1625 1388 1813 1436; x_wconf 86' lang='lat' dir='ltr'>diligimus</span> <span class='ocrx_word' id='word_1_662' title='bbox 1832 1389 2052 1438; x_wconf 88' lang='lat' dir='ltr'>proximum</span> <span class='ocrx_word' id='word_1_663' title='bbox 2083 1397 2138 1426; x_wconf 89' lang='lat' dir='ltr'>est</span> <span class='ocrx_word' id='word_1_664' title='bbox 2165 1389 2356 1438; x_wconf 88' lang='lat' dir='ltr'>quaedam</span> <span class='ocrx_word' id='word_1_665' title='bbox 2376 1401 2462 1438; x_wconf 89' lang='lat' dir='ltr'>par-</span> 
     </span>
     <span class='ocr_line' id='line_1_94' title="bbox 1399 1440 2463 1489; baseline 0.001 -12"><span class='ocrx_word' id='word_1_666' title='bbox 1399 1440 1566 1489; x_wconf 86' lang='lat' dir='ltr'>ticipatio</span> <span class='ocrx_word' id='word_1_667' title='bbox 1595 1441 1746 1478; x_wconf 90' lang='lat' dir='ltr'>divinae</span> <span class='ocrx_word' id='word_1_668' title='bbox 1784 1442 1956 1479; x_wconf 89' lang='lat' dir='ltr'>caritatis.</span> <span class='ocrx_word' id='word_1_669' title='bbox 1995 1442 2066 1478; x_wconf 91' lang='lat' dir='ltr'>Hic</span> <span class='ocrx_word' id='word_1_670' title='bbox 2099 1441 2202 1479; x_wconf 90' lang='lat' dir='ltr'>enim</span> <span class='ocrx_word' id='word_1_671' title='bbox 2240 1442 2380 1479; x_wconf 92' lang='lat' dir='ltr'>modus</span> <span class='ocrx_word' id='word_1_672' title='bbox 2408 1442 2463 1478; x_wconf 92' lang='lat' dir='ltr'>lo-</span> 
     </span>
     <span class='ocr_line' id='line_1_95' title="bbox 1400 1493 2461 1543; baseline 0 -13"><span class='ocrx_word' id='word_1_673' title='bbox 1400 1493 1542 1541; x_wconf 90' lang='lat' dir='ltr'>quendi</span> <span class='ocrx_word' id='word_1_674' title='bbox 1571 1501 1774 1530; x_wconf 87' lang='lat' dir='ltr'>consuetus</span> <span class='ocrx_word' id='word_1_675' title='bbox 1803 1503 1858 1531; x_wconf 89' lang='lat' dir='ltr'>est</span> <span class='ocrx_word' id='word_1_676' title='bbox 1885 1495 1985 1542; x_wconf 89' lang='lat' dir='ltr'>apud</span> <span class='ocrx_word' id='word_1_677' title='bbox 2016 1495 2256 1540; x_wconf 82' lang='lat' dir='ltr'>Platonicos,</span> <span class='ocrx_word' id='word_1_678' title='bbox 2294 1506 2461 1543; x_wconf 91' lang='lat' dir='ltr'>quorum</span> 
     </span>
     <span class='ocr_line' id='line_1_96' title="bbox 1401 1546 2460 1595; baseline 0.001 -13"><span class='ocrx_word' id='word_1_679' title='bbox 1401 1546 1580 1583; x_wconf 90' lang='lat' dir='ltr'>doctrinis</span> <span class='ocrx_word' id='word_1_680' title='bbox 1599 1546 1833 1594; x_wconf 88' lang='lat' dir='ltr'>Augustinus</span> <span class='ocrx_word' id='word_1_681' title='bbox 1860 1547 1928 1583; x_wconf 89' lang='lat' dir='ltr'>fuit</span> <span class='ocrx_word' id='word_1_682' title='bbox 1954 1546 2134 1583; x_wconf 89' lang='lat' dir='ltr'>imbutus.</span> <span class='ocrx_word' id='word_1_683' title='bbox 2166 1546 2284 1594; x_wconf 89' lang='lat' dir='ltr'>Quod</span> <span class='ocrx_word' id='word_1_684' title='bbox 2303 1547 2460 1595; x_wconf 89' lang='lat' dir='ltr'>quidam</span> 
     </span>
     <span class='ocr_line' id='line_1_97' title="bbox 1401 1599 2462 1648; baseline 0.001 -13"><span class='ocrx_word' id='word_1_685' title='bbox 1401 1611 1477 1636; x_wconf 92' lang='lat' dir='ltr'>non</span> <span class='ocrx_word' id='word_1_686' title='bbox 1508 1599 1747 1636; x_wconf 82' lang='lat' dir='ltr'>advertentes</span> <span class='ocrx_word' id='word_1_687' title='bbox 1777 1611 1821 1636; x_wconf 88' lang='lat' dir='ltr'>ex</span> <span class='ocrx_word' id='word_1_688' title='bbox 1853 1599 1981 1636; x_wconf 89' lang='lat' dir='ltr'>verbis</span> <span class='ocrx_word' id='word_1_689' title='bbox 2011 1599 2090 1645; x_wconf 86' lang='lat' dir='ltr'>eius</span> <span class='ocrx_word' id='word_1_690' title='bbox 2123 1607 2368 1648; x_wconf 90' lang='lat' dir='ltr'>sumpserunt</span> <span class='ocrx_word' id='word_1_691' title='bbox 2400 1611 2462 1636; x_wconf 95' lang='lat' dir='ltr'>oc-</span> 
     </span>
     <span class='ocr_line' id='line_1_98' title="bbox 1401 1651 2518 1706; baseline -0.003 -17"><span class='ocrx_word' id='word_1_692' title='bbox 1401 1652 1595 1689; x_wconf 89' lang='lat' dir='ltr'>casionem</span> <span class='ocrx_word' id='word_1_693' title='bbox 1625 1651 1775 1689; x_wconf 89' lang='lat' dir='ltr'>errandi</span> <span class='ocrx_word' id='word_1_694' title='bbox 1792 1651 1823 1688; x_wconf 82' lang='lat'>*.</span> <span class='ocrx_word' id='word_1_695' title='bbox 2488 1689 2518 1706; x_wconf 57' lang='lat' dir='ltr'>cn</span> 
     </span>
     <span class='ocr_line' id='line_1_99' title="bbox 1451 1702 2527 1753; baseline 0 -11"><span class='ocrx_word' id='word_1_696' title='bbox 1451 1705 1512 1742; x_wconf 81' lang='lat' dir='ltr'>An</span> <span class='ocrx_word' id='word_1_697' title='bbox 1530 1717 1721 1742; x_wconf 76' lang='lat' dir='ltr'>SECUNDUM</span> <span class='ocrx_word' id='word_1_698' title='bbox 1739 1717 1925 1742; x_wconf 75' lang='lat' dir='ltr'>DICENDUM</span> <span class='ocrx_word' id='word_1_699' title='bbox 1953 1705 2059 1753; x_wconf 91' lang='lat' dir='ltr'>quod</span> <span class='ocrx_word' id='word_1_700' title='bbox 2086 1706 2192 1742; x_wconf 92' lang='lat' dir='ltr'>Deus</span> <span class='ocrx_word' id='word_1_701' title='bbox 2221 1713 2277 1742; x_wconf 88' lang='lat' dir='ltr'>est</span> <span class='ocrx_word' id='word_1_702' title='bbox 2304 1705 2382 1743; x_wconf 84' lang='lat' dir='ltr'>vita</span> <span class='ocrx_word' id='word_1_703' title='bbox 2411 1705 2462 1742; x_wconf 85' lang='lat' dir='ltr'>ef·</span> <span class='ocrx_word' id='word_1_704' title='bbox 2521 1702 2527 1707; x_wconf 84' lang='lat'>&#39;</span> 
     </span>
     <span class='ocr_line' id='line_1_100' title="bbox 1399 1757 2463 1807; baseline 0 -13"><span class='ocrx_word' id='word_1_705' title='bbox 1399 1758 1537 1794; x_wconf 88' lang='lat' dir='ltr'>fective</span> <span class='ocrx_word' id='word_1_706' title='bbox 1566 1765 1603 1794; x_wconf 91' lang='lat' dir='ltr'>et</span> <span class='ocrx_word' id='word_1_707' title='bbox 1630 1757 1780 1794; x_wconf 88' lang='lat' dir='ltr'>animae</span> <span class='ocrx_word' id='word_1_708' title='bbox 1809 1770 1877 1806; x_wconf 89' lang='lat' dir='ltr'>per</span> <span class='ocrx_word' id='word_1_709' title='bbox 1905 1758 2096 1794; x_wconf 87' lang='lat' dir='ltr'>caritatem</span> <span class='ocrx_word' id='word_1_710' title='bbox 2130 1765 2168 1794; x_wconf 88' lang='lat' dir='ltr'>et</span> <span class='ocrx_word' id='word_1_711' title='bbox 2190 1758 2366 1807; x_wconf 83' lang='lat' dir='ltr'>corporis</span> <span class='ocrx_word' id='word_1_712' title='bbox 2395 1769 2463 1806; x_wconf 91' lang='lat' dir='ltr'>per</span> 
     </span>
     <span class='ocr_line' id='line_1_101' title="bbox 1400 1810 2459 1857; baseline 0 -10"><span class='ocrx_word' id='word_1_713' title='bbox 1400 1810 1590 1847; x_wconf 87' lang='lat' dir='ltr'>animam:</span> <span class='ocrx_word' id='word_1_714' title='bbox 1620 1810 1688 1847; x_wconf 91' lang='lat' dir='ltr'>sed</span> <span class='ocrx_word' id='word_1_715' title='bbox 1717 1810 1924 1847; x_wconf 82' lang='lat' dir='ltr'>formaliter</span> <span class='ocrx_word' id='word_1_716' title='bbox 1951 1810 2084 1848; x_wconf 88' lang='lat' dir='ltr'>caritas</span> <span class='ocrx_word' id='word_1_717' title='bbox 2113 1818 2170 1847; x_wconf 89' lang='lat' dir='ltr'>est</span> <span class='ocrx_word' id='word_1_718' title='bbox 2187 1812 2266 1848; x_wconf 88' lang='lat' dir='ltr'>vita</span> <span class='ocrx_word' id='word_1_719' title='bbox 2295 1810 2459 1857; x_wconf 87' lang='lat' dir='ltr'>animae,</span> 
     </span>
     <span class='ocr_line' id='line_1_102' title="bbox 1400 1862 2462 1912; baseline -0.001 -12"><span class='ocrx_word' id='word_1_720' title='bbox 1400 1863 1496 1900; x_wconf 92' lang='lat' dir='ltr'>sicut</span> <span class='ocrx_word' id='word_1_721' title='bbox 1523 1870 1559 1900; x_wconf 93' lang='lat' dir='ltr'>et</span> <span class='ocrx_word' id='word_1_722' title='bbox 1587 1862 1716 1900; x_wconf 87' lang='lat' dir='ltr'>anima</span> <span class='ocrx_word' id='word_1_723' title='bbox 1754 1863 1936 1912; x_wconf 92' lang='lat' dir='ltr'>corporis.</span> <span class='ocrx_word' id='word_1_724' title='bbox 1974 1863 2085 1901; x_wconf 91' lang='lat' dir='ltr'>Unde</span> <span class='ocrx_word' id='word_1_725' title='bbox 2123 1875 2192 1912; x_wconf 91' lang='lat' dir='ltr'>per</span> <span class='ocrx_word' id='word_1_726' title='bbox 2223 1864 2299 1900; x_wconf 92' lang='lat' dir='ltr'>hoc</span> <span class='ocrx_word' id='word_1_727' title='bbox 2335 1870 2462 1912; x_wconf 91' lang='lat' dir='ltr'>potest</span> 
     </span>
     <span class='ocr_line' id='line_1_103' title="bbox 1400 1915 2460 1964; baseline -0.001 -11"><span class='ocrx_word' id='word_1_728' title='bbox 1400 1915 1575 1954; x_wconf 89' lang='lat' dir='ltr'>concludi</span> <span class='ocrx_word' id='word_1_729' title='bbox 1595 1916 1712 1964; x_wconf 90' lang='lat' dir='ltr'>quod,</span> <span class='ocrx_word' id='word_1_730' title='bbox 1728 1916 1824 1953; x_wconf 91' lang='lat' dir='ltr'>sicut</span> <span class='ocrx_word' id='word_1_731' title='bbox 1842 1915 1971 1956; x_wconf 85' lang='lat' dir='ltr'>anima</span> <span class='ocrx_word' id='word_1_732' title='bbox 1989 1915 2210 1953; x_wconf 84' lang='lat' dir='ltr'>immediate</span> <span class='ocrx_word' id='word_1_733' title='bbox 2229 1915 2360 1957; x_wconf 88' lang='lat' dir='ltr'>unitur</span> <span class='ocrx_word' id='word_1_734' title='bbox 2379 1928 2460 1957; x_wconf 87' lang='lat' dir='ltr'>cor-</span> 
     </span>
    </p>
   </div>
   <div class='ocr_carea' id='block_1_11' title="bbox 2488 1126 2605 1152">
    <p class='ocr_par' dir='ltr' id='par_1_18' title="bbox 2488 1126 2605 1152">
     <span class='ocr_line' id='line_1_104' title="bbox 2488 1126 2605 1152; baseline 0 -5"><span class='ocrx_word' id='word_1_735' title='bbox 2488 1127 2497 1135; x_wconf 75' lang='lat'><strong>·</strong></span> <span class='ocrx_word' id='word_1_736' title='bbox 2512 1126 2538 1147; x_wconf 90' lang='lat' dir='ltr'>D.</span> <span class='ocrx_word' id='word_1_737' title='bbox 2554 1126 2605 1152; x_wconf 78' lang='lat'>284.</span> 
     </span>
    </p>
   </div>
   <div class='ocr_carea' id='block_1_12' title="bbox 2490 1659 2697 1689">
    <p class='ocr_par' dir='ltr' id='par_1_19' title="bbox 2490 1659 2697 1689">
     <span class='ocr_line' id='line_1_105' title="bbox 2490 1659 2697 1689; baseline 0 -9"><span class='ocrx_word' id='word_1_738' title='bbox 2490 1659 2549 1689; x_wconf 38' lang='lat' dir='ltr'>⁸·Cf.</span> <span class='ocrx_word' id='word_1_739' title='bbox 2565 1659 2637 1686; x_wconf 72' lang='lat' dir='ltr'>Mag..</span> <span class='ocrx_word' id='word_1_740' title='bbox 2653 1660 2697 1680; x_wconf 89' lang='lat' dir='ltr'>loc.</span> 
     </span>
    </p>
   </div>
   <div class='ocr_carea' id='block_1_13' title="bbox 1382 1968 1935 2018">
    <p class='ocr_par' dir='ltr' id='par_1_20' title="bbox 1382 1968 1935 2018">
     <span class='ocr_line' id='line_1_106' title="bbox 1382 1968 1935 2018; baseline -0.002 -12"><span class='ocrx_word' id='word_1_741' title='bbox 1382 1969 1502 2018; x_wconf 82' lang='lat' dir='ltr'>pori,</span> <span class='ocrx_word' id='word_1_742' title='bbox 1530 1968 1584 2006; x_wconf 89' lang='lat' dir='ltr'>ita</span> <span class='ocrx_word' id='word_1_743' title='bbox 1609 1969 1744 2006; x_wconf 86' lang='lat' dir='ltr'>caritas</span> <span class='ocrx_word' id='word_1_744' title='bbox 1772 1968 1935 2006; x_wconf 89' lang='lat' dir='ltr'>animae.</span> 
     </span>
    </p>
   </div>
   <div class='ocr_carea' id='block_1_14' title="bbox 1396 2021 2597 2388">
    <p class='ocr_par' dir='ltr' id='par_1_21' title="bbox 1396 2021 2597 2388">
     <span class='ocr_line' id='line_1_107' title="bbox 1451 2021 2461 2070; baseline 0 -12"><span class='ocrx_word' id='word_1_745' title='bbox 1451 2024 1510 2058; x_wconf 81' lang='lat' dir='ltr'>Au</span> <span class='ocrx_word' id='word_1_746' title='bbox 1524 2033 1685 2059; x_wconf 68' lang='lat' dir='ltr'>‘rt-:arrum</span> <span class='ocrx_word' id='word_1_747' title='bbox 1704 2033 1887 2059; x_wconf 65' lang='lat' dir='ltr'>mesanum</span> <span class='ocrx_word' id='word_1_748' title='bbox 1907 2022 2012 2069; x_wconf 85' lang='lat' dir='ltr'>quod</span> <span class='ocrx_word' id='word_1_749' title='bbox 2033 2021 2167 2057; x_wconf 86' lang='lat' dir='ltr'>caritas</span> <span class='ocrx_word' id='word_1_750' title='bbox 2187 2029 2367 2070; x_wconf 87' lang='lat' dir='ltr'>operatur</span> <span class='ocrx_word' id='word_1_751' title='bbox 2385 2022 2461 2058; x_wconf 87' lang='lat' dir='ltr'>for-</span> 
     </span>
     <span class='ocr_line' id='line_1_108' title="bbox 1398 2074 2458 2111; baseline 0 0"><span class='ocrx_word' id='word_1_752' title='bbox 1398 2075 1555 2111; x_wconf 85' lang='lat' dir='ltr'>maliter.</span> <span class='ocrx_word' id='word_1_753' title='bbox 1601 2074 1782 2111; x_wconf 90' lang='lat' dir='ltr'>Efficacia</span> <span class='ocrx_word' id='word_1_754' title='bbox 1814 2082 1941 2111; x_wconf 87' lang='lat' dir='ltr'>autem</span> <span class='ocrx_word' id='word_1_755' title='bbox 1979 2075 2125 2110; x_wconf 86' lang='lat' dir='ltr'>formae</span> <span class='ocrx_word' id='word_1_756' title='bbox 2159 2082 2215 2110; x_wconf 88' lang='lat' dir='ltr'>est</span> <span class='ocrx_word' id='word_1_757' title='bbox 2246 2074 2458 2111; x_wconf 89' lang='lat' dir='ltr'>secundum</span> 
     </span>
     <span class='ocr_line' id='line_1_109' title="bbox 1397 2126 2459 2176; baseline 0 -12"><span class='ocrx_word' id='word_1_758' title='bbox 1397 2127 1577 2164; x_wconf 91' lang='lat' dir='ltr'>virtutem</span> <span class='ocrx_word' id='word_1_759' title='bbox 1607 2127 1748 2176; x_wconf 85' lang='lat' dir='ltr'>agentis</span> <span class='ocrx_word' id='word_1_760' title='bbox 1785 2127 1849 2176; x_wconf 90' lang='lat' dir='ltr'>qui</span> <span class='ocrx_word' id='word_1_761' title='bbox 1886 2126 2030 2164; x_wconf 90' lang='lat' dir='ltr'>inducit</span> <span class='ocrx_word' id='word_1_762' title='bbox 2065 2128 2242 2163; x_wconf 89' lang='lat' dir='ltr'>formam.</span> <span class='ocrx_word' id='word_1_763' title='bbox 2287 2127 2335 2163; x_wconf 90' lang='lat' dir='ltr'>Et</span> <span class='ocrx_word' id='word_1_764' title='bbox 2371 2126 2459 2164; x_wconf 90' lang='lat' dir='ltr'>ideo</span> 
     </span>
     <span class='ocr_line' id='line_1_110' title="bbox 1398 2178 2596 2230; baseline 0 -13"><span class='ocrx_word' id='word_1_765' title='bbox 1398 2181 1504 2230; x_wconf 91' lang='lat' dir='ltr'>quod</span> <span class='ocrx_word' id='word_1_766' title='bbox 1522 2178 1536 2201; x_wconf 63' lang='grc' dir='ltr'><strong>θ</strong></span> <span class='ocrx_word' id='word_1_767' title='bbox 1557 2180 1689 2217; x_wconf 88' lang='lat' dir='ltr'>caritas</span> <span class='ocrx_word' id='word_1_768' title='bbox 1718 2193 1796 2217; x_wconf 89' lang='lat' dir='ltr'>non</span> <span class='ocrx_word' id='word_1_769' title='bbox 1826 2187 1882 2217; x_wconf 90' lang='lat' dir='ltr'>est</span> <span class='ocrx_word' id='word_1_770' title='bbox 1903 2179 2064 2226; x_wconf 86' lang='lat' dir='ltr'>vanitas,</span> <span class='ocrx_word' id='word_1_771' title='bbox 2086 2179 2153 2216; x_wconf 90' lang='lat' dir='ltr'>sed</span> <span class='ocrx_word' id='word_1_772' title='bbox 2173 2180 2260 2216; x_wconf 88' lang='lat' dir='ltr'>facit</span> <span class='ocrx_word' id='word_1_773' title='bbox 2280 2179 2457 2217; x_wconf 83' lang='lat' dir='ltr'>effectum</span> <span class='ocrx_word' id='word_1_774' title='bbox 2584 2185 2596 2210; x_wconf 82' lang='grc' dir='ltr'>θ</span> 
     </span>
     <span class='ocr_line' id='line_1_111' title="bbox 1396 2232 2458 2280; baseline -0.001 -10"><span class='ocrx_word' id='word_1_775' title='bbox 1396 2234 1585 2270; x_wconf 89' lang='lat' dir='ltr'>infinitum</span> <span class='ocrx_word' id='word_1_776' title='bbox 1606 2235 1698 2270; x_wconf 90' lang='lat' dir='ltr'>dum</span> <span class='ocrx_word' id='word_1_777' title='bbox 1720 2233 1912 2280; x_wconf 88' lang='lat' dir='ltr'>coniungit</span> <span class='ocrx_word' id='word_1_778' title='bbox 1931 2232 2098 2269; x_wconf 89' lang='lat' dir='ltr'>animam</span> <span class='ocrx_word' id='word_1_779' title='bbox 2113 2233 2198 2270; x_wconf 94' lang='lat' dir='ltr'>Deo</span> <span class='ocrx_word' id='word_1_780' title='bbox 2217 2233 2458 2270; x_wconf 89' lang='lat' dir='ltr'>iustificando</span> 
     </span>
     <span class='ocr_line' id='line_1_112' title="bbox 1396 2285 2460 2335; baseline -0.001 -12"><span class='ocrx_word' id='word_1_781' title='bbox 1396 2287 1537 2335; x_wconf 83' lang='lat' dir='ltr'>ipsam,</span> <span class='ocrx_word' id='word_1_782' title='bbox 1571 2286 1646 2322; x_wconf 92' lang='lat' dir='ltr'>hoc</span> <span class='ocrx_word' id='word_1_783' title='bbox 1675 2286 1912 2322; x_wconf 90' lang='lat' dir='ltr'>demonstrat</span> <span class='ocrx_word' id='word_1_784' title='bbox 1938 2286 2162 2322; x_wconf 90' lang='lat' dir='ltr'>infinitatem</span> <span class='ocrx_word' id='word_1_785' title='bbox 2189 2285 2337 2322; x_wconf 86' lang='lat' dir='ltr'>virtutis</span> <span class='ocrx_word' id='word_1_786' title='bbox 2365 2285 2460 2322; x_wconf 94' lang='lat' dir='ltr'>divi-</span> 
     </span>
     <span class='ocr_line' id='line_1_113' title="bbox 1397 2338 2597 2388; baseline -0.002 -12"><span class='ocrx_word' id='word_1_787' title='bbox 1397 2351 1468 2376; x_wconf 89' lang='lat' dir='ltr'>nae</span> <span class='ocrx_word' id='word_1_788' title='bbox 1487 2345 1508 2386; x_wconf 79' lang='lat'>⁸,</span> <span class='ocrx_word' id='word_1_789' title='bbox 1530 2351 1628 2388; x_wconf 91' lang='lat' dir='ltr'>quae</span> <span class='ocrx_word' id='word_1_790' title='bbox 1657 2346 1714 2375; x_wconf 87' lang='lat' dir='ltr'>est</span> <span class='ocrx_word' id='word_1_791' title='bbox 1741 2338 1902 2375; x_wconf 89' lang='lat' dir='ltr'>caritatis</span> <span class='ocrx_word' id='word_1_792' title='bbox 1930 2346 2073 2375; x_wconf 90' lang='lat' dir='ltr'>auctor.</span> <span class='ocrx_word' id='word_1_793' title='bbox 2589 2353 2597 2368; x_wconf 74' lang='grc' dir='ltr'>ι</span> 
     </span>
    </p>
   </div>
   <div class='ocr_carea' id='block_1_15' title="bbox 1395 2442 2461 2624">
    <p class='ocr_par' dir='ltr' id='par_1_22' title="bbox 1395 2442 2459 2518">
     <span class='ocr_line' id='line_1_114' title="bbox 1447 2442 2459 2484; baseline -0.001 -8"><span class='ocrx_word' id='word_1_794' title='bbox 1447 2453 1471 2484; x_wconf 75' lang='grc' dir='ltr'>η)</span> <span class='ocrx_word' id='word_1_795' title='bbox 1490 2452 1567 2476; x_wconf 75' lang='lat' dir='ltr'>sicut.</span> <span class='ocrx_word' id='word_1_796' title='bbox 1585 2466 1603 2470; x_wconf 89' lang='lat'><em>-</em></span> <span class='ocrx_word' id='word_1_797' title='bbox 1620 2452 1659 2476; x_wconf 76' lang='lat' dir='ltr'>sic</span> <span class='ocrx_word' id='word_1_798' title='bbox 1676 2451 1833 2483; x_wconf 76' lang='lat' dir='ltr'>BDFHpEK</span> <span class='ocrx_word' id='word_1_799' title='bbox 1852 2456 1877 2475; x_wconf 78' lang='lat' dir='ltr'>et</span> <span class='ocrx_word' id='word_1_800' title='bbox 1895 2458 1920 2480; x_wconf 68' lang='grc' dir='ltr'>ιι,</span> <span class='ocrx_word' id='word_1_801' title='bbox 1940 2458 1992 2476; x_wconf 79' lang='lat' dir='ltr'>om.</span> <span class='ocrx_word' id='word_1_802' title='bbox 2013 2450 2070 2475; x_wconf 78' lang='lat' dir='ltr'>Pse</span> <span class='ocrx_word' id='word_1_803' title='bbox 2088 2442 2113 2476; x_wconf 73' lang='grc' dir='ltr'>ἐι</span> <span class='ocrx_word' id='word_1_804' title='bbox 2125 2458 2153 2476; x_wconf 71' lang='grc' dir='ltr'>κ.</span> <span class='ocrx_word' id='word_1_805' title='bbox 2170 2465 2188 2470; x_wconf 94' lang='grc'>-</span> <span class='ocrx_word' id='word_1_806' title='bbox 2207 2451 2257 2476; x_wconf 79' lang='lat' dir='ltr'>Pro</span> <span class='ocrx_word' id='word_1_807' title='bbox 2281 2450 2404 2481; x_wconf 80' lang='lat' dir='ltr'>dicimur,</span> <span class='ocrx_word' id='word_1_808' title='bbox 2419 2451 2459 2476; x_wconf 80' lang='lat' dir='ltr'>di-</span> 
     </span>
     <span class='ocr_line' id='line_1_115' title="bbox 1395 2486 1800 2518; baseline -0.002 -7"><span class='ocrx_word' id='word_1_809' title='bbox 1395 2490 1493 2511; x_wconf 82' lang='lat' dir='ltr'>cuntur</span> <span class='ocrx_word' id='word_1_810' title='bbox 1513 2486 1711 2518; x_wconf 73' lang='lat' dir='ltr'>ABEFGHpCR</span> <span class='ocrx_word' id='word_1_811' title='bbox 1729 2491 1755 2510; x_wconf 87' lang='lat' dir='ltr'>et</span> <span class='ocrx_word' id='word_1_812' title='bbox 1773 2493 1800 2510; x_wconf 69' lang='grc' dir='ltr'>κ.</span> 
     </span>
    </p>

    <p class='ocr_par' dir='ltr' id='par_1_23' title="bbox 1396 2519 2461 2588">
     <span class='ocr_line' id='line_1_116' title="bbox 1449 2519 2461 2553; baseline 0 -8"><span class='ocrx_word' id='word_1_813' title='bbox 1449 2519 1473 2553; x_wconf 78' lang='grc' dir='ltr'>θ)</span> <span class='ocrx_word' id='word_1_814' title='bbox 1489 2521 1573 2553; x_wconf 48' lang='lat' dir='ltr'>quod.</span> <span class='ocrx_word' id='word_1_815' title='bbox 1591 2533 1612 2539; x_wconf 90' lang='lat'>-—</span> <span class='ocrx_word' id='word_1_816' title='bbox 1629 2520 1771 2545; x_wconf 80' lang='lat' dir='ltr'>dicendum</span> <span class='ocrx_word' id='word_1_817' title='bbox 1790 2520 1861 2552; x_wconf 78' lang='lat' dir='ltr'>quod</span> <span class='ocrx_word' id='word_1_818' title='bbox 1879 2521 1897 2550; x_wconf 74' lang='grc' dir='ltr'>Ι,</span> <span class='ocrx_word' id='word_1_819' title='bbox 1916 2523 1957 2545; x_wconf 79' lang='lat' dir='ltr'>est</span> <span class='ocrx_word' id='word_1_820' title='bbox 1970 2520 2043 2552; x_wconf 76' lang='lat' dir='ltr'>quod</span> <span class='ocrx_word' id='word_1_821' title='bbox 2059 2520 2090 2550; x_wconf 94' lang='lat' dir='ltr'>L,</span> <span class='ocrx_word' id='word_1_822' title='bbox 2110 2527 2164 2546; x_wconf 86' lang='lat' dir='ltr'>om.</span> <span class='ocrx_word' id='word_1_823' title='bbox 2182 2528 2209 2552; x_wconf 77' lang='grc' dir='ltr'>κ,</span> <span class='ocrx_word' id='word_1_824' title='bbox 2219 2523 2299 2552; x_wconf 73' lang='lat' dir='ltr'>patet</span> <span class='ocrx_word' id='word_1_825' title='bbox 2316 2520 2388 2552; x_wconf 79' lang='lat' dir='ltr'>quod</span> <span class='ocrx_word' id='word_1_826' title='bbox 2406 2521 2461 2550; x_wconf 85' lang='lat' dir='ltr'>Pa,-</span> 
     </span>
     <span class='ocr_line' id='line_1_117' title="bbox 1396 2555 2265 2588; baseline 0 -8"><span class='ocrx_word' id='word_1_827' title='bbox 1396 2563 1444 2588; x_wconf 83' lang='lat' dir='ltr'>pro</span> <span class='ocrx_word' id='word_1_828' title='bbox 1462 2555 1570 2580; x_wconf 75' lang='lat' dir='ltr'>vanitas</span> <span class='ocrx_word' id='word_1_829' title='bbox 1587 2556 1643 2586; x_wconf 70' lang='lat' dir='ltr'>sed,</span> <span class='ocrx_word' id='word_1_830' title='bbox 1662 2556 1768 2588; x_wconf 77' lang='lat' dir='ltr'>infinita</span> <span class='ocrx_word' id='word_1_831' title='bbox 1786 2555 1834 2580; x_wconf 78' lang='lat' dir='ltr'>sed</span> <span class='ocrx_word' id='word_1_832' title='bbox 1853 2555 1894 2580; x_wconf 86' lang='lat' dir='ltr'>ed.</span> <span class='ocrx_word' id='word_1_833' title='bbox 1912 2562 1938 2584; x_wconf 86' lang='lat' dir='ltr'>a,</span> <span class='ocrx_word' id='word_1_834' title='bbox 1957 2556 2064 2588; x_wconf 57' lang='lat' dir='ltr'>infinita</span> <span class='ocrx_word' id='word_1_835' title='bbox 2080 2556 2128 2580; x_wconf 72' lang='lat' dir='ltr'>sed</span> <span class='ocrx_word' id='word_1_836' title='bbox 2145 2556 2219 2588; x_wconf 78' lang='lat' dir='ltr'>quod</span> <span class='ocrx_word' id='word_1_837' title='bbox 2237 2556 2265 2580; x_wconf 85' lang='lat' dir='ltr'>P.</span> 
     </span>
    </p>

    <p class='ocr_par' dir='ltr' id='par_1_24' title="bbox 1450 2590 2129 2624">
     <span class='ocr_line' id='line_1_118' title="bbox 1450 2590 2129 2624; baseline 0 -9"><span class='ocrx_word' id='word_1_838' title='bbox 1450 2591 1469 2624; x_wconf 87' lang='grc' dir='ltr'>ι)</span> <span class='ocrx_word' id='word_1_839' title='bbox 1489 2591 1604 2616; x_wconf 77' lang='lat' dir='ltr'>divinae.</span> <span class='ocrx_word' id='word_1_840' title='bbox 1620 2604 1641 2610; x_wconf 91' lang='lat'>-</span> <span class='ocrx_word' id='word_1_841' title='bbox 1659 2591 1721 2616; x_wconf 89' lang='lat' dir='ltr'>Om.</span> <span class='ocrx_word' id='word_1_842' title='bbox 1739 2591 1814 2623; x_wconf 74' lang='lat' dir='ltr'>Dpa;</span> <span class='ocrx_word' id='word_1_843' title='bbox 1833 2597 1882 2622; x_wconf 87' lang='lat' dir='ltr'>pro</span> <span class='ocrx_word' id='word_1_844' title='bbox 1899 2597 1976 2622; x_wconf 80' lang='lat' dir='ltr'>quae,</span> <span class='ocrx_word' id='word_1_845' title='bbox 1994 2590 2040 2622; x_wconf 74' lang='lat' dir='ltr'>qui</span> <span class='ocrx_word' id='word_1_846' title='bbox 2058 2590 2129 2615; x_wconf 82' lang='lat' dir='ltr'>PDa.</span> 
     </span>
    </p>
   </div>
   <div class='ocr_carea' id='block_1_16' title="bbox 955 2695 1780 2730">
    <p class='ocr_par' dir='ltr' id='par_1_25' title="bbox 955 2695 1780 2730">
     <span class='ocr_line' id='line_1_119' title="bbox 955 2695 1780 2730; baseline -0.005 1"><span class='ocrx_word' id='word_1_847' title='bbox 955 2697 1286 2730; x_wconf 62' lang='lat' dir='ltr'>Commenta-ia</span> <span class='ocrx_word' id='word_1_848' title='bbox 1308 2696 1558 2729; x_wconf 79' lang='lat' dir='ltr'>cardinalis</span> <span class='ocrx_word' id='word_1_849' title='bbox 1580 2695 1780 2728; x_wconf 78' lang='lat' dir='ltr'>Caietani</span> 
     </span>
    </p>
   </div>
   <div class='ocr_carea' id='block_1_17' title="bbox 1395 2770 2458 3470">
    <p class='ocr_par' dir='ltr' id='par_1_26' title="bbox 1395 2770 2458 3470">
     <span class='ocr_line' id='line_1_120' title="bbox 1398 2770 2455 2811; baseline 0 -10"><span class='ocrx_word' id='word_1_850' title='bbox 1398 2771 1518 2801; x_wconf 85' lang='lat' dir='ltr'>Nullus</span> <span class='ocrx_word' id='word_1_851' title='bbox 1541 2776 1632 2801; x_wconf 82' lang='lat' dir='ltr'>actus</span> <span class='ocrx_word' id='word_1_852' title='bbox 1645 2770 1787 2811; x_wconf 85' lang='lat' dir='ltr'>perfecte</span> <span class='ocrx_word' id='word_1_853' title='bbox 1799 2770 1992 2810; x_wconf 80' lang='lat' dir='ltr'>producitur</span> <span class='ocrx_word' id='word_1_854' title='bbox 2007 2770 2046 2799; x_wconf 84' lang='lat' dir='ltr'>ab</span> <span class='ocrx_word' id='word_1_855' title='bbox 2062 2771 2170 2810; x_wconf 84' lang='lat' dir='ltr'>aliqua</span> <span class='ocrx_word' id='word_1_856' title='bbox 2187 2771 2332 2810; x_wconf 80' lang='lat' dir='ltr'>potentia</span> <span class='ocrx_word' id='word_1_857' title='bbox 2351 2772 2455 2802; x_wconf 77' lang='lat' dir='ltr'>activa</span> 
     </span>
     <span class='ocr_line' id='line_1_121' title="bbox 1398 2813 2456 2854; baseline -0.001 -9"><span class='ocrx_word' id='word_1_858' title='bbox 1398 2816 1461 2845; x_wconf 80' lang='lat' dir='ltr'>nisi</span> <span class='ocrx_word' id='word_1_859' title='bbox 1481 2816 1523 2845; x_wconf 85' lang='lat' dir='ltr'>sit</span> <span class='ocrx_word' id='word_1_860' title='bbox 1538 2816 1568 2845; x_wconf 90' lang='lat' dir='ltr'>ei</span> <span class='ocrx_word' id='word_1_861' title='bbox 1582 2815 1803 2845; x_wconf 83' lang='lat' dir='ltr'>connaturalis</span> <span class='ocrx_word' id='word_1_862' title='bbox 1819 2823 1884 2854; x_wconf 81' lang='lat' dir='ltr'>per</span> <span class='ocrx_word' id='word_1_863' title='bbox 1897 2814 2038 2854; x_wconf 81' lang='lat' dir='ltr'>aliquam</span> <span class='ocrx_word' id='word_1_864' title='bbox 2047 2813 2195 2854; x_wconf 72' lang='lat' dir='ltr'>firmam</span> <span class='ocrx_word' id='word_1_865' title='bbox 2211 2823 2295 2854; x_wconf 79' lang='lat' dir='ltr'>quae</span> <span class='ocrx_word' id='word_1_866' title='bbox 2312 2815 2354 2844; x_wconf 78' lang='lat' dir='ltr'>sit</span> <span class='ocrx_word' id='word_1_867' title='bbox 2363 2816 2456 2854; x_wconf 83' lang='lat' dir='ltr'>prin—</span> 
     </span>
     <span class='ocr_line' id='line_1_122' title="bbox 1397 2857 2456 2899; baseline -0.002 -9"><span class='ocrx_word' id='word_1_868' title='bbox 1397 2860 1513 2899; x_wconf 76' lang='lat' dir='ltr'>cipium</span> <span class='ocrx_word' id='word_1_869' title='bbox 1544 2860 1696 2896; x_wconf 84' lang='lat' dir='ltr'>actionis,</span> <span class='ocrx_word' id='word_1_870' title='bbox 1725 2866 1790 2889; x_wconf 89' lang='lat' dir='ltr'>tam</span> <span class='ocrx_word' id='word_1_871' title='bbox 1813 2858 1894 2888; x_wconf 86' lang='lat' dir='ltr'>clare</span> <span class='ocrx_word' id='word_1_872' title='bbox 1923 2864 2010 2898; x_wconf 90' lang='lat' dir='ltr'>patet</span> <span class='ocrx_word' id='word_1_873' title='bbox 2032 2864 2063 2888; x_wconf 90' lang='lat' dir='ltr'>et</span> <span class='ocrx_word' id='word_1_874' title='bbox 2091 2857 2124 2888; x_wconf 88' lang='lat' dir='ltr'>in</span> <span class='ocrx_word' id='word_1_875' title='bbox 2145 2858 2342 2888; x_wconf 87' lang='lat' dir='ltr'>naturalibus</span> <span class='ocrx_word' id='word_1_876' title='bbox 2371 2864 2403 2888; x_wconf 89' lang='lat' dir='ltr'>et</span> <span class='ocrx_word' id='word_1_877' title='bbox 2423 2859 2456 2888; x_wconf 87' lang='lat' dir='ltr'>in</span> 
     </span>
     <span class='ocr_line' id='line_1_123' title="bbox 1397 2901 2456 2935; baseline -0.001 -2"><span class='ocrx_word' id='word_1_878' title='bbox 1397 2902 1608 2935; x_wconf 81' lang='lat' dir='ltr'>artificialibus</span> <span class='ocrx_word' id='word_1_879' title='bbox 1633 2910 1663 2933; x_wconf 85' lang='lat' dir='ltr'>et</span> <span class='ocrx_word' id='word_1_880' title='bbox 1684 2902 1717 2932; x_wconf 91' lang='lat' dir='ltr'>in</span> <span class='ocrx_word' id='word_1_881' title='bbox 1741 2902 1914 2932; x_wconf 87' lang='lat' dir='ltr'>moralibus</span> <span class='ocrx_word' id='word_1_882' title='bbox 1937 2908 1973 2932; x_wconf 93' lang='lat' dir='ltr'>ut</span> <span class='ocrx_word' id='word_1_883' title='bbox 1995 2902 2083 2932; x_wconf 81' lang='lat' dir='ltr'>nulla</span> <span class='ocrx_word' id='word_1_884' title='bbox 2105 2901 2252 2932; x_wconf 83' lang='lat' dir='ltr'>instantia</span> <span class='ocrx_word' id='word_1_885' title='bbox 2273 2908 2456 2933; x_wconf 84' lang='lat' dir='ltr'>occurrat.-</span> 
     </span>
     <span class='ocr_line' id='line_1_124' title="bbox 1397 2945 2458 2988; baseline -0.001 -11"><span class='ocrx_word' id='word_1_886' title='bbox 1397 2947 1503 2978; x_wconf 87' lang='lat' dir='ltr'>Minor</span> <span class='ocrx_word' id='word_1_887' title='bbox 1535 2956 1666 2988; x_wconf 89' lang='lat' dir='ltr'>quoque</span> <span class='ocrx_word' id='word_1_888' title='bbox 1701 2945 1875 2976; x_wconf 85' lang='lat' dir='ltr'>formaliter</span> <span class='ocrx_word' id='word_1_889' title='bbox 1907 2945 2140 2981; x_wconf 79' lang='lat' dir='ltr'>subsumenda,</span> <span class='ocrx_word' id='word_1_890' title='bbox 2175 2945 2313 2976; x_wconf 87' lang='lat' dir='ltr'>scilicet:</span> <span class='ocrx_word' id='word_1_891' title='bbox 2359 2946 2458 2976; x_wconf 77' lang='lat' dir='ltr'>Actus</span> 
     </span>
     <span class='ocr_line' id='line_1_125' title="bbox 1396 2989 2456 3032; baseline -0.002 -10"><span class='ocrx_word' id='word_1_892' title='bbox 1396 2992 1543 3022; x_wconf 82' lang='lat' dir='ltr'>caritatis</span> <span class='ocrx_word' id='word_1_893' title='bbox 1560 2990 1706 3032; x_wconf 72' lang='lat' dir='ltr'>perfecte</span> <span class='ocrx_word' id='word_1_894' title='bbox 1722 2990 1917 3030; x_wconf 81' lang='lat' dir='ltr'>producitur</span> <span class='ocrx_word' id='word_1_895' title='bbox 1931 2990 1971 3020; x_wconf 80' lang='lat' dir='ltr'>ab</span> <span class='ocrx_word' id='word_1_896' title='bbox 1985 2989 2094 3030; x_wconf 74' lang='lat' dir='ltr'>aliqua</span> <span class='ocrx_word' id='word_1_897' title='bbox 2112 2990 2269 3030; x_wconf 76' lang='lat' dir='ltr'>potentia,</span> <span class='ocrx_word' id='word_1_898' title='bbox 2294 2990 2456 3021; x_wconf 73' lang='lat' dir='ltr'>voluntate</span> 
     </span>
     <span class='ocr_line' id='line_1_126' title="bbox 1395 3033 2458 3075; baseline -0.002 -9"><span class='ocrx_word' id='word_1_899' title='bbox 1395 3036 1515 3066; x_wconf 80' lang='lat' dir='ltr'>scilicet</span> <span class='ocrx_word' id='word_1_900' title='bbox 1538 3036 1702 3066; x_wconf 79' lang='lat' dir='ltr'>existentis</span> <span class='ocrx_word' id='word_1_901' title='bbox 1720 3035 1751 3064; x_wconf 89' lang='lat' dir='ltr'>in</span> <span class='ocrx_word' id='word_1_902' title='bbox 1770 3035 1881 3075; x_wconf 78' lang='lat' dir='ltr'>gratia</span> <span class='ocrx_word' id='word_1_903' title='bbox 1896 3033 1970 3071; x_wconf 82' lang='lat' dir='ltr'>Dei,</span> <span class='ocrx_word' id='word_1_904' title='bbox 1986 3034 2139 3074; x_wconf 81' lang='lat' dir='ltr'>probatur</span> <span class='ocrx_word' id='word_1_905' title='bbox 2162 3042 2198 3064; x_wconf 86' lang='lat' dir='ltr'>ex</span> <span class='ocrx_word' id='word_1_906' title='bbox 2221 3043 2261 3064; x_wconf 91' lang='lat' dir='ltr'>eo</span> <span class='ocrx_word' id='word_1_907' title='bbox 2276 3033 2352 3074; x_wconf 80' lang='lat' dir='ltr'>quia</span> <span class='ocrx_word' id='word_1_908' title='bbox 2370 3033 2458 3064; x_wconf 85' lang='lat' dir='ltr'>aliter</span> 
     </span>
     <span class='ocr_line' id='line_1_127' title="bbox 1395 3077 2456 3118; baseline -0.002 -8"><span class='ocrx_word' id='word_1_909' title='bbox 1395 3089 1463 3110; x_wconf 89' lang='lat' dir='ltr'>non</span> <span class='ocrx_word' id='word_1_910' title='bbox 1497 3079 1686 3109; x_wconf 87' lang='lat' dir='ltr'>sufficienter</span> <span class='ocrx_word' id='word_1_911' title='bbox 1715 3085 1746 3108; x_wconf 92' lang='lat' dir='ltr'>et</span> <span class='ocrx_word' id='word_1_912' title='bbox 1773 3077 1910 3108; x_wconf 84' lang='lat' dir='ltr'>suaviter</span> <span class='ocrx_word' id='word_1_913' title='bbox 1938 3077 2103 3118; x_wconf 82' lang='lat' dir='ltr'>provisum</span> <span class='ocrx_word' id='word_1_914' title='bbox 2137 3077 2248 3108; x_wconf 68' lang='lat' dir='ltr'>fuisset</span> <span class='ocrx_word' id='word_1_915' title='bbox 2275 3078 2315 3108; x_wconf 90' lang='lat' dir='ltr'>de</span> <span class='ocrx_word' id='word_1_916' title='bbox 2347 3084 2456 3117; x_wconf 79' lang='lat' dir='ltr'>agente</span> 
     </span>
     <span class='ocr_line' id='line_1_128' title="bbox 1396 3121 2456 3163; baseline -0.003 -9"><span class='ocrx_word' id='word_1_917' title='bbox 1396 3123 1542 3163; x_wconf 84' lang='lat' dir='ltr'>proximo</span> <span class='ocrx_word' id='word_1_918' title='bbox 1574 3129 1715 3163; x_wconf 88' lang='lat' dir='ltr'>respectu</span> <span class='ocrx_word' id='word_1_919' title='bbox 1745 3128 1832 3152; x_wconf 82' lang='lat' dir='ltr'>actus</span> <span class='ocrx_word' id='word_1_920' title='bbox 1862 3121 2008 3158; x_wconf 84' lang='lat' dir='ltr'>caritatis,</span> <span class='ocrx_word' id='word_1_921' title='bbox 2036 3122 2118 3152; x_wconf 81' lang='lat' dir='ltr'>sicut</span> <span class='ocrx_word' id='word_1_922' title='bbox 2147 3121 2311 3161; x_wconf 87' lang='lat' dir='ltr'>provisum</span> <span class='ocrx_word' id='word_1_923' title='bbox 2341 3128 2388 3152; x_wconf 80' lang='lat' dir='ltr'>est</span> <span class='ocrx_word' id='word_1_924' title='bbox 2416 3121 2456 3151; x_wconf 91' lang='lat' dir='ltr'>de</span> 
     </span>
     <span class='ocr_line' id='line_1_129' title="bbox 1395 3165 2456 3207; baseline -0.002 -10"><span class='ocrx_word' id='word_1_925' title='bbox 1395 3174 1506 3207; x_wconf 84' lang='lat' dir='ltr'>agente</span> <span class='ocrx_word' id='word_1_926' title='bbox 1540 3167 1685 3207; x_wconf 87' lang='lat' dir='ltr'>proximo</span> <span class='ocrx_word' id='word_1_927' title='bbox 1716 3172 1858 3206; x_wconf 89' lang='lat' dir='ltr'>respectu</span> <span class='ocrx_word' id='word_1_928' title='bbox 1892 3165 2029 3196; x_wconf 85' lang='lat' dir='ltr'>aliorum</span> <span class='ocrx_word' id='word_1_929' title='bbox 2059 3172 2198 3196; x_wconf 85' lang='lat' dir='ltr'>actuum.</span> <span class='ocrx_word' id='word_1_930' title='bbox 2241 3165 2276 3195; x_wconf 87' lang='lat' dir='ltr'>ln</span> <span class='ocrx_word' id='word_1_931' title='bbox 2306 3165 2456 3195; x_wconf 87' lang='lat' dir='ltr'>omnibus</span> 
     </span>
     <span class='ocr_line' id='line_1_130' title="bbox 1396 3207 2457 3251; baseline -0.003 -10"><span class='ocrx_word' id='word_1_932' title='bbox 1396 3211 1480 3242; x_wconf 89' lang='lat' dir='ltr'>enim</span> <span class='ocrx_word' id='word_1_933' title='bbox 1505 3211 1668 3251; x_wconf 85' lang='lat' dir='ltr'>provisum</span> <span class='ocrx_word' id='word_1_934' title='bbox 1691 3217 1737 3240; x_wconf 89' lang='lat' dir='ltr'>est</span> <span class='ocrx_word' id='word_1_935' title='bbox 1760 3217 1795 3240; x_wconf 92' lang='lat' dir='ltr'>ut</span> <span class='ocrx_word' id='word_1_936' title='bbox 1821 3207 2003 3250; x_wconf 82' lang='lat' dir='ltr'>proximum</span> <span class='ocrx_word' id='word_1_937' title='bbox 2025 3218 2120 3249; x_wconf 84' lang='lat' dir='ltr'>agens</span> <span class='ocrx_word' id='word_1_938' title='bbox 2143 3209 2277 3250; x_wconf 87' lang='lat' dir='ltr'>perfecte</span> <span class='ocrx_word' id='word_1_939' title='bbox 2302 3208 2457 3248; x_wconf 83' lang='lat' dir='ltr'>producat</span> 
     </span>
     <span class='ocr_line' id='line_1_131' title="bbox 1396 3251 2456 3295; baseline -0.004 -9"><span class='ocrx_word' id='word_1_940' title='bbox 1396 3262 1511 3286; x_wconf 88' lang='lat' dir='ltr'>actum.</span> <span class='ocrx_word' id='word_1_941' title='bbox 1530 3272 1547 3278; x_wconf 91' lang='lat'>-</span> <span class='ocrx_word' id='word_1_942' title='bbox 1571 3254 1719 3295; x_wconf 88' lang='lat' dir='ltr'>Sequitur</span> <span class='ocrx_word' id='word_1_943' title='bbox 1742 3263 1816 3293; x_wconf 83' lang='lat' dir='ltr'>ergo</span> <span class='ocrx_word' id='word_1_944' title='bbox 1839 3252 2013 3289; x_wconf 84' lang='lat' dir='ltr'>conclusio,</span> <span class='ocrx_word' id='word_1_945' title='bbox 2036 3254 2126 3293; x_wconf 93' lang='lat' dir='ltr'>quod</span> <span class='ocrx_word' id='word_1_946' title='bbox 2149 3259 2235 3283; x_wconf 85' lang='lat' dir='ltr'>actus</span> <span class='ocrx_word' id='word_1_947' title='bbox 2258 3251 2391 3282; x_wconf 78' lang='lat' dir='ltr'>caritatis</span> <span class='ocrx_word' id='word_1_948' title='bbox 2410 3260 2456 3282; x_wconf 68' lang='lat' dir='ltr'>est</span> 
     </span>
     <span class='ocr_line' id='line_1_132' title="bbox 1395 3295 2455 3338; baseline -0.005 -8"><span class='ocrx_word' id='word_1_949' title='bbox 1395 3299 1606 3330; x_wconf 86' lang='lat' dir='ltr'>connaturalis</span> <span class='ocrx_word' id='word_1_950' title='bbox 1630 3298 1746 3328; x_wconf 88' lang='lat' dir='ltr'>activae</span> <span class='ocrx_word' id='word_1_951' title='bbox 1768 3298 1927 3338; x_wconf 82' lang='lat' dir='ltr'>potentiae</span> <span class='ocrx_word' id='word_1_952' title='bbox 1949 3297 2121 3328; x_wconf 90' lang='lat' dir='ltr'>voluntatis</span> <span class='ocrx_word' id='word_1_953' title='bbox 2144 3306 2200 3336; x_wconf 85' lang='lat' dir='ltr'>per</span> <span class='ocrx_word' id='word_1_954' title='bbox 2222 3295 2358 3326; x_wconf 78' lang='lat' dir='ltr'>formam</span> <span class='ocrx_word' id='word_1_955' title='bbox 2373 3305 2455 3336; x_wconf 86' lang='lat' dir='ltr'>quae</span> 
     </span>
     <span class='ocr_line' id='line_1_133' title="bbox 1396 3339 2455 3383; baseline -0.004 -10"><span class='ocrx_word' id='word_1_956' title='bbox 1396 3350 1442 3374; x_wconf 88' lang='lat' dir='ltr'>est</span> <span class='ocrx_word' id='word_1_957' title='bbox 1465 3342 1655 3383; x_wconf 88' lang='lat' dir='ltr'>principium</span> <span class='ocrx_word' id='word_1_958' title='bbox 1678 3348 1764 3372; x_wconf 83' lang='lat' dir='ltr'>actus</span> <span class='ocrx_word' id='word_1_959' title='bbox 1787 3341 1930 3373; x_wconf 85' lang='lat' dir='ltr'>caritatis.</span> <span class='ocrx_word' id='word_1_960' title='bbox 1950 3358 1972 3364; x_wconf 93' lang='lat'>—</span> <span class='ocrx_word' id='word_1_961' title='bbox 1995 3341 2056 3372; x_wconf 88' lang='lat' dir='ltr'>Sed</span> <span class='ocrx_word' id='word_1_962' title='bbox 2079 3351 2145 3371; x_wconf 89' lang='lat' dir='ltr'>non</span> <span class='ocrx_word' id='word_1_963' title='bbox 2174 3347 2220 3370; x_wconf 88' lang='lat' dir='ltr'>est</span> <span class='ocrx_word' id='word_1_964' title='bbox 2243 3339 2455 3370; x_wconf 83' lang='lat' dir='ltr'>connaturalis</span> 
     </span>
     <span class='ocr_line' id='line_1_134' title="bbox 1395 3383 2454 3428; baseline -0.005 -10"><span class='ocrx_word' id='word_1_965' title='bbox 1395 3396 1451 3428; x_wconf 89' lang='lat' dir='ltr'>per</span> <span class='ocrx_word' id='word_1_966' title='bbox 1465 3394 1610 3417; x_wconf 89' lang='lat' dir='ltr'>naturam</span> <span class='ocrx_word' id='word_1_967' title='bbox 1629 3385 1814 3416; x_wconf 87' lang='lat' dir='ltr'>voluntatis:</span> <span class='ocrx_word' id='word_1_968' title='bbox 1837 3385 1912 3426; x_wconf 88' lang='lat' dir='ltr'>quia</span> <span class='ocrx_word' id='word_1_969' title='bbox 1929 3391 2051 3416; x_wconf 87' lang='lat' dir='ltr'>constat</span> <span class='ocrx_word' id='word_1_970' title='bbox 2065 3384 2152 3425; x_wconf 93' lang='lat' dir='ltr'>quod</span> <span class='ocrx_word' id='word_1_971' title='bbox 2169 3383 2288 3414; x_wconf 87' lang='lat' dir='ltr'>excedit</span> <span class='ocrx_word' id='word_1_972' title='bbox 2309 3389 2454 3414; x_wconf 82' lang='lat' dir='ltr'>naturam</span> 
     </span>
     <span class='ocr_line' id='line_1_135' title="bbox 1395 3427 2454 3470; baseline -0.005 -9"><span class='ocrx_word' id='word_1_973' title='bbox 1395 3431 1575 3461; x_wconf 82' lang='lat' dir='ltr'>voluntatis.</span> <span class='ocrx_word' id='word_1_974' title='bbox 1608 3431 1692 3470; x_wconf 84' lang='lat' dir='ltr'>Ergo</span> <span class='ocrx_word' id='word_1_975' title='bbox 1716 3436 1762 3460; x_wconf 91' lang='lat' dir='ltr'>est</span> <span class='ocrx_word' id='word_1_976' title='bbox 1785 3429 1813 3460; x_wconf 90' lang='lat' dir='ltr'>ei</span> <span class='ocrx_word' id='word_1_977' title='bbox 1837 3429 2048 3460; x_wconf 79' lang='lat' dir='ltr'>connaturalis</span> <span class='ocrx_word' id='word_1_978' title='bbox 2071 3438 2127 3468; x_wconf 90' lang='lat' dir='ltr'>per</span> <span class='ocrx_word' id='word_1_979' title='bbox 2148 3427 2284 3457; x_wconf 86' lang='lat' dir='ltr'>formam</span> <span class='ocrx_word' id='word_1_980' title='bbox 2307 3427 2454 3466; x_wconf 84' lang='lat' dir='ltr'>superad-</span> 
     </span>
    </p>
   </div>
  </div>
 </body>
</html>
