2892 4056
189 2008 197 2016 ⁸
218 2006 304 2027 Homil.

188 2034 211 2054 in
226 2033 318 2060 Evang.

325 2005 376 2027 XV]
381 2006 391 2026 1

190 2265 268 2292 ·.Cap
289 2270 318 2290 ιι,
337 2270 361 2285 ιι.
374 2270 399 2292 3ς

188 2297 263 2345 §.pSv
264 2296 308 2338 Ξ1’“ὶι.
306 2296 399 2343 ’11Πὲἳῖἰῇ

189 2351 229 2365 vi.

190 2410 245 2437 Qu
249 2426 252 2430 .
263 2412 401 2435 xxtii,art.1.

191 2589 200 2597 ⁸
216 2588 282 2609 Vei-s.
297 2594 319 2614 4.

191 2699 200 2708 ⁸
216 2697 282 2718 Vei-s.
298 2702 312 2722 1,
328 2702 348 2717 2.

193 2853 201 2860 '
217 2851 283 2872 Vers.
298 2851 328 2872 18.

195 3121 204 3130 ⁸
212 3119 258 3146 Qu.
268 3122 405 3146 x1111‚art.1.

432 196 507 221 200

429 263 652 299 irrationalis
672 261 687 292 β
705 270 830 311 potest
859 274 902 298 ex
932 261 1082 297 caritate
1112 260 1239 296 amari.
1271 261 1319 297 Et
1337 261 1411 297 hoc
1431 261 1492 297 tri-

429 316 518 364 plici
546 316 701 353 ratione.
733 316 906 361 Quarum
936 315 1034 351 duae
1062 313 1251 361 pertinent
1280 314 1491 350 communi-

429 376 486 405 ter
519 371 566 406 ad
596 368 812 414 amicitiam,
843 379 940 415 quae
970 366 1017 403 ad
1039 373 1228 403 creaturas
1257 366 1491 403 irrationales

429 421 561 458 haberi
589 434 667 458 non
695 427 830 469 potest.
861 419 992 455 Primo
1021 419 1190 466 quidem,
1220 420 1309 468 quia
1328 420 1491 457 amicitia

422 474 478 511 *ad
508 486 595 511 eum
625 474 785 510 habetur
813 472 872 508 eui
899 473 1078 508 volumus
1109 472 1267 509 bonum.
1307 473 1396 509 Non
1427 486 1490 509 au-

429 534 507 563 tem
527 532 542 555 Υ
562 525 715 575 proprie
744 537 903 574 possum
932 526 1078 561 bonum
1107 525 1204 561 velle
1235 533 1426 562 creaturae
1447 526 1491 562 ir—

430 579 618 616 rationali:
658 578 746 625 quia
775 590 852 614 non
883 585 938 614 est
967 578 1046 614 eius
1074 578 1228 626 proprie
1256 579 1396 615 habere
1425 580 1492 615 bo—

429 644 533 679 num,
555 632 621 668 sed
651 632 774 667 solum
795 638 987 667 creaturae
1007 630 1208 678 rationalis,
1236 643 1334 679 quae
1351 639 1406 668 est
1425 632 1492 669 do-

429 686 532 721 mina
560 684 690 720 utendi
719 684 822 720 bono
852 685 957 732 quod
985 684 1100 720 habet
1117 696 1186 732 per
1213 684 1374 721 liberum
1395 685 1493 721 arbi-

294 747 337 762 ¹¹¹
358 747 400 769 3·-
428 738 554 774 trium.
585 731 633 773 Et
652 737 738 773 ideo
773 736 1027 785 Philosophus
1062 736 1159 783 dicit,
1185 736 1222 773 in
1243 739 1274 773 II
1290 739 1438 785 Physic.
1459 738 1490 786 ⁹³,

190 742 199 750 ⁸
210 741 242 762 Ca
261 756 266 762 .
278 748 290 762 v
302 757 308 766 ,
341 756 346 762 .

191 747 332 789 s.†ii.1ect.
347 774 369 788 x.

429 790 533 838 quod
560 789 780 826 huiusmodi
810 790 923 826 rebus
944 802 1022 826 non
1052 790 1212 826 dicimus
1233 790 1373 839 aliquid
1394 792 1491 829 bene

427 844 489 879 vel
532 844 631 879 male
676 843 893 890 contingere
931 843 1000 879 nisi
1033 843 1243 880 secundum
1282 844 1493 882 similitudi-

428 907 530 932 nem.
555 917 581 924 -
611 897 811 940 Secundo,
842 895 930 944 quia
966 896 1089 932 omnis
1118 896 1282 934 amicitia
1315 898 1493 935 fundatur

428 961 542 997 super
576 949 700 998 aliqua
739 949 1088 986 communicatione
1121 949 1239 987 vitae:
1274 951 1366 987 nihil
1393 952 1491 988 enim

428 1007 482 1037 est
508 1002 558 1038 ita
590 1003 791 1051 proprium
828 1003 1017 1039 amicitiae
1043 1004 1138 1039 sicut
1173 1004 1372 1040 convivere
1397 1003 1423 1051 δ,
1453 1014 1494 1042 ιιι

190 1064 378 1111 §.Cissjss'cff‘vi'
390 1075 399 1079 -
426 1061 530 1103 patet
544 1066 612 1103 per
626 1055 916 1104 Philosophum,
932 1056 1018 1092 VIII
1034 1057 1152 1093 Ethic.
1169 1056 1189 1078 ’¹‘
1205 1057 1410 1094 Creaturae
1430 1071 1494 1095 au-

426 1115 504 1143 tem
533 1107 769 1146 irrationales
789 1121 868 1145 non
888 1117 1049 1158 possunt
1072 1106 1462 1148 communicationem
1483 1116 1494 1132 ²

427 1161 569 1197 habere
597 1161 636 1198 in
663 1161 741 1199 vita
768 1163 949 1209 humana,
980 1174 1078 1211 quae
1109 1170 1164 1199 est
1196 1163 1408 1200 secundum
1437 1176 1494 1200 ra·

1109 183 1374 229 QUAESTIO
1404 180 1530 230 XXV,
1560 181 1855 218 ARTICULUS
1886 182 1936 217 lV

1544 261 1720 308 phoram.
1742 278 1766 285 -
1786 257 1917 293 Tertia
1945 256 2039 293 ratio
2069 264 2124 293 est
2151 259 2305 308 propria
2329 259 2491 297 caritati:
2521 261 2610 309 quia

1547 312 1678 348 caritas
1708 310 1885 347 fundatur
1920 321 2036 357 super
2064 312 2414 349 communicatione
2451 313 2612 350 beatitu-

1547 364 1643 401 dinis
1672 370 1868 411 aeternae,
1898 362 2004 399 cuius
2034 370 2203 400 creatura
2240 364 2462 402 irrationalis
2492 378 2611 415 capax

1547 429 1624 453 non
1645 423 1710 452 est.
1741 416 1852 452 Unde
1873 415 2038 451 amicitia
2058 415 2219 453 caritatis
2239 429 2317 455 non
2335 426 2461 467 potest
2479 419 2612 456 haberi

1547 470 1595 506 ad
1626 475 1837 505 creaturam
1866 468 2134 505 irrationalem.

1602 522 1766 558 Possunt
1794 529 1922 558 tamen
1952 533 1997 557 ex
2027 521 2179 557 caritate
2208 522 2308 571 diligi
2343 532 2537 561 creaturae
2566 524 2612 560 ir-

1547 575 1748 612 rationales
1767 573 1862 610 sicut
1881 575 1983 611 bona
2003 586 2102 622 quae
2122 574 2202 610 aliis
2220 576 2421 613 volumus:
2451 577 2612 626 inquan-

1546 636 1628 664 tum
1657 627 1797 663 scilicet
1824 638 1868 663 ex
1905 627 2056 664 caritate
2093 628 2275 664 volumus
2300 640 2365 665 eas
2393 630 2613 667 conservari

1547 681 1596 717 ad
1623 681 1813 716 honorem
1841 680 1914 716 Dei
1944 688 1980 717 et
2006 680 2206 717 utilitatem
2235 681 2451 719 hominum.
2481 684 2531 720 Et
2560 683 2614 720 sic

1547 734 1662 770 etiam
1691 745 1736 769 ex
1765 733 1916 770 caritate
1943 735 2049 770 Deus
2079 745 2143 770 eas
2173 733 2300 781 diligit.

1599 785 1710 823 Unde
1738 793 1841 834 patet
1869 786 2067 835 responsio
2097 787 2145 823 ad
2173 786 2354 834 primum.

1599 841 1658 875 Αι)
1695 850 1885 876 SECUNDUM
1925 851 2112 876 DICENDUM
2151 839 2256 887 quod
2301 839 2512 877 similitudo
2548 852 2615 878 ve-

1547 892 1643 940 stigii
1679 904 1757 928 non
1796 900 1926 929 causat
1953 891 1966 918 t
1995 893 2245 941 capacitatem
2274 893 2376 929 vitae
2414 901 2613 941 aeternae,

1547 945 1643 981 sicut
1679 944 1886 982 similitudo
1923 945 2109 993 imaginis.
2146 946 2258 983 Unde
2287 958 2366 982 non
2400 952 2456 982 est
2483 946 2615 983 similis

1547 1005 1655 1041 ratio.

1600 1060 1658 1094 Αι)
1673 1068 1833 1094 TER-rum
1853 1069 2037 1094 DICENDUM
2057 1058 2162 1105 quod
2177 1058 2274 1095 fides
2292 1071 2332 1094 se
2347 1065 2473 1107 potest
2489 1066 2615 1096 exten-

1549 1111 1638 1147 dere
1668 1111 1717 1147 ad
1746 1109 1877 1146 omnia
1914 1122 2015 1158 quae
2048 1118 2134 1147 sunt
2165 1116 2183 1138 Ἀ
2212 1123 2458 1160 quocumque
2476 1112 2614 1150 >modo

1547 1174 1651 1199 vera.
1691 1163 1769 1198 Sed
1797 1163 1962 1199 amicitia
1998 1163 2161 1200 caritatis
2200 1176 2240 1200 se
2269 1165 2436 1202 extendit
2468 1165 2518 1203 ad
2553 1165 2616 1203 illa

427 1213 586 1251 tionem.
625 1215 736 1252 Unde
774 1216 877 1252 nulla
914 1215 1079 1252 amicitia
1116 1223 1242 1263 potest
1278 1216 1411 1252 haberi
1447 1217 1494 1253 ad
1548 1217 1630 1252 sola
1658 1227 1756 1263 quae
1786 1223 1875 1252 nata
1903 1223 1991 1252 sunt
2017 1216 2160 1252 habere
2189 1218 2337 1254 bonurn
2365 1218 2466 1256 vitae
2495 1227 2617 1256 aeter-

428 1276 618 1304 creaturas
646 1267 891 1314 irrationales,
921 1268 993 1304 nisi
1021 1268 1117 1304 forte
1147 1268 1359 1312 secundum
1378 1277 1495 1306 meta-

1549 1280 1633 1305 nae.
1663 1268 1774 1305 Unde
1804 1281 1883 1305 non
1913 1276 1969 1305 est
1995 1269 2129 1306 simile.

481 1377 506 1411 β)
527 1380 703 1405 irrationalis
721 1394 739 1399 -
758 1381 900 1405 rationalis
919 1381 1078 1412 AEFpBKx.

478 1416 505 1448 γ)
524 1415 584 1439 Non
599 1419 697 1440 autem.
711 1416 798 1440 —Sed
811 1423 862 1440 non
880 1416 957 1440 Pa.—
972 1416 1022 1440 Pro
1034 1423 1153 1448 possum,
1166 1424 1309 1448 possumus
1325 1417 1491 1441 PCDGHKa.

479 1449 504 1483 ὃ)
524 1451 672 1476 convivere.
690 1464 709 1470 -
727 1451 796 1476 bona
815 1452 886 1476 vitae
906 1451 1116 1483 (communicare
1141 1453 1239 1476 addunt
1258 1452 1347 1484 sCKn)
1366 1452 1493 1476 ABCDGI

427 1486 496 1515 Kxn.
514 1487 583 1511 bona
602 1487 658 1512 vita
678 1487 817 1511 PEFHLa.

1383 1557 1471 1565 mx«.

1598 1382 1620 1413 ε)
1640 1382 1917 1407 communicationem.
1934 1396 1953 1401 —
1971 1383 2184 1407 communionem
2204 1383 2402 1409 ABCEFIKLK.

1598 1417 1624 1450 ζ)
1643 1421 1747 1442 causat.
1760 1418 1840 1442 —dat
1858 1418 1895 1442 ad
1910 1418 1939 1447 C,
1952 1418 2001 1443 dat
2015 1418 2119 1442 PEHsn
2139 1423 2164 1442 et
2181 1425 2208 1443 a.
2220 1418 2302 1443 -Pro
2320 1419 2398 1448 sicut,
2413 1420 2461 1446 sed
2479 1420 2534 1450 Pa,·

1547 1453 1704 1477 solutionem
1725 1460 1777 1477 om.
1797 1461 1840 1485 pn.

1600 1489 1627 1520 η)
1648 1495 1716 1520 quae
1734 1491 1805 1513 sunt.
1823 1502 1842 1507 —-
1860 1489 1922 1513 Om.
1942 1488 2050 1520 PDEpC
2070 1493 2095 1513 et
2113 1495 2159 1513 na.

2552 1419 2620 1547 ’Ὗ

1212 1606 1529 1648 ARTICULUS
1560 1607 1832 1659 QUARTUS

882 1699 1038 1730 UTRUM
1062 1699 1192 1730 HOMO
1216 1700 1389 1750 DEBEAT
1413 1700 1592 1730 SEIPSUM
1615 1700 1673 1730 Ex
1697 1700 1920 1730 CARITATE
1944 1700 2148 1731 DILIGERE

1096 1777 1127 1802 111
1148 1778 1231 1806 Sent„
1252 1778 1310 1803 dist.
1329 1786 1414 1810 xxvm,
1435 1783 1482 1803 art.
1501 1778 1532 1809 6;
1554 1779 1595 1803 De
1612 1778 1719 1807 Vir-tut„
1740 1786 1784 1811 qu.
1803 1786 1831 1810 u,
1851 1783 1898 1804 art.
1917 1786 1943 1811 7.

460 1861 520 1894 ἦ»,
545 1881 553 1896 Μ
637 1855 660 1879 ι)
676 1854 850 1884 QUARTUM
869 1854 922 1879 stc
943 1854 1183 1880 PROCEDrrUR.
1205 1843 1365 1880 Videtur
1385 1845 1488 1903 quod

458 1892 509 1955 ᾗῇ
552 1894 579 1916 “”
610 1897 757 1932 homo
787 1907 865 1932 non
893 1895 1022 1944 diligat
1050 1897 1219 1945 seipsum
1250 1909 1296 1934 ex
1325 1898 1489 1934 caritate.

444 1950 606 2027 ’ᾖενς
584 1953 615 1998 (X
638 1949 737 1986 Dicit
766 1949 868 1985 enim
896 1949 1126 1998 Gregorius,
1155 1950 1193 1986 in
1222 1951 1390 1999 quadam
1423 1951 1491 1987 ho-

500 1994 523 2011 Ἴ»

484 2015 495 2028 ι,
514 2022 523 2025 -

427 2055 520 2091 duos
539 2055 673 2091 haberi
698 2067 772 2092 non
795 2061 927 2103 potest.
959 2057 1061 2105 Ergo
1091 2058 1139 2093 ad
1168 2057 1337 2106 seipsum
1367 2058 1493 2094 nullus

427 2107 543 2144 habet
572 2108 777 2145 caritatem.

483 2172 516 2196 2.
543 2161 776 2208 PRAETEREA,
797 2161 962 2198 amicitia
984 2162 1031 2199 de
1060 2162 1118 2198 sui
1139 2162 1284 2199 ratione
1312 2163 1493 2211 importat

428 2213 703 2251 reamationem
748 2223 783 2251 et
811 2216 1097 2263 aequalitatem,
1127 2224 1169 2252 ut
1209 2224 1313 2264 patet
1339 2216 1376 2252 in
1405 2216 1490 2252 Vlll

426 2267 547 2303 Ethic.
563 2266 602 2303 *ε
629 2280 728 2316 quae
749 2268 904 2316 quidem
925 2281 1003 2305 non
1022 2276 1183 2317 possunt
1207 2281 1289 2306 esse
1309 2268 1455 2305 homini
1476 2273 1493 2289 α

429 2319 477 2356 ad
506 2319 686 2368 seipsum.
719 2321 796 2357 Sed
817 2321 949 2358 caritas
970 2321 1134 2358 amicitia
1154 2323 1344 2370 quaedam
1367 2329 1432 2368 est,
1453 2328 1494 2357 ut

429 2372 572 2410 dictum
602 2382 657 2410 est
671 2373 701 2409 ²³⁶.
727 2373 829 2421 Ergo
859 2375 908 2411 ad
937 2375 1104 2423 seipsum
1135 2374 1271 2423 aliquis
1300 2374 1491 2411 caritatem

429 2426 573 2462 habere
602 2439 680 2463 non
708 2435 845 2474 potest.

486 2481 518 2516 3.
549 2480 791 2527 PRAETEREA,
821 2480 912 2516 illud
940 2481 1044 2528 quod
1075 2480 1122 2517 ad
1153 2480 1345 2516 caritatem
1382 2479 1494 2528 perti-

429 2539 494 2568 net
513 2543 590 2568 non
610 2541 735 2581 potest
755 2543 836 2570 esse
856 2532 1126 2582 vituperabile:
1149 2532 1236 2582 quia
1262 2533 1400 2569 caritas
1419 2542 1493 2569 non

429 2586 512 2635 agit
535 2597 760 2634 perperam,
796 2593 838 2622 ut
865 2585 1001 2623 dicitur
1029 2587 1042 2622 I
1078 2587 1129 2623 ad
1159 2586 1245 2623 Cor.
1275 2585 1385 2622 xi11*.
1417 2585 1494 2622 Sed

430 2650 560 2676 amare
575 2639 742 2688 seipsum
760 2647 815 2675 est
833 2639 1105 2688 vituperabile:
1127 2639 1261 2676 dicitur
1277 2638 1377 2675 enim
1398 2639 1429 2686 II
1446 2639 1497 2676 ad

434 2693 530 2729 Tim.
560 2703 595 2729 111
615 2692 653 2729 *τ
675 2694 721 2729 In
741 2692 952 2729 novissimis
971 2693 1099 2730 diebus
1119 2693 1309 2730 instabunt
1326 2698 1495 2740 tempora

424 2745 651 2794 periculosa,
668 2752 702 2782 et
721 2751 832 2782 erunt
847 2746 1015 2783 homines
1034 2751 1203 2783 amantes
1220 2746 1370 2794 seipsos.
1393 2745 1494 2793 Ergo

430 2800 550 2835 homo
580 2811 658 2835 non
687 2806 811 2847 potest
840 2799 1009 2847 seipsum
1040 2811 1084 2836 ex
1113 2799 1264 2836 caritate
1295 2798 1458 2846 diligere.

486 2852 560 2888 SED
585 2863 731 2889 CONTRA
763 2863 830 2888 EST
858 2854 962 2900 quod
993 2853 1126 2890 dicitur
1153 2851 1271 2890 Levit.
1292 2863 1354 2888 xtx
1372 2851 1407 2888 *ε
1428 2851 1495 2888 Di-

433 2904 527 2954 liges
554 2905 718 2941 amicum
756 2910 859 2941 tuum
887 2906 984 2942 sicut
1009 2907 1176 2955 teipsum.
1216 2904 1293 2941 Sed
1327 2904 1494 2942 amicum

434 2969 478 2994 ex
508 2957 659 2994 caritate
688 2958 890 3006 diligimus.
927 2959 1028 3007 Ergo
1060 2967 1096 2996 et
1124 2958 1375 3008 nosipsos‘ex
1405 2957 1495 2994 cari-

432 3017 508 3047 tate
537 3010 722 3047 debemus
751 3010 916 3058 diligere.

487 3063 712 3100 RESPONDEO
732 3074 927 3101 DECENDUM
947 3065 1064 3113 quod,
1082 3066 1170 3101 cur'n
1192 3063 1325 3100 caritas
1341 3062 1386 3100 sit
1405 3063 1496 3100 ami-

434 3116 517 3152 citia
547 3118 749 3164 quaedam,
779 3117 872 3153 sicut
893 3117 1034 3154 dictum
1065 3126 1119 3154 est
1138 3117 1158 3138 ²³⁶
1161 3116 1388 3166 ,dupliciter
1410 3129 1497 3166 pos-

434 3179 566 3206 sumus
595 3169 642 3206 de
671 3169 823 3206 caritate
851 3170 966 3218 loqui.
1006 3171 1092 3209 Uno
1122 3170 1261 3217 modo,
1292 3171 1363 3206 sub
1393 3181 1497 3206 com-

434 3222 542 3259 muni
569 3222 714 3259 ratione
744 3222 942 3260 amicitiae.
974 3223 1022 3260 Et
1045 3224 1256 3260 secundum
1277 3223 1351 3259 hoc
1371 3222 1497 3260 dicen-

435 3276 528 3313 dum
558 3283 614 3312 est
642 3275 746 3324 quod
775 3276 939 3313 amicitia
967 3276 1120 3325 proprie
1154 3289 1232 3314 non
1259 3276 1421 3314 habetur
1447 3276 1495 3313 ad

436 3328 616 3377 seipsum,
647 3328 714 3365 sed
743 3328 884 3378 aliquid
914 3329 1036 3366 maius
1066 3329 1248 3366 amicitia·
1287 3328 1375 3378 quia
1403 3329 1494 3366 ami-

490 3451 516 3478 α)
536 3451 645 3475 homini.
662 3464 682 3470 -
699 3450 812 3475 hominis
832 3451 889 3476 IsK.

491 3484 514 3517 β)
537 3486 640 3511 unione.
658 3501 675 3504 -
694 3486 731 3510 ad
749 3486 830 3511 alium
851 3486 947 3510 addunt
967 3486 1036 3510 PGa.

1544 1843 1630 1880 citia
1653 1843 1838 1881 unionem
1859 1844 2054 1893 quandam
2074 1844 2267 1904 importat,
2289 1844 2380 1882 dicit
2400 1845 2504 1884 enirn
2522 1846 2617 1907 Di9-

1516 1932 1518 1936 ,
1544 1896 1674 1945 nysius
1693 1895 1838 1944 *quod
1858 1909 1968 1934 amor
1997 1904 2053 1934 est
2069 1897 2188 1936 virtus
2217 1896 2384 1943 unitiua;
2409 1897 2687 1964 uuicuique&

1516 1978 1518 1992 1
1545 1957 1674 1986 autem
1711 1952 1760 1986 ad
1789 1950 1958 1998 seipsum
1997 1958 2053 1987 est
2082 1951 2229 1997 unitas,
2264 1962 2365 1999 quae
2401 1960 2480 1990 est·
2476 1953 2618 2014 potior

526 1994 573 2031 ’δι”
595 1992 780 2039 &smilia'le
783 2031 791 2048 ,
813 2002 920 2050 quod
948 2004 1087 2040 caritas
1114 2004 1238 2040 minus
1262 2016 1376 2052 quam
1397 2005 1493 2040 inter
1517 1999 1518 2022 l

1544 2003 1687 2040 unione
1707 2001 1733 2039 β.
1755 2003 1867 2040 Unde
1895 2003 1992 2040 sicut
2019 2003 2144 2040 unitas
2173 2011 2229 2040 est
2255 2004 2487 2054 principium
2504 2006 2618 2044 unio-

1545 2056 1615 2103 nis,
1633 2056 1682 2092 ita
1697 2067 1807 2092 amor
1822 2068 1900 2105 quo
1919 2056 2005 2105 quis
2021 2056 2138 2104 diligit
2157 2057 2340 2117 seipsum,
2357 2065 2415 2095 est
2438 2059 2565 2097 forma
2576 2064 2618 2097 et

1546 2109 1650 2146 radix
1675 2109 1880 2146 amicitiae:
1909 2109 1947 2146 in
1966 2110 2041 2146 hoc
2062 2110 2164 2146 enim
2190 2110 2397 2159 amicitiam
2422 2107 2616 2170 habemus

1546 2162 1596 2200 ad
1624 2161 1730 2208 alios,
1752 2162 1858 2210 quod
1877 2161 1926 2199 ad
1947 2174 2013 2199 eos
2042 2175 2113 2199 nos
2132 2155 2324 2200 habemus
2343 2164 2441 2201 sicut
2459 2165 2508 2202 ad
2527 2178 2616 2204 nos-

1546 2216 1666 2264 ipsos;
1689 2215 1822 2251 dicitur
1841 2215 1944 2251 enim
1963 2215 2002 2252 in
2022 2217 2074 2251 IX
2092 2217 2213 2252 Ethic.
2229 2216 2249 2238 ²¹²
2272 2218 2378 2265 quod
2396 2218 2651 2256 amicabilia

1524 2280 1527 2282 ·
1546 2279 1645 2317 quae
1660 2273 1748 2304 sunt
1768 2269 1819 2305 ad
1844 2268 2004 2305 alterum
2033 2269 2189 2305 veniunt
2206 2274 2221 2297 Υ
2241 2281 2291 2306 ex
2317 2271 2374 2306 his
2401 2281 2499 2318 quae
2524 2277 2614 2309 sunt

1546 2322 1598 2358 ad
1613 2321 1787 2369 seipsum.
1818 2321 1923 2357 Sicut
1942 2321 2054 2358 etiarn
2075 2323 2122 2358 de
2141 2321 2334 2371 principiis
2354 2335 2435 2360 non
2453 2323 2615 2362 habetur

1547 2374 1714 2420 scientia,
1745 2372 1812 2410 sed
1841 2373 1983 2422 aliquid
2011 2374 2146 2422 maius,
2167 2374 2309 2412 scilicet
2335 2375 2560 2415 intellectus.

1599 2426 1684 2464 Alio
1714 2426 1832 2463 modo
1862 2439 2069 2474 possumus
2097 2428 2201 2487 loqui
2231 2428 2277 2465 de
2308 2429 2459 2466 caritate
2479 2442 2615 2468 secun-

1548 2480 1641 2517 dum
1669 2479 1867 2539 propriam
1897 2480 2083 2517 rationem
2112 2481 2242 2530 ipsius,
2262 2490 2377 2531 prout
2396 2483 2539 2524 scilicet
2548 2491 2615 2545 est

1548 2532 1713 2570 amicitia
1746 2532 1913 2570 hominis
1947 2533 1995 2570 ad
2030 2534 2159 2571 Deum
2191 2533 2469 2591 principaliter,
2493 2530 2561 2575 ἔτι
2554 2535 2614 2582 ’ἐκ
2796 2531 2798 2534 ’
2828 2561 2834 2570 =

1548 2586 1796 2645 consequenti
1811 2586 1859 2623 ad
1881 2598 1925 2623 ea
1944 2598 2043 2634 quae
2064 2595 2151 2624 sunt
2169 2587 2253 2625 Dei.
2271 2590 2371 2625 Inter
2385 2586 2494 2649 quae
2499 2583 2614 2635 ethin

1549 2646 1604 2676 est
1631 2638 1712 2688 ipse
1740 2639 1858 2676 homo
1888 2638 1953 2687 qui
1982 2639 2189 2679 caritatem
2205 2641 2330 2678 habet.
2361 2639 2425 2678 Et·
2437 2641 2492 2680 sic
2506 2635 2615 2696 a&

1549 2700 1673 2729 cetera
1711 2703 1809 2740 quae
1844 2702 1888 2728 ex
1926 2693 2078 2729 caritate
2117 2693 2233 2744 diligit
2271 2694 2378 2755 quasi
2406 2695 2455 2732 ad
2483 2682 2612 2733 Deum

1548 2743 1784 2794 pertinentia,
1815 2745 1926 2781 etiam
1956 2745 2126 2794 seipsum
2156 2757 2200 2782 ex
2221 2745 2372 2783 caritate
2403 2747 2547 2796 diligit.

1602 2799 1660 2834 AD
1689 2808 1826 2834 PRIMUM
1854 2809 1952 2835 ERGO
1972 2808 2158 2835 mcENDUM
2187 2798 2292 2848 quod
2321 2799 2532 2848 Gregorius
2550 2799 2613 2862 lo-

1550 2840 1674 2911 quitur
1703 2850 1749 2886 de
1780 2850 1930 2887 caritate
1960 2851 2172 2889 secundum
2202 2863 2453 2891 communem
2483 2851 2613 2905 amici-5

1549 2904 1621 2940 tiae
1651 2903 1848 2940 rationem.

1603 2957 1652 2993 Et
1671 2957 1881 2993 secundum
1897 2957 1972 2993 hoc
1992 2957 2105 2994 etiam
2123 2958 2297 3006 procedit
2315 2934 2484 3006 secunda
2505 2954 2611 2996 ratio.

1603 3012 1661 3046 AD
1680 3018 1839 3046 τΕιιτιιιινι
1858 3020 2042 3047 DICENDUM
2071 3011 2176 3059 quod
2196 3019 2368 3048 amantes
2392 3010 2551 3061 seipsos
2557 3012 2613 3051 vi-.

1549 3070 1772 3112 tuperantur
1798 3062 2024 3112 inquantum
2067 3071 2197 3101 amant
2225 3076 2266 3101 se
2295 3065 2518 3104 secundum

1550 3123 1674 3152 turam
1712 3115 1950 3164 sensibilem,
1981 3116 2041 3153 cui
2069 3118 2348 3167 obtemperant.
2387 3117 2514 3166 Quod
2528 3077 2613 3179 [ξιξ

1551 3177 1607 3206 est
1633 3181 1725 3206 vere
1754 3181 1882 3206 amare
1910 3168 2078 3218 seipsum
2117 3170 2328 3208 secundum
2357 3173 2533 3208 naturam
2556 3159 2614 3208 rass.

1550 3222 1744 3268 tionalem,
1779 3229 1820 3260 ut
1848 3221 1919 3260 sibi
1945 3222 2037 3259 velit
2054 3221 2068 3244 ὅ
2093 3235 2136 3260 ea
2165 3224 2269 3261 bona
2297 3235 2395 3273 quae
2422 3213 2613 3281 pertine'ffl

1550 3275 1600 3312 ad
1619 3275 1892 3324 perfectionem
1911 3275 2077 3313 rationis.
2108 3276 2156 3313 Et
2174 3277 2249 3314 hoc
2268 3278 2387 3315 modo
2408 3266 2611 3327 praecipue

1551 3329 1600 3365 ad
1619 3328 1810 3367 caritatem
1838 3329 2000 3378 pertinet
2027 3329 2179 3377 diligere
2209 3330 2389 3379 seipsum.
2435 3374 2453 3379 A*
2495 3364 2497 3371 ,

1602 3451 1627 3484 γ)
1648 3451 1765 3475 veniunt.
1782 3464 1802 3469 -
1820 3455 1948 3476 venerunt
1968 3451 2230 3478 ABCDEFGIKLKR.

1602 3485 1626 3518 δ)
1646 3487 1718 3511 velit.
1737 3500 1754 3504 —
1772 3486 1855 3510 velint
1871 3486 1901 3511 P.

2741 1910 2766 1932 “ν.
2778 1909 2843 1933 Nom.
2837 1925 2853 1936 .,

2752 1935 2800 1958 ·’.8
2808 1935 2854 1958 Th.

2642 1939 2694 1985 lect.
2709 1968 2740 1990 tx,
2755 1969 2794 1984 ιιι.

2667 2222 2853 2250 Cap.1v.n.1;

2641 2275 2666 2297 8.
2669 2255 2768 2297 pTliinle
2769 2254 2799 2296 ξι.
2810 2255 2854 2302 ²iv,
