2892 4056
174 2946 181 2953 '
198 2943 264 2965 Vcrs.
280 2950 302 2971 9.

172 2997 259 3024 septu
261 2996 318 3024 affin
304 2998 344 3017 nat
351 2995 384 3016 In-

172 3025 230 3050 terp.

173 3058 181 3065 ·
197 3056 252 3084 Cap.
270 3061 285 3077 ι.

173 3265 180 3272 ”
198 3262 264 3285 Vers.
279 3268 308 3290 ¹3-

433 196 477 231 52

478 276 537 310 An
566 286 738 316 QUARTUM
767 285 949 310 DICENDUM
980 272 1083 321 quod
1114 271 1162 308 ad
1192 271 1379 309 rationem
1408 273 1491 309 fun-

426 327 594 363 damenti
622 339 700 363 non
729 327 853 363 solum
883 325 1083 374 requiritur
1111 324 1216 372 quod
1245 324 1292 361 sit
1309 325 1488 373 primum,
1515 353 1517 362 ,

425 380 492 416 sed
522 379 633 417 etiam
664 380 768 428 quod
788 379 833 415 sit
852 378 930 414 aliis
960 378 1128 426 partibus
1157 377 1320 414 aedificii
1350 390 1487 414 conne·
1515 374 1517 386 ’

424 444 537 475 xum:
568 444 645 468 non
675 432 776 468 enirn
802 439 898 468 esset
927 430 1221 466 fundamentum
1250 430 1319 467 nisi
1339 430 1373 466 ei
1393 430 1488 467 aliae
1514 455 1516 480 A

422 492 548 533 partes
570 484 731 522 aedificii
756 485 1013 520 cohaererent.
1045 483 1246 520 Connexio
1266 490 1395 520 autem
1415 483 1489 531 spi-

422 537 563 574 ritualis
593 537 754 574 aedificii
783 544 838 573 est
865 549 934 584 per
962 536 1178 572 caritatem:
1208 536 1421 573 secundum
1449 536 1488 572 il-

421 591 487 627 lud
520 591 658 627 Coloss.
689 602 722 626 111
743 589 777 625 ²³³:
809 591 929 637 Super
950 589 1078 625 omnia
1098 589 1293 626 caritatem
1315 590 1447 625 habete
1467 595 1486 635 ²,

421 655 518 691 quae
536 649 589 679 est
615 643 805 678 vinculum
829 642 1083 690 perfectionis.
1115 643 1163 678 Et
1183 642 1269 678 ideo
1289 642 1387 679 fides
1407 641 1487 678 sine

471 776 488 803 ι)
509 773 609 797 habete.
627 787 646 791 -
664 773 789 797 habentes
810 772 940 799 PFGIKL.

446 943 466 962 N
497 932 590 963 titulo
620 931 742 962 articuli
769 931 894 972 septimi
919 931 951 972 ly
975 933 1059 962 inter
1081 933 1214 963 virtutes
1245 933 1396 972 importat
1425 932 1483 962 vir-

420 945 530 1008 Itutes
559 976 754 1016 theologales
778 983 808 1006 et
832 976 969 1006 morales
993 983 1133 1012 tantum,
1159 977 1198 1007 de
1228 976 1344 1018 quibus
1368 983 1479 1007 tracta-

415 1028 475 1052 tur.
499 1021 547 1051 De
576 1020 842 1051 intellectualibus
866 1020 969 1057 enim,
995 1027 1030 1051 ut
1050 1020 1179 1051 scientia
1205 1028 1235 1051 et
1251 1027 1326 1057 arte,
1344 1031 1410 1052 non
1435 1027 1482 1051 est

415 1065 570 1107 quaestio.

471 1110 505 1140 In
529 1118 663 1149 corpore
697 1108 821 1139 articuli
852 1109 986 1139 dubium
1019 1109 1156 1140 occurrit
1186 1109 1224 1139 de
1248 1109 1340 1140 titulo
1372 1110 1482 1140 iuncto

415 1154 541 1194 corpori
572 1153 704 1184 articuli.
744 1153 908 1190 Quoniam
940 1160 996 1184 aut
1028 1160 1075 1183 est
1107 1163 1212 1183 sermo
1244 1154 1283 1183 de
1315 1153 1484 1184 virtutibus

414 1198 589 1229 moralibus
611 1205 646 1228 ut
661 1197 832 1228 Christiani
853 1204 941 1233 sunt;
962 1204 1016 1227 aut
1031 1197 1171 1227 hominis
1195 1205 1277 1227 sunt.
1314 1197 1346 1227 Si
1370 1198 1408 1227 de
1424 1196 1483 1227 vir-

413 1243 534 1274 tutibus
551 1241 747 1278 Christianis,
772 1241 886 1272 frustra
910 1241 1049 1273 secunda
1072 1251 1143 1281 pars
1166 1241 1288 1271 articuli
1305 1241 1343 1271 de
1360 1240 1484 1280 praece-

413 1287 560 1318 dentibus
574 1286 681 1323 fidem,
699 1296 780 1326 quae
802 1285 967 1316 constituit
989 1285 1216 1322 Christianum,
1234 1285 1426 1324 adiungitur.
1452 1284 1484 1315 Si

413 1332 452 1362 de
468 1330 626 1367 humanis,
652 1337 775 1361 constat
791 1330 879 1370 quod
895 1329 1013 1360 iustitia
1032 1337 1062 1360 et
1078 1329 1297 1369 temperantia,
1313 1336 1383 1365 etc.,
1400 1329 1484 1369 prio-

413 1385 460 1406 res
484 1375 545 1405 fide
570 1375 685 1405 directe
709 1384 776 1405 esse
800 1380 946 1414 possunt,
971 1381 1006 1404 ut
1028 1380 1125 1414 patet.

1117 193 1383 239 QUAESTIO
1414 194 1479 240 IV,
1508 194 1804 230 ARTICULUS
1833 194 1917 230 V111

1545 272 1696 309 caritate
1716 272 2010 309 fundamentum
2029 284 2112 308 esse
2132 284 2210 310 non
2237 280 2362 322 potest
2382 274 2421 311 *z
2452 285 2522 310 nec
2553 280 2607 310 ta·

1545 337 1634 361 rnen
1663 331 1814 373 oportet
1841 324 1945 374 quod
1974 325 2108 362 caritas
2138 324 2184 362 sit
2210 326 2315 375 prior
2341 326 2430 364 fide.

1595 379 1654 413 AD
1667 388 1828 419 QUINTUM
1840 388 2023 414 DICENDUM
2040 376 2146 426 quod
2159 385 2265 415 actus
2279 378 2483 416 voluntatis
2498 389 2606 428 prae-

1544 429 1700 477 exigitur
1729 430 1777 467 ad
1796 430 1927 478 fidem,
1944 442 2023 467 non
2049 438 2180 467 tamen
2197 438 2304 468 actus
2322 430 2526 468 voluntatis
2547 443 2607 468 ca-

1514 481 1516 530 }
1543 483 1649 519 ritate
1677 482 1923 521 informatus:
1954 484 2022 520 sed
2046 482 2128 520 talis
2152 490 2258 521 actus
2283 483 2536 534 presupponit
2562 483 2606 520 fi-

1543 536 1653 583 dem,
1688 536 1777 583 quia
1805 548 1883 573 non
1911 543 2036 585 potest
2063 537 2240 573 voluntas
2271 537 2440 585 perfecto
2474 547 2605 573 amore

1542 589 1580 625 in
1613 590 1742 625 Deum
1774 589 1930 626 tendere
1965 589 2036 626 nisi
2069 589 2276 626 intellectus
2307 598 2452 627 rectam
2484 590 2604 627 fidem

1541 642 1680 679 habeat
1709 641 1807 679 circa
1835 642 1972 690 ipsum.

1094 852 1425 885 Commentaria
1449 851 1568 884 Card
1574 853 1700 885 inalis
1723 852 1923 885 Caietani

1602 931 1653 962 Ad
1676 930 1738 962 hoc
1764 931 1879 962 dicitur
1907 931 1996 974 quod
2017 930 2305 971 sermopraesentis
2335 929 2462 970 articuli
2496 937 2547 964 est
2568 931 2607 961 de

1535 975 1704 1005 virtutibus
1727 974 1919 1015 simpliciter,
1937 982 1973 1006 ut
1995 974 2112 1006 scilicet
2135 981 2210 1006 sunt
2224 966 2450 1015 dispositiones
2475 972 2604 1014 perfecti

1536 1020 1575 1049 ad
1587 1019 1749 1070 optimum
1761 1019 1954 1060 simpliciter,
1970 1019 2052 1050 idest
2069 1019 2175 1050 Deum
2195 1025 2231 1049 ut
2254 1019 2415 1050 obiectum
2437 1018 2603 1051 beatitudi-

1536 1064 1584 1094 nis
1600 1064 1718 1104 patriae
1742 1064 1898 1095 caelestis:
1924 1071 1956 1095 et
1978 1074 2044 1094 non
2060 1071 2095 1094 ut
2110 1063 2241 1095 virtutes
2260 1063 2292 1094 In
2307 1073 2432 1103 genere,
2449 1061 2603 1104 quemad-

1536 1109 1673 1139 modum
1687 1109 1719 1139 in
1735 1109 1934 1149 praecedenti
1951 1107 2048 1138 Libro
2064 1108 2081 1127 *
2096 1108 2218 1140 dictum
2232 1115 2288 1139 est.
2312 1109 2354 1140 Et
2372 1108 2454 1139 inter
2472 1108 2603 1140 virtutes

1536 1152 1719 1193 simpliciter
1743 1152 1887 1192 oportuit
1910 1151 2111 1192 distinguere,
2128 1159 2164 1183 ut
2186 1152 2219 1183 in
2242 1151 2345 1184 littera
2366 1152 2411 1189 fit,
2435 1153 2525 1193 quod
2547 1162 2604 1194 per

1537 1206 1569 1226 se
1584 1195 1662 1226 fides
1679 1203 1725 1227 est
1740 1197 1827 1236 prior
1841 1196 1965 1227 ceteris:
1990 1206 2046 1236 per
2060 1196 2203 1227 accidens
2218 1203 2326 1227 autem
2342 1197 2467 1238 aliquae
2481 1207 2602 1233 earum,

1536 1240 1719 1280 imperfecte
1743 1247 1848 1270 tamen
1873 1240 2030 1271 rationem
2048 1241 2172 1271 virtutis
2191 1241 2352 1277 habentes,
2370 1248 2406 1272 ut
2427 1240 2604 1282 aliqualiter

1538 1284 1713 1325 disponunt
1736 1285 1776 1315 ad
1799 1284 1962 1324 optimum
1985 1284 2183 1324 simpliciter,
2208 1286 2417 1324 praecedunt,
2441 1291 2478 1316 ut
2499 1294 2603 1316 remo-

1537 1336 1645 1368 ventes
1675 1329 1858 1369 prohibens.
1891 1329 1931 1360 Et
1954 1328 1999 1359 sic
2029 1328 2107 1360 nihil
2130 1328 2314 1368 superfluit;
2343 1337 2375 1361 et
2402 1329 2602 1369 theologiam·

1537 1384 1643 1404 sermo
1667 1374 1706 1404 de
1729 1373 1897 1404 virtutibus
1920 1373 2062 1404 formalis
2085 1373 2253 1404 invenitur.
2593 1400 2596 1407 .

1197 1520 1514 1563 ARTICULUS
1544 1519 1817 1562 OCTAVUS

608 1615 772 1645 UTRUM
795 1613 916 1644 rums
942 1612 1008 1644 sir
1034 1613 1227 1644 CERTIOR
1251 1613 1450 1644 scum-HA
1473 1614 1531 1643 ET
1555 1614 1664 1644 Acus
1687 1612 2404 1645 vau'rffius·1NTELLECTUAL113th

744 1697 774 1720 111
795 1697 878 1726 Sent„
899 1697 957 1722 dist.
977 1704 1046 1725 xxm,
1066 1705 1109 1728 qu.
1129 1705 1156 1728 u,
1177 1702 1223 1722 art.
1245 1704 1268 1728 2,
1287 1697 1337 1730 qu'¹
1359 1696 1388 1727 3;
1409 1697 1450 1722 De
1474 1697 1564 1726 Verit„
1584 1704 1629 1729 qu.
1647 1704 1670 1727 x,
1690 1702 1737 1721 art.
1761 1703 1799 1727 12,
1819 1697 1851 1720 ad
1874 1696 1918 1726 15;
1938 1704 1983 1729 qu.
2002 1704 2051 1727 xiv,
2071 1701 2118 1721 art.
2142 1704 2162 1727 1,
2182 1698 2214 1723 nd
2233 1704 2265 1730 7;

1000 1740 1029 1763 ln
1051 1740 1126 1764 Boet.
1145 1741 1179 1766 de
1201 1740 1284 1769 Trin„
1304 1748 1349 1772 qu.
1368 1748 1404 1769 m,
1425 1746 1470 1765 art.
1495 1748 1515 1771 1,
1529 1741 1608 1771 ad43
1628 1740 1657 1764 In
1679 1740 1762 1769 Ioan„
1783 1747 1838 1772 cap.
1858 1747 1892 1770 ιν,
1912 1740 1969 1764 lect.
1988 1747 2013 1765 v.

623 1827 645 1852 D
667 1825 839 1851 ocTAvum
860 1826 913 1851 stc
934 1825 1175 1852 Paocamrua.
1193 1815 1354 1852 Videtur
1372 1814 1506 1863 quod

594 1879 598 1885 ’
623 1868 720 1905 fides
739 1880 816 1905 non
839 1868 884 1904 sit
910 1868 1047 1905 certior
1066 1868 1226 1907 scientia
1249 1876 1286 1905 et
1306 1868 1387 1905 aliis
1405 1869 1480 1905 vir-

466 1949 556 2003 ἐέδ*
578 1966 610 2010 K
623 1975 829 2024 opponitur
849 1975 1078 2012 certitudini.
1099 1975 1202 2012 unde
1217 1975 1369 2013 videtur
1387 1975 1479 2012 illud

411 2038 492 2063 esse
522 2028 657 2065 certius
687 2029 790 2077 quod
825 2026 953 2065 minus
986 2036 1112 2076 potest
1142 2029 1284 2066 habere
1323 2029 1370 2066 de
1410 2029 1478 2066 du—

410 2080 612 2126 b.itatione;
643 2082 738 2118 sicut
758 2089 814 2117 est
832 2081 953 2118 albius
982 2083 1088 2130 quod
1118 2090 1174 2118 est
1202 2082 1310 2130 nigro
1340 2082 1478 2131 imper·
1503 2109 1505 2118 .

407 2133 572 2171 mixtius.
604 2135 680 2173 Sed
708 2135 918 2172 intellectus
946 2143 982 2172 et
1010 2135 1183 2182 scientia,
1215 2144 1251 2172 et
1276 2135 1390 2172 etiam
1419 2148 1477 2173 sa-

407 2186 562 2235 pientia,
579 2200 657 2225 non
675 2189 819 2226 habent
839 2188 1116 2226 dubitationem
1138 2189 1235 2226 circa
1251 2201 1475 2238 ea-quorum

408 2249 511 2277 sunt:
543 2242 702 2279 credens
723 2250 852 2279 autem
873 2242 1064 2279 interdurn
1081 2250 1211 2291 potest
1229 2242 1306 2292 pati
1326 2250 1475 2280 motum

409 2294 652 2333 dubitationis
686 2303 723 2332 et
755 2295 926 2332 dubitare
961 2295 1008 2332 de
1036 2295 1095 2332 his
1127 2307 1226 2344 quae
1260 2303 1346 2332 sunt
1373 2295 1475 2332 fidei.

408 2349 511 2395 Ergo
540 2349 637 2386 fides
665 2361 744 2386 non
774 2357 830 2385 est
858 2349 996 2386 certior
1020 2349 1224 2386 virtutibus
1248 2348 1476 2385 intellectua-

409 2401 519 2438 libus.

464 2466 498 2491 2.
525 2455 764 2502 PRAETEREA,
794 2454 891 2492 visio
913 2462 970 2491 est
998 2454 1135 2491 certior
1154 2454 1296 2491 auditu.
1329 2454 1405 2491 Sed
1422 2456 1475 2502 fi-

409 2508 472 2544 des
501 2514 554 2544 est
573 2520 623 2545 ex
650 2509 792 2553 auditu,
817 2516 860 2545 ut
887 2508 1022 2545 dicitur
1049 2508 1101 2544 ad
1118 2509 1230 2545 Rom.
1251 2520 1275 2544 x
1294 2507 1328 2543 *τ
1359 2507 1396 2544 in
1421 2507 1476 2544 in-

409 2556 559 2598 telleetu
587 2569 716 2598 autem
751 2569 788 2598 et
815 2561 969 2598 scientia
998 2568 1034 2597 et
1062 2560 1243 2609 sapientia
1275 2560 1476 2598 includitur

409 2616 600 2663 quaedam
648 2615 907 2652 intellectualis
943 2613 1052 2651 visio.
1101 2615 1203 2662 Ergo
1248 2614 1385 2650 certior
1421 2621 1477 2650 est

410 2668 565 2705 scientia
593 2669 655 2704 vel
684 2669 892 2706 intellectus
921 2679 1039 2717 quam
1069 2667 1179 2704 fides.

465 2722 498 2758 3.
530 2723 766 2769 PRAETEREA,
796 2729 939 2771 quanto
969 2720 1110 2770 aliquid
1139 2727 1197 2757 est
1215 2719 1417 2768 perfectius
1436 2719 1475 2756 in

408 2774 468 2811 his
499 2787 599 2823 quae
627 2775 677 2811 ad
705 2775 936 2812 intellectum
964 2773 1164 2823 pertinent,
1184 2780 1290 2810 tanto
1320 2780 1376 2810 est
1397 2783 1475 2809 cer-

409 2827 493 2864 tius.
524 2828 602 2865 Sed
622 2829 833 2865 intellectus
862 2836 918 2865 est
945 2827 1149 2876 perfectior
1171 2826 1270 2863 fide:
1299 2826 1388 2874 quia
1407 2837 1476 2875 per

409 2881 527 2918 fidem
556 2882 604 2918 ad
633 2882 862 2920 intellectum
891 2880 1122 2930 pervenitur,
1144 2880 1358 2917 secundum
1384 2879 1475 2916 illud

411 2934 528 2971 Isaiae
547 2947 595 2972 vn
615 2935 649 2970 ³⁶:
679 2935 768 2972 Nisi
793 2934 1034 2979 credideritis,
1064 2945 1138 2970 non
1167 2932 1388 2983 intelligens,
1417 2945 1474 2970 se·

410 2988 580 3025 cundum
623 2988 735 3024 aliam
778 2988 939 3025 litteram
977 2987 1006 3023 ²¹⁸.
1043 2987 1093 3023 Et
1128 2985 1362 3034 Augustinus
1388 2985 1476 3023 dicit

410 3041 526 3078 etiam
547 3040 594 3078 de
614 3041 780 3087 scientia,
802 3041 891 3078 XIV
910 3041 955 3077 de
978 3040 1080 3077 Trin.
1097 3039 1128 3081 ἢῆ
1150 3038 1254 3089 quod
1267 3050 1342 3088 per
1358 3039 1475 3076 scien-

411 3095 502 3131 tiam
530 3095 735 3131 roboratur
751 3095 863 3142 fides.
893 3094 996 3141 Ergo
1024 3093 1178 3130 videtur
1204 3092 1310 3142 quod
1340 3092 1475 3129 certior

411 3147 457 3184 sit
485 3147 638 3184 scientia
667 3148 729 3184 vel
757 3147 966 3184 intellectus
995 3158 1111 3195 quam
1137 3146 1246 3183 fides.

466 3202 540 3238 SED
574 3211 720 3238 cou'rRA
762 3211 829 3236 EST
865 3200 971 3248 quod
1007 3199 1220 3248 Apostolus
1249 3198 1357 3246 dicit,
1388 3199 1477 3235 lad

415 3254 539 3291 Thess.
561 3265 583 3290 11
603 3254 636 3290 *τ
671 3254 766 3290 Cum
795 3253 1024 3301 accepissetis
1052 3265 1075 3289 a
1096 3252 1202 3290 nohis
1223 3252 1381 3289 verbum-
1409 3263 1475 3288 au-

410 3307 526 3350 ditus,
556 3307 696 3344 scilicet
724 3318 792 3355 per
819 3307 958 3352 fidem,
993 3305 1183 3354 accepistis
1211 3304 1304 3342 illud
1333 3317 1407 3342 non
1438 3310 1477 3341 ut

410 3361 566 3397 verbum
585 3360 792 3404 hominum,
817 3360 892 3405 sed,
912 3360 1008 3396 sicut
1023 3370 1112 3396 vere
1129 3364 1193 3404 est,
1214 3358 1370 3395 verbum
1390 3358 1473 3395 Dei.
1501 3388 1503 3397 .

465 3510 492 3540 α)
509 3508 582 3533 illud.
602 3522 618 3526 —
638 3508 700 3533 Om.
720 3508 749 3532 P.

472 1937 547 1967 '⁴⁷4
561 1870 763 1965 'ritutibus
792 1921 1118 1958 intellectualibus.
1150 1922 1346 1959 Dubitatio
1377 1922 1478 1960 enim
1503 1936 1505 1966 }

1534 1815 1610 1852 Sed
1643 1813 1735 1850 nihil
1765 1811 1898 1850 certius
1926 1814 2049 1850 verbo
2077 1814 2159 1851 Dei.
2199 1815 2300 1862 Ergo
2334 1814 2488 1852 scientia
2515 1819 2600 1863 noh

1533 1876 1589 1905 est
1617 1866 1755 1904 certior
1781 1867 1871 1914 fide,
1902 1878 1973 1904 nec
2001 1866 2144 1916 aliquid
2172 1867 2285 1904 aliud.

1586 1921 1814 1958 Rnsponmzo
1834 1931 2018 1957 memnona
2038 1920 2156 1969 quod,
2177 1920 2273 1958 sieut
2291 1920 2437 1969 supra*
2455 1888 2599 1958 dictura

1531 1982 1598 2021 est,
1618 1974 1800 2011 virtutum
1819 1973 2127 2010 intellectualium
2157 1973 2255 2011 duae
2276 1980 2365 2011 sum
2390 1973 2490 2011 circa
2508 1976 2637 2012 co'n‘ts

1503 2054 1505 2068 ι
1530 2028 1722 2076 tingentia,
1751 2026 1893 2067 scilicet
1919 2026 2122 2076 prudentia
2146 2033 2183 2063 et
2209 2038 2282 2064 ars.
2312 2026 2466 2074 Quibus
2490 2030 2603 2091 pm&

1531 2081 1648 2118 fertur
1675 2081 1772 2118 fides
1800 2080 1838 2117 in
1857 2080 2093 2128 certitudine,
2123 2079 2270 2118 ratione
2288 2087 2393 2117 strae·
2399 2079 2597 2117 materiae:

1531 2134 1621 2182 quia
1649 2143 1705 2172 est
1733 2134 1781 2171 de
1806 2134 1978 2181 aeternis,
2005 2140 2107 2182 quae
2126 2144 2205 2170 non
2225 2133 2405 2181 contingit
2433 2133 2599 2171 alites-se

1529 2189 1683 2225 habere.
1704 2208 1729 2216 -
1745 2188 1843 2224 Tres
1861 2194 1988 2224 autem
2010 2185 2176 2235 reliquae
2195 2186 2465 2224 intellectuales
2480 2186 2599 2224 virtu—

1530 2249 1598 2289 tes,
1628 2241 1767 2278 scilicet
1782 2239 1989 2300 sapientia,
2011 2239 2166 2277 scientia
2195 2247 2232 2276 et
2257 2239 2485 2286 intellectus,
2511 2239 2599 2277 sunt

1531 2294 1580 2332 de
1603 2293 1835 2341 necessariis,
1864 2300 1908 2330 ut
1934 2293 2084 2342 supra*
2111 2293 2254 2331 dictum
2275 2299 2343 2331 est.
2373 2293 2453 2330 Sed
2477 2269 2598 2330 'seim

1502 2337 1504 2359 ³
1531 2347 1624 2385 dum
1646 2355 1702 2385 est
1721 2347 1827 2396 quod
1846 2346 2041 2396 sapientia,
2063 2346 2218 2384 scientia
2237 2352 2276 2383 et
2291 2345 2502 2384 intellectus
2528 2344 2598 2382 dw-

2633 282 2643 292 '
2659 281 2686 303 D.
2703 281 2744 304 611.

2630 1115 2639 1124 '
2647 1114 2694 1142 Qu.
2705 1119 2759 1142 nv,
2768 1117 2810 1136 nrt.
2819 1119 2840 1136 ο.

2626 1927 2735 1958 ·1·n··;'
2751 1915 2837 1958 ιιζιζνιί,

2625 1961 2723 2013 nrt-3³.
2757 1963 2781 1984 ας
2794 1960 2836 1980 ιη.

2625 2296 2729 2328 *11:1⁵⁶
2749 2305 2835 2328 mun,

2624 2330 2727 2356 ΜΝΞ·
2756 2332 2776 2356 3-

1529 2400 1676 2449 pliciter
1712 2401 1910 2438 dicuntur:
1947 2411 2027 2436 uno
2060 2397 2210 2446 modo
2236 2398 2467 2436 secundum
2490 2398 2598 2489 qim
2626 2418 2629 2421 Δ

1528 2461 1723 2502 ponuntur
1749 2454 1906 2491 virtutes
1934 2452 2206 2490 intellectuales
2234 2463 2255 2488 a
2278 2445 2595 2501 Philosophoiffi

1529 2507 1581 2544 Vl
1599 2506 1759 2544 Ethicst*
1765 2520 1772 2546 ;
1798 2506 1872 2543 alio
1891 2506 2024 2554 modo,
2046 2505 2258 2544 secundum
2277 2505 2388 2555 quod
2395 2510 2598 2554 ponuntur

1529 2560 1632 2597 dona
1661 2559 1820 2609 Spiritus
1850 2559 1990 2598 Sancti.
2026 2559 2158 2596 Primo
2185 2559 2296 2610 igitur
2313 2558 2447 2608 modo,
2467 2558 2595 2596 dicens·

1530 2614 1624 2650 dum
1645 2621 1700 2651 est
1727 2614 1831 2662 quod
1858 2612 2042 2650 certitudo
2071 2618 2201 2662 potest
2214 2587 2447 2649 considerari
2475 2610 2597 2660 dupii-

1529 2667 1630 2703 citer.
1669 2667 1757 2704 Uno
1786 2668 1928 2712 modo,
1968 2677 2012 2702 ex
2042 2677 2157 2703 causa
2185 2664 2436 2702 certitudinis.
2474 2671 2512 2702 et
2542 2664 2596 2701 sie

1529 2719 1665 2756 dicitur
1692 2731 1775 2756 esse
1804 2718 1941 2756 certius
1961 2719 2053 2756 illud
2071 2723 2090 2740 ²
2116 2718 2224 2767 quod
2248 2717 2596 2755 habercertiorem

1529 2783 1698 2809 causam.
1738 2773 1787 2809 Et
1813 2772 1888 2808 hoc
1919 2771 2040 2808 modo
2076 2770 2174 2808 fides
2212 2777 2268 2808 est
2304 2770 2452 2808 certior-v
2475 2769 2595 2808 tribus

1528 2825 1754 2874 praedictis:
1789 2824 1879 2873 quia
1915 2825 2012 2862 fides
2039 2824 2209 2862 innititur
2234 2823 2383 2863 veritati
2420 2823 2594 2870 divinae,

1527 2879 1597 2916 tria
1626 2885 1755 2916 autem
1780 2877 1972 2927 praedicta
2001 2877 2210 2915 innituntur
2227 2876 2362 2914 rationi
2389 2876 2594 2914 humanus.

1528 2932 1614 2969 Alio
1643 2931 1765 2969 modo
1791 2938 1917 2981 potest
1945 2930 2177 2969 considerari
2201 2929 2390 2968 certitudo
2415 2937 2462 2966 ex
2489 2931 2595 2979 parte

1529 2985 1709 3022 subiecti:
1739 2992 1775 3022 et
1802 2985 1856 3022 sic
1884 2984 2020 3022 dicitur
2047 2997 2130 3022 esse
2149 2983 2286 3022 certius
2313 2983 2420 3032 quod
2448 2981 2595 3032 'plenius

1529 3038 1775 3088 consequitur
1793 3038 2001 3076 intellectus
2021 3037 2198 3075 hominis.
2228 3037 2278 3075 Et
2304 3047 2374 3085 per
2390 3035 2493 3073 hunc
2512 3043 2596 3072 mo*—

1531 3092 1645 3139 dum,
1679 3091 1768 3141 quia
1797 3103 1843 3130 ea
1869 3103 1968 3140 quae
1997 3098 2084 3128 sunt
2111 3090 2212 3128 fidei·
2229 3096 2317 3127 aunt
2344 3099 2465 3138 surpra
2488 3088 2596 3126 intel·—

1529 3146 1671 3182 lectum
1689 3145 1866 3191 hominis,
1883 3156 1962 3181 non
1977 3151 2104 3181 autem
2122 3155 2167 3180 ea
2182 3150 2281 3192 quae
2295 3143 2461 3180 subsunt
2474 3141 2594 3178 trihus

1529 3198 1742 3247 praedicti-s,
1758 3198 1846 3235 ideo
1867 3210 1914 3234 ex
1930 3199 2003 3235 hac
2022 3203 2127 3246 parte
2146 3197 2245 3235 fides
2263 3203 2319 3234 est
2337 3195 2464 3232 minus
2479 3198 2592 3232 cerff:

1530 3251 1611 3288 Sed
1626 3251 1717 3301 quia
1735 3251 2042 3300 unumquodque
2062 3250 2253 3287 iudicatur
2266 3247 2487 3298 simpliciter
2510 3246 2594 3295 qu*-

1530 3305 1618 3342 dem
1647 3305 1860 3342 secundum
1890 3316 2044 3341 causam
2073 3315 2202 3348 suam;
2231 3301 2444 3340 secundum
2464 3307 2592 3338 autem

1529 3358 1819 3407 dispositionem
1849 3369 1947 3407 quae
1977 3364 2033 3394 est
2061 3368 2106 3394 ex
2133 3353 2422 3407 partesssubiecti
2454 3351 2471 3383 θ
2497 3351 2593 3390 iudi·
2623 3379 2625 3381 -

1571 3506 1608 3540 ·1³)
1627 3507 1745 3532 subrecti.
1764 3521 1782 3526 -
1800 3506 1895 3532 obtecti
1913 3506 2073 3540 AEFHpB.‹

2623 2516 2722 2571 ζιῗῖᾱῖῗ
2728 2516 2835 2571 33:⁶3

2623 2559 2675 2592 leet.
2686 2575 2712 2597 ιι,
2727 2574 2764 2592 m.
