2892 4056
97 1603 234 1626 ’Vun-

94 1911 241 1941 &vd-1157·

101 2129 114 2141 ⁶
125 2127 194 2150 Vm.
207 2134 230 2150 2.

104 2499 114 2510 ·
127 2497 195 2520 Vm·
209 2504 224 2527 9
238 2503 292 2526 ης.

103 2560 115 2572 ⁴
129 2559 196 2582 Vere.
211 2560 234 2582 8.

104 2655 172 2703 ἒξ
178 2661 241 2704 “a
248 2658 313 2703 ἣτ’

105 2707 124 2735 1,
134 2713 175 2735 qu.
183 2713 230 2734 xvi,
240 2711 283 2730 ut.
294 2713 315 2735 1;

106 2739 146 2762 qu.
152 2739 239 2762 imni,
246 2738 288 2757 ιη.
293 2740 315 2763 3.

973 144 1239 192 QUAESTIO
1268 143 1426 190 XXVII,
1456 141 1752 179 ARTICULUS
1782 141 1834 178 IV

324 224 477 274 plariter
496 223 625 260 omnia
653 223 755 260 bona
784 231 870 260 sunt
888 223 920 260 *.
950 224 1088 271 Neque
1116 223 1250 259 iterum
1281 221 1314 258 ei
1334 222 1381 258 ab

326 278 443 314 altero
472 276 620 313 bonitas
648 276 762 323 inest,
798 276 865 313 sed
893 277 941 313 ab
969 276 1053 324 ipso
1082 275 1262 312 omnibus
1291 274 1381 311 aliis.

327 330 405 367 Sed
432 336 567 377 quarto
599 329 718 365 modo
753 336 878 377 potest
910 329 1011 376 diligi
1037 336 1192 377 propter
1223 327 1325 364 aliud
1343 327 1379 363 *τ

2412 149 2487 187 227

1436 233 1500 257 sae
1529 220 1695 257 formalis
1722 220 1784 256 vel
1812 219 1935 256 finalis
1962 219 2024 254 vel
2062 217 2278 254 efficientis:
2308 217 2376 254 sed
2404 216 2492 265 quia

1435 286 1504 322 per
1522 273 1596 309 hoc
1615 274 1735 309 homo
1765 272 1976 321 disponitur
1995 271 2042 308 ad
2062 271 2270 308 amandum
2290 269 2492 317 incognita.

1488 327 1547 362 An
1574 337 1765 362 SECUNDUM
1793 336 1977 362 monimum
2005 323 2111 372 quod
2140 323 2303 371 cognitio
2332 323 2405 359 Dei
2434 334 2495 358 ac-

326 382 417 430 quia
443 381 583 418 scilicet
601 393 647 418 ex
666 381 852 430 aliquibus
880 381 961 418 aliis
989 381 1225 429 disponimur
1243 380 1291 417 ad
1310 381 1384 416 hoc
1436 378 1595 427 quiritur
1631 378 1787 426 quidem
1824 390 1893 427 per
1929 377 2024 436 alia:
2069 376 2136 413 sed
2172 383 2377 436 postquam
2418 375 2495 411 iam

326 434 432 484 quod
464 434 502 470 in
530 434 602 470 Dei
634 434 835 471 dilectione
852 432 866 456 ὅ
884 434 1152 482 proficiamus,
1190 440 1281 481 puta
1316 443 1386 481 per
1438 430 1696 479 cognoscitur,
1736 442 1812 466 non
1841 442 1910 479 per
1937 431 2008 467 aha
2037 435 2296 477 cognoscitur,
2333 427 2400 465 sed
2429 439 2498 476 per

326 486 514 524 beneficia
532 487 580 523 ab
605 499 652 523 eo
677 494 862 536 suscepta,
882 486 945 522 vel
965 485 1078 522 etiam
1097 491 1110 506 ⁸
1129 497 1197 534 per
1215 485 1386 534 praemia
1438 483 1623 532 seipsum;
1644 483 1855 519 secundum
1874 482 1965 519 illud
1986 484 2089 519 Ioan.
2111 481 2190 519 1v*.
2207 483 2293 518 Iam
2317 493 2391 518 non
2406 492 2497 528 pro·
2525 486 2534 495 ·
2549 486 2615 507 Vers·
2630 492 2666 512 ⁴2-

326 546 496 588 sperata,
533 540 595 575 vel
622 552 692 588 per
718 551 864 588 poenas
892 550 988 586 quas
1015 550 1084 587 per
1111 538 1237 586 ipsum
1266 538 1385 574 vitare
1432 542 1520 585 pter
1537 542 1640 572 tuam
1661 536 1846 583 loquelam
1867 536 2070 572 credimus.-
2089 535 2160 583 ipsi
2177 535 2275 571 enim
2294 534 2454 571 vidimus
2473 531 2497 579 ⁶,

326 591 571 629 intendimus.

379 646 439 681 An
458 656 596 681 ptumum
614 655 712 681 ERGO
727 655 912 681 melianum
931 642 1035 691 quod
1055 654 1105 679 ex
1123 643 1180 679 his
1194 654 1292 691 quae
1305 643 1387 679 ani-

1439 595 1477 626 et
1499 590 1638 626 scimus
1665 589 1752 637 quia
1780 589 1840 625 hic
1868 595 1921 625 est
1945 600 2035 625 vere
2062 588 2237 625 Salvator
2257 587 2400 624 mundi.

1492 643 1552 678 An
1580 653 1739 679 TERTmM
1768 653 1952 678 D1CENDUM
1981 642 2083 688 quod
2114 653 2200 689 spes
2229 648 2264 677 et
2291 640 2406 676 timor
2433 639 2500 675 du-

1441 747 1608 794 iusdam,
1637 755 1678 783 ut
1706 759 1751 783 ex
1778 746 2001 796 supradictis
2020 746 2040 768 '¹‘
2058 753 2171 795 patet.

327 749 401 786 sint
415 750 509 787 ratio
530 749 707 798 diligendi
726 749 808 798 ipsa
821 748 1012 795 incognita
1030 760 1099 796 per
1118 748 1279 785 modum
1301 760 1388 784 cau-

381 879 406 912 a)
425 880 573 907 dilectioize.
590 893 610 900 -
624 865 794 904 *aitectfmm
811 877 1076 910 ABCDEFHIKpr.

383 916 407 948 ι)
424 916 516 941 etiam
533 928 553 935 -
570 915 632 940 Om.
643 914 772 939 ¹PDILna.

1495 877 1520 910 ζ)
1540 877 1665 902 vidimus.
1682 890 1701 895 -
1718 877 1838 902 videmus
1857 877 1890 908 G,
1908 877 2060 903 audivimus
2078 877 2107 902 P.

1045 1016 1053 1019 s
1107 1051 1423 1093 ARTICULUS
1453 1050 1728 1102 QUARTUS

818 1144 975 1176 UTRUM
997 1143 1110 1176 DEUS
1134 1143 1176 1174 IN
1199 1143 1290 1174 HAC
1314 1143 1420 1174 VITA
1442 1143 1590 1174 POSSIT
1614 1143 1859 1174 IMMEDIATE
1883 1144 2020 1174 AMARI

535 1234 537 1236 -
594 1247 595 1251 Ἰ
633 1216 666 1241 111
684 1216 768 1244 seut„
787 1215 847 1241 dist.
865 1222 941 1244 xxvn.
959 1222 1005 1248 qu.
1022 1222 1061 1246 111,
1080 1219 1128 1240 art.
1150 1222 1177 1246 1;
1197 1215 1239 1239 De
1256 1213 1346 1243 Ver-it„
1365 1221 1411 1247 qu.
1428 1221 1452 1245 x,
1471 1217 1519 1239 art.
1543 1221 1582 1244 ιι,
1602 1214 1634 1238 ad
1652 1212 1682 1244 6;
1702 1213 1744 1238 De
1761 1213 1867 1244 Virmn,
1886 1222 1932 1246 qu.
1950 1221 1978 1245 n,
1997 1220 2044 1240 art.
2065 1222 2088 1246 2,
2108 1215 2140 1240 nd
2162 1222 2202 1240 ιι.

451 1295 459 1309 ι
473 1305 505 1325 12,-
553 1295 561 1311 ἡ
578 1288 757 1320 Qum-nm
776 1289 830 1314 src
849 1288 1090 1314 rnocnnrrua.
1110 1276 1271 1314 Videtur
1288 1277 1394 1326 quod

379 1325 452 1375 '¹712
469 1311 520 1371 J
542 1332 652 1368 Deus
669 1331 708 1367 in
725 1331 799 1367 hac
815 1330 894 1367 vita
922 1340 1002 1366 non
1028 1330 1148 1378 possit
1174 1330 1394 1367 immediate

388 1372 392 1381 ¹
419 1378 456 1405 Τ
486 1366 517 1421 '¹6
532 1378 679 1421 amari.
706 1383 908 1432 Incognita
937 1383 1039 1419 enirn
1059 1383 1187 1420 amari
1209 1395 1283 1419 non
1307 1394 1395 1430 pos-

329 1458 356 1469 .
398 1428 461 1458 «’”’
485 1448 489 1457 ¹
507 1426 533 1464 χ»
565 1441 659 1480 unt;=
679 1443 722 1472 ut
739 1435 975 1483 Augustinus
994 1435 1099 1482 dicit,
1124 1437 1159 1472 X
1187 1436 1234 1471 de
1256 1436 1359 1472 Trin.
1375 1434 1396 1456 '⁸‘

326 1489 415 1526 Sed
439 1488 568 1526 Deum
596 1499 676 1524 non
706 1488 974 1536 cognoscimus
1007 1488 1228 1525 immediate
1256 1487 1295 1524 in
1324 1488 1396 1524 hac

327 1541 551 1589 nitarquia
577 1537 747 1578 videmus
773 1552 874 1577 nunc
894 1552 968 1590 per
993 1541 1185 1590 speculum
1208 1541 1246 1577 in
1266 1541 1397 1590 aenig-

327 1600 504 1640 mata-ut
521 1593 656 1630 dicitur
675 1595 689 1630 1
708 1593 760 1630 ad
782 1594 870 1631 Cor.
884 1594 991 1631 x111*.
1012 1595 1116 1642 Ergo
1134 1605 1261 1642 neque
1281 1593 1395 1629 etiam

326 1658 425 1684 eum
444 1646 674 1683 ··immediate
702 1657 890 1683 amamus.

328 1724 346 1733 ,-
375 1711 425 1736 .2.
445 1700 679 1746 Puni-mx,
709 1699 774 1747 qui
802 1711 881 1736 non
908 1707 1035 1749 potest
1057 1701 1161 1749 quod
1190 1699 1319 1736 minus
1343 1706 1399 1735 est

334 1764 414 1790 non
432 1761 558 1801 potest
581 1754 686 1801 quod
709 1752 834 1789 maius
853 1760 920 1789 est.
952 1753 1029 1790 Sed
1048 1754 1172 1790 maius
1192 1761 1248 1789 est
1266 1764 1396 1789 amare

334 1806 603 1854 Deum-quam
626 1817 859 1853 cognoscere
877 1805 1026 1854 ipsum:
1054 1807 1122 1854 qui
1142 1807 1240 1843 enim
1260 1805 1398 1842 adhae-

330 1859 497 1896 retDw
513 1869 583 1907 per
600 1870 776 1895 amorem
805 1870 902 1895 unus
932 1859 1083 1907 spiritus
1105 1871 1191 1896 cum
1217 1858 1279 1895 illo
1295 1860 1349 1907 fit
1367 1863 1396 1904 ¹²,

333 1918 378 1948 ut
405 1910 543 1948 dicitiu-
569 1909 584 1948 I
613 1912 666 1948 ad
688 1912 775 1948 Cor.
795 1922 831 1948 vi
847 1911 882 1948 *.
912 1912 990 1949 Sed
1018 1913 1139 1949 homo
1167 1924 1246 1949 non
1273 1919 1398 1960 potest

337 1964 465 2000 Deum
484 1976 716 2012 cognoscere
734 1964 966 2002 immediate.
996 1966 1098 2013 Ergo
1127 1966 1247 2002 multo
1271 1965 1399 2001 minus

338 2028 482 2053 amare.

393 2070 428 2106 3.
458 2070 700 2116 Pium-nm,
743 2070 862 2107 homo
897 2083 920 2107 a
951 2071 1036 2108 Deo
1075 2070 1297 2119 disiungitur
1329 2083 1401 2119 per

337 2129 562 2170 peccatum:
596 2125 808 2159 secundum
841 2123 933 2160 illud
963 2123 1080 2160 Isaiae
1100 2136 1157 2160 ιιι(
1177 2123 1213 2160 *z
1241 2123 1400 2160 Peccata

337 2181 462 2212 vestra
480 2175 687 2211 diviserunt
713 2176 809 2212 inter
826 2187 893 2212 vos
912 2182 949 2212 et
972 2177 1098 2214 Deum
1115 2183 1293 2214 vestrum.
1323 2178 1400 2215 Sed

334 2235 539 2318 peccatum
569 2227 689 2276 magis
704 2236 773 2271 est
801 2229 839 2265 in
857 2229 1200 2281 voluntate-quam
1228 2230 1267 2267 in
1294 2230 1401 2267 intel-

338 2333 561 2370 immediate
580 2337 697 2382 quam
717 2333 938 2371 immediate
959 2347 1046 2372 eum
1068 2334 1082 2364 β
1102 2347 1346 2383 cognoscere.

395 2386 470 2423 SED
499 2397 647 2423 CONTRA
674 2397 740 2423 EST
772 2387 879 2434 quod
907 2387 1070 2435 cognitio
1098 2388 1192 2435 Dei,
1229 2389 1319 2437 quia
1348 2397 1404 2426 est

341 2438 520 2485 mediata,
540 2438 676 2476 dicitur
702 2439 962 2487 aenigmatica,
989 2447 1026 2476 et
1054 2448 1261 2477 evacuatur
1280 2441 1318 2478 in
1336 2453 1403 2491 pa—

339 2491 429 2528 tria:
459 2499 500 2528 ut
526 2499 630 2539 patet
659 2493 672 2528 I
701 2492 753 2528 ad
783 2493 870 2528 Cor.
890 2492 1001 2528 x111*.
1032 2493 1109 2529 Sed
1137 2494 1274 2530 caritas
1291 2498 1307 2521 'f
1327 2505 1401 2530 non

341 2550 560 2590 evacuatur,
584 2551 626 2580 ut
644 2544 778 2582 dicitur
797 2546 812 2582 I
831 2545 883 2582 ad
905 2546 991 2582 Cor.
1011 2557 1072 2597 xm
1087 2545 1118 2583 *.
1148 2546 1250 2594 Ergo
1270 2546 1403 2584 caritas

340 2597 427 2634 viae
454 2597 673 2634 immediate
701 2598 787 2634 Deo
817 2597 1008 2634 adhaeret.

395 2651 622 2687 Responnsso
639 2661 825 2687 Dior-:unum
844 2650 962 2698 quod,
983 2651 1079 2687 sicut
1098 2663 1211 2700 supra
1224 2651 1245 2673 '¹‘
1260 2651 1401 2688 dictum

339 2711 418 2751 est,
457 2710 563 2740 actus
595 2703 807 2752 cognitivae
835 2703 982 2740 virtutis
1009 2704 1202 2752 perficitur
1233 2716 1302 2752 per
1329 2705 1404 2742 hoc

343 2756 449 2805 quod
477 2755 671 2805 cognitum
701 2763 756 2793 est
781 2756 820 2793 in
849 2765 1122 2805 cognoscente:
1151 2765 1256 2794 actus
1275 2765 1403 2795 autem

341 2809 490 2846 virtutis
519 2809 746 2858 appetitivae
773 2809 969 2858 perficitur
1003 2822 1074 2859 per
1104 2810 1180 2847 hoc
1207 2810 1312 2859 quod
1341 2823 1405 2860 ap-

342 2862 480 2911 petitus
499 2861 698 2899 inclinatur
716 2861 756 2899 in
775 2874 858 2899 rem
876 2862 1000 2911 ipsam
1018 2861 1049 2900 ²³.
1079 2863 1128 2900 Et
1146 2862 1233 2899 ideo
1255 2871 1406 2911 oportet

345 2914 451 2964 quod
469 2922 598 2961 motus
622 2914 851 2964 appetitivae
869 2915 1016 2952 virtutis
1035 2915 1081 2952 sit
1103 2915 1141 2952 in
1160 2928 1220 2953 res
1235 2913 1252 2964 ,δ
1272 2929 1405 2956 secun-

345 2966 439 3005 dum
468 2966 726 3011 conditionem
755 2967 924 3016 ipsarum
953 2981 1103 3006 rerum:
1141 2976 1247 3006 actus
1274 2976 1402 3008 autem

345 3019 559 3066 cognitivae
577 3017 726 3056 virtutis
754 3028 810 3058 est
837 3021 1050 3068 secundum
1076 3021 1240 3058 modum
1264 3034 1404 3070 cogno-

346 3072 493 3109 scentis.
527 3072 597 3110 Est
623 3079 752 3110 autem
780 3072 862 3123 ipse
890 3074 986 3111 ordo
1016 3086 1142 3111 rerum
1160 3074 1243 3111 talis
1269 3087 1403 3112 secun-

347 3125 439 3162 dum
465 3136 506 3162 se
533 3124 640 3174 qu'od
666 3125 773 3162 Deus
802 3133 857 3163 est
882 3134 1039 3175 propter
1066 3127 1235 3175 seipsum
1264 3139 1404 3176 cogno-

400 3247 427 3315 ὦ)
440 3248 688 3308 'ifissmedizttepeum
706 3296 725 3302 -
743 3290 801 3307 eum
821 3283 973 3309 immediate
995 3285 1035 3309 ed.
1052 3292 1077 3314 a,
1098 3286 1183 3310 Deum
1207 3286 1358 3312 immediate
1377 3287 1405 3312 P.

399 3318 426 3350 γ)
445 3319 555 3344 caritas.
573 3332 591 3337 -
610 3318 668 3343 viae
687 3319 784 3343 addunt
802 3319 839 3343 Pa
845 3326 854 3347 ‚¹
872 3327 920 3351 pro
940 3319 1038 3344 dicitur
1058 3321 1074 3344 I
1083 3321 1120 3345 ad
1141 3321 1201 3346 Cor.
1215 3321 1293 3351 XIII,
1309 3322 1404 3347 ibidem

347 3353 447 3378 dicitur
466 3353 538 3384 PLa;
557 3354 629 3378 sed...
651 3354 712 3378 Cor.
730 3354 805 3378 XIII
819 3362 873 3379 om.
892 3354 933 3379 EI.
1072 3356 1077 3362 ¹

1444 1275 1584 1312 scibilis
1605 1283 1641 1312 et
1659 1276 1847 1324 diligibilis
1865 1282 1890 1324 ι,
1919 1284 2052 1326 utpote
2082 1277 2327 1314 essentialiter
2346 1277 2508 1314 existens

1446 1328 1528 1376 ipsa
1555 1329 1695 1365 veritas
1716 1337 1752 1365 et
1770 1329 1932 1376 bonitas,
1961 1343 2030 1379 per
2057 1342 2173 1379 quam
2203 1331 2275 1367 alia
2304 1338 2341 1367 et
2369 1342 2509 1379 cogno-

1446 1387 1602 1417 scuntur
1623 1388 1659 1417 et
1677 1389 1865 1419 amantur.
1896 1383 1972 1420 Sed
2002 1384 2132 1432 quoad
2160 1396 2243 1430 nos,
2265 1383 2355 1432 quia
2379 1391 2509 1420 nostra

1448 1433 1613 1481 cognitio
1643 1446 1664 1470 a
1693 1445 1807 1470 sensu
1840 1442 1967 1471 ortum
1996 1436 2111 1472 habet
2129 1435 2160 1483 ζ,
2196 1436 2301 1485 prius
2334 1445 2420 1473 sunt
2447 1448 2510 1473 co-

1448 1485 1670 1533 gnoscibilia
1690 1498 1789 1533 quae
1813 1495 1900 1523 sunt
1923 1488 2050 1524 sensui
2077 1489 2371 1538 propinquiora;
2402 1497 2437 1526 et
2455 1489 2510 1525 ul-

1447 1538 1563 1575 timus
1582 1543 1602 1566 Ἰ
1620 1539 1805 1576 terminus
1839 1540 2063 1588 cognitionis
2098 1549 2153 1578 est
2179 1541 2218 1578 in
2247 1554 2293 1578 eo
2322 1542 2427 1591 quod
2457 1549 2512 1578 est

1448 1591 1613 1628 maxime
1643 1603 1665 1628 a
1693 1604 1807 1628 sensu
1836 1601 2040 1630 remotum.
2075 1595 2296 1632 Secundum
2326 1596 2403 1632 hoc
2420 1607 2510 1643 ergo

1449 1644 1656 1682 dIcendum
1677 1653 1733 1682 est
1752 1645 1857 1693 quod
1879 1646 2041 1693 dilectio,
2071 1660 2170 1696 quae
2200 1656 2255 1684 est
2281 1648 2511 1697 appetitivae

1448 1697 1596 1734 virtutis
1620 1705 1738 1745 actus,
1760 1699 1873 1736 etiam
1897 1699 1935 1736 in
1956 1707 2053 1736 statu
2071 1701 2156 1737 viae
2181 1701 2299 1738 tendit
2325 1701 2364 1738 in
2382 1702 2510 1738 Deum

1449 1751 1589 1799 primo,
1611 1758 1647 1788 et
1667 1763 1711 1788 ex
1731 1752 1814 1800 ipso
1835 1752 2028 1789 derivatur
2051 1754 2099 1790 ad
2124 1754 2215 1791 alia:
2246 1762 2282 1791 et
2301 1755 2511 1791 secundum

1449 1805 1524 1840 hoc
1566 1805 1698 1841 caritas
1733 1806 1860 1841 Deum
1893 1805 2113 1843 immediate
2142 1807 2278 1855 diligit,
2313 1807 2385 1844 alia
2415 1819 2510 1844 vero

1451 1857 1642 1894 mediante
1661 1859 1759 1894 Deo.
1781 1859 1823 1894 In
1844 1859 2058 1906 cognitione
2075 1871 2171 1896 vero
2192 1868 2247 1896 est
2267 1872 2286 1896 e
2307 1873 2510 1897 converso:

1451 1911 1540 1959 quia
1567 1909 1708 1947 scilicet
1734 1922 1804 1959 per
1831 1911 1902 1948 alia
1930 1913 2057 1949 Deum
2090 1913 2378 1960 cognoscimus,
2416 1914 2513 1950 sicut

1452 1974 1607 2000 causam
1627 1975 1696 2011 per
1716 1963 1885 2011 effectus,
1905 1965 1968 2001 vel
1995 1977 2064 2013 per
2092 1967 2253 2003 modurn
2283 1967 2511 2004 eminentiae

1451 2025 1516 2053 aut
1534 2017 1765 2064 negationis,
1796 2025 1836 2054 ut
1855 2026 1958 2066 patet
1985 2031 2054 2066 per
2081 2019 2324 2067 Dionysium,
2354 2020 2392 2056 in
2417 2021 2512 2057 libro

1453 2070 1499 2106 de
1525 2070 1612 2106 Div.
1643 2070 1760 2107 Nom.
1780 2070 1800 2091 '¹‘

1506 2124 1564 2159 AD
1597 2135 1734 2159 PRIMUM
1767 2135 1865 2160 ERGO
1898 2135 2082 2162 DICENDUM
2110 2126 2214 2173 quod
2250 2126 2427 2173 quamvis
2459 2127 2514 2162 in—

1453 2176 1602 2223 cognita
1629 2176 1749 2212 amari
1785 2188 1864 2212 non
1897 2177 2062 2224 possint,
2101 2185 2231 2214 tamen
2259 2191 2337 2215 non
2366 2187 2516 2228 oportet

1427 2264 1428 2276 ¹
1454 2229 1560 2277 quod
1575 2229 1620 2265 sit
1633 2229 1734 2265 idem
1754 2229 1849 2266 ordo
1871 2230 2095 2277 cognitionis
2115 2239 2150 2267 et
2171 2231 2391 2269 dilectionis.
2412 2234 2515 2270 Nam

354 2281 458 2317 ectu?
489 2280 592 2328 Ergo
620 2278 746 2326 minus
781 2289 907 2330 potest
931 2282 1059 2319 homo:
1081 2283 1209 2320 Deum
1248 2283 1401 2331 diligere
1427 2281 1428 2300 ³

1455 2281 1604 2320 dilectio
1633 2289 1690 2319 est
1708 2282 1933 2330 cognitionis
1961 2283 2157 2321 terminus.
2187 2285 2237 2320 Et
2255 2284 2342 2321 ideo
2365 2285 2432 2322 ubi
2453 2286 2517 2322 de-

1455 2335 1542 2372 sinit
1570 2334 1747 2382 cognitio,
1768 2335 1908 2373 scilicet
1935 2335 1973 2372 in
2001 2336 2084 2384 ipsa
2112 2349 2151 2373 re
2180 2349 2279 2385 quae
2306 2350 2376 2386 per
2403 2339 2514 2376 aliam

1455 2388 1708 2436 cognoscitur,
1727 2388 1779 2425 ibi
1798 2389 1923 2426 statim
1944 2389 2093 2426 dilectio
2114 2390 2281 2438 incipere
2300 2399 2436 2439 potest.

1508 2442 1567 2479 AD
1592 2452 1782 2481 SECUNDUM
1806 2453 1990 2479 memnon
2019 2443 2124 2490 quod
2148 2443 2236 2491 quia
2265 2444 2416 2481 dilectio
2445 2445 2517 2481 Dei

1446 2490 1662 2530 'est'maius
1691 2493 1834 2541 aliquid
1863 2507 1979 2543 quarn
2014 2495 2094 2531 eius
2126 2496 2311 2544 cognitio,
2351 2498 2516 2534 maxime

1455 2546 1668 2583 secundum
1688 2553 1826 2583 statum
1846 2547 1943 2594 viae,
1968 2547 2059 2586 ideo
2087 2550 2362 2597 praesupponit
2380 2550 2515 2598 ipsam.

1456 2599 1506 2635 Et
1533 2598 1622 2647 quia
1651 2598 1814 2646 cognitio
1851 2612 1929 2636 non
1958 2600 2117 2647 quiescit
2152 2601 2191 2638 in
2220 2603 2334 2639 rebus
2363 2604 2514 2650 creatis,

1457 2651 1525 2689 sed
1543 2664 1612 2700 per
1631 2663 1696 2688 eas
1722 2652 1761 2688 in
1789 2652 1890 2689 aliud
1915 2653 2045 2700 tendit,
2065 2653 2103 2690 in
2122 2654 2185 2690 illo
2207 2655 2355 2692 dilectio
2375 2656 2515 2705 incipit,

1456 2713 1493 2741 et
1510 2717 1581 2753 per
1606 2705 1683 2741 hoc
1706 2704 1753 2741 ad
1782 2705 1854 2742 alia
1883 2706 2086 2753 derivatur,
2107 2719 2176 2754 per
2202 2709 2364 2745 modum
2393 2709 2515 2746 cuius-

1456 2758 1546 2795 dam
1566 2757 1836 2795 circulationis:
1867 2760 1961 2796 dum
1981 2759 2156 2807 cognitio,
2179 2773 2202 2797 a
2222 2761 2402 2798 creaturis
2426 2762 2515 2799 inci-

1455 2810 1576 2860 piens,
1591 2810 1710 2848 tendit
1729 2810 1767 2847 in
1786 2812 1932 2858 Deum;
1953 2819 1990 2848 et
2008 2812 2171 2860 dilectio,
2186 2825 2209 2850 a
2227 2815 2313 2851 Deo
2333 2814 2516 2864 incipiens

1457 2863 1554 2901 sicut
1584 2864 1632 2900 ab
1661 2863 1794 2901 ultimo
1822 2864 1920 2911 fine,
1955 2864 2003 2902 ad
2032 2874 2221 2903 creaturas
2248 2867 2452 2905 derivatur.

1509 2918 1568 2954 An
1596 2929 1755 2954 ‘reanum
1783 2929 1968 2955 memnon
1997 2919 2102 2966 quod
2130 2931 2199 2967 per
2227 2920 2420 2958 caritatem
2449 2922 2517 2958 tol-

1455 2969 1540 3006 litur
1562 2970 1711 3007 aversio
1732 2982 1754 3006 a
1773 2971 1858 3006 Deo
1887 2982 1986 3018 quae
2014 2979 2069 3008 est
2096 2984 2165 3020 per
2191 2974 2408 3021 peccatum;
2438 2987 2516 3012 non

1457 3030 1584 3059 autem
1622 3035 1690 3071 per
1726 3023 1846 3060 solam
1885 3024 2152 3071 cognitionem.
2190 3026 2239 3062 Et
2267 3026 2354 3063 ideo
2384 3028 2517 3064 caritas

2621 532 2636 560 ζ

315 709 411 734 ‚mus
425 699 529 734 novit
540 698 648 734 discit
659 697 851 746 incognita
865 707 1010 740 amare,
1026 707 1104 732 non
1119 696 1224 743 quod
1240 695 1388 743 cognita
1440 702 1531 731 cunt
1557 695 1607 731 ad
1636 694 1828 731 caritatem
1857 707 1928 743 per
1954 694 2116 730 modum
2152 693 2408 742 dispositionis
2437 703 2500 728 cu·
2527 707 2583 728 ·1n
2604 712 2710 734 corpore.
2726 716 2737 721 -

2527 733 2563 755 cf.
2575 739 2613 760 qu.
2623 739 2680 758 xvu,
2694 736 2735 754 art.

2528 760 2552 786 8;
2561 766 2600 788 qu.
2608 765 2656 786 xix,
2665 762 2707 780 art.
2716 765 2737 786 7.

2541 2073 2645 2121 ¹022?th
2657 2084 2665 2088 -
2677 2072 2752 2094 *Th*

1457 3083 1513 3112 est
1534 3088 1645 3123 quae,
1667 3075 1869 3123 diligendo,
1889 3076 2056 3114 animam
2082 3078 2302 3116 immediate
2321 3081 2406 3117 Deo
2427 3093 2516 3118 con—
2567 3106 2571 3111 -

1456 3128 1575 3177 iungit
1602 3129 1802 3177 spiritualis
1828 3129 1981 3167 vinculo
2010 3131 2172 3168 unionis.

1514 3252 1538 3285 ὃ)
1558 3260 1608 3278 res.
1619 3266 1639 3272 —
1650 3254 1727 3278 rebus
1740 3254 1790 3284 Ha,
1804 3261 1835 3279 re
1851 3254 1880 3279 P.
1891 3267 1911 3273 —
1921 3254 1970 3280 Pro
1988 3255 2174 3285 conditionem,
2188 3256 2365 3288 cognitionem
2379 3257 2517 3282 PBEFHa.

1513 3288 1535 3320 ι)
1555 3293 1581 3312 er
1599 3288 1745 3321 diligibilis.
1762 3302 1781 3307 -
1799 3289 1860 3314 Om.
1878 3290 2127 3323 ABCDEFGHLpK
2147 3297 2172 3316 et
2190 3299 2234 3322 xa,
2253 3295 2280 3316 et
2296 3292 2417 3317 amabilis
2436 3292 2454 3317 1.

1513 3322 1537 3355 ζ)
1557 3326 1645 3351 ortum
1665 3324 1750 3349 habet.
1769 3337 1787 3343 -
1806 3324 1900 3356 incipit
1918 3326 1949 3350 Α.

1510 3359 1537 3390 η)
1558 3359 1673 3384 ultimus.
1692 3373 1710 3378 -
1729 3360 1839 3385 ulterius
1858 3361 2104 3393 PABEFGILszC
2124 3367 2148 3386 et
2166 3369 2210 3386 xa.
