2892 4056
176 425 187 436 ⁸
201 425 229 448 D.
244 431 299 454 ¹179.

164 540 173 548 ·
188 538 245 565 Cap.
260 544 301 559 xri.

164 852 173 862 ⁸
182 851 266 877 Cap.v‚
274 857 332 872 vers.
343 856 374 877 19.

165 914 174 922 ⁸
187 912 230 939 Op.
241 912 335 939 Impers.
349 912 372 932 in

165 938 263 964 Matth.‚
292 938 371 959 homil.

164 965 191 986 X·
208 976 217 981 ·
233 965 295 985 Inter
310 964 371 991 Opp.

164 991 283 1018 Chrysost.

186 3441 196 3450 ⁴
212 3440 259 3467 Qu.
276 3445 368 3464 uxxn,

187 3470 228 3487 art.
243 3472 263 3493 3.

400 259 446 295 27
453 249 474 283 8

400 324 477 361 Sed
505 323 693 372 optimum
727 336 860 360 eorum
889 334 987 370 quae
1023 321 1196 370 proximo
1231 321 1456 358 exhibemus

400 384 455 413 est
483 389 612 413 arnor:
651 376 780 413 omnia
814 375 915 411 enim
952 374 1022 411 alia
1054 374 1103 410 ad
1132 373 1371 410 dilectionem
1401 387 1457 411 re-

400 430 579 466 feruntur.
627 430 728 476 Ergo
758 435 793 464 et
819 427 1029 476 pessimum
1059 434 1113 462 est
1142 426 1273 463 odium
1293 426 1324 463 ⁹⁸.

455 483 528 519 SED
558 493 721 527 CONTRA,
752 482 894 516 malum
926 479 1059 516 dicitur
1086 480 1186 527 quod
1204 477 1219 508 β
1247 484 1373 523 nocet‚·
1402 490 1458 515 se·
1484 479 1485 526 ᾗ
1513 478 1591 536 eius
1611 479 1675 526 qui
1699 485 1851 525 peccat;
1880 477 1953 514 alio
1984 477 2115 525 modo,
2146 490 2191 514 ex
2215 488 2448 517 nocumento
2469 480 2576 528 quod

402 535 569 571 cundum
607 533 880 580 Augusfinum,
919 532 956 568 in
992 531 1184 568 Enchirid.
1204 530 1225 552 ’¹‘
1262 531 1339 568 Sed
1374 532 1458 580 plus

401 587 534 634 aliquis
559 594 670 623 nocet
687 585 863 634 proximo
891 597 960 632 per
979 584 1052 620 alia
1078 591 1234 632 peccata
1254 596 1368 631 quam
1391 595 1460 632 per
1485 593 1486 596 ’

402 640 555 676 odium:
584 646 675 687 puta
702 650 771 686 per
797 638 937 674 furtum
967 644 1002 673 et
1029 636 1280 674 homicidium
1301 643 1337 673 et
1355 636 1459 672 adul-

400 692 548 729 terium.
596 692 697 738 Ergo
727 690 858 727 odium
888 702 966 726 non
995 697 1050 726 est
1078 689 1344 737 gravissimum
1372 701 1460 737 pec-

402 752 539 781 catum.

454 800 488 832 2·
528 798 767 842 PRAETEREA‚
801 795 1117 843 Chrysostomus,
1147 805 1343 843 exponens
1370 792 1460 830 illud

400 849 532 886 Matth.
553 849 584 895 ²¹⁶,
617 848 692 890 Qui
715 847 867 884 solverit
893 859 1009 884 unum
1029 847 1074 884 de
1093 847 1279 884 mandatis
1298 846 1373 883 istis
1392 846 1461 882 mi-

400 902 519 947 nimis,
541 901 629 938 dicit
642 900 680 937 *ε
709 901 897 938 Mandata
917 900 1060 949 Moysi,
1079 900 1171 937 Non
1192 899 1346 945 occides,
1368 898 1459 936 Non

399 954 636 1000 adulterabis,
657 954 694 990 in
715 954 1016 991 remuneratione
1039 953 1186 990 modica
1205 957 1301 998 sunt,
1323 953 1359 989 in
1374 963 1461 1000 pec-

399 1013 482 1044 cato
506 1013 631 1044 autem
654 1018 816 1056 magna.-
845 1007 1024 1044 mandata
1043 1012 1168 1043 autem
1199 1006 1346 1051 Christi,
1372 1006 1465 1042 idest

398 1060 488 1097 Non
509 1060 698 1106 irascaris,
718 1060 808 1097 Non
829 1059 1081 1108 concupiscas,
1103 1059 1139 1095 in
1160 1058 1463 1095 remuneratione

400 1125 542 1162 magna
569 1118 666 1158 sunt,
695 1113 732 1149 in
755 1119 911 1161 peccato
945 1118 1069 1149 autem
1098 1112 1268 1149 minima.
1317 1111 1462 1148 Odium

401 1174 529 1203 autem
566 1165 727 1214 pertinet
763 1165 811 1203 ad
838 1165 1057 1203 interiorem
1096 1172 1266 1211 motum,
1305 1163 1400 1200 sicut
1428 1170 1463 1200 et

399 1218 453 1255 ira
486 1226 522 1255 et
551 1218 866 1267 concupiscentia.
914 1219 1015 1265 Ergo
1051 1218 1183 1254 odium
1215 1216 1379 1265 proximi
1409 1223 1463 1252 est

400 1271 525 1308 minus
553 1279 753 1320 peccatum
783 1283 900 1319 quam
928 1270 1193 1308 homicidium.

452 1388 477 1421 β)
496 1389 579 1421 quod.
596 1402 615 1407 -
633 1388 697 1421 quia
715 1388 920 1412 PABCFHLx-tn.

1046 245 1311 292 QUAESTIO
1340 245 1518 293 XXXIV,
1547 243 1842 280 ARTICULUS
1872 244 1923 280 IV

1563 322 1788 357 RESPONDEO
1808 331 1992 357 Diei-:nuum
2007 320 2112 369 quod
2129 329 2330 369 peccatum
2346 323 2449 371 quod
2469 335 2575 360 com-

1511 373 1667 409 mittitur
1701 373 1739 408 in
1770 372 1991 420 proximum
2028 373 2142 409 habet
2178 374 2363 412 rationem
2401 376 2491 412 mali
2530 387 2573 412 ex

1512 426 1683 462 duobus:
1721 437 1799 461 uno
1829 425 1985 473 quidem
2023 425 2164 472 modo,
2203 438 2248 462 ex
2285 428 2574 465 deordinatione

1512 531 1668 566 infertur
1697 530 1730 566 ei
1767 537 1899 567 contra
1927 542 2044 578 quem
2079 538 2268 578 peccatur.
2315 532 2446 569 Primo
2485 544 2574 580 ergo

1513 584 1631 620 modo
1661 582 1793 620 odium
1836 590 1891 620 est
1919 583 2042 620 maius
2078 590 2280 631 peccatum
2317 597 2435 633 quam
2477 593 2576 622 exte-

1514 647 1631 672 riores
1665 643 1770 672 actus
1798 636 1862 684 qui
1891 644 1978 672 sunt
2014 636 2053 672 in
2080 636 2245 684 proximi
2277 645 2576 675 nocumentum:

1513 688 1601 737 quia
1624 687 1764 725 scilicet
1790 700 1859 736 per
1878 689 2015 726 odium
2039 688 2286 726 deordinatur
2302 691 2480 728 voluntas
2508 691 2578 727 ho-

1514 740 1636 788 minis,
1657 753 1755 789 quae
1782 748 1838 777 est
1859 741 2102 790 potissimum
2130 742 2168 779 in
2186 741 2357 790 homine,
2377 750 2414 779 et
2437 754 2483 780 ex
2501 755 2578 792 qua

1515 801 1570 830 est
1597 793 1703 830 radix
1728 794 1886 843 peccati.
1915 794 2027 832 Unde
2047 795 2161 831 etiam
2188 794 2220 831 si
2248 794 2450 832 exteriores
2473 803 2578 833 actus

1513 846 1714 884 inordinati
1740 854 1866 883 essent
1888 847 2034 895 absque
2060 847 2339 885 inordinatione
2361 848 2578 896 voluntatis,

1514 912 1593 936 non
1621 907 1747 937 essent
1765 907 1943 948 peccata:
1972 907 2063 949 puta
2092 913 2180 938 cum
2200 900 2333 948 aliquis
2362 900 2580 948 ignoranter

1513 953 1576 989 vel
1603 953 1685 989 zelo
1715 952 1874 989 iustitiae
1911 953 2111 990 hominem
2150 953 2298 991 occidit.
2347 954 2396 990 Et
2429 953 2459 991 si
2487 953 2580 1003 quid

1515 1006 1648 1054 culpae
1687 1014 1743 1043 est
1769 1005 1808 1042 in
1837 1006 2085 1043 exterioribus
2122 1007 2288 1056 peccatis
2319 1019 2419 1056 quae
2449 1014 2581 1045 contra

1514 1058 1735 1106 proximum
1764 1059 2069 1107 committuntur,
2098 1067 2221 1096 totum
2251 1067 2307 1096 est
2341 1071 2385 1096 ex
2413 1059 2582 1097 interiori

1516 1111 1618 1148 odio.
1639 1132 1663 1138 -
1694 1111 1771 1148 Sed
1799 1119 1986 1160 quantum
2005 1112 2054 1149 ad
2073 1120 2350 1159 nocumentum
2371 1113 2474 1161 quod
2493 1116 2581 1162 pro-

1515 1163 1618 1200 ximo
1647 1163 1804 1200 infertur
1821 1164 1953 1212 peiora
1972 1173 2059 1202 sunt
2085 1165 2268 1202 exteriora
2287 1173 2444 1215 peccata
2463 1178 2580 1216 quam

1516 1216 1672 1253 interius
1700 1216 1846 1253 odium.

1571 1268 1620 1304 Et
1645 1280 1714 1316 per
1741 1269 1816 1305 hoc
1843 1276 1946 1318 patet
1974 1270 2173 1319 responsio
2203 1271 2253 1307 ad
2281 1270 2441 1309 obiecta.

1066 1465 1400 1498 Commenta-ia
1422 1463 1673 1497 Cardinalis
1694 1459 1897 1498 Caietassni

430 1556 450 1576 N
474 1545 605 1576 articulo
630 1552 744 1586 quarto
775 1545 911 1576 dubium
940 1545 1076 1575 occurrit
1099 1545 1180 1575 circa
1212 1544 1370 1574 rationem
1393 1543 1462 1574 red-

404 1559 530 1621 Iditam
552 1599 650 1630 quare
673 1589 786 1619 odium
801 1588 948 1629 proximi,
966 1595 1002 1619 ut
1025 1589 1191 1619 deordinat
1206 1594 1400 1628 peccantem,
1417 1593 1464 1618 est

400 1634 525 1674 gravius
542 1643 640 1674 quam
664 1633 823 1664 exterioris
845 1640 934 1663 actus
955 1639 1122 1673 peccatum
1137 1639 1247 1663 contra
1262 1632 1462 1673 proximum:

401 1680 476 1719 quia
505 1678 625 1708 scilicet
648 1687 712 1717 per
734 1677 840 1708 odium
869 1677 1082 1707 deordinatur
1111 1677 1274 1714 voluntas,
1306 1686 1389 1717 quae
1417 1681 1464 1707 est

397 1723 597 1763 potissimum
615 1723 647 1751 in
664 1722 800 1758 homine,
817 1726 848 1751 et
863 1731 904 1752 ex
919 1731 982 1761 qua
999 1726 1046 1752 est
1061 1721 1159 1751 radix
1167 1721 1303 1761 peccati.
1327 1721 1464 1760 Oportet

402 1766 569 1807 siquidem,
593 1766 632 1795 ad
655 1765 717 1795 hoc
748 1766 837 1805 quod
859 1764 938 1795 ratio
962 1764 1072 1801 valeat,
1096 1775 1134 1795 ex
1157 1765 1217 1795 alia
1239 1772 1327 1804 parte
1357 1764 1464 1794 subin-

401 1810 538 1850 telligere
553 1809 643 1850 quod
659 1819 715 1849 per
729 1815 856 1849 peccata
872 1809 1023 1839 exteriora
1038 1809 1071 1838 in
1087 1808 1271 1848 proximum
1286 1818 1352 1838 non
1373 1809 1464 1838 deor-

402 1855 528 1884 dinatur
550 1853 709 1884 voluntas.
733 1853 831 1890 Quod
855 1858 978 1883 constat
1001 1863 1068 1883 esse
1091 1852 1218 1883 falsum.

455 1899 626 1933 Praeterea,
646 1903 812 1937 peccatum
836 1896 1026 1927 deordinans
1050 1896 1189 1926 hominis
1212 1895 1411 1926 voluntatem
1435 1901 1466 1926 et

403 1942 497 1973 aliam
519 1941 587 1972 eius
610 1947 732 1981 partem
755 1941 854 1980 magis
871 1940 1037 1971 deordinat
1060 1950 1133 1971 eum
1158 1950 1256 1981 quam
1275 1940 1466 1970 deordinans

403 1987 601 2018 voluntatem
625 1985 736 2015 solam.
761 1985 823 2016 Sed
846 1991 1012 2025 peccatum
1035 1991 1123 2015 actus
1147 1984 1307 2015 exterioris
1333 1984 1366 2014 in
1394 1994 1467 2024 pro-

403 2031 527 2062 ximum
549 2029 592 2060 ita
615 2039 647 2059 se
670 2029 765 2060 habet
787 2029 827 2059 ad
849 2029 962 2060 odium
985 2029 1131 2069 proximi,
1152 2035 1188 2060 ut
1210 2035 1314 2070 patet:
1329 2029 1426 2068 Ergo.
1445 2045 1466 2052 -—

404 2076 445 2106 Et
468 2073 681 2105 confirmatur.
711 2073 796 2110 Quia
817 2073 920 2104 maior
943 2073 1083 2104 defectus
1107 2081 1152 2104 est
1187 2072 1219 2103 in
1242 2083 1332 2103 ramo
1357 2079 1388 2103 et
1420 2082 1467 2102 ra-

405 2119 472 2149 dice
495 2127 594 2159 quam
617 2117 650 2147 in
672 2117 776 2147 radice
799 2123 933 2148 tantum.
965 2117 1015 2148 Sic
1039 2123 1147 2148 autem
1171 2123 1226 2153 est,
1250 2117 1336 2147 iuxta
1359 2116 1468 2146 simili-

404 2163 548 2194 tudinem
570 2161 700 2198 litterae,
718 2162 756 2191 de
770 2162 934 2192 voluntate
950 2168 981 2192 et
996 2161 1064 2192 aliis
1087 2161 1237 2201 potentiis
1257 2171 1312 2191 seu
1336 2161 1467 2191 actibus.

460 2207 499 2237 11.
522 2206 573 2236 Ad
596 2206 657 2236 hoc
686 2205 800 2235 dicitur
822 2206 926 2246 quod,
951 2215 1026 2236 sane
1048 2205 1271 2245 intelligendo,
1302 2212 1408 2245 potest
1431 2215 1468 2235 ex

405 2251 465 2281 alia
488 2257 575 2290 parte
610 2250 796 2289 oppositum
830 2249 900 2280 dici.
933 2250 990 2280 Est
1024 2257 1132 2280 autem
1164 2259 1260 2280 sanus
1290 2250 1468 2280 intellectus

406 2295 494 2336 quod
524 2294 635 2324 odium
659 2293 824 2324 deordinat
853 2293 1026 2329 formaliter
1047 2294 1263 2325 voluntatem:
1302 2300 1469 2334 peccatum

406 2346 512 2369 autem
537 2337 696 2368 exterioris
720 2344 807 2368 actus
830 2337 863 2367 in
887 2337 1070 2377 proximum
1085 2348 1150 2368 non
1175 2337 1340 2368 deordinat
1355 2337 1470 2368 forma-

407 2383 476 2413 liter
497 2382 705 2416 voluntatem,
729 2382 784 2411 sed
806 2388 912 2412 actum
935 2381 1033 2411 istum
1056 2381 1251 2418 exteriorem,
1275 2391 1373 2422 quem
1397 2392 1470 2412 con-

408 2433 468 2457 stat
490 2435 557 2455 esse
580 2425 706 2456 alterius
729 2425 904 2465 potentiae;
930 2432 1095 2465 peccatum
1111 2426 1197 2456 enim
1213 2435 1279 2456 non
1305 2425 1471 2457 deordinat

408 2470 581 2502 formaliter
597 2469 657 2499 nisi
679 2469 711 2499 id
727 2469 760 2499 in
782 2479 849 2509 quo
866 2476 912 2500 est
934 2469 1115 2500 subiective.
1138 2470 1226 2500 Licet
1249 2470 1357 2501 aute'm
1373 2480 1469 2501 omne

409 2520 576 2555 peccatum
591 2513 631 2544 sit
652 2513 828 2544 radicaliter
845 2513 878 2543 in
900 2513 1064 2544 voluntate
1087 2520 1123 2544 ut
1138 2513 1171 2544 in
1195 2513 1346 2550 subiecto,
1362 2520 1469 2544 tamen

409 2559 442 2589 in
465 2557 607 2598 potentia
636 2557 710 2593 alia,
734 2557 831 2587 libera
862 2563 892 2587 et
921 2557 1065 2588 rationali
1094 2567 1151 2598 per
1179 2557 1468 2598 participationem,

411 2602 511 2633 multa
535 2607 661 2642 peccata
684 2607 767 2631 sunt.

466 2646 516 2676 Ad
539 2645 713 2676 secundum
737 2654 811 2674 vero
843 2643 955 2674 dicitur
978 2644 1082 2685 quod,
1108 2655 1181 2675 cum
1212 2645 1408 2685 comparatio
1433 2645 1472 2676 sit

410 2690 490 2720 inter
513 2689 667 2726 distincta,
691 2689 820 2729 quando
844 2695 1068 2728 comparantur
1091 2689 1156 2719 duo
1172 2699 1312 2729 quorum
1331 2689 1472 2730 primum

412 2733 567 2764 clauditur
589 2733 622 2763 in
646 2733 795 2768 secundo,
819 2742 885 2762 non
908 2731 1092 2772 intelligitur
1115 2733 1310 2773 comparatio
1341 2733 1472 2764 secundi

412 2778 451 2808 ad
475 2777 615 2817 primum
634 2784 669 2807 ut
686 2776 818 2807 includit
832 2776 972 2816 primum
992 2783 1022 2807 et
1040 2777 1161 2819 aliquid
1176 2777 1274 2815 ultra3
1298 2778 1353 2808 sed
1372 2787 1472 2818 quan-

412 2829 482 2852 tum
505 2822 544 2851 ad
560 2821 639 2851 illud
662 2821 693 2850 in
710 2831 776 2861 quo
801 2820 1003 2860 distinguitur
1022 2831 1039 2850 a
1054 2821 1169 2861 primo.
1194 2821 1286 2852 Unde
1303 2831 1368 2851 non
1384 2831 1471 2852 com-

413 2871 541 2905 paratur
567 2865 763 2895 deordinatio
797 2864 968 2894 voluntatis
992 2864 1224 2895 deordinationi
1246 2865 1419 2895 voluntatis
1444 2872 1475 2896 et

414 2909 540 2940 alterius
569 2909 741 2948 potentiae:
773 2908 827 2938 sed
851 2918 887 2938 ex
910 2919 973 2938 una
997 2915 1083 2948 parte
1107 2909 1243 2939 sumitur
1273 2909 1472 2940 deordinatio

413 2952 595 2988 voluntatis,
620 2960 650 2984 et
673 2963 709 2982 ex
732 2952 826 2982 altera
850 2953 1047 2983 deordinatio
1077 2959 1164 2983 actus
1194 2952 1354 2983 exterioris
1384 2953 1474 2983 liberi

416 3007 471 3027 seu
495 2997 639 3032 humani;
673 3003 703 3027 et
726 3002 801 3026 tunc
825 2996 938 3027 dicitur
960 2997 1049 3037 quod
1076 2997 1151 3037 quia
1173 2997 1321 3027 voluntas
1348 3004 1394 3028 est
1416 3007 1474 3037 po-

416 3040 536 3071 tissima
559 3040 590 3070 in
614 3040 743 3070 homine
767 3047 797 3070 et
813 3050 850 3070 ex
873 3050 936 3081 qua
952 3047 998 3071 est
1021 3041 1107 3072 radix
1121 3041 1250 3080 peccati,
1267 3041 1345 3071 aliae
1368 3047 1475 3072 autem

418 3083 576 3124 potentiae
599 3090 672 3114 sunt
694 3083 856 3114 inferiores
880 3090 910 3114 et
932 3091 968 3114 ut
989 3085 1079 3121 rami,
1103 3085 1175 3115 ideo
1200 3084 1396 3115 deordinatio
1418 3095 1475 3115 vo-

417 3128 546 3158 luntatis
569 3134 615 3157 est
631 3127 731 3157 maior
754 3138 851 3168 quam
870 3128 1066 3159 deordinatio
1087 3129 1220 3159 aliarum
1238 3128 1364 3159 virium.
1388 3128 1475 3159 Con-

419 3178 479 3202 stat
502 3180 640 3211 namque
663 3171 752 3211 quod
774 3171 907 3211 potioris
931 3172 1127 3203 deordinatio
1151 3173 1258 3213 potior
1280 3178 1339 3208 est;
1364 3178 1394 3203 et
1409 3182 1475 3203 ma-

418 3216 487 3246 lum
503 3215 535 3245 in
551 3214 653 3244 radice
669 3214 757 3254 peius
771 3221 816 3245 est
832 3225 928 3255 quarn
944 3216 976 3246 in
992 3226 1090 3252 ramo,
1109 3223 1144 3247 ut
1159 3216 1214 3247 sic.
1230 3234 1251 3239 -
1268 3215 1353 3247 Cum
1369 3223 1475 3247 autem

420 3259 510 3290 audis
531 3258 730 3289 voluntatem
753 3268 819 3289 esse
842 3259 1045 3298 potissimum
1067 3261 1100 3290 in
1123 3260 1270 3296 homine,
1295 3269 1360 3290 non
1383 3266 1475 3300 putes

422 3306 594 3334 Auctorem
610 3302 658 3332 sui
673 3301 825 3338 oblitum
849 3303 903 3333 sed
922 3304 953 3333 in
977 3304 1116 3335 subiecta
1138 3304 1228 3346 loqui
1242 3303 1382 3340 materia,
1398 3304 1477 3335 scili-

422 3353 470 3377 cet
492 3346 614 3377 morali.
638 3346 674 3376 In
697 3346 827 3376 homine
850 3356 986 3388 namque
1009 3348 1041 3378 in
1065 3348 1175 3379 ordine
1198 3348 1237 3378 ad
1260 3347 1392 3378 moralia
1417 3357 1475 3388 po-

422 3390 580 3422 tissimum
597 3396 643 3420 est
663 3390 821 3426 voluntas,
838 3396 874 3420 ut
887 3398 987 3430 patet;
1012 3392 1156 3432 quamvis
1172 3391 1354 3433 simpliciter
1371 3391 1478 3432 potior

423 3434 462 3465 sit
484 3434 669 3470 intellectus,
693 3440 729 3464 ut
750 3434 783 3464 in
805 3434 912 3464 Primo
936 3435 1031 3465 Libro
1045 3435 1062 3454 *
1085 3436 1228 3466 habitum
1251 3442 1307 3466 est.

478 3478 529 3508 111.
548 3478 582 3508 ln
598 3478 712 3508 eodem
724 3478 858 3508 ,articulo
875 3478 1008 3508 dubium
1024 3480 1168 3516 occurrit,
1183 3490 1249 3520 quo
1266 3486 1358 3520 pacto
1375 3486 1479 3520 potest

425 3531 490 3551 esse
510 3528 596 3552 actus
619 3522 751 3552 exterior
766 3521 963 3552 inordinatus
983 3532 1019 3553 ex
1033 3523 1101 3553 zelo
1121 3523 1255 3554 iustitiae
1274 3524 1392 3564 absque
1408 3533 1479 3564 pec-

1514 1550 1594 1575 cato.
1620 1544 1719 1582 Quod
1735 1543 1822 1575 enim
1838 1543 1939 1584 possit
1961 1550 2092 1584 propter
2107 1543 2320 1584 ignorantiam
2339 1544 2490 1586 aliquam,
2506 1552 2586 1587 puta

1514 1587 1596 1624 facti,
1623 1588 1712 1618 omni
1735 1588 1858 1619 cautela
1881 1587 2030 1627 adhibita,
2055 1594 2143 1618 actus
2159 1588 2295 1619 exterior
2317 1588 2519 1621 inordinatus
2534 1599 2585 1628 ac,-

1515 1631 1616 1662 cidere
1647 1632 1714 1662 sine
1744 1638 1890 1672 peccato,
1920 1632 2042 1662 clarum
2064 1638 2126 1663 est:
2151 1639 2257 1672 potest
2286 1633 2372 1663 enim
2402 1633 2518 1675 aliquis
2547 1629 2586 1665 ex

1515 1676 1702 1706 huiusmodi
1724 1676 1903 1716 ignorantia
1926 1676 2069 1707 occidere
2098 1683 2223 1716 patrem
2246 1677 2429 1717 proprium;
2453 1685 2486 1709 et
2507 1678 2586 1710 tune

1516 1727 1603 1751 actus
1627 1720 1759 1751 exterior
1782 1721 1839 1751 erit
1861 1720 2072 1756 inordinatus,
2095 1720 2209 1751 cadens
2233 1730 2328 1761 super
2349 1722 2516 1753 materiam
2537 1720 2586 1754 re·

1516 1771 1710 1804 pugnantem
1723 1787 1730 1800 ‚
1755 1764 1874 1795 scilicet
1903 1764 2000 1805 patris
2021 1764 2137 1800 vitam,
2161 1771 2192 1796 et
2215 1766 2322 1796 tamen
2345 1765 2412 1797 sine
2441 1773 2584 1807 peceato.

1517 1808 1579 1839 Sed
1601 1808 1691 1849 quod
1720 1808 1782 1838 hoc
1804 1808 1906 1848 possit
1933 1808 2028 1839 etiam
2056 1818 2094 1839 ex
2116 1807 2186 1839 zelo
2209 1809 2346 1840 iustitiae
2369 1810 2526 1848 accidere,
2549 1817 2588 1843 ut

1516 1852 1618 1883 littera
1642 1852 1725 1888 dicit,
1750 1862 1816 1882 non
1839 1859 1979 1892 apparet.
2004 1852 2089 1889 Quia
2112 1852 2137 1882 si
2161 1862 2198 1883 ex
2219 1853 2290 1884 zelo
2313 1853 2451 1885 iustitiae
2473 1865 2586 1886 secun-

1517 1896 1593 1927 dum
1608 1897 1772 1927 scientiam
1789 1895 1806 1915 *
1829 1896 1954 1932 occidit,
1975 1896 2039 1926 iam
2055 1902 2143 1927 actus
2159 1897 2294 1928 exterior
2307 1907 2373 1928 non
2390 1898 2448 1930 erit
2467 1898 2586 1930 inordi-

1518 1947 1620 1971 natus.
1645 1940 1686 1970 Et
1702 1941 1727 1970 si
1751 1940 1883 1970 exterior
1899 1947 1946 1971 est
1960 1940 2170 1978 inordinatus,
2186 1941 2250 1971 iam
2266 1951 2332 1972 non
2351 1951 2389 1973 ex
2403 1943 2474 1974 zelo
2497 1942 2587 1975 iusti-2

1518 1984 1578 2015 tiae
1608 1985 1786 2015 secundum
1814 1984 1978 2015 scientiam
2008 1985 2173 2024 provenit,
2202 1986 2258 2016 sed
2287 1996 2324 2016 ex
2345 1986 2416 2017 zelo
2448 1986 2587 2022 iustitiae

1519 2038 1585 2059 non
1609 2029 1786 2059 seeundum
1808 2028 1988 2059 scientiam:
2012 2035 2043 2059 et
2065 2035 2142 2060 tunc
2165 2035 2290 2060 constat
2319 2040 2385 2062 esse
2408 2038 2586 2071 peceatum,

1574 2073 1626 2103 Ad
1648 2073 1710 2103 hoc
1734 2072 1847 2103 dicitur
1869 2073 1959 2113 quod
1985 2074 2104 2104 Auctor
2126 2072 2248 2114 profert
2272 2083 2454 2107 sermonem
2477 2075 2587 2117 condi,-

1519 2116 1681 2153 tionalem,
1706 2116 1746 2146 ad
1770 2116 1860 2147 cuius
1883 2116 2047 2147 veritatem
2070 2117 2214 2148 neutrius
2235 2117 2333 2159 partis
2355 2117 2468 2150 veritas
2490 2115 2588 2168 αἰεὶ,

1518 2168 1578 2192 tur.
1603 2161 1644 2191 Et
1667 2166 1834 2201 propterea
1850 2170 1916 2191 non
1939 2167 2067 2201 oportet
2080 2161 2242 2194 sollicitari
2264 2162 2433 2202 quomodo
2456 2154 2588 2203 ponent

1520 2211 1608 2236 actus
1631 2214 1698 2235 esse
1713 2204 1884 2236 inordinati
1907 2205 2026 2245 absque
2040 2211 2180 2245 peccato.
2204 2205 2437 2247 Exemplorum
2454 2209 2588 2251 quoqne

1519 2249 1666 2290 quamvis
1681 2259 1748 2279 non
1760 2249 1936 2289 requiratur
1951 2248 2074 2285 veritas,
2091 2255 2230 2280 attamen
2241 2249 2317 2290 quia
2333 2250 2428 2282 etiam
2443 2250 2589 2293 exempla

1521 2294 1579 2323 sub
1604 2292 1815 2323 disiunctione
1845 2292 1938 2323 allata
1961 2299 2052 2329 sunt,
2077 2292 2192 2324 sufficit
2218 2303 2278 2334 pro
2302 2294 2399 2325 altera
2422 2303 2511 2335 parte
2533 2306 2588 2327 ve-

1521 2336 1642 2367 rificari.

1579 2381 1632 2412 lv.
1657 2380 1692 2410 In
1716 2380 1831 2410 eodem
1854 2379 1986 2410 articulo
2009 2387 2124 2420 quarto
2155 2381 2291 2412 dubium
2321 2388 2367 2413 est
2390 2382 2471 2415 circa
2499 2382 2589 2415 illam

1522 2424 1791 2466 propositionem:
1816 2424 1853 2454 Si
1874 2424 1951 2464 quid
1973 2424 2087 2464 culpae
2102 2429 2148 2455 est
2164 2426 2196 2455 in
2221 2426 2436 2459 exterioribus
2444 2429 2590 2472 peccatis

1522 2479 1605 2510 quae
1627 2474 1739 2499 contra
1756 2469 1944 2508 proximum
1968 2469 2228 2507 committuntur,
2252 2475 2353 2501 totum
2375 2475 2423 2505 est
2443 2481 2488 2505 ex
2509 2472 2589 2505 inte-

1522 2514 1603 2543 riori
1625 2513 1707 2543 odio.
1738 2512 1826 2542 Tum
1849 2512 1925 2552 quia
1948 2522 2015 2542 non
2038 2522 2135 2543 omne
2164 2513 2253 2554 quod
2276 2514 2411 2548 exterius
2443 2515 2590 2554 commit-

1521 2557 1598 2588 titur
1621 2563 1730 2587 contra
1754 2556 1937 2596 proximum
1969 2566 2006 2587 ex
2028 2556 2104 2587 odio
2121 2556 2169 2588 fit:
2195 2557 2250 2588 sed
2272 2557 2446 2601 aliquando
2473 2569 2510 2591 ex
2531 2559 2588 2598 in,

1522 2601 1695 2642 aliquando
1727 2610 1763 2630 ex
1786 2599 1917 2637 invidia,
1948 2600 2122 2641 aliquando
2153 2612 2189 2632 ex
2210 2601 2351 2640 luxuria,
2374 2609 2410 2635 ut
2440 2609 2527 2644 patet
2549 2604 2589 2642 de

1523 2644 1689 2680 adulterio,
1718 2644 1910 2675 detractione
1934 2651 1965 2675 et
1989 2645 2135 2676 vindicta.
2158 2663 2179 2669 -
2195 2645 2284 2677 Tum
2308 2646 2383 2689 quia
2407 2646 2442 2679 in
2456 2658 2590 2689 ‚praece-

1524 2689 1669 2720 dentibus
1681 2688 1699 2707 *
1714 2688 1959 2719 determinatum
1976 2688 2035 2719 fuit
2050 2689 2138 2730 quod
2162 2696 2250 2720 actus
2266 2690 2400 2724 exterior
2414 2690 2509 2723 habet
2521 2702 2590 2725 ma*

1522 2734 1623 2764 litiam
1653 2733 1831 2763 secundum
1854 2743 1900 2770 se,
1925 2742 2023 2774 quam
2051 2733 2151 2774 magis
2174 2734 2227 2765 dat
2249 2734 2406 2767 voluntati
2429 2745 2528 2777 quam
2550 2731 2589 2768 ab

1524 2787 1561 2808 ea
1583 2776 1725 2816 accipiat.

1579 2821 1630 2851 Ad
1645 2820 1707 2850 hoc
1723 2819 1837 2850 dicitur
1851 2821 1950 2860 quod,
1966 2819 2054 2851 iuxta
2067 2820 2218 2860 Apostoli
2232 2822 2421 2854 sententiam
2434 2821 2464 2862 ⁶,
2481 2823 2591 2855 omnia

1525 2864 1683 2905 prohibita
1706 2870 1815 2894 contra
1837 2863 2030 2903 proximum,
2055 2870 2100 2900 ut,
2124 2865 2198 2896 Non
2221 2866 2355 2904 occides,
2371 2866 2445 2897 Non
2467 2862 2590 2899 adulte—

1525 2909 1622 2946 rabis,
1635 2914 1704 2943 etc„
1721 2907 1754 2938 in
1769 2907 1831 2938 hoc
1844 2918 1909 2938 uno
1926 2908 2249 2948 comprehenduntur,
2266 2910 2393 2951 Diliges
2401 2912 2588 2951 proximum

1525 2958 1626 2984 tuum.
1650 2954 1697 2982 Ac
1719 2962 1776 2992 per
1797 2952 1869 2988 hoc,
1893 2951 1925 2982 in
1950 2962 2156 2995 quocumque
2181 2954 2353 2985 commisso
2383 2962 2492 2986 contra
2514 2965 2589 2996 pro-

1525 2997 1648 3027 ximum
1679 2996 1871 3027 contrarium
1901 2996 2077 3027 dilectionis
2106 2997 2249 3028 eiusdem
2278 2997 2465 3030 incurritur:
2500 2999 2591 3041 quod

1526 3047 1649 3072 constat
1671 3050 1738 3071 esse
1762 3040 1873 3071 odium
1892 3040 2038 3080 proximi.
2063 3041 2138 3073 Ideo
2159 3051 2255 3072 omne
2271 3042 2406 3073 exterius
2421 3050 2591 3084 peccatum

1527 3085 1737 3116 commissum
1760 3083 1791 3114 in
1816 3084 1999 3124 proximum
2023 3084 2135 3116 odium
2155 3085 2187 3116 in
2211 3095 2243 3116 se
2259 3086 2395 3126 proximi
2416 3087 2544 3124 claudit,
2560 3094 2592 3119 et

1527 3139 1563 3159 ex
1586 3129 1643 3159 illo
1666 3128 1810 3168 procedit
1837 3128 2022 3168 participato
2046 3129 2079 3159 in
2103 3129 2263 3167 omnibus,
2285 3131 2379 3162 etiam
2399 3131 2432 3162 in
2455 3131 2524 3172 ipsa
2545 3131 2592 3163 ira

1528 3179 1558 3203 et
1580 3172 1708 3209 invidia,
1731 3179 1767 3203 ut
1790 3172 1920 3203 inferius
1935 3173 1952 3192 *
1975 3172 2202 3204 clarificabitur.

1587 3217 1638 3247 Ad
1661 3217 1837 3247 secundum
1868 3216 1981 3248 dicitur
2011 3218 2101 3258 quod
2130 3217 2336 3258 impertinens
2370 3226 2416 3250 est
2443 3219 2591 3251 obiectio.

1532 3261 1616 3291 Nam
1639 3260 1699 3291 alia
1722 3267 1768 3292 est
1796 3260 1942 3301 quaestio
1971 3261 2010 3292 de
2041 3261 2180 3292 bonitate
2213 3269 2244 3293 et
2276 3262 2396 3295 malitia
2425 3269 2514 3294 actus
2544 3273 2592 3294 se-

1534 3305 1676 3335 cundum
1699 3314 1741 3341 se,
1766 3311 1797 3335 et
1819 3315 1837 3335 a
1858 3305 2022 3336 voluntate
2045 3304 2127 3342 finis,
2151 3312 2225 3337 etc.:
2251 3313 2282 3337 et
2303 3307 2364 3338 alia
2380 3313 2427 3339 est
2448 3304 2592 3348 quaudo

1534 3348 1572 3378 de
1596 3348 1688 3388 culpa
1711 3355 1798 3379 actus
1814 3349 1973 3380 exterioris
1996 3349 2029 3379 in
2045 3349 2227 3390 proximum
2250 3351 2428 3382 secundum
2445 3360 2489 3388 se,
2509 3356 2593 3383 etex

1534 3391 1619 3422 odio.
1644 3392 1684 3422 Et
1699 3393 1737 3422 de
1752 3392 1806 3422 illa
1821 3393 2007 3433 quaestione
2022 3393 2095 3424 satis
2119 3393 2240 3425 dictum
2263 3401 2310 3425 est
2323 3394 2350 3426 *.
2374 3394 2424 3425 De
2441 3395 2502 3426 hae
2515 3403 2591 3428 vero
2617 3403 2626 3414 ·
2637 3403 2742 3425 ιοε.σῑι.
2752 3402 2777 3425 in
2785 3403 2830 3424 ob-

1533 3435 1646 3466 dicitur
1658 3436 1746 3475 quod
1758 3436 1914 3478 quidquid
1930 3436 2042 3477 culpae
2058 3443 2104 3468 est
2117 3447 2155 3468 ex
2166 3437 2243 3469 odio
2259 3445 2323 3469 est:
2349 3438 2424 3479 quin
2434 3437 2593 3480 quidquid
2616 3430 2671 3452 ¹²⁹²

1532 3479 1626 3510 habet
1648 3479 1722 3509 mali
1746 3490 1783 3510 ex
1797 3490 1909 3520 genere
1934 3491 2002 3517 suo,
2023 3481 2117 3512 habet
2135 3492 2172 3512 ex
2195 3482 2271 3512 odio
2288 3482 2473 3522 participato
2495 3482 2528 3512 in
2544 3492 2591 3512 ra—

1533 3523 1618 3553 tione
1652 3523 1700 3553 sui
1723 3524 1854 3563 generis.
1885 3524 1952 3555 Nisi
1982 3524 2067 3555 enim
2097 3525 2304 3556 homicidium
2330 3535 2366 3556 ex
2388 3535 2501 3566 genere
2528 3536 2591 3557 suo

2611 1902 2623 1913 ⁸
2641 1901 2677 1925 Cf.
2701 1901 2736 1924 ad
2757 1902 2823 1924 Rom.

2611 1934 2662 1959 up.
2677 1935 2701 1956 ι,
2715 1934 2775 1951 vers.
2790 1935 2810 1951 2.

2613 2702 2624 2714 ⁸
2634 2702 2658 2724 Ι·
2667 2701 2723 2729 11⁸⁸,
2735 2707 2775 2730 qn.
2785 2707 2825 2729 xx,

2612 2732 2656 2751 nrt.
2671 2734 2679 2750 ι
2693 2734 2745 2757 sqq.

2595 2850 2603 2856 .
2614 2834 2624 2845 ⁸
2637 2834 2674 2856 Aa
2686 2833 2758 2862 Rom,
2772 2839 2824 2862 cap.

2613 2867 2667 2888 xm,
2683 2867 2742 2883 Ver..
2757 2866 2780 2889 9.

2617 3182 2684 3204 ’Ax-t.
2692 3186 2750 3209 neq„
2756 3179 2828 3202 Com-

2617 3211 2689 3230 meat.
2699 3213 2765 3230 nun.
2778 3213 2801 3228 v.
