2892 4056
400 198 474 234 238

1028 197 1293 243 QUAESTIO
1323 198 1467 245 XXIX,
1496 197 1790 234 ARTICULUS
1821 198 1883 243 111,
1904 197 1955 232 IV

1200 303 1516 346 ARTICULUS
1544 302 1772 344 TERTIUS

944 396 1099 426 UTRUM
1123 396 1207 426 PAX
1230 396 1296 427 SIT
1320 397 1529 428 paopmus
1552 376 2032 427 EFFECTUS‘CARITATIS

999 473 1022 497 1²
1042 473 1098 504 11⁸⁶,
1118 481 1163 506 qu.
1182 481 1237 504 Lxx,
1257 479 1304 499 art.
1325 475 1338 500 3
1345 484 1352 506 ;
1373 476 1414 500 De
1434 475 1511 500 duob.
1531 475 1669 506 Praecept.
1691 474 1774 499 Carit.
1794 479 1850 505 etc„
1869 475 1974 507 Prolog-

609 550 631 574 D
650 549 810 573 TERTlUM
834 548 887 572 510
907 547 1146 572 PROCEDITUR.
1176 537 1336 574 Videtur
1355 537 1459 585 quod

581 605 586 620 c
608 602 682 638 pax
717 602 794 626 non
823 589 869 625 sit
895 590 1071 637 proprius
1101 589 1257 626 effectus
1286 590 1459 627 caritatis.

459 680 463 687 ,
499 639 754 685 rfCaritas
793 642 893 678 enim
923 654 1001 679 non
1037 643 1199 679 habetur
1226 643 1306 679 sine
1344 643 1461 691 gratia

564 686 756 743 &gratum
781 695 951 732 faciente.
982 696 1059 732 Sed
1083 708 1157 744 pax
1184 708 1207 732 a
1228 696 1460 744 quibusdam

396 748 557 784 habetur
572 749 728 795 quinon
744 749 886 785 habent
900 749 1059 795 gratiam
1075 757 1224 796 gratum
1240 749 1460 786 facientem:

397 801 493 837 sicut
521 807 556 835 et
583 801 739 849 gentiles
767 802 973 850 aliquando
1002 803 1144 839 habent
1169 815 1318 851 pacem.
1357 804 1460 851 Ergo

396 865 470 902 pax
499 865 577 889 non
606 862 662 891 est
690 855 846 891 effectus
876 856 1050 892 caritatis.

451 918 485 942 2.
516 907 758 955 PRAETEREA,
788 908 879 945 illud
916 921 994 946 non
1029 916 1084 945 est
1112 907 1270 945 effectus
1299 907 1462 945 caritatis

397 959 503 996 cuius
532 962 763 998 contrarium
794 974 883 998 cum
918 962 1070 999 caritate
1099 974 1180 998 esse
1208 970 1344 1010 potest.
1384 961 1462 998 Sed

397 1012 594 1061 dissensio,
615 1026 713 1063 quae
734 1015 981 1052 contrariatur
1003 1015 1099 1063 paci,
1119 1022 1246 1063 potest
1269 1027 1352 1052 esse
1373 1027 1460 1051 cum

397 1066 570 1103 caritate:
603 1067 782 1105 videmus
821 1068 922 1105 enirn
959 1069 1063 1118 quod
1101 1069 1214 1106 etiam
1251 1068 1347 1105 sacri
1383 1070 1462 1105 Do-

397 1126 539 1166 ctores,
568 1127 611 1156 ut
638 1121 897 1169 Hieronymus
927 1130 963 1158 et
981 1122 1236 1170 Augustinus,
1267 1122 1305 1158 in
1331 1121 1462 1169 aliqui-

157 1179 368 1232 2ffif·2‡‡¹ff⁸;3<3⁰·
396 1174 467 1210 bus
493 1172 736 1221 opinionibus
765 1174 1024 1212 dissenserunt
1054 1176 1089 1221 *;
1120 1175 1261 1211 Ρ3111115
1282 1174 1397 1210 etiam
1427 1181 1463 1210 et

159 1221 355 1260 ’θεῖε-’39514
396 1227 592 1263 Barnabas
621 1227 842 1265 dissensisse
879 1229 1069 1276 leguntur,
1097 1229 1180 1264 Act.
1210 1239 1258 1263 xv
1281 1226 1311 1263 ²¹⁸.
1360 1228 1461 1274 Ergo

395 1280 548 1321 videtur
575 1281 680 1329 quod
707 1293 782 1329 pax
811 1293 890 1318 non
918 1281 964 1318 sit
992 1281 1150 1324 effectus
1179 1278 1350 1317 caritatis.

453 1334 487 1371 3.
516 1334 750 1380 ptumam,
779 1333 881 1371 idem
911 1347 989 1371 non
1018 1342 1075 1371 est
1102 1333 1279 1382 proprius
1306 1331 1463 1368 effectus

399 1386 652 1424 diversorum.
683 1388 760 1424 Sed
779 1399 854 1435 pax
873 1395 930 1424 est
950 1387 1107 1424 effectus
1126 1387 1302 1424 iustitiae:
1331 1397 1464 1422 secun-

398 1440 490 1476 dum
510 1440 600 1477 illud
621 1440 740 1477 Isaiae
759 1452 855 1477 xxxn
874 1440 911 1477 *ε
937 1441 1037 1489 Opus
1057 1441 1217 1478 iustitiae
1232 1451 1329 1488 pax.
1359 1439 1462 1486 Ergo

398 1505 477 1530 non
506 1501 561 1530 est
590 1493 746 1531 effectus
776 1493 948 1530 caritatis.
1428 1505 1438 1508 ·

159 1552 372 1607 {gs-cxvfflrvers·
452 1547 526 1583 SED
551 1558 698 1583 CONTRA
716 1558 782 1583 EST
802 1547 906 1595 quod
927 1545 1062 1584 dicitur
1085 1546 1125 1583 in
1144 1546 1285 1582 Psalm.
1305 1544 1345 1581 *ε
1378 1545 1465 1581 Pax

198 1594 204 1599 ’
398 1599 516 1637 multa
545 1600 784 1650 diligentibus
811 1600 933 1650 legem
961 1605 1077 1635 tuam.

451 1654 678 1691 REspoumzo
706 1664 891 1690 DICENDUM
919 1652 1026 1701 quod
1054 1651 1195 1700 duplex
1219 1649 1310 1686 unio
1341 1655 1397 1685 est
1417 1648 1463 1685 de

158 1710 169 1721 ⁸
183 1710 234 1731 ΑΠ-
249 1716 266 1731 ¹·
398 1706 544 1742 ratione
568 1707 684 1756 pacis,
705 1706 802 1742 sicut
825 1706 967 1742 dictum
989 1712 1044 1742 est
1062 1705 1101 1740 *ε
1130 1714 1294 1751 quarum
1313 1714 1390 1738 una
1411 1710 1466 1738 est

397 1759 610 1796 secundum
644 1759 924 1796 ordinationem
958 1757 1202 1806 propriorum
1225 1755 1463 1804 appetituum

397 1813 436 1849 in
455 1825 594 1859 unum;
625 1813 696 1849 alia
714 1824 810 1849 vero
835 1819 891 1848 est
910 1810 1124 1848 secundum
1142 1808 1328 1846 unionem
1349 1820 1465 1856 appe-

397 1867 485 1903 titus
513 1866 658 1915 proprii
687 1878 775 1902 curn
804 1864 972 1913 appetitu
993 1863 1156 1901 alterius.
1187 1863 1235 1899 Et
1262 1870 1465 1910 utramque

398 1920 583 1957 unionem
605 1919 718 1956 efficit
733 1918 879 1955 caritas.
899 1917 1071 1955 Primam
1088 1915 1244 1965 quidem
1264 1914 1464 1961 unionem,

400 1974 611 2011 secundum
633 1972 739 2021 quod
770 1973 873 2008 Deus
898 1971 1062 2019 diligitur
1088 1982 1133 2006 ex
1161 1976 1242 2006 toto
1267 1968 1406 2015 corde,
1422 1975 1466 2004 ut

400 2027 541 2064 scilicet
568 2026 700 2063 omnia
719 2025 929 2062 referamus
952 2025 990 2061 in
1008 2024 1154 2072 ipsum:
1185 2029 1221 2058 et
1244 2021 1298 2058 sic
1327 2033 1465 2058 omnes

258 2090 275 2107 ‘⁸
400 2080 588 2129 appetitus
617 2079 735 2116 nostri
754 2078 793 2115 in
811 2090 933 2115 unum
961 2078 1133 2114 feruntur
1152 2080 1180 2111 ².
1210 2075 1335 2111 Aliam
1355 2086 1464 2122 vero,

398 2142 513 2182 prout
534 2133 724 2181 diligimus
743 2132 962 2181 proximum
982 2131 1078 2168 sicut
1106 2129 1295 2177 nosipsos,
1318 2140 1362 2165 ex
1386 2140 1464 2177 quo

401 2187 582 2235 contingit
618 2186 724 2235 quod
760 2187 879 2222 homo
916 2185 999 2221 vult
1031 2183 1191 2231 implere
1227 2183 1466 2219 voluntatem

399 2241 563 2290 proximi
583 2239 680 2276 sicut
707 2246 743 2276 et
770 2238 828 2277 sui
856 2238 986 2287 ipsius.
1016 2238 1065 2273 Et
1084 2242 1240 2284 propter
1266 2236 1342 2272 hoc
1370 2235 1468 2272 inter

162 2303 373 2352 ’Sefg-ffggfflssff
400 2293 615 2331 amicabilia
640 2304 762 2329 unum
790 2291 946 2340 ponitur
976 2289 1153 2327 identitas
1187 2288 1401 2325 electionis:
1426 2296 1468 2325 ut

161 2357 289 2405 339⁸*
301 2355 375 2378 Cata-
400 2354 503 2397 patet
522 2347 560 2383 in
580 2347 632 2382 IX
651 2346 771 2382 Ethic.
792 2345 829 2390 *3
856 2351 892 2381 et
911 2343 1058 2380 Tullius
1072 2342 1113 2364 ²¹²*
1128 2341 1227 2388 dicit,
1247 2341 1286 2378 in
1306 2341 1402 2378 libro
1422 2341 1468 2378 de

158 1443 170 1455 ⁸
185 1443 251 1465 Vers.
267 1449 297 1470 17.

455 2515 482 2547 α)
503 2515 529 2539 in
558 2522 638 2539 unum
660 2515 803 2547 seruntur.
820 2525 840 2531 -
857 2511 883 2536 in
905 2518 985 2536 unum
1014 2510 1171 2544 reseruntur
1195 2509 1236 2539 G,
1262 2508 1418 2542 reseruntur
1446 2508 1471 2533 in

403 2559 485 2576 unum
506 2551 554 2575 Pa.

1567 538 1625 572 AD
1646 548 1783 574 PthJM
1802 548 1901 574 ERGO
1919 548 2105 574 DICENDUM
2124 538 2230 585 quod
2249 550 2272 575 a
2290 539 2406 586 gratia
2426 546 2575 587 gratum

1514 590 1672 626 faciente
1693 591 1817 627 nullus
1837 590 1964 627 deficit
1987 589 2056 626 nisi
2078 598 2235 639 propter
2252 596 2268 620 Υ
2294 600 2509 640 peccatum,
2531 604 2576 629 ex

1514 655 1591 691 quo
1608 642 1788 691 contingit
1808 644 1912 691 quod
1931 644 2051 680 homo
2072 643 2116 680 sit
2133 655 2290 681 aversus
2305 656 2327 681 a
2340 645 2417 682 fine
2434 645 2576 693 debito,

1513 695 1550 732 in
1567 695 1694 744 aliquo
1703 697 1877 734 >indebito
1893 697 2010 734 finem
2029 697 2273 734 constituens.
2296 698 2344 734 Et
2362 700 2576 736 secundum

1512 749 1588 785 hoc
1608 750 1797 797 appetitus
1817 750 1897 786 eius
1922 762 2001 786 non
2020 750 2189 787 inhaeret
2208 750 2464 799 principaliter
2480 764 2575 790 vero

1513 802 1619 838 finali
1649 803 1766 850 bono,
1796 803 1865 840 sed
1893 803 2103 851 apparenti.
2134 804 2183 840 Et
2210 811 2367 852 propter
2394 805 2468 841 hoc
2496 805 2576 841 sine

1514 855 1632 902 gratia
1659 863 1808 903 gratum
1837 855 1996 893 faciente
2017 869 2095 894 non
2123 865 2249 906 potest
2277 870 2359 894 esse
2379 869 2471 894 vera
2490 870 2576 906 pax,

1515 908 1583 945 sed
1612 909 1738 945 solum
1767 921 1967 958 apparens.

1566 962 1626 998 Au
1646 973 1837 1000 SECUNDUM
1860 975 2045 1000 mCENDUM
2065 963 2182 1012 quod,
2208 963 2303 1000 sicut
2322 963 2578 1011 Philosophus

1515 1013 1613 1061 dicit,
1642 1014 1680 1051 in
1706 1016 1757 1052 IX
1784 1016 1904 1053 Ethic.
1929 1016 1960 1063 ²¹²,
1993 1017 2042 1053 ad
2070 1015 2276 1053 amicitiam
2310 1029 2390 1054 non
2417 1015 2580 1065 pertinet
2605 1016 2615 1027 “

1515 1067 1720 1104 concordia
1748 1068 1786 1105 in
1814 1069 2069 1117 opinionibus,
2092 1070 2159 1107 sed
2184 1070 2390 1107 concordia
2410 1069 2450 1106 in
2469 1069 2579 1107 bonis

1515 1121 1796 1157 conferentibus
1825 1121 1875 1158 ad
1901 1122 2038 1169 vitam,
2068 1130 2105 1159 et
2122 1123 2327 1172 praecipue
2350 1123 2390 1160 in
2409 1123 2578 1171 magnis:
2628 1136 2632 1139 ·

1514 1172 1603 1220 quia
1632 1173 1829 1210 dissentire
1857 1174 1896 1210 in
1924 1175 2114 1223 aliquibus
2140 1177 2268 1225 parvis
2297 1177 2404 1225 quasi
2427 1176 2581 1214 videtur

1514 1237 1593 1261 non
1618 1237 1700 1261 esse
1721 1226 1924 1263 dissensus.
1954 1228 2004 1264 Et
2020 1236 2178 1276 propter
2195 1229 2271 1265 hoc
2290 1229 2382 1266 nihil
2403 1230 2582 1278 prohibet

1515 1277 1664 1325 aliquos
1691 1278 1884 1316 caritatem
1912 1279 2097 1317 habentes
2116 1281 2155 1318 in
2174 1281 2418 1330 opinionibus
2438 1282 2580 1320 dissen-

1514 1330 1594 1367 tire.
1626 1332 1710 1367 Nec
1727 1332 1803 1368 hoc
1823 1340 2007 1381 repugnat
2024 1333 2125 1382 paci:
2154 1334 2244 1382 quia
2267 1335 2470 1383 opiniones
2496 1347 2582 1384 per-

1515 1384 1633 1420 tinent
1660 1384 1710 1421 ad
1746 1384 1999 1434 intellectum,
2029 1387 2093 1436 qui
2128 1387 2322 1435 praecedit
2357 1388 2582 1437 appetitum,

1515 1437 1580 1485 qui
1598 1449 1667 1486 per
1686 1450 1823 1486 pacem
1842 1439 1979 1476 unitur.
1999 1459 2024 1467 -
2055 1439 2234 1477 Similiter
2253 1441 2379 1488 etiam,
2399 1442 2581 1480 existente

1517 1491 1721 1528 concordia
1758 1491 1796 1528 in
1837 1492 2109 1541 principalibus
2152 1494 2283 1542 bonis,
2324 1494 2509 1533 dissensio
2543 1496 2582 1534 in

1516 1543 1704 1591 aliquibus
1739 1545 1866 1594 parvis
1894 1557 1973 1582 non
2002 1553 2058 1583 est
2086 1554 2217 1590 contra
2244 1547 2450 1586 caritatem.
2489 1550 2583 1586 Pro·

1517 1597 1615 1634 cedit
1644 1597 1746 1634 enim
1784 1598 1865 1635 talis
1901 1598 2085 1635 dissensio
2115 1611 2161 1636 ex
2189 1600 2406 1638 diversitate
2434 1603 2583 1651 opinio·-

1517 1662 1628 1697 num,
1662 1651 1755 1688 dum
1787 1663 1888 1688 unus
1924 1651 2098 1689 aestimat
2130 1653 2205 1690 hoc
2234 1654 2281 1690 de
2310 1667 2387 1703 quo
2417 1663 2473 1692 est
2507 1656 2581 1694 dis-

1516 1703 1643 1740 sensio
1671 1703 1858 1752 pertinere
1886 1705 1935 1741 ad
1962 1704 2052 1741 illud
2082 1705 2237 1746 ⁴bonurn
2270 1707 2309 1744 in
2338 1720 2416 1756 quo
2441 1721 2583 1747 conve-

1516 1756 1635 1803 niunt,
1667 1764 1703 1794 et
1731 1757 1826 1794 alius
1859 1757 2033 1794 aestimat
2066 1769 2146 1794 non
2173 1759 2374 1808 pertinere.
2395 1782 2420 1790 -
2449 1763 2498 1799 Et
2524 1775 2582 1800 se-

1517 1810 1687 1846 cundum
1723 1810 1799 1846 hoc
1834 1809 1916 1846 talis
1954 1810 2139 1847 dissensio
2172 1812 2220 1849 de
2255 1813 2424 1851 minimis
2461 1822 2498 1852 et
2534 1816 2583 1854 de

1517 1863 1761 1911 opinionibus
1790 1870 1976 1911 repugnat
2001 1863 2159 1912 quidem
2193 1865 2279 1914 paci
2307 1867 2514 1916 perfectae,
2543 1869 2583 1907 in

1516 1929 1593 1965 qua
1616 1917 1728 1965 plene
1747 1915 1886 1952 veritas
1910 1925 2161 1964 cognoscetur
2189 1925 2225 1955 et
2243 1920 2368 1957 omnis
2394 1921 2584 1970 appetitus

1518 1969 1791 2018 complebitur:
1830 1981 1910 2006 non
1941 1977 2071 2007 tamen
2109 1980 2295 2020 repugnat
2324 1974 2412 2022 paci
2444 1975 2585 2025 imper-

1516 2024 1649 2069 fectae,
1679 2022 1800 2071 qualis
1827 2023 1990 2059 habetur
2017 2023 2055 2060 in
2082 2023 2157 2061 via.

1570 2077 1629 2113 An
1643 2087 1804 2113 τεκτιυΜ
1823 2087 2008 2114 memnon
2024 2077 2130 2126 quod
2145 2088 2219 2126 pax
2234 2085 2291 2115 est
2305 2090 2404 2128 opus
2423 2079 2584 2119 iustitiae

1516 2129 1721 2176 indirecte,
1751 2129 1976 2178 inquantum
2003 2130 2142 2167 scilicet
2161 2139 2338 2169 removet
2363 2134 2583 2182 prohibens.

1519 2182 1597 2220 Sed
1633 2189 1688 2219 est
1725 2194 1823 2231 opus
1851 2182 2013 2220 caritatis
2041 2182 2203 2221 directe:
2246 2185 2336 2233 quia
2373 2187 2585 2225 secundum

1517 2235 1715 2284 propriam
1731 2235 1918 2272 rationem
1936 2236 2070 2273 caritas
2084 2249 2220 2285 pacem
2236 2246 2378 2277 causat.
2399 2241 2468 2277 Est
2482 2241 2585 2280 enim

1519 2301 1630 2326 amor
1655 2289 1712 2325 vis
1740 2289 1900 2334 unitiva,
1928 2297 1970 2326 ut
1998 2289 2208 2338 Dionysius
2237 2291 2340 2339 dicit,
2370 2304 2406 2329 1v
2434 2306 2517 2343 cap.
2541 2294 2587 2332 de

1517 2342 1606 2379 Div.
1635 2341 1752 2378 Nom.
1775 2341 1811 2377 *ε
1846 2353 1921 2391 pax
1948 2349 2076 2379 autem
2098 2351 2153 2380 est
2171 2343 2263 2381 unio
2292 2346 2587 2394 appetitivamm

262 2409 277 2443 β
399 2400 590 2445 Amicitia,
611 2399 716 2447 quod
735 2399 948 2435 amicorum
968 2402 1022 2433 est
1039 2396 1135 2433 idem
1155 2395 1250 2432 velle
1268 2400 1304 2431 et
1321 2394 1421 2431 nolle
1439 2393 1465 2431 β.
1491 2388 1495 2441 Ι
1519 2394 1824 2431 inclinationum.

1580 2507 1605 2540 β)
1626 2508 1705 2533 nolle.
1722 2521 1741 2527 -
1760 2508 1830 2533 idem
1849 2509 1919 2534 nolle
1937 2509 1970 2534 A.

1579 2543 1606 2576 γ)
1622 2546 1746 2575 propter.
1764 2557 1783 2562 -
1796 2551 1849 2576 per
1867 2545 1900 2569 A.

1187 2662 1507 2704 ARTICULUS
1537 2662 1809 2714 QUARTUS

1225 2746 1382 2777 UTRUM
1405 2746 1490 2777 PAx
1514 2745 1580 2776 SIT
1604 2746 1762 2777 V1RTus

523 2856 575 2878 Ξ(
615 2841 637 2865 D
657 2839 831 2870 QUARTUM
850 2838 903 2863 510
923 2837 1165 2863 PROCEDITUR.
1185 2825 1348 2862 Videtur
1362 2824 1467 2873 quod

432 2870 690 2946 523⁴
709 2880 755 2917 sit
772 2880 901 2918 virtus.
926 2880 1136 2928 Praecepta
1156 2878 1258 2915 enim
1279 2891 1357 2916 non
1377 2878 1469 2915 dan-

424 2936 471 2990 Α,

483 2948 545 2980 νς
564 2938 585 2976 (ι
616 2942 677 2971 1111
696 2933 765 2970 11151
786 2934 833 2970 de
853 2932 998 2969 actibus
1018 2932 1214 2970 virtutum.
1237 2932 1315 2969 Sed
1332 2932 1470 2969 dantur

463 2960 559 3020 εἷῖ4139)
574 2977 820 3035 Kpraecepta
839 2986 886 3022 de
907 2986 1086 3023 habendo
1106 2998 1243 3034 pacem
1261 2991 1293 3022 ²:
1311 2993 1354 3022 ut
1367 2992 1470 3034 patet

167 3048 178 3059 ·
192 3047 261 3069 vm-
276 3052 315 3074 4⁹-
408 3039 526 3075 Marc.
548 3050 582 3074 1x
601 3040 636 3076 *ε
666 3041 803 3077 Pacem
825 3040 956 3076 habete
977 3040 1073 3076 inter
1090 3050 1168 3076 vos.
1199 3039 1301 3087 Ergo
1321 3049 1395 3087 pax
1415 3046 1471 3075 est

407 3099 538 3128 vatus.

268 3153 283 3186 β
463 3156 497 3181 2.
536 3145 780 3191 PRAETEREA,
820 3157 899 3181 non
936 3154 1131 3181 meremur
1169 3144 1241 3181 nisi
1282 3143 1427 3181 actibus
1456 3142 1470 3173 β

407 3197 601 3235 virtutum.
632 3198 710 3235 Sed
737 3199 859 3234 facere
888 3209 1025 3246 pacem
1051 3205 1106 3234 est
1128 3197 1383 3234 meritorium:
1414 3209 1471 3233 se-

168 3261 178 3270 ·
194 3258 262 3280 vm.
278 3264 301 3285 9-
410 3250 579 3288 cundum
599 3250 691 3288 illud
710 3251 844 3287 Matth.
860 3263 884 3287 v
897 3250 937 3287 *ε
967 3251 1077 3287 Beati
1087 3251 1262 3299 pacifici.-
1290 3250 1469 3299 quoniam

397 3304 477 3351 filii
503 3305 578 3341 Dei
602 3305 848 3341 vocabuntur.
883 3305 984 3351 Ergo
1014 3316 1086 3352 pax
1116 3311 1171 3340 est
1197 3304 1327 3341 virtus.

463 3418 491 3450 α)
510 3417 631 3442 habendo
646 3424 750 3450 pacem.
768 3431 786 3436 -
804 3417 925 3442 habenda
940 3424 1009 3449 pace
1027 3418 1055 3442 P.

465 3452 489 3485 β)
510 3453 562 3478 nisi
578 3453 690 3479 actibus.
707 3466 726 3472 -
744 3453 796 3478 nisi
814 3453 840 3477 in
860 3453 961 3477 actibus
990 3453 1066 3477 PAsx
1085 3458 1111 3478 et
1122 3461 1154 3483 .a,
1174 3454 1226 3479 nisi
1245 3454 1278 3479 de
1295 3453 1397 3479 actibus
1415 3453 1470 3484 BG,

412 3488 463 3513 nisi
481 3496 519 3514 ex
536 3488 637 3514 actibus
674 3489 720 3519 sK,
738 3489 795 3513 sine
812 3488 915 3514 actibus
933 3488 950 3518 Ι,
971 3488 997 3513 in
1016 3489 1117 3514 actibus
1137 3496 1200 3521 pn.

1576 2825 1610 2862 3.
1632 2825 1866 2871 ΡκΑΕτΕκΕΑ,
1887 2825 1978 2862 vitia
1997 2825 2200 2863 virtutibus
2221 2834 2480 2875 opponuntur.
2510 2829 2588 2866 Sed

1522 2878 1789 2925 dissensiones,
1810 2889 1909 2926 quae
1939 2886 2188 2927 opponuntur
2213 2880 2310 2928 paci,
2339 2889 2590 2919 numerantur

1522 2932 1618 2968 inter
1631 2931 1738 2976 vitia3
1759 2938 1800 2968 ut
1814 2938 1919 2980 patet
1937 2932 1988 2968 ad
2000 2932 2115 2969 GaLv
2125 2932 2156 2969 *.
2178 2933 2281 2981 Ergo
2297 2945 2371 2982 pax
2386 2942 2442 2972 est
2454 2935 2587 2972 virtus,
2613 2946 2622 2956 ·

1577 2985 1652 3021 SED
1680 2995 1838 3031 CONTRA,
1867 2984 1986 3021 virtus
2015 2997 2093 3022 non
2123 2993 2179 3022 est
2206 2986 2292 3023 finis
2319 2987 2486 3035 ultimus,
2520 2988 2589 3025 sed

1521 3037 1585 3074 via
1613 3037 1651 3074 in
1684 3037 1822 3086 ipsum.
1872 3038 1950 3086 Sed
1977 3050 2052 3087 pax
2091 3046 2146 3076 est
2174 3041 2467 3088 quodammodo
2501 3040 2589 3079 finis

1522 3091 1697 3137 ultimus;
1726 3098 1767 3127 ut
1794 3091 2027 3139 Augustinus
2056 3092 2155 3139 dicit,
2177 3094 2267 3130 XIX
2290 3094 2336 3130 de
2360 3094 2439 3131 Civ.
2463 3094 2540 3131 Dei
2555 3093 2586 3131 *.

1524 3144 1626 3192 Ergo
1655 3155 1729 3192 pax
1757 3156 1835 3181 non
1866 3152 1921 3181 est
1948 3145 2079 3182 virtus.

1577 3198 1802 3234 RESPONDEO
1821 3209 2006 3235 Dicnnnum
2026 3198 2142 3248 quod,
2164 3198 2261 3236 sicut
2279 3211 2394 3249 supra
2408 3199 2428 3221 ²⁸¹
2443 3199 2587 3237 dictum

1523 3257 1589 3296 est,
1612 3263 1699 3287 cum
1721 3263 1856 3287 omnes
1875 3256 1891 3279 Υ
1912 3259 2017 3288 301115
2041 3264 2081 3289 se
2101 3251 2266 3289 invicem
2289 3260 2586 3300 consequuntur,

1523 3304 1736 3340 secundum
1757 3304 1920 3341 eandem
1945 3305 2130 3342 rationem
2150 3306 2198 3342 ab
2218 3313 2352 3353 agente
2375 3306 2588 3354 proceden-

1577 3418 1604 3451 γ)
1624 3425 1722 3443 omnes.
1739 3432 1758 3437 —
1776 3419 1853 3444 multi
1871 3419 1920 3452 pK.
1938 3433 1957 3440 -
1974 3420 2025 3445 Pro
2043 3423 2248 3453 consequuntur,
2269 3422 2466 3453 consequantur
2478 3419 2588 3444 PKLsx,

2611 2294 2706 2317 ’5.τιι.
2726 2294 2778 2317 1001.
2794 2300 2827 2322 ιι,

2638 2944 2706 2967 Ven.
2719 2950 2756 2968 20-

2615 3100 2624 3110 ·
2641 3099 2689 3128 Qu.
2703 3105 2735 3121 n.

2614 3211 2625 3222 ⁸
2671 3217 2695 3232 u.
2716 3215 2790 3232 xxvm
2801 3226 2807 3237 ,

2613 3241 2687 3264 ⁸114

2711 3273 2728 3299 Υ
