2892 4056
183 641 191 648 '
200 639 234 661 Cf.
246 646 284 667 qu.
291 646 337 661 xvn

182 665 240 687 trod.

442 1490 490 1533 §gu

335 1549 381 1566 ¹2¹·
427 1532 473 1589 ’ᾖς’
511 1559 541 1597 's
564 1548 589 1591 ’ἦ
619 1543 764 1581 timoris
794 1553 849 1582 est
877 1547 1022 1584 malum
1051 1547 1230 1595 futurum,
1250 1555 1292 1585 ut
1315 1561 1429 1598 supra
1446 1549 1467 1571 ’¹‘
1491 1546 1493 1563 ³

468 1612 475 1620 κ
499 1598 515 1620 5'
543 1605 562 1627 ν)
578 1587 788 1634 Khabitum
810 1606 876 1635 est.
899 1600 975 1636 Sed
990 1601 1095 1637 Deus
1115 1609 1171 1637 est
1191 1613 1322 1650 expers
1342 1602 1466 1639 omnis
1491 1611 1492 1618 ¹

409 1647 518 1683 mali:
549 1659 636 1686 cum
670 1650 716 1687 sit
748 1650 828 1699 ipsa
867 1653 1027 1690 bonitas.
1072 1654 1173 1702 Ergo
1203 1654 1308 1691 Deus
1345 1654 1492 1698 timeri]

1490 1715 1491 1719 ’
1520 1709 1626 1756 quod
1654 1715 1710 1745 est
1737 1709 1881 1746 malum
1911 1709 2056 1757 culpae.
2095 1707 2243 1744 Malum
2271 1715 2400 1744 autem
2427 1716 2578 1759 poenae

1490 1756 1492 1767 '
1520 1769 1576 1797 est
1608 1761 1764 1810 quidem
1798 1763 1965 1809 malum,
2002 1761 2229 1810 inquantum
2263 1759 2389 1809 privat
2423 1757 2580 1812 aliquod

434 161 503 197 138

1129 163 1393 209 QUAESTIO
1423 167 1529 213 XIX,
1558 166 1852 204 ARTICULUS
1882 169 1895 204 1

1014 341 1422 416 QUAESTIO
1459 345 1991 432 pECIMANoNA

1179 452 1268 494 DE
1309 455 1498 494 DONO
1541 454 1828 496 TIMORIS

1193 559 1228 583 IN
1255 559 1441 586 DUODECIM
1469 561 1670 586 ARTicuLos
1695 562 1812 596 Divisit

372 646 392 661 ι·
420 642 606 723 Damni:
635 631 954 668 considerandum
983 639 1038 668 est
1066 633 1112 669 de
1143 634 1245 671 dono
1278 625 1422 672 timoris
1444 635 1475 673 ³⁸.
1504 638 1506 667 Γ

501 685 548 719 Et
576 683 673 719 circa
700 685 774 720 hoc
803 694 1036 732 quaeruntur
1065 687 1280 724 duodecim.

470 736 621 772 Primo:
655 743 784 773 utrum
814 738 918 774 Deus
947 739 1084 775 debeat
1111 739 1245 777 timeri.

471 789 671 825 Secundo:
706 790 753 826 de
783 789 968 827 divisione
997 791 1141 828 timoris
1168 792 1206 830 in
1234 793 1412 831 timorem
1432 795 1476 831 fi-

520 841 657 889 lialem,
687 842 879 891 initialem,
909 843 1085 880 servilem
1115 852 1151 881 et
1179 846 1431 884 mundanum.

468 893 620 930 Tertio:
658 902 785 932 utrum
827 895 940 933 timor
979 897 1196 935 mundanus
1239 911 1392 948 semper
1429 890 1502 956 sit*³

519 947 653 983 malus.

468 999 637 1044 Quarto:
670 1007 797 1039 utrum
826 1001 953 1038 timorm
968 998 1112 1040 servilis'
1141 1004 1188 1041 sit
1215 1005 1350 1042 bonus.

468 1052 633 1098 Quinto:
677 1061 804 1091 utrum
843 1055 888 1091 sit
925 1054 1027 1092 idem
1065 1056 1102 1093 in
1141 1058 1347 1094 substantia
1385 1049 1500 1115 cumj

518 1105 632 1142 filiali.

1585 637 1720 674 Sexto:
1755 644 1880 674 utrum
1919 638 2145 676 adveniente
2183 638 2333 676 caritate
2369 639 2588 677 excludatur

1635 689 1748 726 timor
1775 690 1931 727 servilis.

1583 742 1778 790 Septimo:
1810 751 1938 780 utrum
1966 744 2079 780 timor
2112 742 2158 779 sit
2190 743 2339 780 initium
2366 743 2585 792 sapientiae.

1583 794 1755 832 Octavo:
1788 803 1916 834 utrum
1945 796 2058 833 timor
2087 795 2233 832 initialis
2255 796 2301 832 sit
2319 796 2422 833 idem
2441 797 2479 834 in
2499 798 2586 834 sub-

1633 848 1767 886 stantia
1795 861 1883 886 cum
1912 849 2047 886 timore
2077 849 2190 885 filiali.

1580 900 1718 938 Nono:
1752 908 1880 940 utrum
1899 902 2013 941 timor
2036 901 2081 940 sit
2104 900 2249 939 donum
2263 900 2584 951 'SpiritusSanctia

1578 953 1763 994 Decimo:
1780 981 1782 985 -
1798 962 1931 996 utrum
1955 963 2097 992 crescat
2125 962 2316 992 crescente
2345 954 2509 994 caritate.
2560 991 2562 993 ,

1579 1006 1815 1044 Undecimo:
1849 1015 1975 1044 utrum
2005 1016 2158 1045 maneat
2185 1008 2224 1044 in
2251 1007 2383 1056 patria.
2396 1028 2399 1038 κ

1579 1059 1839 1096 Duodecimo:
1875 1060 1966 1108 quid
1999 1061 2227 1109 respondeat
2256 1061 2289 1097 ei
2321 1060 2358 1097 in
2387 1059 2584 1097 beatitudi-

1565 1143 1567 1146 .
1631 1111 1742 1155 nibus
1771 1120 1807 1149 et
1834 1112 2027 1149 fructibus.

1219 1191 1536 1251 ARTICULUS
1566 1203 1772 1252 ptumus

1134 1293 1312 1324 UTRUM
1340 1294 1467 1325 DEUS
1495 1294 1664 1325 POSSIT
1693 1295 1864 1325 TIMERI

904 1369 928 1394 1·
947 1370 1002 1402 11⁸⁶,
1021 1378 1066 1403 qu.
1085 1378 1144 1402 xm,
1163 1376 1210 1396 art.
1233 1379 1258 1401 1;
1277 1372 1308 1396 111
1328 1372 1412 1402 Sent„
1432 1373 1489 1399 dist.
1508 1381 1589 1405 xxxiv,
1609 1381 1653 1407 qu.
1671 1381 1698 1405 ιι,
1717 1379 1765 1400 art.
1786 1381 1808 1404 2.
1828 1374 1877 1406 qu⁸
1901 1382 1920 1406 1,
1939 1375 1972 1398 ad
1992 1381 2016 1399 2.

443 1451 502 1477 χι

454 1459 496 1497 ‘Lis
528 1476 537 1482 ‘¹
544 1466 586 1498 52..

472 1502 479 1507 “
542 1495 595 1539 rar

558 1528 610 1550 Ιν.

620 1491 724 1528 Deus
743 1491 864 1528 timeri
884 1504 961 1529 non
980 1494 1110 1542 possit.
1139 1495 1342 1532 Obiectum
1365 1494 1466 1533 enirn

408 1711 487 1736 non
542 1707 648 1738 otest.

462 1763 496 1789 2.
515 1712 763 1802 13³RAET13REA,
784 1756 897 1793 timor
916 1758 995 1806 spei
1016 1759 1231 1808 opponitur.
1261 1760 1336 1797 Sed
1357 1771 1464 1810 spem

407 1806 593 1844 habemus
632 1808 678 1845 de
715 1809 812 1846 Deo.
852 1811 953 1858 Ergo
993 1823 1070 1848 non
1107 1815 1313 1861 possumus
1351 1813 1491 1850 etiam*

408 1860 520 1896 simul
542 1865 558 1881 ‘²
579 1873 667 1897 eum
696 1861 840 1899 timere.

463 1913 495 1949 3.
527 1914 767 1961 PRAETEREA‚
807 1915 902 1952 sicut
934 1916 1188 1966 Philosophus
1227 1917 1334 1966 dicit,
1364 1919 1402 1955 in
1432 1921 1463 1955 ΙΙ

263 1970 275 1984 ‘¹
299 1970 312 1985 ¹¹
337 1970 363 1985 ¹·
406 1965 513 2002 Rhet.
530 1965 561 2012 ²⁸²,
582 1966 646 2004 illa
665 1969 837 2005 timemus
859 1980 909 2006 ex
927 1969 1060 2018 quibus
1084 1970 1189 2007 nobis
1207 1971 1310 2008 mala
1327 1982 1464 2021 prove-
1489 1973 1490 1976 ’

408 2018 523 2055 niunt.
564 2020 640 2056 Sed
669 2022 768 2058 mala
803 2023 1139 2071 non‘proveniunt
1168 2023 1277 2060 nobis
1306 2035 1327 2061 a
1355 2026 1462 2071 Deo,
1488 2045 1490 2055 =

408 2071 476 2108 sed
505 2084 549 2108 ex
578 2074 688 2111 nobis
718 2075 827 2122 ipsis:
858 2076 1068 2112 secundum
1098 2076 1187 2114 illud
1217 2077 1319 2113 Osee
1347 2077 1462 2115 xi11*:
1488 2089 1489 2130 ᾗ

405 2125 567 2162 Perditio
588 2132 651 2163 tua
667 2126 692 2172 β,
710 2128 847 2165 Israel.-
867 2140 916 2164 ex
935 2141 995 2166 me
1013 2129 1198 2166 auxilium
1218 2136 1334 2166 tuum.
1360 2124 1462 2181 Ergo
1488 2155 1489 2158 =

406 2179 511 2215 Deus
539 2179 662 2216 timeri
690 2193 768 2217 non
797 2181 921 2219 debet.

460 2232 534 2269 SED
563 2245 708 2270 CONTRA
737 2245 803 2271 EST
831 2235 935 2282 quod
957 2234 1091 2272 dicitur
1112 2236 1245 2272 Ierem.
1261 2247 1285 2272 x
1301 2237 1339 2271 *τ
1372 2231 1466 2278 Quis'
1488 2222 1489 2257 ἶ

406 2303 481 2327 ηοη
509 2292 650 2327 timebit
675 2298 719 2337 te,
745 2292 777 2328 0
803 2293 891 2329 Rex
916 2293 1117 2342 gentium?
1145 2301 1181 2330 et
1209 2294 1371 2332 Malach.
1394 2293 1459 2330 1²¹²:
1488 2336 1489 2339 Ἰ

1487 2357 1489 2366 ⁴
1516 2345 1633 2382 berat.
1668 2344 1888 2382 Secundum
1914 2344 2023 2394 igitur
2041 2343 2396 2394 ‘considerationem
2414 2327 2588 2380 jugfitffii?

405 2343 448 2380 Si
472 2355 544 2394 ego
573 2345 773 2390 Dominus,
805 2345 869 2381 ubi
894 2346 1006 2382 timor
1033 2346 1165 2383 meus?

459 2397 684 2434 RESPONDEO
705 2409 888 2436 mciszJM
909 2399 1014 2447 quod
1035 2399 1130 2436 sicut
1152 2411 1238 2448 spes
1257 2400 1372 2437 habet
1395 2401 1463 2437 du-

405 2450 491 2498 plex
520 2451 725 2498 obiectum,
747 2463 913 2498 quorum
941 2464 1061 2489 unum
1093 2459 1147 2489 est
1165 2452 1290 2501 ipsum
1315 2453 1462 2490 bonum

406 2503 573 2540 futurum
613 2504 718 2541 cuius
747 2505 990 2554 adeptionem
1024 2505 1108 2553 quis
1143 2513 1332 2554 expectat,
1362 2505 1463 2546 aliud

406 2563 533 2593 autern
562 2565 618 2593 est
645 2558 823 2594 auxilium
859 2557 1014 2595 alicuius
1047 2570 1115 2607 per
1143 2570 1258 2608 quem
1293 2566 1464 2608 expectat

406 2621 445 2646 se
475 2609 631 2658 adipisci
659 2610 763 2659 quod
791 2618 935 2659 sperat;
970 2611 1020 2647 ita
1049 2611 1161 2647 etiarn
1190 2619 1227 2647 et
1254 2611 1368 2648 timor
1395 2611 1463 2648 du-

405 2663 490 2710 plex
520 2663 711 2700 obiectum
740 2664 881 2700 habere
910 2672 1044 2712 potest,
1071 2676 1233 2712 quorum
1262 2676 1381 2700 unum
1408 2671 1464 2700 est

620 1449 642 1474 D
667 1449 803 1475 PthJM
827 1450 880 1475 sic
907 1451 1147 1480 PROCEDITUR.
1178 1442 1335 1479 Videtur
1363 1443 1467 1493 quod
1492 1445 1493 1448 ’

1522 1451 1576 1479 est
1604 1443 1823 1492 simpliciter
1850 1445 2009 1490 malum,
2039 1442 2107 1480 sed
2135 1442 2348 1479 secundum
2377 1439 2483 1490 quid,
2513 1442 2581 1479 bo'-.

1520 1508 1614 1533 num
1643 1504 1770 1533 autem
1799 1496 2027 1546 simpliciter.
2058 1495 2157 1532 Cum
2187 1495 2287 1532 enim
2313 1495 2461 1532 bonum
2479 1493 2579 1532 dica-

1520 1557 1581 1586 tur
1608 1550 1646 1586 in
1675 1549 1808 1587 ordine
1828 1551 1877 1586 ad
1896 1550 2028 1597 finem,
2057 1550 2202 1586 malum
2221 1556 2348 1585 autem
2368 1547 2550 1597 importat
2563 1543 2592 1574 *f*

1519 1602 1631 1639 huius
1651 1598 1792 1640 ordinis
1820 1602 2096 1651 privationem;
2125 1601 2215 1638 illud
2243 1609 2299 1638 est
2325 1600 2471 1653 malurn
2491 1599 2591 1638 sim—i

1518 1655 1664 1703 pliciter
1700 1656 1806 1704 quod
1843 1655 2004 1693 excludit
2041 1655 2215 1692 ordinem
2253 1666 2275 1691 a
2307 1653 2385 1690 fine
2420 1652 2577 1706 ultimo,

1518 1814 1741 1862 particulare
1761 1815 1924 1852 bonum:
1955 1821 2010 1851 est
2028 1821 2157 1851 tamen
2176 1814 2323 1850 bonum
2342 1811 2562 1863 simpliciter
2583 1846 2589 1878 ς

1518 1867 1743 1915 inquantum
1772 1867 1963 1916 dependet
1989 1867 2038 1904 ab
2067 1865 2200 1904 ordine
2227 1865 2314 1903 finis
2342 1865 2476 1913 ultimi.
2504 1840 2580 1902 1:⁹3¹!z

1519 1921 1844 1971 comparationem
1864 1928 1990 1958 autern
2011 1921 2058 1958 ad
2077 1921 2205 1957 Deum
2222 1926 2350 1969 potest
2368 1919 2479 1963 nobis
2498 1924 2587 1959 ma-‘

1517 1974 1597 2010 lum
1622 1974 1755 2022 culpae
1774 1972 1788 1996 ὅ
1809 1973 2025 2023 provenire,
2054 1973 2086 2010 si
2113 1973 2161 2010 ab
2191 1984 2238 2010 eo
2265 1971 2497 2027 separemur,
2523 1972 2579 2023 Et

1517 2029 1586 2075 p'er
1604 2028 1706 2063 hunc
1726 2027 1888 2065 modum
1907 2028 2013 2065 Deus
2030 2032 2156 2076 potest
2176 2033 2211 2063 et
2231 2025 2344 2077 debet
2361 2017 2546 2063 timet-i⁴
2566 2015 2578 2072 f

1570 2082 1629 2116 An
1648 2091 1785 2117 PRIMUM
1805 2092 1903 2118 ERGO
1923 2087 2106 2118 melerinum
2125 2079 2229 2129 quod
2247 2075 2342 2138 'ratio
2363 2068 2424 2116 illa
2441 2071 2583 2134 procel

1518 2132 1571 2169 dit
1590 2133 1807 2178 secundum,
1821 2133 1925 2183 quod
1946 2134 2089 2170 malum
2105 2136 2117 2153 ²
2133 2139 2189 2169 est
2207 2130 2351 2180 timoris
2371 2131 2574 2183 obiectum.

1570 2183 1628 2222 An
1656 2197 1845 2230 SECUNDUM
1873 2196 2056 2225 menmium
2088 2185 2194 2233 quod
2221 2183 2261 2222 in
2287 2184 2372 2222 Deo
2402 2183 2458 2222 est
2486 2194 2579 2238 conss.

1517 2238 1681 2286 siderare
1712 2243 1754 2276 et
1773 2239 1963 2285 iustitiam,
1989 2238 2200 2276 secundum
2215 2249 2354 2291 [quaml
2372 2230 2597 2326 peccaptg'f).

1516 2289 1643 2339 punit;
1673 2299 1709 2328 et
1737 2292 2048 2339 misericordiam,
2069 2287 2280 2336 secuudum
2301 2282 2516 2343 ςυωηϊιόβ
2561 2283 2585 2316 -Ᾰ

1515 2397 1644 2451 ipsius,
1665 2397 1821 2446 insurgit
1847 2398 1885 2435 in
1905 2397 2015 2434 nobis
2043 2398 2176 2443 timor:
2192 2396 2416 2446 jseeund'utn
2445 2382 2587 2448 εμὲ-ΞΕ)

1517 2449 1858 2492 considerationem
1878 2450 2162 2493 misericordiae
2181 2447 2207 2501 (χ
2231 2442 2422 2500 consurgit
2449 2439 2574 2496 infiioss

1516 2502 1572 2539 bis
1591 2515 1690 2552 spes.
1720 2504 1768 2541 Et
1787 2503 1837 2540 ita
1856 2503 2067 2548 secundum
2092 2502 2262 2556 diversas
2286 2501 2448 2550 rationes
2466 2493 2586 2562 1399}ss

1516 2564 1573 2592 est
1600 2556 1791 2603 obiectum
1821 2556 1901 2606 spei
1930 2564 1966 2593 et
1992 2555 2147 2595 timoris.
2519 2548 2586 2615 ²)

1569 2611 1627 2646 An
1656 2621 1815 2646 TERTIUM
1844 2621 2026 2647 meramnum
2054 2609 2159 2659 quod
2179 2609 2322 2646 malum
2342 2607 2475 2656 culpae
2495 2611 2574 2644 non

1487 2668 1489 2672 ’
1517 2669 1572 2698 est
1599 2674 1621 2698 a
1645 2663 1730 2698 Deo
1749 2662 1844 2698 sicut
1863 2663 1911 2698 ab
1931 2670 2097 2708 auctore,
2127 2663 2194 2699 sed
2224 2669 2278 2698 est
2301 2673 2323 2697 a
2342 2660 2452 2698 nobis
2471 2659 2572 2708 ipsis,

405 2715 530 2763 ipsum
559 2717 702 2753 malum
733 2716 838 2764 quod
866 2717 986 2754 homo
1014 2717 1168 2764 refugit,
1203 2716 1304 2755 aliud
1334 2724 1461 2753 autem
1488 2735 1490 2752 l
1516 2714 1739 2762 inquantum
1760 2726 1782 2750 a
1801 2715 1885 2751 Deo
1905 2715 2130 2751 recedimus,
2161 2714 2308 2763 Malum
2333 2719 2461 2751 autem
2479 2722 2573 2765 poe-

407 2776 461 2804 est
488 2768 577 2805 illud
607 2781 628 2805 a
656 2782 733 2818 quo
763 2770 907 2806 malum
937 2769 1138 2818 provenire
1162 2777 1296 2817 potest.
1331 2769 1460 2805 Primo
1487 2766 1490 2814 l
1515 2779 1587 2803 nae
1608 2774 1663 2803 est
1682 2767 1836 2814 quidem
1867 2779 1889 2804 a
1917 2768 2002 2804 Deo
2031 2775 2185 2804 auctore
2214 2765 2435 2814 inquantum
2458 2762 2573 2802 habet

406 2821 514 2868 igitur
533 2823 651 2859 modo
681 2823 796 2868 Deus,
818 2822 882 2871 qui
903 2831 958 2859 est
978 2822 1058 2870 ipsa
1086 2822 1247 2868 bonitas,
1269 2821 1460 2858 obiectum

1488 2817 1490 2850 ῗ
1517 2818 1702 2856 rationem
1723 2820 1824 2866 boni,
1845 2827 1958 2868 prout
1977 2819 2114 2856 scilicet
2134 2826 2189 2856 est
2207 2818 2363 2855 iustum:
2385 2818 2452 2854 sed
2467 2818 2572 2865 quod

405 2873 550 2910 timoris
580 2887 661 2911 esse
691 2887 767 2911 non
788 2883 923 2923 potest.
954 2875 1030 2912 Sed
1050 2872 1219 2912 secundo
1249 2875 1366 2912 modo
1395 2887 1463 2922 po·
1488 2869 1491 2906 i
1516 2872 1609 2908 iuste
1639 2872 1749 2909 nobis
1777 2885 1902 2921 poena
1931 2872 2136 2920 infligatur,
2174 2872 2249 2908 hoc
2283 2870 2574 2919 primordialiter

406 2933 478 2962 test
511 2939 591 2963 esse
630 2928 820 2964 obiectum
858 2928 1024 2964 timoris:
1063 2928 1286 2976 inquantum
1324 2927 1464 2964 scilicet

407 2979 454 3015 ab
475 2979 569 3027 ipso,
589 2981 652 3016 vel
680 2993 748 3028 per
777 2981 1101 3029 comparationem
1121 2981 1168 3018 ad
1194 2981 1332 3029 ipsum,
1353 2980 1463 3016 nobis

407 3039 531 3079 potest
550 3032 702 3079 aliquod
724 3034 866 3069 malum
887 3033 1099 3071 imminere.
1124 3035 1184 3070 Ab
1204 3033 1287 3082 ipso
1306 3033 1463 3080 quidem

406 3092 532 3132 potest
550 3085 660 3122 nobis
688 3086 887 3122 imminere
910 3088 1052 3123 malum
1073 3099 1232 3135 poenae,
1263 3086 1367 3134 quod
1387 3097 1462 3122 non

1489 2927 1491 2970 ᾗ
1518 2937 1562 2961 ex
1599 2925 1733 2961 merito
1768 2925 1884 2962 nostri
1913 2925 2056 2973 peccati
2089 2924 2268 2972 contingit
2290 2929 2320 2960 η,
2352 2923 2572 2960 Secundum

1489 2974 1492 3016 l
1518 2990 1633 3027 quem
1663 2977 1823 3014 modum
1854 2978 1988 3015 dicitur
2007 2979 2092 3026 Sap.
2121 2977 2179 3023 1³¹⁸,
2209 2977 2312 3026 quod
2340 2977 2445 3013 Deus
2472 2987 2573 3013 mor-

1517 3036 1590 3068 tem
1618 3043 1692 3068 non
1709 3031 1816 3079 fecit,
1836 3031 1902 3068 sed
1924 3031 2030 3079 impii
2055 3030 2228 3067 manibus
2246 3035 2282 3066 et
2298 3029 2420 3066 verbis
2447 3039 2572 3065 accer-

1490 3114 1492 3119 .
1516 3085 1658 3121 sierunt
1684 3084 1799 3120 illam.

460 3201 487 3234 α)
507 3202 587 3226 etiam
606 3201 693 3227 simul.
711 3214 731 3220 -
748 3204 774 3225 et
791 3201 871 3225 simul
890 3200 1090 3228 PBDEFHLna,
1110 3200 1189 3226 simul
1207 3200 1268 3230 lxx,
1286 3208 1340 3225 om.
1359 3202 1390 3225 A.

461 3236 486 3270 β)
505 3241 559 3262 tua.
578 3250 597 3255 -
615 3243 652 3261 ex
670 3240 695 3261 te
714 3236 809 3260 addunt
828 3235 891 3260 P1sx
911 3241 936 3260 et
954 3243 985 3263 ιη
1004 3236 1037 3260 ita
1056 3244 1087 3260 sn
1106 3242 1165 3268 post
1181 3236 1271 3261 Israel.

460 3274 486 3305 γ)
507 3272 644 3304 importat.
661 3285 679 3291 ·-
698 3271 823 3303 importet
841 3271 868 3295 P.

460 3306 485 3339 ὃ)
503 3308 604 3339 culpae.
622 3321 641 3326 -
654 3313 758 3339 poenae
777 3306 844 3330 PIsA
864 3311 888 3330 et
907 3314 950 3330 xa.

460 3343 483 3375 ε)
503 3344 610 3368 malum.
626 3356 647 3362 -
664 3342 735 3375 quod
753 3341 831 3366 homo
850 3342 951 3374 refugit
970 3342 1065 3366 addunt
1085 3342 1171 3366 PlsKn
1190 3347 1215 3366 et
1233 3349 1276 3366 xa.

1566 3199 1592 3230 ζ)
1613 3198 1820 3224 misericordiae.
1831 3211 1850 3216 -
1865 3197 1946 3230 ipsius
1966 3197 2164 3222 misericordiae
2178 3196 2206 3221 Ρ.
2219 3208 2237 3215 -
2251 3195 2301 3220 Pro
2320 3195 2465 3228 consurgit,
2485 3195 2573 3220 insur-

1487 3257 1489 3268 =‚
1515 3235 1556 3268 git
1574 3234 1647 3258 ΡΗα.

1568 3270 1594 3301 η)
1613 3269 1687 3294 sed...
1706 3268 1873 3302 infligatur...
1886 3268 2025 3300 contingit.
2039 3281 2058 3287 -
2070 3266 2240 3292 secundum...
2255 3265 2392 3300 infligitur,
2411 3264 2500 3290 licet...
2510 3270 2573 3289 oon-

1488 3314 1490 3335 l
1517 3305 1606 3338 tingat
1623 3304 1655 3334 P;
1675 3305 1818 3329 secundum
1838 3304 1913 3329 etiam
1933 3303 2051 3332 DFl-lna‚·
2070 3303 2131 3327 licet
2149 3302 2226 3326 etiam
2243 3308 2270 3326 a.

2701 1556 2719 1582 Υ

2697 2455 2712 2485 ζ

2697 2939 2712 2962 ’l

2598 2986 2610 2996 ⁸
2625 2985 2690 3007 Ven-
2705 2991 2734 3013 ¹3¹
2749 2984 2782 3006 16.
