<?xml version="1.0" encoding="UTF-8"?>
<!DOCTYPE html PUBLIC "-//W3C//DTD XHTML 1.0 Transitional//EN"
    "http://www.w3.org/TR/xhtml1/DTD/xhtml1-transitional.dtd">
<html xmlns="http://www.w3.org/1999/xhtml" xml:lang="en" lang="en">
 <head>
  <title>
</title>
<meta http-equiv="Content-Type" content="text/html;charset=utf-8" />
  <meta name='ocr-system' content='tesseract 3.04.00' />
  <meta name='ocr-capabilities' content='ocr_page ocr_carea ocr_par ocr_line ocrx_word'/>
</head>
<body>
  <div class='ocr_page' id='page_1' title='image "./operaomniaiussui08thom_0060.png"; bbox 0 0 2892 4056; ppageno 0'>
   <div class='ocr_carea' id='block_1_1' title="bbox 169 1141 2660 2361">
    <p class='ocr_par' dir='ltr' id='par_1_1' title="bbox 169 1141 2660 2361">
     <span class='ocr_line' id='line_1_1' title="bbox 180 1141 2599 1198; baseline 0.004 -18"><span class='ocrx_word' id='word_1_1' title='bbox 180 1141 268 1163; x_wconf 55' lang='lat' dir='ltr'>&#39;Vm</span> <span class='ocrx_word' id='word_1_2' title='bbox 284 1142 317 1169; x_wconf 84' lang='lat'>⁵⁶·</span> <span class='ocrx_word' id='word_1_3' title='bbox 417 1145 620 1181; x_wconf 90' lang='lat' dir='ltr'>sciturum:</span> <span class='ocrx_word' id='word_1_4' title='bbox 650 1143 863 1180; x_wconf 88' lang='lat' dir='ltr'>secundum</span> <span class='ocrx_word' id='word_1_5' title='bbox 891 1143 982 1180; x_wconf 90' lang='lat' dir='ltr'>illud</span> <span class='ocrx_word' id='word_1_6' title='bbox 1003 1144 1108 1180; x_wconf 88' lang='lat' dir='ltr'>Ioan.</span> <span class='ocrx_word' id='word_1_7' title='bbox 1124 1155 1185 1180; x_wconf 76' lang='lat' dir='ltr'>vul</span> <span class='ocrx_word' id='word_1_8' title='bbox 1205 1143 1240 1178; x_wconf 61' lang='grc' dir='ltr'>*ε</span> <span class='ocrx_word' id='word_1_9' title='bbox 1270 1144 1479 1189; x_wconf 83' lang='lat' dir='ltr'>Abraham,</span> <span class='ocrx_word' id='word_1_10' title='bbox 1536 1145 1745 1192; x_wconf 88' lang='lat' dir='ltr'>perantiam</span> <span class='ocrx_word' id='word_1_11' title='bbox 1775 1158 1886 1194; x_wconf 85' lang='lat' dir='ltr'>agere</span> <span class='ocrx_word' id='word_1_12' title='bbox 1907 1147 1919 1172; x_wconf 62' lang='grc' dir='ltr'>ζ</span> <span class='ocrx_word' id='word_1_13' title='bbox 1938 1147 2103 1196; x_wconf 80' lang='lat' dir='ltr'>aliquam</span> <span class='ocrx_word' id='word_1_14' title='bbox 2132 1149 2265 1186; x_wconf 87' lang='lat' dir='ltr'>falsam</span> <span class='ocrx_word' id='word_1_15' title='bbox 2284 1150 2513 1198; x_wconf 65' lang='lat' dir='ltr'>‚opinionem</span> <span class='ocrx_word' id='word_1_16' title='bbox 2533 1151 2599 1189; x_wconf 84' lang='lat' dir='ltr'>ha-</span> 
     </span>
     <span class='ocr_line' id='line_1_2' title="bbox 272 1196 2598 1250; baseline 0.003 -16"><span class='ocrx_word' id='word_1_17' title='bbox 272 1204 289 1220; x_wconf 78' lang='lat'>0‘</span> <span class='ocrx_word' id='word_1_18' title='bbox 409 1203 522 1246; x_wconf 86' lang='lat' dir='ltr'>pater</span> <span class='ocrx_word' id='word_1_19' title='bbox 540 1203 670 1243; x_wconf 81' lang='lat' dir='ltr'>vester,</span> <span class='ocrx_word' id='word_1_20' title='bbox 687 1196 869 1233; x_wconf 82' lang='lat' dir='ltr'>exultavit</span> <span class='ocrx_word' id='word_1_21' title='bbox 887 1202 925 1232; x_wconf 89' lang='lat' dir='ltr'>ut</span> <span class='ocrx_word' id='word_1_22' title='bbox 942 1196 1084 1233; x_wconf 75' lang='lat' dir='ltr'>videret</span> <span class='ocrx_word' id='word_1_23' title='bbox 1097 1196 1194 1232; x_wconf 81' lang='lat' dir='ltr'>diem</span> <span class='ocrx_word' id='word_1_24' title='bbox 1209 1208 1335 1232; x_wconf 88' lang='lat' dir='ltr'>meum</span> <span class='ocrx_word' id='word_1_25' title='bbox 1352 1201 1380 1232; x_wconf 73' lang='lat'>⁴².</span> <span class='ocrx_word' id='word_1_26' title='bbox 1404 1197 1480 1233; x_wconf 91' lang='lat' dir='ltr'>Sed</span> <span class='ocrx_word' id='word_1_27' title='bbox 1536 1198 1631 1234; x_wconf 90' lang='lat' dir='ltr'>bens</span> <span class='ocrx_word' id='word_1_28' title='bbox 1659 1198 1707 1234; x_wconf 93' lang='lat' dir='ltr'>de</span> <span class='ocrx_word' id='word_1_29' title='bbox 1735 1211 1782 1236; x_wconf 91' lang='lat' dir='ltr'>eo</span> <span class='ocrx_word' id='word_1_30' title='bbox 1818 1199 1915 1240; x_wconf 83' lang='lat' dir='ltr'>circa</span> <span class='ocrx_word' id='word_1_31' title='bbox 1946 1201 2053 1248; x_wconf 92' lang='lat' dir='ltr'>quod</span> <span class='ocrx_word' id='word_1_32' title='bbox 2086 1201 2170 1248; x_wconf 85' lang='lat' dir='ltr'>agit.</span> <span class='ocrx_word' id='word_1_33' title='bbox 2202 1202 2251 1238; x_wconf 94' lang='lat' dir='ltr'>Et</span> <span class='ocrx_word' id='word_1_34' title='bbox 2282 1202 2349 1250; x_wconf 87' lang='lat' dir='ltr'>ita,</span> <span class='ocrx_word' id='word_1_35' title='bbox 2384 1210 2473 1241; x_wconf 86' lang='lat' dir='ltr'>cum</span> <span class='ocrx_word' id='word_1_36' title='bbox 2500 1203 2598 1242; x_wconf 80' lang='lat' dir='ltr'>fides</span> 
     </span>
     <span class='ocr_line' id='line_1_3' title="bbox 414 1249 2598 1306; baseline 0.004 -19"><span class='ocrx_word' id='word_1_37' title='bbox 414 1258 502 1299; x_wconf 92' lang='lat' dir='ltr'>post</span> <span class='ocrx_word' id='word_1_38' title='bbox 520 1258 672 1299; x_wconf 89' lang='lat' dir='ltr'>tempus</span> <span class='ocrx_word' id='word_1_39' title='bbox 689 1250 866 1286; x_wconf 84' lang='lat' dir='ltr'>Abrahae</span> <span class='ocrx_word' id='word_1_40' title='bbox 887 1250 993 1285; x_wconf 89' lang='lat' dir='ltr'>Deus</span> <span class='ocrx_word' id='word_1_41' title='bbox 1012 1255 1161 1297; x_wconf 89' lang='lat' dir='ltr'>poterat</span> <span class='ocrx_word' id='word_1_42' title='bbox 1179 1261 1258 1284; x_wconf 92' lang='lat' dir='ltr'>non</span> <span class='ocrx_word' id='word_1_43' title='bbox 1278 1249 1479 1295; x_wconf 83' lang='lat' dir='ltr'>incarnari,</span> <span class='ocrx_word' id='word_1_44' title='bbox 1535 1250 1706 1298; x_wconf 89' lang='lat' dir='ltr'>perficiat</span> <span class='ocrx_word' id='word_1_45' title='bbox 1738 1251 1984 1299; x_wconf 89' lang='lat' dir='ltr'>intellectum,</span> <span class='ocrx_word' id='word_1_46' title='bbox 2021 1265 2108 1301; x_wconf 91' lang='lat' dir='ltr'>spes</span> <span class='ocrx_word' id='word_1_47' title='bbox 2140 1262 2267 1290; x_wconf 91' lang='lat' dir='ltr'>autem</span> <span class='ocrx_word' id='word_1_48' title='bbox 2303 1263 2339 1291; x_wconf 91' lang='lat' dir='ltr'>et</span> <span class='ocrx_word' id='word_1_49' title='bbox 2372 1255 2505 1295; x_wconf 82' lang='lat' dir='ltr'>caritas</span> <span class='ocrx_word' id='word_1_50' title='bbox 2532 1270 2598 1306; x_wconf 83' lang='lat' dir='ltr'>ap-</span> 
     </span>
     <span class='ocr_line' id='line_1_4' title="bbox 415 1301 2561 1351; baseline 0.003 -11"><span class='ocrx_word' id='word_1_51' title='bbox 415 1304 496 1340; x_wconf 92' lang='lat' dir='ltr'>sola</span> <span class='ocrx_word' id='word_1_52' title='bbox 525 1304 626 1340; x_wconf 91' lang='lat' dir='ltr'>enim</span> <span class='ocrx_word' id='word_1_53' title='bbox 661 1315 731 1339; x_wconf 90' lang='lat' dir='ltr'>sua</span> <span class='ocrx_word' id='word_1_54' title='bbox 757 1304 953 1340; x_wconf 91' lang='lat' dir='ltr'>voluntate</span> <span class='ocrx_word' id='word_1_55' title='bbox 988 1313 1141 1338; x_wconf 91' lang='lat' dir='ltr'>carnem</span> <span class='ocrx_word' id='word_1_56' title='bbox 1168 1301 1329 1349; x_wconf 82' lang='lat' dir='ltr'>accepit:</span> <span class='ocrx_word' id='word_1_57' title='bbox 1366 1309 1403 1338; x_wconf 89' lang='lat' dir='ltr'>et</span> <span class='ocrx_word' id='word_1_58' title='bbox 1429 1301 1479 1338; x_wconf 91' lang='lat' dir='ltr'>ita</span> <span class='ocrx_word' id='word_1_59' title='bbox 1535 1302 1730 1351; x_wconf 88' lang='lat' dir='ltr'>petitivam</span> <span class='ocrx_word' id='word_1_60' title='bbox 1759 1312 1917 1351; x_wconf 87' lang='lat' dir='ltr'>partem,</span> <span class='ocrx_word' id='word_1_61' title='bbox 1946 1317 2025 1342; x_wconf 92' lang='lat' dir='ltr'>non</span> <span class='ocrx_word' id='word_1_62' title='bbox 2053 1313 2109 1342; x_wconf 91' lang='lat' dir='ltr'>est</span> <span class='ocrx_word' id='word_1_63' title='bbox 2136 1306 2268 1343; x_wconf 89' lang='lat' dir='ltr'>similis</span> <span class='ocrx_word' id='word_1_64' title='bbox 2295 1307 2390 1344; x_wconf 90' lang='lat' dir='ltr'>ratio</span> <span class='ocrx_word' id='word_1_65' title='bbox 2419 1309 2467 1345; x_wconf 91' lang='lat' dir='ltr'>de</span> <span class='ocrx_word' id='word_1_66' title='bbox 2497 1309 2561 1347; x_wconf 80' lang='lat' dir='ltr'>eis.</span> 
     </span>
     <span class='ocr_line' id='line_1_5' title="bbox 415 1353 2599 1406; baseline 0.003 -13"><span class='ocrx_word' id='word_1_67' title='bbox 415 1364 513 1393; x_wconf 86' lang='lat' dir='ltr'>esset</span> <span class='ocrx_word' id='word_1_68' title='bbox 540 1357 675 1393; x_wconf 87' lang='lat' dir='ltr'>falsum</span> <span class='ocrx_word' id='word_1_69' title='bbox 704 1356 808 1403; x_wconf 89' lang='lat' dir='ltr'>quod</span> <span class='ocrx_word' id='word_1_70' title='bbox 826 1355 1025 1391; x_wconf 90' lang='lat' dir='ltr'>Abraham</span> <span class='ocrx_word' id='word_1_71' title='bbox 1055 1354 1101 1390; x_wconf 94' lang='lat' dir='ltr'>de</span> <span class='ocrx_word' id='word_1_72' title='bbox 1127 1353 1278 1391; x_wconf 90' lang='lat' dir='ltr'>Christo</span> <span class='ocrx_word' id='word_1_73' title='bbox 1308 1354 1477 1391; x_wconf 87' lang='lat' dir='ltr'>credidit.</span> <span class='ocrx_word' id='word_1_74' title='bbox 1504 1395 1506 1401; x_wconf 33' lang='lat'><strong><em>¹</em></strong></span> <span class='ocrx_word' id='word_1_75' title='bbox 1587 1356 1636 1392; x_wconf 91' lang='lat' dir='ltr'>Et</span> <span class='ocrx_word' id='word_1_76' title='bbox 1651 1362 1803 1393; x_wconf 68' lang='lat' dir='ltr'>tamen’¹</span> <span class='ocrx_word' id='word_1_77' title='bbox 1820 1369 1944 1405; x_wconf 92' lang='lat' dir='ltr'>neque</span> <span class='ocrx_word' id='word_1_78' title='bbox 1960 1358 2074 1395; x_wconf 89' lang='lat' dir='ltr'>etiam</span> <span class='ocrx_word' id='word_1_79' title='bbox 2091 1359 2173 1406; x_wconf 92' lang='lat' dir='ltr'>spei</span> <span class='ocrx_word' id='word_1_80' title='bbox 2187 1360 2318 1397; x_wconf 87' lang='lat' dir='ltr'>subest</span> <span class='ocrx_word' id='word_1_81' title='bbox 2335 1360 2483 1398; x_wconf 86' lang='lat' dir='ltr'>falsum.</span> <span class='ocrx_word' id='word_1_82' title='bbox 2506 1362 2599 1400; x_wconf 63' lang='lat' dir='ltr'>Non</span> 
     </span>
     <span class='ocr_line' id='line_1_6' title="bbox 414 1407 2599 1459; baseline 0.003 -13"><span class='ocrx_word' id='word_1_83' title='bbox 414 1410 515 1456; x_wconf 88' lang='lat' dir='ltr'>Ergo</span> <span class='ocrx_word' id='word_1_84' title='bbox 544 1409 634 1446; x_wconf 87' lang='lat' dir='ltr'>fidei</span> <span class='ocrx_word' id='word_1_85' title='bbox 662 1415 787 1456; x_wconf 90' lang='lat' dir='ltr'>potest</span> <span class='ocrx_word' id='word_1_86' title='bbox 815 1407 971 1444; x_wconf 89' lang='lat' dir='ltr'><strong>subesse</strong></span> <span class='ocrx_word' id='word_1_87' title='bbox 1001 1407 1150 1443; x_wconf 87' lang='lat' dir='ltr'>falsum.</span> <span class='ocrx_word' id='word_1_88' title='bbox 1339 1432 1343 1437; x_wconf 80' lang='lat'><em>-</em></span> <span class='ocrx_word' id='word_1_89' title='bbox 1535 1408 1636 1445; x_wconf 92' lang='lat' dir='ltr'>enim</span> <span class='ocrx_word' id='word_1_90' title='bbox 1665 1409 1798 1459; x_wconf 89' lang='lat' dir='ltr'>aliquis</span> <span class='ocrx_word' id='word_1_91' title='bbox 1821 1418 1945 1458; x_wconf 88' lang='lat' dir='ltr'>sperat</span> <span class='ocrx_word' id='word_1_92' title='bbox 1965 1423 2005 1448; x_wconf 90' lang='lat' dir='ltr'>se</span> <span class='ocrx_word' id='word_1_93' title='bbox 2025 1411 2243 1449; x_wconf 89' lang='lat' dir='ltr'>habiturum</span> <span class='ocrx_word' id='word_1_94' title='bbox 2263 1412 2382 1451; x_wconf 84' lang='lat' dir='ltr'>vitam</span> <span class='ocrx_word' id='word_1_95' title='bbox 2402 1420 2599 1453; x_wconf 81' lang='lat' dir='ltr'><strong>aeternam</strong></span> 
     </span>
     <span class='ocr_line' id='line_1_7' title="bbox 468 1460 2599 1513; baseline 0.003 -14"><span class='ocrx_word' id='word_1_96' title='bbox 468 1463 501 1499; x_wconf 90' lang='lat'>3.</span> <span class='ocrx_word' id='word_1_97' title='bbox 523 1463 755 1507; x_wconf 80' lang='lat' dir='ltr'>PRAETEREA‚</span> <span class='ocrx_word' id='word_1_98' title='bbox 777 1460 874 1498; x_wconf 91' lang='lat' dir='ltr'>fides</span> <span class='ocrx_word' id='word_1_99' title='bbox 895 1460 1139 1508; x_wconf 89' lang='lat' dir='ltr'>antiquorum</span> <span class='ocrx_word' id='word_1_100' title='bbox 1159 1460 1228 1496; x_wconf 85' lang='lat' dir='ltr'>fuit</span> <span class='ocrx_word' id='word_1_101' title='bbox 1247 1460 1352 1508; x_wconf 87' lang='lat' dir='ltr'>quod</span> <span class='ocrx_word' id='word_1_102' title='bbox 1369 1460 1477 1497; x_wconf 88' lang='lat' dir='ltr'>Chri-</span> <span class='ocrx_word' id='word_1_103' title='bbox 1534 1461 1745 1499; x_wconf 76' lang='lat' dir='ltr'>secundu‘m</span> <span class='ocrx_word' id='word_1_104' title='bbox 1769 1462 1964 1512; x_wconf 83' lang='lat' dir='ltr'>propriam</span> <span class='ocrx_word' id='word_1_105' title='bbox 1992 1471 2219 1513; x_wconf 80' lang='lat' dir='ltr'>potestatem</span> <span class='ocrx_word' id='word_1_106' title='bbox 2247 1466 2338 1512; x_wconf 85' lang='lat' dir='ltr'>(hoc</span> <span class='ocrx_word' id='word_1_107' title='bbox 2367 1467 2485 1504; x_wconf 46' lang='lat' dir='ltr'>enim*</span> <span class='ocrx_word' id='word_1_108' title='bbox 2501 1474 2599 1506; x_wconf 69' lang='lat' dir='ltr'>esset</span> 
     </span>
     <span class='ocr_line' id='line_1_8' title="bbox 413 1513 2597 1567; baseline 0.003 -15"><span class='ocrx_word' id='word_1_109' title='bbox 413 1523 491 1552; x_wconf 88' lang='lat' dir='ltr'>stus</span> <span class='ocrx_word' id='word_1_110' title='bbox 526 1523 623 1552; x_wconf 90' lang='lat' dir='ltr'>esset</span> <span class='ocrx_word' id='word_1_111' title='bbox 655 1514 884 1560; x_wconf 90' lang='lat' dir='ltr'>nasciturus,</span> <span class='ocrx_word' id='word_1_112' title='bbox 925 1520 961 1549; x_wconf 93' lang='lat' dir='ltr'>et</span> <span class='ocrx_word' id='word_1_113' title='bbox 996 1514 1092 1552; x_wconf 88' lang='lat' dir='ltr'>haec</span> <span class='ocrx_word' id='word_1_114' title='bbox 1127 1513 1224 1550; x_wconf 91' lang='lat' dir='ltr'>fides</span> <span class='ocrx_word' id='word_1_115' title='bbox 1262 1513 1412 1551; x_wconf 88' lang='lat' dir='ltr'>duravit</span> <span class='ocrx_word' id='word_1_116' title='bbox 1439 1513 1476 1551; x_wconf 95' lang='lat' dir='ltr'>in</span> <span class='ocrx_word' id='word_1_117' title='bbox 1533 1515 1878 1564; x_wconf 82' lang='lat' dir='ltr'>praesumptionis),</span> <span class='ocrx_word' id='word_1_118' title='bbox 1899 1517 1966 1554; x_wconf 93' lang='lat' dir='ltr'>sed</span> <span class='ocrx_word' id='word_1_119' title='bbox 1991 1517 2204 1555; x_wconf 91' lang='lat' dir='ltr'>secundum</span> <span class='ocrx_word' id='word_1_120' title='bbox 2233 1518 2413 1556; x_wconf 78' lang='lat' dir='ltr'>auxilium</span> <span class='ocrx_word' id='word_1_121' title='bbox 2438 1521 2597 1567; x_wconf 70' lang='lat' dir='ltr'>gratiae:</span> 
     </span>
     <span class='ocr_line' id='line_1_9' title="bbox 413 1566 2595 1617; baseline 0.003 -12"><span class='ocrx_word' id='word_1_122' title='bbox 413 1568 540 1605; x_wconf 89' lang='lat' dir='ltr'>multis</span> <span class='ocrx_word' id='word_1_123' title='bbox 569 1580 691 1615; x_wconf 91' lang='lat' dir='ltr'>usque</span> <span class='ocrx_word' id='word_1_124' title='bbox 724 1567 773 1605; x_wconf 89' lang='lat' dir='ltr'>ad</span> <span class='ocrx_word' id='word_1_125' title='bbox 805 1566 1125 1615; x_wconf 84' lang='lat' dir='ltr'>praedicationem</span> <span class='ocrx_word' id='word_1_126' title='bbox 1154 1566 1364 1614; x_wconf 84' lang='lat' dir='ltr'>Evangelii.</span> <span class='ocrx_word' id='word_1_127' title='bbox 1400 1567 1478 1605; x_wconf 90' lang='lat' dir='ltr'>Sed</span> <span class='ocrx_word' id='word_1_128' title='bbox 1533 1567 1571 1605; x_wconf 92' lang='lat' dir='ltr'>in</span> <span class='ocrx_word' id='word_1_129' title='bbox 1599 1580 1674 1616; x_wconf 91' lang='lat' dir='ltr'>qua</span> <span class='ocrx_word' id='word_1_130' title='bbox 1702 1568 1732 1605; x_wconf 90' lang='lat' dir='ltr'>si</span> <span class='ocrx_word' id='word_1_131' title='bbox 1761 1570 2084 1617; x_wconf 86' lang='lat' dir='ltr'>perseveraverit,</span> <span class='ocrx_word' id='word_1_132' title='bbox 2124 1571 2285 1608; x_wconf 87' lang='lat' dir='ltr'>omnino</span> <span class='ocrx_word' id='word_1_133' title='bbox 2317 1571 2556 1611; x_wconf 80' lang='lat' dir='ltr'>infallibiliter</span> <span class='ocrx_word' id='word_1_134' title='bbox 2580 1566 2595 1595; x_wconf 65' lang='grc' dir='ltr'>’θ</span> 
     </span>
     <span class='ocr_line' id='line_1_10' title="bbox 274 1611 2597 1671; baseline 0.003 -13"><span class='ocrx_word' id='word_1_135' title='bbox 274 1611 288 1645; x_wconf 71' lang='grc' dir='ltr'><strong>β</strong></span> <span class='ocrx_word' id='word_1_136' title='bbox 413 1621 562 1658; x_wconf 88' lang='lat' dir='ltr'>Christo</span> <span class='ocrx_word' id='word_1_137' title='bbox 592 1621 667 1657; x_wconf 89' lang='lat' dir='ltr'>iam</span> <span class='ocrx_word' id='word_1_138' title='bbox 702 1628 811 1666; x_wconf 88' lang='lat' dir='ltr'>nato,</span> <span class='ocrx_word' id='word_1_139' title='bbox 854 1627 1061 1667; x_wconf 87' lang='lat' dir='ltr'>antequam</span> <span class='ocrx_word' id='word_1_140' title='bbox 1091 1618 1105 1648; x_wconf 74' lang='grc' dir='ltr'>β</span> <span class='ocrx_word' id='word_1_141' title='bbox 1130 1619 1351 1667; x_wconf 90' lang='lat' dir='ltr'>praedicare</span> <span class='ocrx_word' id='word_1_142' title='bbox 1389 1620 1477 1657; x_wconf 90' lang='lat' dir='ltr'>inci·</span> <span class='ocrx_word' id='word_1_143' title='bbox 1532 1621 1649 1657; x_wconf 87' lang='lat' dir='ltr'>vitam</span> <span class='ocrx_word' id='word_1_144' title='bbox 1669 1628 1864 1658; x_wconf 86' lang='lat' dir='ltr'>aeternam</span> <span class='ocrx_word' id='word_1_145' title='bbox 1893 1631 2159 1671; x_wconf 85' lang='lat' dir='ltr'>consequetur.</span> <span class='ocrx_word' id='word_1_146' title='bbox 2176 1644 2200 1652; x_wconf 94' lang='lat'>-</span> <span class='ocrx_word' id='word_1_147' title='bbox 2216 1624 2395 1663; x_wconf 87' lang='lat' dir='ltr'>Similiter</span> <span class='ocrx_word' id='word_1_148' title='bbox 2412 1626 2526 1664; x_wconf 81' lang='lat' dir='ltr'>etiam</span> <span class='ocrx_word' id='word_1_149' title='bbox 2546 1626 2597 1664; x_wconf 85' lang='lat' dir='ltr'>ad</span> 
     </span>
     <span class='ocr_line' id='line_1_11' title="bbox 410 1672 2596 1728; baseline 0.004 -18"><span class='ocrx_word' id='word_1_150' title='bbox 410 1682 537 1723; x_wconf 86' lang='lat' dir='ltr'>peret,</span> <span class='ocrx_word' id='word_1_151' title='bbox 575 1674 710 1710; x_wconf 89' lang='lat' dir='ltr'>falsum</span> <span class='ocrx_word' id='word_1_152' title='bbox 750 1680 829 1709; x_wconf 90' lang='lat' dir='ltr'>erat</span> <span class='ocrx_word' id='word_1_153' title='bbox 858 1673 1052 1710; x_wconf 90' lang='lat' dir='ltr'>Christum</span> <span class='ocrx_word' id='word_1_154' title='bbox 1087 1672 1333 1710; x_wconf 88' lang='lat' dir='ltr'>nasciturum.</span> <span class='ocrx_word' id='word_1_155' title='bbox 1373 1674 1475 1721; x_wconf 85' lang='lat' dir='ltr'>Ergo</span> <span class='ocrx_word' id='word_1_156' title='bbox 1532 1674 1724 1710; x_wconf 87' lang='lat' dir='ltr'>caritatem</span> <span class='ocrx_word' id='word_1_157' title='bbox 1753 1675 1915 1723; x_wconf 91' lang='lat' dir='ltr'>pertinet</span> <span class='ocrx_word' id='word_1_158' title='bbox 1943 1676 2095 1724; x_wconf 88' lang='lat' dir='ltr'>diligere</span> <span class='ocrx_word' id='word_1_159' title='bbox 2124 1677 2253 1714; x_wconf 93' lang='lat' dir='ltr'>Deum</span> <span class='ocrx_word' id='word_1_160' title='bbox 2281 1677 2320 1714; x_wconf 88' lang='lat' dir='ltr'>in</span> <span class='ocrx_word' id='word_1_161' title='bbox 2347 1685 2596 1728; x_wconf 79' lang='lat' dir='ltr'>quocumque</span> 
     </span>
     <span class='ocr_line' id='line_1_12' title="bbox 411 1726 2597 1775; baseline 0.004 -11"><span class='ocrx_word' id='word_1_162' title='bbox 411 1727 500 1764; x_wconf 91' lang='lat' dir='ltr'>fidei</span> <span class='ocrx_word' id='word_1_163' title='bbox 530 1735 654 1775; x_wconf 91' lang='lat' dir='ltr'>potest</span> <span class='ocrx_word' id='word_1_164' title='bbox 682 1727 839 1763; x_wconf 88' lang='lat' dir='ltr'>subesse</span> <span class='ocrx_word' id='word_1_165' title='bbox 867 1726 1031 1766; x_wconf 62' lang='lat' dir='ltr'>falsum„</span> <span class='ocrx_word' id='word_1_166' title='bbox 1532 1727 1651 1763; x_wconf 85' lang='lat' dir='ltr'>fuerit.</span> <span class='ocrx_word' id='word_1_167' title='bbox 1689 1727 1800 1765; x_wconf 89' lang='lat' dir='ltr'>Unde</span> <span class='ocrx_word' id='word_1_168' title='bbox 1822 1730 1908 1765; x_wconf 74' lang='lat' dir='ltr'>&#39;non</span> <span class='ocrx_word' id='word_1_169' title='bbox 1938 1729 2049 1766; x_wconf 86' lang='lat' dir='ltr'>refert</span> <span class='ocrx_word' id='word_1_170' title='bbox 2086 1731 2134 1766; x_wconf 90' lang='lat' dir='ltr'>ad</span> <span class='ocrx_word' id='word_1_171' title='bbox 2170 1729 2363 1768; x_wconf 87' lang='lat' dir='ltr'>caritatem</span> <span class='ocrx_word' id='word_1_172' title='bbox 2401 1732 2597 1772; x_wconf 51' lang='lat' dir='ltr'>nnumin</span> 
     </span>
     <span class='ocr_line' id='line_1_13' title="bbox 462 1777 2575 1831; baseline 0.002 -15"><span class='ocrx_word' id='word_1_173' title='bbox 462 1793 499 1827; x_wconf 92' lang='lat'>4.</span> <span class='ocrx_word' id='word_1_174' title='bbox 527 1781 762 1827; x_wconf 50' lang='lat' dir='ltr'>Praemium,</span> <span class='ocrx_word' id='word_1_175' title='bbox 783 1791 904 1816; x_wconf 87' lang='lat' dir='ltr'>unum</span> <span class='ocrx_word' id='word_1_176' title='bbox 921 1780 973 1816; x_wconf 89' lang='lat' dir='ltr'>de</span> <span class='ocrx_word' id='word_1_177' title='bbox 992 1777 1266 1826; x_wconf 88' lang='lat' dir='ltr'>pertinentibus</span> <span class='ocrx_word' id='word_1_178' title='bbox 1286 1778 1335 1816; x_wconf 91' lang='lat' dir='ltr'>ad</span> <span class='ocrx_word' id='word_1_179' title='bbox 1355 1779 1475 1816; x_wconf 88' lang='lat' dir='ltr'>fidem</span> <span class='ocrx_word' id='word_1_180' title='bbox 1532 1779 1601 1816; x_wconf 93' lang='lat' dir='ltr'>isto</span> <span class='ocrx_word' id='word_1_181' title='bbox 1622 1780 1668 1816; x_wconf 91' lang='lat' dir='ltr'>sit</span> <span class='ocrx_word' id='word_1_182' title='bbox 1687 1781 1794 1816; x_wconf 89' lang='lat' dir='ltr'>Deus</span> <span class='ocrx_word' id='word_1_183' title='bbox 1812 1781 1877 1829; x_wconf 89' lang='lat' dir='ltr'>qui</span> <span class='ocrx_word' id='word_1_184' title='bbox 1896 1789 2052 1831; x_wconf 89' lang='lat' dir='ltr'>propter</span> <span class='ocrx_word' id='word_1_185' title='bbox 2072 1782 2200 1819; x_wconf 91' lang='lat' dir='ltr'>Deum</span> <span class='ocrx_word' id='word_1_186' title='bbox 2221 1782 2393 1831; x_wconf 79' lang='lat' dir='ltr'>diligitur.</span> <span class='ocrx_word' id='word_1_187' title='bbox 2573 1791 2575 1793; x_wconf 83' lang='lat'>&#39;</span> 
     </span>
     <span class='ocr_line' id='line_1_14' title="bbox 411 1832 2660 1883; baseline 0.001 -13"><span class='ocrx_word' id='word_1_188' title='bbox 411 1841 466 1870; x_wconf 92' lang='lat' dir='ltr'>est</span> <span class='ocrx_word' id='word_1_189' title='bbox 493 1841 534 1870; x_wconf 92' lang='lat' dir='ltr'>ut</span> <span class='ocrx_word' id='word_1_190' title='bbox 562 1833 696 1881; x_wconf 88' lang='lat' dir='ltr'>aliquis</span> <span class='ocrx_word' id='word_1_191' title='bbox 725 1832 853 1869; x_wconf 89' lang='lat' dir='ltr'>credat</span> <span class='ocrx_word' id='word_1_192' title='bbox 881 1833 952 1868; x_wconf 91' lang='lat' dir='ltr'>sub</span> <span class='ocrx_word' id='word_1_193' title='bbox 976 1832 1224 1870; x_wconf 86' lang='lat' dir='ltr'>Sacramento</span> <span class='ocrx_word' id='word_1_194' title='bbox 1245 1832 1382 1869; x_wconf 91' lang='lat' dir='ltr'>Altaris</span> <span class='ocrx_word' id='word_1_195' title='bbox 1410 1845 1476 1869; x_wconf 87' lang='lat' dir='ltr'>ve·</span> <span class='ocrx_word' id='word_1_196' title='bbox 1583 1835 1642 1870; x_wconf 79' lang='lat' dir='ltr'>An</span> <span class='ocrx_word' id='word_1_197' title='bbox 1671 1844 1862 1871; x_wconf 74' lang='lat' dir='ltr'>SECUNDUM</span> <span class='ocrx_word' id='word_1_198' title='bbox 1890 1845 2076 1872; x_wconf 70' lang='lat' dir='ltr'>mceunuu</span> <span class='ocrx_word' id='word_1_199' title='bbox 2103 1835 2210 1883; x_wconf 91' lang='lat' dir='ltr'>quod</span> <span class='ocrx_word' id='word_1_200' title='bbox 2228 1836 2356 1874; x_wconf 89' lang='lat' dir='ltr'>Deum</span> <span class='ocrx_word' id='word_1_201' title='bbox 2375 1848 2454 1875; x_wconf 89' lang='lat' dir='ltr'>non</span> <span class='ocrx_word' id='word_1_202' title='bbox 2473 1837 2595 1877; x_wconf 60' lang='lat' dir='ltr'>incar..</span> <span class='ocrx_word' id='word_1_203' title='bbox 2659 1843 2660 1847; x_wconf 75' lang='grc'>’</span> 
     </span>
     <span class='ocr_line' id='line_1_15' title="bbox 410 1885 2595 1938; baseline 0.002 -15"><span class='ocrx_word' id='word_1_204' title='bbox 410 1899 496 1923; x_wconf 90' lang='lat' dir='ltr'>rum</span> <span class='ocrx_word' id='word_1_205' title='bbox 525 1898 663 1934; x_wconf 90' lang='lat' dir='ltr'>corpus</span> <span class='ocrx_word' id='word_1_206' title='bbox 684 1885 821 1922; x_wconf 89' lang='lat' dir='ltr'>Christi</span> <span class='ocrx_word' id='word_1_207' title='bbox 851 1885 1046 1922; x_wconf 90' lang='lat' dir='ltr'>contineri.</span> <span class='ocrx_word' id='word_1_208' title='bbox 1078 1886 1209 1922; x_wconf 86' lang='lat' dir='ltr'>Potest</span> <span class='ocrx_word' id='word_1_209' title='bbox 1236 1893 1364 1922; x_wconf 87' lang='lat' dir='ltr'>autern</span> <span class='ocrx_word' id='word_1_210' title='bbox 1386 1898 1475 1923; x_wconf 93' lang='lat' dir='ltr'>con-</span> <span class='ocrx_word' id='word_1_211' title='bbox 1531 1885 1631 1932; x_wconf 89' lang='lat' dir='ltr'>nari,</span> <span class='ocrx_word' id='word_1_212' title='bbox 1666 1887 1879 1924; x_wconf 87' lang='lat' dir='ltr'>secundum</span> <span class='ocrx_word' id='word_1_213' title='bbox 1909 1899 1949 1924; x_wconf 92' lang='lat' dir='ltr'>se</span> <span class='ocrx_word' id='word_1_214' title='bbox 1979 1887 2279 1935; x_wconf 88' lang='lat' dir='ltr'>consideratum,</span> <span class='ocrx_word' id='word_1_215' title='bbox 2315 1889 2383 1926; x_wconf 87' lang='lat' dir='ltr'>fuit</span> <span class='ocrx_word' id='word_1_216' title='bbox 2413 1890 2595 1938; x_wconf 83' lang='lat' dir='ltr'>possibile</span> 
     </span>
     <span class='ocr_line' id='line_1_16' title="bbox 409 1937 2595 1991; baseline 0.002 -15"><span class='ocrx_word' id='word_1_217' title='bbox 409 1940 562 1987; x_wconf 84' lang='lat' dir='ltr'>tingere,</span> <span class='ocrx_word' id='word_1_218' title='bbox 585 1938 740 1986; x_wconf 91' lang='lat' dir='ltr'>quando</span> <span class='ocrx_word' id='word_1_219' title='bbox 760 1951 838 1976; x_wconf 92' lang='lat' dir='ltr'>non</span> <span class='ocrx_word' id='word_1_220' title='bbox 858 1946 958 1976; x_wconf 86' lang='lat' dir='ltr'>recte</span> <span class='ocrx_word' id='word_1_221' title='bbox 987 1945 1240 1984; x_wconf 89' lang='lat' dir='ltr'>consecratur,</span> <span class='ocrx_word' id='word_1_222' title='bbox 1262 1938 1367 1987; x_wconf 90' lang='lat' dir='ltr'>quod</span> <span class='ocrx_word' id='word_1_223' title='bbox 1396 1951 1475 1977; x_wconf 91' lang='lat' dir='ltr'>non</span> <span class='ocrx_word' id='word_1_224' title='bbox 1531 1939 1644 1975; x_wconf 89' lang='lat' dir='ltr'>etiam</span> <span class='ocrx_word' id='word_1_225' title='bbox 1665 1947 1752 1987; x_wconf 89' lang='lat' dir='ltr'>post</span> <span class='ocrx_word' id='word_1_226' title='bbox 1769 1947 1922 1988; x_wconf 91' lang='lat' dir='ltr'>tempus</span> <span class='ocrx_word' id='word_1_227' title='bbox 1941 1941 2131 1978; x_wconf 92' lang='lat' dir='ltr'>Abrahae.</span> <span class='ocrx_word' id='word_1_228' title='bbox 2158 1941 2236 1978; x_wconf 91' lang='lat' dir='ltr'>Sed</span> <span class='ocrx_word' id='word_1_229' title='bbox 2254 1942 2468 1981; x_wconf 78' lang='lat' dir='ltr'>secundum</span> <span class='ocrx_word' id='word_1_230' title='bbox 2488 1937 2595 1991; x_wconf 79' lang='lat' dir='ltr'>quod</span> 
     </span>
     <span class='ocr_line' id='line_1_17' title="bbox 411 1991 2595 2044; baseline 0.003 -15"><span class='ocrx_word' id='word_1_231' title='bbox 411 2000 465 2029; x_wconf 89' lang='lat' dir='ltr'>est</span> <span class='ocrx_word' id='word_1_232' title='bbox 492 1992 543 2029; x_wconf 90' lang='lat' dir='ltr'>ibi</span> <span class='ocrx_word' id='word_1_233' title='bbox 571 2004 708 2029; x_wconf 90' lang='lat' dir='ltr'>verum</span> <span class='ocrx_word' id='word_1_234' title='bbox 744 2004 883 2040; x_wconf 89' lang='lat' dir='ltr'>corpus</span> <span class='ocrx_word' id='word_1_235' title='bbox 913 1991 1067 2038; x_wconf 86' lang='lat' dir='ltr'>Christi,</span> <span class='ocrx_word' id='word_1_236' title='bbox 1102 1991 1168 2028; x_wconf 87' lang='lat' dir='ltr'>sed</span> <span class='ocrx_word' id='word_1_237' title='bbox 1198 1991 1323 2028; x_wconf 89' lang='lat' dir='ltr'>solum</span> <span class='ocrx_word' id='word_1_238' title='bbox 1350 1992 1471 2041; x_wconf 91' lang='lat' dir='ltr'>panis.</span> <span class='ocrx_word' id='word_1_239' title='bbox 1530 1992 1628 2029; x_wconf 88' lang='lat' dir='ltr'>cadit</span> <span class='ocrx_word' id='word_1_240' title='bbox 1666 1993 1737 2030; x_wconf 93' lang='lat' dir='ltr'>sub</span> <span class='ocrx_word' id='word_1_241' title='bbox 1773 1993 2024 2042; x_wconf 86' lang='lat' dir='ltr'>praescientia</span> <span class='ocrx_word' id='word_1_242' title='bbox 2061 1993 2209 2041; x_wconf 86' lang='lat' dir='ltr'>divina,</span> <span class='ocrx_word' id='word_1_243' title='bbox 2247 1995 2364 2035; x_wconf 86' lang='lat' dir='ltr'>habet</span> <span class='ocrx_word' id='word_1_244' title='bbox 2394 1997 2595 2044; x_wconf 71' lang='lat' dir='ltr'>quandam</span> 
     </span>
     <span class='ocr_line' id='line_1_18' title="bbox 409 2045 2596 2094; baseline 0.002 -12"><span class='ocrx_word' id='word_1_245' title='bbox 409 2047 511 2093; x_wconf 88' lang='lat' dir='ltr'>Ergo</span> <span class='ocrx_word' id='word_1_246' title='bbox 540 2045 631 2083; x_wconf 91' lang='lat' dir='ltr'>fidei</span> <span class='ocrx_word' id='word_1_247' title='bbox 659 2052 783 2094; x_wconf 90' lang='lat' dir='ltr'>potest</span> <span class='ocrx_word' id='word_1_248' title='bbox 811 2046 968 2082; x_wconf 89' lang='lat' dir='ltr'>subesse</span> <span class='ocrx_word' id='word_1_249' title='bbox 997 2045 1146 2081; x_wconf 83' lang='lat' dir='ltr'>falsum.</span> <span class='ocrx_word' id='word_1_250' title='bbox 1528 2045 1793 2085; x_wconf 85' lang='lat' dir='ltr'>necessitatem</span> <span class='ocrx_word' id='word_1_251' title='bbox 1821 2046 2100 2094; x_wconf 82' lang='lat' dir='ltr'>infallibilitatis,</span> <span class='ocrx_word' id='word_1_252' title='bbox 2128 2054 2170 2085; x_wconf 86' lang='lat' dir='ltr'>ut</span> <span class='ocrx_word' id='word_1_253' title='bbox 2195 2047 2235 2084; x_wconf 90' lang='lat' dir='ltr'>in</span> <span class='ocrx_word' id='word_1_254' title='bbox 2261 2047 2391 2090; x_wconf 80' lang='lat' dir='ltr'>Primo</span> <span class='ocrx_word' id='word_1_255' title='bbox 2412 2050 2432 2071; x_wconf 79' lang='grc'><em>*</em></span> <span class='ocrx_word' id='word_1_256' title='bbox 2453 2049 2596 2090; x_wconf 70' lang='lat' dir='ltr'>dietum</span> 
     </span>
     <span class='ocr_line' id='line_1_19' title="bbox 462 2097 2594 2151; baseline 0.002 -16"><span class='ocrx_word' id='word_1_257' title='bbox 462 2100 536 2135; x_wconf 79' lang='lat' dir='ltr'>SED</span> <span class='ocrx_word' id='word_1_258' title='bbox 566 2110 724 2144; x_wconf 83' lang='lat' dir='ltr'>CONTRA,</span> <span class='ocrx_word' id='word_1_259' title='bbox 753 2099 854 2135; x_wconf 90' lang='lat' dir='ltr'>nulla</span> <span class='ocrx_word' id='word_1_260' title='bbox 873 2098 991 2135; x_wconf 89' lang='lat' dir='ltr'>virtus</span> <span class='ocrx_word' id='word_1_261' title='bbox 1020 2097 1222 2145; x_wconf 91' lang='lat' dir='ltr'>perficiens</span> <span class='ocrx_word' id='word_1_262' title='bbox 1242 2097 1472 2135; x_wconf 88' lang='lat' dir='ltr'>intellectum</span> <span class='ocrx_word' id='word_1_263' title='bbox 1529 2106 1595 2135; x_wconf 93' lang='lat' dir='ltr'>est.</span> <span class='ocrx_word' id='word_1_264' title='bbox 1634 2099 1683 2135; x_wconf 91' lang='lat' dir='ltr'>Et</span> <span class='ocrx_word' id='word_1_265' title='bbox 1709 2100 1784 2136; x_wconf 90' lang='lat' dir='ltr'>hoc</span> <span class='ocrx_word' id='word_1_266' title='bbox 1814 2099 1933 2136; x_wconf 92' lang='lat' dir='ltr'>modo</span> <span class='ocrx_word' id='word_1_267' title='bbox 1966 2099 2066 2137; x_wconf 91' lang='lat' dir='ltr'>cadit</span> <span class='ocrx_word' id='word_1_268' title='bbox 2101 2100 2173 2139; x_wconf 90' lang='lat' dir='ltr'>sub</span> <span class='ocrx_word' id='word_1_269' title='bbox 2202 2099 2291 2138; x_wconf 89' lang='lat' dir='ltr'>fide.</span> <span class='ocrx_word' id='word_1_270' title='bbox 2328 2101 2448 2142; x_wconf 72' lang='lat' dir='ltr'>Unde</span> <span class='ocrx_word' id='word_1_271' title='bbox 2480 2110 2594 2151; x_wconf 78' lang='lat' dir='ltr'>prout</span> 
     </span>
     <span class='ocr_line' id='line_1_20' title="bbox 409 2150 2573 2204; baseline 0.001 -16"><span class='ocrx_word' id='word_1_272' title='bbox 409 2164 448 2188; x_wconf 88' lang='lat' dir='ltr'>se</span> <span class='ocrx_word' id='word_1_273' title='bbox 468 2152 583 2188; x_wconf 88' lang='lat' dir='ltr'>habet</span> <span class='ocrx_word' id='word_1_274' title='bbox 602 2152 649 2188; x_wconf 91' lang='lat' dir='ltr'>ad</span> <span class='ocrx_word' id='word_1_275' title='bbox 671 2152 807 2188; x_wconf 87' lang='lat' dir='ltr'>falsum</span> <span class='ocrx_word' id='word_1_276' title='bbox 827 2151 1039 2188; x_wconf 88' lang='lat' dir='ltr'>secundum</span> <span class='ocrx_word' id='word_1_277' title='bbox 1060 2150 1167 2198; x_wconf 91' lang='lat' dir='ltr'>quod</span> <span class='ocrx_word' id='word_1_278' title='bbox 1183 2158 1238 2187; x_wconf 93' lang='lat' dir='ltr'>est</span> <span class='ocrx_word' id='word_1_279' title='bbox 1253 2152 1398 2188; x_wconf 89' lang='lat' dir='ltr'>malum</span> <span class='ocrx_word' id='word_1_280' title='bbox 1418 2151 1472 2194; x_wconf 56' lang='lat' dir='ltr'>ine</span> <span class='ocrx_word' id='word_1_281' title='bbox 1528 2151 1627 2188; x_wconf 91' lang='lat' dir='ltr'>cadit</span> <span class='ocrx_word' id='word_1_282' title='bbox 1644 2152 1716 2191; x_wconf 87' lang='lat' dir='ltr'>sub</span> <span class='ocrx_word' id='word_1_283' title='bbox 1735 2152 1827 2199; x_wconf 87' lang='lat' dir='ltr'>fide,</span> <span class='ocrx_word' id='word_1_284' title='bbox 1847 2165 1926 2190; x_wconf 92' lang='lat' dir='ltr'>non</span> <span class='ocrx_word' id='word_1_285' title='bbox 1945 2159 2071 2202; x_wconf 88' lang='lat' dir='ltr'>potest</span> <span class='ocrx_word' id='word_1_286' title='bbox 2091 2164 2173 2190; x_wconf 87' lang='lat' dir='ltr'>esse</span> <span class='ocrx_word' id='word_1_287' title='bbox 2193 2153 2354 2204; x_wconf 33' lang='lat' dir='ltr'>falsumgss</span> <span class='ocrx_word' id='word_1_288' title='bbox 2383 2175 2387 2180; x_wconf 78' lang='lat'><em>‚</em></span> <span class='ocrx_word' id='word_1_289' title='bbox 2476 2163 2478 2165; x_wconf 87' lang='grc'><strong><em>·</em></strong></span> <span class='ocrx_word' id='word_1_290' title='bbox 2507 2173 2512 2178; x_wconf 89' lang='grc'><em>·</em></span> <span class='ocrx_word' id='word_1_291' title='bbox 2568 2163 2573 2196; x_wconf 76' lang='lat' dir='ltr'>j</span> 
     </span>
     <span class='ocr_line' id='line_1_21' title="bbox 170 2201 2592 2254; baseline 0.002 -13"><span class='ocrx_word' id='word_1_292' title='bbox 170 2201 380 2250; x_wconf 54' lang='lat' dir='ltr'>&#39;6‚‘?{1{=s,‡{&#39;122f‚1313</span> <span class='ocrx_word' id='word_1_293' title='bbox 408 2206 592 2241; x_wconf 90' lang='lat' dir='ltr'>tellectus:</span> <span class='ocrx_word' id='word_1_294' title='bbox 613 2212 654 2241; x_wconf 89' lang='lat' dir='ltr'>ut</span> <span class='ocrx_word' id='word_1_295' title='bbox 674 2212 777 2253; x_wconf 89' lang='lat' dir='ltr'>patet</span> <span class='ocrx_word' id='word_1_296' title='bbox 796 2217 865 2252; x_wconf 91' lang='lat' dir='ltr'>per</span> <span class='ocrx_word' id='word_1_297' title='bbox 888 2204 1180 2252; x_wconf 84' lang='lat' dir='ltr'>Philosophum,</span> <span class='ocrx_word' id='word_1_298' title='bbox 1202 2203 1238 2240; x_wconf 91' lang='lat' dir='ltr'>in</span> <span class='ocrx_word' id='word_1_299' title='bbox 1256 2203 1306 2240; x_wconf 95' lang='lat' dir='ltr'>VI</span> <span class='ocrx_word' id='word_1_300' title='bbox 1322 2204 1473 2242; x_wconf 68' lang='lat' dir='ltr'>Ethic.³¹e</span> <span class='ocrx_word' id='word_1_301' title='bbox 1524 2236 1528 2239; x_wconf 95' lang='lat'>.</span> <span class='ocrx_word' id='word_1_302' title='bbox 1580 2207 1638 2240; x_wconf 84' lang='lat' dir='ltr'>AD</span> <span class='ocrx_word' id='word_1_303' title='bbox 1666 2217 1826 2243; x_wconf 79' lang='lat' dir='ltr'>TERTIUM</span> <span class='ocrx_word' id='word_1_304' title='bbox 1855 2217 2039 2243; x_wconf 67' lang='lat' dir='ltr'>mel-:unum</span> <span class='ocrx_word' id='word_1_305' title='bbox 2068 2205 2173 2254; x_wconf 90' lang='lat' dir='ltr'>quod</span> <span class='ocrx_word' id='word_1_306' title='bbox 2202 2207 2277 2243; x_wconf 91' lang='lat' dir='ltr'>hoc</span> <span class='ocrx_word' id='word_1_307' title='bbox 2296 2207 2345 2244; x_wconf 90' lang='lat' dir='ltr'>ad</span> <span class='ocrx_word' id='word_1_308' title='bbox 2365 2207 2482 2245; x_wconf 88' lang='lat' dir='ltr'>fidem</span> <span class='ocrx_word' id='word_1_309' title='bbox 2514 2219 2592 2245; x_wconf 93' lang='lat' dir='ltr'>cre-</span> 
     </span>
     <span class='ocr_line' id='line_1_22' title="bbox 409 2257 2591 2310; baseline 0.002 -17"><span class='ocrx_word' id='word_1_310' title='bbox 409 2258 485 2294; x_wconf 89' lang='lat' dir='ltr'>Sed</span> <span class='ocrx_word' id='word_1_311' title='bbox 513 2258 610 2294; x_wconf 91' lang='lat' dir='ltr'>fides</span> <span class='ocrx_word' id='word_1_312' title='bbox 640 2265 695 2293; x_wconf 90' lang='lat' dir='ltr'>est</span> <span class='ocrx_word' id='word_1_313' title='bbox 723 2258 914 2305; x_wconf 88' lang='lat' dir='ltr'>quaedam</span> <span class='ocrx_word' id='word_1_314' title='bbox 943 2257 1063 2293; x_wconf 88' lang='lat' dir='ltr'>virtus</span> <span class='ocrx_word' id='word_1_315' title='bbox 1097 2257 1300 2305; x_wconf 87' lang='lat' dir='ltr'>perficiens</span> <span class='ocrx_word' id='word_1_316' title='bbox 1329 2257 1470 2294; x_wconf 90' lang='lat' dir='ltr'>intelle·</span> <span class='ocrx_word' id='word_1_317' title='bbox 1528 2257 1649 2294; x_wconf 91' lang='lat' dir='ltr'>dentis</span> <span class='ocrx_word' id='word_1_318' title='bbox 1682 2258 1896 2307; x_wconf 85' lang='lat' dir='ltr'>pertinebat</span> <span class='ocrx_word' id='word_1_319' title='bbox 1931 2266 2018 2307; x_wconf 93' lang='lat' dir='ltr'>post</span> <span class='ocrx_word' id='word_1_320' title='bbox 2047 2258 2185 2295; x_wconf 89' lang='lat' dir='ltr'>Christi</span> <span class='ocrx_word' id='word_1_321' title='bbox 2222 2259 2457 2298; x_wconf 71' lang='lat' dir='ltr'>nativitatem</span> <span class='ocrx_word' id='word_1_322' title='bbox 2487 2261 2591 2310; x_wconf 92' lang='lat' dir='ltr'>quod</span> 
     </span>
     <span class='ocr_line' id='line_1_23' title="bbox 169 2309 2592 2361; baseline 0.002 -15"><span class='ocrx_word' id='word_1_323' title='bbox 169 2310 251 2336; x_wconf 61' lang='grc' dir='ltr'>’ΨΜ</span> <span class='ocrx_word' id='word_1_324' title='bbox 287 2314 380 2338; x_wconf 63' lang='lat'>³“²³⁵·</span> <span class='ocrx_word' id='word_1_325' title='bbox 408 2319 523 2358; x_wconf 84' lang='lat' dir='ltr'>ctum,</span> <span class='ocrx_word' id='word_1_326' title='bbox 543 2318 584 2346; x_wconf 91' lang='lat' dir='ltr'>ut</span> <span class='ocrx_word' id='word_1_327' title='bbox 612 2310 707 2347; x_wconf 85' lang='lat' dir='ltr'>infra</span> <span class='ocrx_word' id='word_1_328' title='bbox 726 2311 746 2332; x_wconf 74' lang='lat'>‘¹‘</span> <span class='ocrx_word' id='word_1_329' title='bbox 765 2310 917 2359; x_wconf 86' lang='lat' dir='ltr'>patebit.</span> <span class='ocrx_word' id='word_1_330' title='bbox 948 2311 1050 2358; x_wconf 89' lang='lat' dir='ltr'>Ergo</span> <span class='ocrx_word' id='word_1_331' title='bbox 1072 2309 1106 2346; x_wconf 90' lang='lat' dir='ltr'>ei</span> <span class='ocrx_word' id='word_1_332' title='bbox 1125 2322 1204 2346; x_wconf 93' lang='lat' dir='ltr'>non</span> <span class='ocrx_word' id='word_1_333' title='bbox 1231 2317 1356 2359; x_wconf 89' lang='lat' dir='ltr'>potest</span> <span class='ocrx_word' id='word_1_334' title='bbox 1383 2311 1471 2347; x_wconf 91' lang='lat' dir='ltr'>sub·</span> <span class='ocrx_word' id='word_1_335' title='bbox 1528 2311 1697 2348; x_wconf 89' lang='lat' dir='ltr'>crederet</span> <span class='ocrx_word' id='word_1_336' title='bbox 1725 2323 1815 2348; x_wconf 89' lang='lat' dir='ltr'>eum</span> <span class='ocrx_word' id='word_1_337' title='bbox 1844 2312 2078 2361; x_wconf 90' lang='lat' dir='ltr'>quandoque</span> <span class='ocrx_word' id='word_1_338' title='bbox 2107 2311 2223 2351; x_wconf 91' lang='lat' dir='ltr'>nasci.</span> <span class='ocrx_word' id='word_1_339' title='bbox 2275 2313 2353 2358; x_wconf 84' lang='lat' dir='ltr'>Sed</span> <span class='ocrx_word' id='word_1_340' title='bbox 2381 2313 2443 2350; x_wconf 90' lang='lat' dir='ltr'>illa</span> <span class='ocrx_word' id='word_1_341' title='bbox 2472 2314 2592 2351; x_wconf 88' lang='lat' dir='ltr'>deter-</span> 
     </span>
    </p>
   </div>
   <div class='ocr_carea' id='block_1_2' title="bbox 437 211 1888 259">
    <p class='ocr_par' dir='ltr' id='par_1_2' title="bbox 437 211 1888 259">
     <span class='ocr_line' id='line_1_24' title="bbox 437 211 1888 259; baseline 0.007 -17"><span class='ocrx_word' id='word_1_342' title='bbox 437 219 478 243; x_wconf 87' lang='lat'>12</span> <span class='ocrx_word' id='word_1_343' title='bbox 1156 211 1421 256; x_wconf 85' lang='lat' dir='ltr'>QUAESTIO</span> <span class='ocrx_word' id='word_1_344' title='bbox 1454 214 1484 259; x_wconf 79' lang='grc' dir='ltr'>Ι,</span> <span class='ocrx_word' id='word_1_345' title='bbox 1514 215 1810 251; x_wconf 85' lang='lat' dir='ltr'>ARTICULUS</span> <span class='ocrx_word' id='word_1_346' title='bbox 1840 218 1888 251; x_wconf 91' lang='lat' dir='ltr'>lll</span> 
     </span>
    </p>
   </div>
   <div class='ocr_carea' id='block_1_3' title="bbox 1085 345 1945 481">
    <p class='ocr_par' dir='ltr' id='par_1_3' title="bbox 1085 345 1945 481">
     <span class='ocr_line' id='line_1_25' title="bbox 1227 345 1801 390; baseline 0.007 -4"><span class='ocrx_word' id='word_1_347' title='bbox 1227 345 1544 388; x_wconf 88' lang='lat' dir='ltr'>ARTICULUS</span> <span class='ocrx_word' id='word_1_348' title='bbox 1574 347 1801 390; x_wconf 88' lang='lat' dir='ltr'>TERTIUS</span> 
     </span>
     <span class='ocr_line' id='line_1_26' title="bbox 1085 445 1945 481; baseline 0.007 -6"><span class='ocrx_word' id='word_1_349' title='bbox 1085 445 1239 476; x_wconf 85' lang='lat' dir='ltr'>UTRUM</span> <span class='ocrx_word' id='word_1_350' title='bbox 1263 445 1377 476; x_wconf 81' lang='lat' dir='ltr'>FIDEI</span> <span class='ocrx_word' id='word_1_351' title='bbox 1402 447 1547 478; x_wconf 58' lang='lat' dir='ltr'>possm</span> <span class='ocrx_word' id='word_1_352' title='bbox 1571 448 1750 480; x_wconf 87' lang='lat' dir='ltr'>SUBESSE</span> <span class='ocrx_word' id='word_1_353' title='bbox 1775 450 1945 481; x_wconf 83' lang='lat' dir='ltr'>FALSUM</span> 
     </span>
    </p>
   </div>
   <div class='ocr_carea' id='block_1_4' title="bbox 1253 533 1776 569">
    <p class='ocr_par' dir='ltr' id='par_1_4' title="bbox 1253 533 1776 569">
     <span class='ocr_line' id='line_1_27' title="bbox 1253 533 1776 569; baseline 0.008 -12"><span class='ocrx_word' id='word_1_354' title='bbox 1253 533 1283 557; x_wconf 84' lang='grc' dir='ltr'>ΠΙ</span> <span class='ocrx_word' id='word_1_355' title='bbox 1305 533 1387 564; x_wconf 66' lang='lat' dir='ltr'>Sem„</span> <span class='ocrx_word' id='word_1_356' title='bbox 1409 535 1468 560; x_wconf 86' lang='lat' dir='ltr'>dist.</span> <span class='ocrx_word' id='word_1_357' title='bbox 1486 543 1551 565; x_wconf 77' lang='lat' dir='ltr'>xxiv,</span> <span class='ocrx_word' id='word_1_358' title='bbox 1572 541 1618 561; x_wconf 89' lang='lat' dir='ltr'>art.</span> <span class='ocrx_word' id='word_1_359' title='bbox 1643 544 1663 566; x_wconf 88' lang='lat'>1,</span> <span class='ocrx_word' id='word_1_360' title='bbox 1683 537 1732 569; x_wconf 73' lang='lat' dir='ltr'>qu‘²</span> <span class='ocrx_word' id='word_1_361' title='bbox 1753 537 1776 561; x_wconf 78' lang='lat'>3.</span> 
     </span>
    </p>
   </div>
   <div class='ocr_carea' id='block_1_5' title="bbox 418 613 2600 1088">
    <p class='ocr_par' dir='ltr' id='par_1_5' title="bbox 450 613 2599 718">
     <span class='ocr_line' id='line_1_28' title="bbox 468 613 2599 672; baseline 0.007 -26"><span class='ocrx_word' id='word_1_362' title='bbox 468 639 480 646; x_wconf 73' lang='lat'>..</span> <span class='ocrx_word' id='word_1_363' title='bbox 548 639 581 658; x_wconf 46' lang='lat' dir='ltr'>„s</span> <span class='ocrx_word' id='word_1_364' title='bbox 634 626 656 650; x_wconf 84' lang='lat' dir='ltr'>D</span> <span class='ocrx_word' id='word_1_365' title='bbox 676 625 835 650; x_wconf 81' lang='lat' dir='ltr'>TERT1UM</span> <span class='ocrx_word' id='word_1_366' title='bbox 854 625 906 649; x_wconf 77' lang='lat' dir='ltr'>su:</span> <span class='ocrx_word' id='word_1_367' title='bbox 927 624 1166 650; x_wconf 83' lang='lat' dir='ltr'>PROCEDlTUR.</span> <span class='ocrx_word' id='word_1_368' title='bbox 1196 613 1357 650; x_wconf 90' lang='lat' dir='ltr'>Videtur</span> <span class='ocrx_word' id='word_1_369' title='bbox 1380 615 1485 662; x_wconf 87' lang='lat' dir='ltr'>quod</span> <span class='ocrx_word' id='word_1_370' title='bbox 1510 615 1513 672; x_wconf 62' lang='grc' dir='ltr'>ξ</span> <span class='ocrx_word' id='word_1_371' title='bbox 1541 615 1651 652; x_wconf 89' lang='lat' dir='ltr'>Unde</span> <span class='ocrx_word' id='word_1_372' title='bbox 1681 617 1901 665; x_wconf 89' lang='lat' dir='ltr'>relinquitur</span> <span class='ocrx_word' id='word_1_373' title='bbox 1920 624 1930 639; x_wconf 66' lang='grc'>’-</span> <span class='ocrx_word' id='word_1_374' title='bbox 1950 619 2055 667; x_wconf 88' lang='lat' dir='ltr'>quod</span> <span class='ocrx_word' id='word_1_375' title='bbox 2086 620 2175 656; x_wconf 84' lang='lat' dir='ltr'>fidei</span> <span class='ocrx_word' id='word_1_376' title='bbox 2195 631 2273 657; x_wconf 90' lang='lat' dir='ltr'>non</span> <span class='ocrx_word' id='word_1_377' title='bbox 2292 629 2417 670; x_wconf 78' lang='lat' dir='ltr'>potest</span> <span class='ocrx_word' id='word_1_378' title='bbox 2443 624 2599 662; x_wconf 86' lang='lat' dir='ltr'>subesse</span> 
     </span>
     <span class='ocr_line' id='line_1_29' title="bbox 450 638 2544 718; baseline 0.005 -18"><span class='ocrx_word' id='word_1_379' title='bbox 450 659 502 714; x_wconf 58' lang='grc' dir='ltr'>ᾖξεν</span> <span class='ocrx_word' id='word_1_380' title='bbox 545 638 609 718; x_wconf 40' lang='lat'>¹²25</span> <span class='ocrx_word' id='word_1_381' title='bbox 633 666 722 703; x_wconf 91' lang='lat' dir='ltr'>fidei</span> <span class='ocrx_word' id='word_1_382' title='bbox 742 665 860 714; x_wconf 91' lang='lat' dir='ltr'>possit</span> <span class='ocrx_word' id='word_1_383' title='bbox 889 666 1043 702; x_wconf 91' lang='lat' dir='ltr'>subesse</span> <span class='ocrx_word' id='word_1_384' title='bbox 1070 666 1219 703; x_wconf 86' lang='lat' dir='ltr'>falsum.</span> <span class='ocrx_word' id='word_1_385' title='bbox 1250 666 1363 703; x_wconf 91' lang='lat' dir='ltr'>Fides</span> <span class='ocrx_word' id='word_1_386' title='bbox 1384 667 1485 704; x_wconf 89' lang='lat' dir='ltr'>enim</span> <span class='ocrx_word' id='word_1_387' title='bbox 1511 674 1513 696; x_wconf 61' lang='grc' dir='ltr'>Ι</span> <span class='ocrx_word' id='word_1_388' title='bbox 1541 668 1694 716; x_wconf 89' lang='lat' dir='ltr'>aliquod</span> <span class='ocrx_word' id='word_1_389' title='bbox 1722 670 1870 709; x_wconf 84' lang='lat' dir='ltr'>falsum.</span> <span class='ocrx_word' id='word_1_390' title='bbox 2512 674 2513 678; x_wconf 74' lang='grc'>’</span> <span class='ocrx_word' id='word_1_391' title='bbox 2542 698 2544 701; x_wconf 91' lang='grc'><strong>-</strong></span> 
     </span>
    </p>

    <p class='ocr_par' dir='ltr' id='par_1_6' title="bbox 418 695 2600 1088">
     <span class='ocr_line' id='line_1_30' title="bbox 436 695 2598 775; baseline 0.005 -20"><span class='ocrx_word' id='word_1_392' title='bbox 436 695 887 771; x_wconf 31' lang='grc' dir='ltr'>’(νχμεοῃάἰνίἀίωτ</span> <span class='ocrx_word' id='word_1_393' title='bbox 919 719 999 766; x_wconf 88' lang='lat' dir='ltr'>spei</span> <span class='ocrx_word' id='word_1_394' title='bbox 1035 726 1071 755; x_wconf 91' lang='lat' dir='ltr'>et</span> <span class='ocrx_word' id='word_1_395' title='bbox 1105 718 1258 756; x_wconf 89' lang='lat' dir='ltr'>caritati.</span> <span class='ocrx_word' id='word_1_396' title='bbox 1294 719 1371 757; x_wconf 91' lang='lat' dir='ltr'>Sed</span> <span class='ocrx_word' id='word_1_397' title='bbox 1405 719 1486 768; x_wconf 90' lang='lat' dir='ltr'>spei</span> <span class='ocrx_word' id='word_1_398' title='bbox 1591 723 1652 758; x_wconf 79' lang='lat' dir='ltr'>Ab</span> <span class='ocrx_word' id='word_1_399' title='bbox 1680 734 1818 761; x_wconf 64' lang='lat' dir='ltr'>ramum</span> <span class='ocrx_word' id='word_1_400' title='bbox 1844 735 1942 761; x_wconf 81' lang='lat' dir='ltr'>ERGO</span> <span class='ocrx_word' id='word_1_401' title='bbox 1971 736 2156 762; x_wconf 71' lang='lat' dir='ltr'>DicENDUM</span> <span class='ocrx_word' id='word_1_402' title='bbox 2185 726 2311 773; x_wconf 88' lang='lat' dir='ltr'>quod,</span> <span class='ocrx_word' id='word_1_403' title='bbox 2347 725 2598 775; x_wconf 61' lang='lat' dir='ltr'>quieverum</span> 
     </span>
     <span class='ocr_line' id='line_1_31' title="bbox 435 750 2599 824; baseline 0.007 -21"><span class='ocrx_word' id='word_1_404' title='bbox 435 750 452 781; x_wconf 34' lang='grc' dir='ltr'>ᾗ</span> <span class='ocrx_word' id='word_1_405' title='bbox 475 766 756 821; x_wconf 51' lang='lat' dir='ltr'>“Npotest</span> <span class='ocrx_word' id='word_1_406' title='bbox 794 771 934 818; x_wconf 90' lang='lat' dir='ltr'>aliquid</span> <span class='ocrx_word' id='word_1_407' title='bbox 979 772 1134 808; x_wconf 86' lang='lat' dir='ltr'>subesse</span> <span class='ocrx_word' id='word_1_408' title='bbox 1171 772 1334 809; x_wconf 80' lang='lat' dir='ltr'>falsum:</span> <span class='ocrx_word' id='word_1_409' title='bbox 1378 773 1485 810; x_wconf 87' lang='lat' dir='ltr'>multi</span> <span class='ocrx_word' id='word_1_410' title='bbox 1541 781 1596 810; x_wconf 89' lang='lat' dir='ltr'>est</span> <span class='ocrx_word' id='word_1_411' title='bbox 1628 775 1775 812; x_wconf 86' lang='lat' dir='ltr'>bonurn</span> <span class='ocrx_word' id='word_1_412' title='bbox 1811 776 2042 824; x_wconf 88' lang='lat' dir='ltr'>intellectus,</span> <span class='ocrx_word' id='word_1_413' title='bbox 2081 791 2159 815; x_wconf 91' lang='lat' dir='ltr'>non</span> <span class='ocrx_word' id='word_1_414' title='bbox 2196 780 2324 816; x_wconf 81' lang='lat' dir='ltr'>autem</span> <span class='ocrx_word' id='word_1_415' title='bbox 2362 786 2418 819; x_wconf 84' lang='lat' dir='ltr'>est</span> <span class='ocrx_word' id='word_1_416' title='bbox 2439 773 2599 819; x_wconf 67' lang='lat' dir='ltr'>&#39;bonum</span> 
     </span>
     <span class='ocr_line' id='line_1_32' title="bbox 421 824 2599 881; baseline 0.004 -18"><span class='ocrx_word' id='word_1_417' title='bbox 421 827 521 863; x_wconf 90' lang='lat' dir='ltr'>enim</span> <span class='ocrx_word' id='word_1_418' title='bbox 551 833 703 874; x_wconf 87' lang='lat' dir='ltr'>sperant</span> <span class='ocrx_word' id='word_1_419' title='bbox 737 837 776 860; x_wconf 92' lang='lat' dir='ltr'>se</span> <span class='ocrx_word' id='word_1_420' title='bbox 810 824 1006 861; x_wconf 89' lang='lat' dir='ltr'>habituros</span> <span class='ocrx_word' id='word_1_421' title='bbox 1033 825 1152 862; x_wconf 89' lang='lat' dir='ltr'>vitam</span> <span class='ocrx_word' id='word_1_422' title='bbox 1191 833 1384 862; x_wconf 89' lang='lat' dir='ltr'>aeternam</span> <span class='ocrx_word' id='word_1_423' title='bbox 1419 825 1484 874; x_wconf 89' lang='lat' dir='ltr'>qui</span> <span class='ocrx_word' id='word_1_424' title='bbox 1539 827 1768 875; x_wconf 79' lang='lat' dir='ltr'>appetitivae</span> <span class='ocrx_word' id='word_1_425' title='bbox 1805 829 1973 876; x_wconf 86' lang='lat' dir='ltr'>virtutis,</span> <span class='ocrx_word' id='word_1_426' title='bbox 2011 831 2099 867; x_wconf 87' lang='lat' dir='ltr'>ideo</span> <span class='ocrx_word' id='word_1_427' title='bbox 2138 844 2273 868; x_wconf 90' lang='lat' dir='ltr'>omnes</span> <span class='ocrx_word' id='word_1_428' title='bbox 2308 832 2464 870; x_wconf 82' lang='lat' dir='ltr'>virtutes</span> <span class='ocrx_word' id='word_1_429' title='bbox 2501 845 2599 881; x_wconf 79' lang='lat' dir='ltr'>quae</span> 
     </span>
     <span class='ocr_line' id='line_1_33' title="bbox 419 877 2599 927; baseline 0.004 -11"><span class='ocrx_word' id='word_1_430' title='bbox 419 893 496 916; x_wconf 92' lang='lat' dir='ltr'>non</span> <span class='ocrx_word' id='word_1_431' title='bbox 525 880 732 916; x_wconf 88' lang='lat' dir='ltr'>habebunt.</span> <span class='ocrx_word' id='word_1_432' title='bbox 773 877 950 914; x_wconf 87' lang='lat' dir='ltr'>Similiter</span> <span class='ocrx_word' id='word_1_433' title='bbox 979 877 1093 915; x_wconf 90' lang='lat' dir='ltr'>etiam</span> <span class='ocrx_word' id='word_1_434' title='bbox 1124 885 1159 915; x_wconf 93' lang='lat' dir='ltr'>et</span> <span class='ocrx_word' id='word_1_435' title='bbox 1188 878 1344 915; x_wconf 84' lang='lat' dir='ltr'>caritati:</span> <span class='ocrx_word' id='word_1_436' title='bbox 1376 879 1482 915; x_wconf 90' lang='lat' dir='ltr'>multi</span> <span class='ocrx_word' id='word_1_437' title='bbox 1538 881 1740 927; x_wconf 86' lang='lat' dir='ltr'>perficiunt</span> <span class='ocrx_word' id='word_1_438' title='bbox 1767 881 1996 920; x_wconf 89' lang='lat' dir='ltr'>intellectum</span> <span class='ocrx_word' id='word_1_439' title='bbox 2022 884 2224 922; x_wconf 81' lang='lat' dir='ltr'>excludunt</span> <span class='ocrx_word' id='word_1_440' title='bbox 2251 885 2414 922; x_wconf 88' lang='lat' dir='ltr'>totaliter</span> <span class='ocrx_word' id='word_1_441' title='bbox 2443 885 2599 925; x_wconf 82' lang='lat' dir='ltr'>falsum:</span> 
     </span>
     <span class='ocr_line' id='line_1_34' title="bbox 420 931 2600 986; baseline 0.003 -17"><span class='ocrx_word' id='word_1_442' title='bbox 420 933 521 970; x_wconf 89' lang='lat' dir='ltr'>enim</span> <span class='ocrx_word' id='word_1_443' title='bbox 555 932 757 980; x_wconf 89' lang='lat' dir='ltr'>diliguntur</span> <span class='ocrx_word' id='word_1_444' title='bbox 790 938 972 978; x_wconf 89' lang='lat' dir='ltr'>tanquam</span> <span class='ocrx_word' id='word_1_445' title='bbox 1004 931 1095 968; x_wconf 88' lang='lat' dir='ltr'>boni</span> <span class='ocrx_word' id='word_1_446' title='bbox 1131 931 1196 979; x_wconf 91' lang='lat' dir='ltr'>qui</span> <span class='ocrx_word' id='word_1_447' title='bbox 1230 938 1358 968; x_wconf 88' lang='lat' dir='ltr'>tamen</span> <span class='ocrx_word' id='word_1_448' title='bbox 1392 932 1482 968; x_wconf 90' lang='lat' dir='ltr'>boni</span> <span class='ocrx_word' id='word_1_449' title='bbox 1538 933 1627 980; x_wconf 89' lang='lat' dir='ltr'>quia</span> <span class='ocrx_word' id='word_1_450' title='bbox 1657 933 1703 970; x_wconf 91' lang='lat' dir='ltr'>de</span> <span class='ocrx_word' id='word_1_451' title='bbox 1732 935 1876 971; x_wconf 90' lang='lat' dir='ltr'>ratione</span> <span class='ocrx_word' id='word_1_452' title='bbox 1905 936 2051 974; x_wconf 89' lang='lat' dir='ltr'>virtutis</span> <span class='ocrx_word' id='word_1_453' title='bbox 2085 945 2141 974; x_wconf 90' lang='lat' dir='ltr'>est</span> <span class='ocrx_word' id='word_1_454' title='bbox 2168 937 2271 986; x_wconf 91' lang='lat' dir='ltr'>quod</span> <span class='ocrx_word' id='word_1_455' title='bbox 2301 951 2340 974; x_wconf 90' lang='lat' dir='ltr'>se</span> <span class='ocrx_word' id='word_1_456' title='bbox 2373 935 2600 977; x_wconf 58' lang='lat' dir='ltr'>habeatsoss</span> 
     </span>
     <span class='ocr_line' id='line_1_35' title="bbox 418 983 2600 1040; baseline 0.003 -17"><span class='ocrx_word' id='word_1_457' title='bbox 418 998 496 1023; x_wconf 88' lang='lat' dir='ltr'>non</span> <span class='ocrx_word' id='word_1_458' title='bbox 524 993 621 1032; x_wconf 70' lang='lat' dir='ltr'>sunt.</span> <span class='ocrx_word' id='word_1_459' title='bbox 660 986 762 1032; x_wconf 86' lang='lat' dir='ltr'>Ergo</span> <span class='ocrx_word' id='word_1_460' title='bbox 798 984 909 1021; x_wconf 89' lang='lat' dir='ltr'>etiam</span> <span class='ocrx_word' id='word_1_461' title='bbox 942 983 1032 1020; x_wconf 88' lang='lat' dir='ltr'>fidei</span> <span class='ocrx_word' id='word_1_462' title='bbox 1065 992 1190 1033; x_wconf 90' lang='lat' dir='ltr'>potest</span> <span class='ocrx_word' id='word_1_463' title='bbox 1218 984 1362 1032; x_wconf 90' lang='lat' dir='ltr'>aliquid</span> <span class='ocrx_word' id='word_1_464' title='bbox 1394 985 1482 1022; x_wconf 84' lang='lat' dir='ltr'>sub·</span> <span class='ocrx_word' id='word_1_465' title='bbox 1537 986 1615 1023; x_wconf 90' lang='lat' dir='ltr'>lum</span> <span class='ocrx_word' id='word_1_466' title='bbox 1642 986 1691 1025; x_wconf 90' lang='lat' dir='ltr'>ad</span> <span class='ocrx_word' id='word_1_467' title='bbox 1711 987 1869 1025; x_wconf 90' lang='lat' dir='ltr'>bonum.</span> <span class='ocrx_word' id='word_1_468' title='bbox 1899 989 2065 1027; x_wconf 89' lang='lat' dir='ltr'>Virtutes</span> <span class='ocrx_word' id='word_1_469' title='bbox 2093 997 2221 1028; x_wconf 89' lang='lat' dir='ltr'>autem</span> <span class='ocrx_word' id='word_1_470' title='bbox 2255 991 2494 1039; x_wconf 83' lang='lat' dir='ltr'>perficientes</span> <span class='ocrx_word' id='word_1_471' title='bbox 2514 984 2600 1040; x_wconf 57' lang='lat' dir='ltr'>parss</span> 
     </span>
     <span class='ocr_line' id='line_1_36' title="bbox 419 1040 2599 1088; baseline 0.004 -13"><span class='ocrx_word' id='word_1_472' title='bbox 419 1051 500 1076; x_wconf 89' lang='lat' dir='ltr'>esse</span> <span class='ocrx_word' id='word_1_473' title='bbox 531 1040 680 1075; x_wconf 83' lang='lat' dir='ltr'>falsum.</span> <span class='ocrx_word' id='word_1_474' title='bbox 1536 1046 1615 1076; x_wconf 88' lang='lat' dir='ltr'>tem</span> <span class='ocrx_word' id='word_1_475' title='bbox 1643 1041 1903 1088; x_wconf 85' lang='lat' dir='ltr'>appetitivam.</span> <span class='ocrx_word' id='word_1_476' title='bbox 1920 1054 1999 1079; x_wconf 92' lang='lat' dir='ltr'>non</span> <span class='ocrx_word' id='word_1_477' title='bbox 2027 1043 2230 1080; x_wconf 87' lang='lat' dir='ltr'>excludunt</span> <span class='ocrx_word' id='word_1_478' title='bbox 2255 1044 2416 1083; x_wconf 83' lang='lat' dir='ltr'>totaliter</span> <span class='ocrx_word' id='word_1_479' title='bbox 2442 1045 2599 1083; x_wconf 78' lang='lat' dir='ltr'>falsum:</span> 
     </span>
    </p>
   </div>
   <div class='ocr_carea' id='block_1_6' title="bbox 471 1090 2599 1143">
    <p class='ocr_par' dir='ltr' id='par_1_7' title="bbox 471 1090 2599 1143">
     <span class='ocr_line' id='line_1_37' title="bbox 471 1090 2599 1143; baseline 0.003 -15"><span class='ocrx_word' id='word_1_480' title='bbox 471 1104 506 1128; x_wconf 90' lang='lat'>2.</span> <span class='ocrx_word' id='word_1_481' title='bbox 536 1093 773 1137; x_wconf 78' lang='lat' dir='ltr'>PRAETEREA,</span> <span class='ocrx_word' id='word_1_482' title='bbox 803 1090 999 1127; x_wconf 90' lang='lat' dir='ltr'>Abraham</span> <span class='ocrx_word' id='word_1_483' title='bbox 1018 1090 1184 1127; x_wconf 81' lang='lat' dir='ltr'>-credidit</span> <span class='ocrx_word' id='word_1_484' title='bbox 1203 1090 1396 1128; x_wconf 91' lang='lat' dir='ltr'>Christum</span> <span class='ocrx_word' id='word_1_485' title='bbox 1417 1103 1482 1127; x_wconf 90' lang='lat' dir='ltr'>na·</span> <span class='ocrx_word' id='word_1_486' title='bbox 1537 1100 1662 1139; x_wconf 86' lang='lat' dir='ltr'>potest</span> <span class='ocrx_word' id='word_1_487' title='bbox 1686 1093 1786 1131; x_wconf 90' lang='lat' dir='ltr'>enim</span> <span class='ocrx_word' id='word_1_488' title='bbox 1816 1091 1950 1143; x_wconf 83' lang='lat' dir='ltr'>aliquis</span> <span class='ocrx_word' id='word_1_489' title='bbox 1978 1096 2191 1133; x_wconf 82' lang='lat' dir='ltr'>secundum</span> <span class='ocrx_word' id='word_1_490' title='bbox 2212 1096 2397 1134; x_wconf 51' lang='lat' dir='ltr'>¹iustitiam</span> <span class='ocrx_word' id='word_1_491' title='bbox 2422 1105 2487 1135; x_wconf 87' lang='lat' dir='ltr'>aut</span> <span class='ocrx_word' id='word_1_492' title='bbox 2504 1103 2599 1135; x_wconf 85' lang='lat' dir='ltr'>tem-</span> 
     </span>
    </p>
   </div>
   <div class='ocr_carea' id='block_1_7' title="bbox 458 633 589 675">
    <p class='ocr_par' dir='ltr' id='par_1_8' title="bbox 458 633 589 675">
     <span class='ocr_line' id='line_1_38' title="bbox 458 633 589 675; baseline 0 -6"><span class='ocrx_word' id='word_1_493' title='bbox 458 633 546 675; x_wconf 56' lang='grc' dir='ltr'>,ιῐῖῒ</span> <span class='ocrx_word' id='word_1_494' title='bbox 583 640 589 642; x_wconf 87' lang='grc'><em>“</em></span> 
     </span>
    </p>
   </div>
   <div class='ocr_carea' id='block_1_8' title="bbox 415 620 631 821">
    <p class='ocr_par' dir='ltr' id='par_1_9' title="bbox 415 620 631 821">
     <span class='ocr_line' id='line_1_39' title="bbox 415 620 631 821; baseline 0 0"><span class='ocrx_word' id='word_1_495' title='bbox 415 620 631 821; x_wconf 95' lang='lat' dir='ltr'>  </span> 
     </span>
    </p>
   </div>
   <div class='ocr_carea' id='block_1_9' title="bbox 1498 1179 1508 2312">
    <p class='ocr_par' dir='ltr' id='par_1_10' title="bbox 1498 1179 1508 2312">
     <span class='ocr_line' id='line_1_40' title="bbox 1498 1179 1508 2312; baseline 0 0"><span class='ocrx_word' id='word_1_496' title='bbox 1498 1179 1508 2312; x_wconf 95' lang='lat' dir='ltr'> </span> 
     </span>
    </p>
   </div>
   <div class='ocr_carea' id='block_1_10' title="bbox 406 2363 2595 2942">
    <p class='ocr_par' dir='ltr' id='par_1_11' title="bbox 406 2363 2595 2942">
     <span class='ocr_line' id='line_1_41' title="bbox 409 2363 2595 2413; baseline 0.002 -13"><span class='ocrx_word' id='word_1_497' title='bbox 409 2376 490 2400; x_wconf 90' lang='lat' dir='ltr'>esse</span> <span class='ocrx_word' id='word_1_498' title='bbox 520 2364 668 2400; x_wconf 88' lang='lat' dir='ltr'>falsum.</span> <span class='ocrx_word' id='word_1_499' title='bbox 1527 2363 1684 2400; x_wconf 87' lang='lat' dir='ltr'>minatio</span> <span class='ocrx_word' id='word_1_500' title='bbox 1714 2364 1910 2413; x_wconf 91' lang='lat' dir='ltr'>temporis,</span> <span class='ocrx_word' id='word_1_501' title='bbox 1939 2363 1979 2401; x_wconf 93' lang='lat' dir='ltr'>in</span> <span class='ocrx_word' id='word_1_502' title='bbox 2007 2376 2084 2412; x_wconf 91' lang='lat' dir='ltr'>qua</span> <span class='ocrx_word' id='word_1_503' title='bbox 2112 2364 2382 2413; x_wconf 84' lang='lat' dir='ltr'>decipiebatur,</span> <span class='ocrx_word' id='word_1_504' title='bbox 2405 2379 2484 2404; x_wconf 92' lang='lat' dir='ltr'>non</span> <span class='ocrx_word' id='word_1_505' title='bbox 2513 2375 2595 2406; x_wconf 74' lang='lat' dir='ltr'>erat</span> 
     </span>
     <span class='ocr_line' id='line_1_42' title="bbox 461 2416 2594 2464; baseline 0.001 -10"><span class='ocrx_word' id='word_1_506' title='bbox 461 2418 686 2454; x_wconf 64' lang='lat' dir='ltr'>Responnso</span> <span class='ocrx_word' id='word_1_507' title='bbox 721 2427 904 2453; x_wconf 75' lang='lat' dir='ltr'>mcaNDUM</span> <span class='ocrx_word' id='word_1_508' title='bbox 938 2416 1044 2464; x_wconf 90' lang='lat' dir='ltr'>quod</span> <span class='ocrx_word' id='word_1_509' title='bbox 1075 2416 1166 2453; x_wconf 91' lang='lat' dir='ltr'>nihil</span> <span class='ocrx_word' id='word_1_510' title='bbox 1200 2416 1330 2452; x_wconf 91' lang='lat' dir='ltr'>subest</span> <span class='ocrx_word' id='word_1_511' title='bbox 1362 2416 1471 2453; x_wconf 90' lang='lat' dir='ltr'>alicui</span> <span class='ocrx_word' id='word_1_512' title='bbox 1528 2429 1572 2453; x_wconf 86' lang='lat' dir='ltr'>ex</span> <span class='ocrx_word' id='word_1_513' title='bbox 1601 2417 1691 2464; x_wconf 86' lang='lat' dir='ltr'>fide,</span> <span class='ocrx_word' id='word_1_514' title='bbox 1720 2418 1788 2454; x_wconf 92' lang='lat' dir='ltr'>sed</span> <span class='ocrx_word' id='word_1_515' title='bbox 1809 2429 1853 2454; x_wconf 86' lang='lat' dir='ltr'>ex</span> <span class='ocrx_word' id='word_1_516' title='bbox 1873 2417 2091 2454; x_wconf 88' lang='lat' dir='ltr'>coniectura</span> <span class='ocrx_word' id='word_1_517' title='bbox 2119 2418 2299 2456; x_wconf 90' lang='lat' dir='ltr'>humana.</span> <span class='ocrx_word' id='word_1_518' title='bbox 2329 2419 2515 2456; x_wconf 84' lang='lat' dir='ltr'>Possibile</span> <span class='ocrx_word' id='word_1_519' title='bbox 2534 2427 2594 2461; x_wconf 86' lang='lat' dir='ltr'>est</span> 
     </span>
     <span class='ocr_line' id='line_1_43' title="bbox 406 2468 2590 2518; baseline 0.002 -12"><span class='ocrx_word' id='word_1_520' title='bbox 406 2470 597 2518; x_wconf 87' lang='lat' dir='ltr'>potentiae</span> <span class='ocrx_word' id='word_1_521' title='bbox 625 2470 686 2506; x_wconf 89' lang='lat' dir='ltr'>vel</span> <span class='ocrx_word' id='word_1_522' title='bbox 716 2468 871 2515; x_wconf 91' lang='lat' dir='ltr'>habitui,</span> <span class='ocrx_word' id='word_1_523' title='bbox 902 2476 966 2505; x_wconf 87' lang='lat' dir='ltr'>aut</span> <span class='ocrx_word' id='word_1_524' title='bbox 994 2469 1107 2505; x_wconf 91' lang='lat' dir='ltr'>etiam</span> <span class='ocrx_word' id='word_1_525' title='bbox 1136 2469 1253 2516; x_wconf 85' lang='lat' dir='ltr'>actui,</span> <span class='ocrx_word' id='word_1_526' title='bbox 1289 2469 1358 2505; x_wconf 91' lang='lat' dir='ltr'>nisi</span> <span class='ocrx_word' id='word_1_527' title='bbox 1393 2482 1472 2506; x_wconf 87' lang='lat' dir='ltr'>me·</span> <span class='ocrx_word' id='word_1_528' title='bbox 1527 2469 1628 2506; x_wconf 86' lang='lat' dir='ltr'>enim</span> <span class='ocrx_word' id='word_1_529' title='bbox 1667 2470 1864 2507; x_wconf 89' lang='lat' dir='ltr'>hominem</span> <span class='ocrx_word' id='word_1_530' title='bbox 1900 2470 2057 2507; x_wconf 86' lang='lat' dir='ltr'>fidelem</span> <span class='ocrx_word' id='word_1_531' title='bbox 2094 2482 2137 2507; x_wconf 88' lang='lat' dir='ltr'>ex</span> <span class='ocrx_word' id='word_1_532' title='bbox 2167 2471 2384 2509; x_wconf 84' lang='lat' dir='ltr'>coniectura</span> <span class='ocrx_word' id='word_1_533' title='bbox 2421 2468 2590 2518; x_wconf 82' lang='lat' dir='ltr'>humana</span> 
     </span>
     <span class='ocr_line' id='line_1_44' title="bbox 408 2522 2590 2572; baseline 0.002 -13"><span class='ocrx_word' id='word_1_534' title='bbox 408 2523 532 2559; x_wconf 92' lang='lat' dir='ltr'>diante</span> <span class='ocrx_word' id='word_1_535' title='bbox 561 2528 576 2550; x_wconf 73' lang='grc' dir='ltr'><strong>Υ</strong></span> <span class='ocrx_word' id='word_1_536' title='bbox 605 2522 749 2559; x_wconf 90' lang='lat' dir='ltr'>ratione</span> <span class='ocrx_word' id='word_1_537' title='bbox 785 2522 934 2558; x_wconf 88' lang='lat' dir='ltr'>formali</span> <span class='ocrx_word' id='word_1_538' title='bbox 964 2522 1122 2558; x_wconf 90' lang='lat' dir='ltr'>obiecti:</span> <span class='ocrx_word' id='word_1_539' title='bbox 1159 2522 1254 2559; x_wconf 92' lang='lat' dir='ltr'>sicut</span> <span class='ocrx_word' id='word_1_540' title='bbox 1283 2523 1388 2559; x_wconf 92' lang='lat' dir='ltr'>color</span> <span class='ocrx_word' id='word_1_541' title='bbox 1415 2523 1470 2560; x_wconf 90' lang='lat' dir='ltr'>vi·</span> <span class='ocrx_word' id='word_1_542' title='bbox 1526 2523 1661 2560; x_wconf 87' lang='lat' dir='ltr'>falsum</span> <span class='ocrx_word' id='word_1_543' title='bbox 1690 2523 1831 2572; x_wconf 89' lang='lat' dir='ltr'>aliquid</span> <span class='ocrx_word' id='word_1_544' title='bbox 1859 2523 2070 2560; x_wconf 87' lang='lat' dir='ltr'>aestimare.</span> <span class='ocrx_word' id='word_1_545' title='bbox 2106 2524 2184 2561; x_wconf 91' lang='lat' dir='ltr'>Sed</span> <span class='ocrx_word' id='word_1_546' title='bbox 2212 2525 2318 2572; x_wconf 92' lang='lat' dir='ltr'>quod</span> <span class='ocrx_word' id='word_1_547' title='bbox 2346 2537 2391 2562; x_wconf 87' lang='lat' dir='ltr'>ex</span> <span class='ocrx_word' id='word_1_548' title='bbox 2419 2525 2497 2562; x_wconf 89' lang='lat' dir='ltr'>fide</span> <span class='ocrx_word' id='word_1_549' title='bbox 2525 2526 2590 2564; x_wconf 85' lang='lat' dir='ltr'>fal—</span> 
     </span>
     <span class='ocr_line' id='line_1_45' title="bbox 409 2573 2253 2625; baseline 0.001 -13"><span class='ocrx_word' id='word_1_550' title='bbox 409 2575 488 2612; x_wconf 91' lang='lat' dir='ltr'>deri</span> <span class='ocrx_word' id='word_1_551' title='bbox 516 2588 594 2612; x_wconf 92' lang='lat' dir='ltr'>non</span> <span class='ocrx_word' id='word_1_552' title='bbox 621 2582 747 2624; x_wconf 88' lang='lat' dir='ltr'>potest</span> <span class='ocrx_word' id='word_1_553' title='bbox 774 2575 845 2612; x_wconf 83' lang='lat' dir='ltr'>nisi</span> <span class='ocrx_word' id='word_1_554' title='bbox 872 2587 940 2623; x_wconf 91' lang='lat' dir='ltr'>per</span> <span class='ocrx_word' id='word_1_555' title='bbox 968 2576 1096 2611; x_wconf 89' lang='lat' dir='ltr'>lucem</span> <span class='ocrx_word' id='word_1_556' title='bbox 1126 2573 1181 2621; x_wconf 57' lang='grc' dir='ltr'>Μ’,</span> <span class='ocrx_word' id='word_1_557' title='bbox 1208 2582 1244 2611; x_wconf 92' lang='lat' dir='ltr'>et</span> <span class='ocrx_word' id='word_1_558' title='bbox 1274 2575 1469 2612; x_wconf 89' lang='lat' dir='ltr'>conclusio</span> <span class='ocrx_word' id='word_1_559' title='bbox 1525 2588 1610 2612; x_wconf 91' lang='lat' dir='ltr'>sum</span> <span class='ocrx_word' id='word_1_560' title='bbox 1632 2577 1817 2624; x_wconf 89' lang='lat' dir='ltr'>aestimet,</span> <span class='ocrx_word' id='word_1_561' title='bbox 1838 2577 1912 2614; x_wconf 92' lang='lat' dir='ltr'>hoc</span> <span class='ocrx_word' id='word_1_562' title='bbox 1933 2584 1988 2613; x_wconf 91' lang='lat' dir='ltr'>est</span> <span class='ocrx_word' id='word_1_563' title='bbox 2006 2576 2253 2625; x_wconf 88' lang='lat' dir='ltr'>impossibile.</span> 
     </span>
     <span class='ocr_line' id='line_1_46' title="bbox 407 2627 2589 2679; baseline 0.002 -14"><span class='ocrx_word' id='word_1_564' title='bbox 407 2628 491 2665; x_wconf 90' lang='lat' dir='ltr'>sciri</span> <span class='ocrx_word' id='word_1_565' title='bbox 510 2641 589 2665; x_wconf 93' lang='lat' dir='ltr'>non</span> <span class='ocrx_word' id='word_1_566' title='bbox 608 2635 734 2678; x_wconf 91' lang='lat' dir='ltr'>potest</span> <span class='ocrx_word' id='word_1_567' title='bbox 753 2628 822 2665; x_wconf 86' lang='lat' dir='ltr'>nisi</span> <span class='ocrx_word' id='word_1_568' title='bbox 843 2639 911 2676; x_wconf 92' lang='lat' dir='ltr'>per</span> <span class='ocrx_word' id='word_1_569' title='bbox 929 2627 1101 2664; x_wconf 90' lang='lat' dir='ltr'>medium</span> <span class='ocrx_word' id='word_1_570' title='bbox 1122 2628 1467 2666; x_wconf 86' lang='lat' dir='ltr'>demonstrationis.</span> <span class='ocrx_word' id='word_1_571' title='bbox 1577 2630 1637 2665; x_wconf 83' lang='lat' dir='ltr'>AD</span> <span class='ocrx_word' id='word_1_572' title='bbox 1657 2640 1830 2671; x_wconf 58' lang='lat' dir='ltr'>Quam-tm</span> <span class='ocrx_word' id='word_1_573' title='bbox 1853 2641 2038 2666; x_wconf 67' lang='lat' dir='ltr'>memnon</span> <span class='ocrx_word' id='word_1_574' title='bbox 2063 2628 2168 2678; x_wconf 92' lang='lat' dir='ltr'>quod</span> <span class='ocrx_word' id='word_1_575' title='bbox 2186 2630 2283 2667; x_wconf 90' lang='lat' dir='ltr'>fides</span> <span class='ocrx_word' id='word_1_576' title='bbox 2303 2630 2490 2668; x_wconf 87' lang='lat' dir='ltr'>credentis</span> <span class='ocrx_word' id='word_1_577' title='bbox 2510 2642 2589 2679; x_wconf 81' lang='lat' dir='ltr'>non</span> 
     </span>
     <span class='ocr_line' id='line_1_47' title="bbox 406 2680 2588 2732; baseline 0.002 -14"><span class='ocrx_word' id='word_1_578' title='bbox 406 2681 559 2718; x_wconf 89' lang='lat' dir='ltr'>Dictum</span> <span class='ocrx_word' id='word_1_579' title='bbox 590 2689 644 2718; x_wconf 91' lang='lat' dir='ltr'>est</span> <span class='ocrx_word' id='word_1_580' title='bbox 679 2688 808 2718; x_wconf 90' lang='lat' dir='ltr'>autem</span> <span class='ocrx_word' id='word_1_581' title='bbox 826 2681 846 2702; x_wconf 72' lang='lat'>&#39;¹‘</span> <span class='ocrx_word' id='word_1_582' title='bbox 874 2681 979 2728; x_wconf 91' lang='lat' dir='ltr'>quod</span> <span class='ocrx_word' id='word_1_583' title='bbox 1009 2681 1102 2717; x_wconf 91' lang='lat' dir='ltr'>ratio</span> <span class='ocrx_word' id='word_1_584' title='bbox 1137 2680 1303 2718; x_wconf 89' lang='lat' dir='ltr'>formalis</span> <span class='ocrx_word' id='word_1_585' title='bbox 1332 2681 1470 2718; x_wconf 90' lang='lat' dir='ltr'>obiecti</span> <span class='ocrx_word' id='word_1_586' title='bbox 1525 2682 1683 2725; x_wconf 86' lang='lat' dir='ltr'>refertur</span> <span class='ocrx_word' id='word_1_587' title='bbox 1710 2682 1758 2719; x_wconf 91' lang='lat' dir='ltr'>ad</span> <span class='ocrx_word' id='word_1_588' title='bbox 1786 2683 1855 2719; x_wconf 90' lang='lat' dir='ltr'>has</span> <span class='ocrx_word' id='word_1_589' title='bbox 1893 2682 2039 2731; x_wconf 92' lang='lat' dir='ltr'>species</span> <span class='ocrx_word' id='word_1_590' title='bbox 2066 2681 2177 2730; x_wconf 92' lang='lat' dir='ltr'>panis</span> <span class='ocrx_word' id='word_1_591' title='bbox 2210 2683 2273 2732; x_wconf 79' lang='lat' dir='ltr'>vel</span> <span class='ocrx_word' id='word_1_592' title='bbox 2303 2682 2405 2721; x_wconf 86' lang='lat' dir='ltr'>illas:</span> <span class='ocrx_word' id='word_1_593' title='bbox 2443 2681 2588 2730; x_wconf 28' lang='lat' dir='ltr'>sed-ad</span> 
     </span>
     <span class='ocr_line' id='line_1_48' title="bbox 406 2733 2589 2786; baseline 0.001 -15"><span class='ocrx_word' id='word_1_594' title='bbox 406 2735 496 2771; x_wconf 90' lang='lat' dir='ltr'>fidei</span> <span class='ocrx_word' id='word_1_595' title='bbox 516 2741 571 2772; x_wconf 90' lang='lat' dir='ltr'>est</span> <span class='ocrx_word' id='word_1_596' title='bbox 590 2734 729 2772; x_wconf 88' lang='lat' dir='ltr'>veritas</span> <span class='ocrx_word' id='word_1_597' title='bbox 756 2734 891 2783; x_wconf 91' lang='lat' dir='ltr'>prima.</span> <span class='ocrx_word' id='word_1_598' title='bbox 922 2734 1035 2772; x_wconf 91' lang='lat' dir='ltr'>Unde</span> <span class='ocrx_word' id='word_1_599' title='bbox 1062 2733 1154 2770; x_wconf 88' lang='lat' dir='ltr'>nihil</span> <span class='ocrx_word' id='word_1_600' title='bbox 1183 2741 1308 2782; x_wconf 91' lang='lat' dir='ltr'>potest</span> <span class='ocrx_word' id='word_1_601' title='bbox 1334 2734 1470 2771; x_wconf 91' lang='lat' dir='ltr'>cadere</span> <span class='ocrx_word' id='word_1_602' title='bbox 1523 2735 1598 2771; x_wconf 88' lang='lat' dir='ltr'>hoc</span> <span class='ocrx_word' id='word_1_603' title='bbox 1618 2733 1724 2782; x_wconf 89' lang='lat' dir='ltr'>quod</span> <span class='ocrx_word' id='word_1_604' title='bbox 1741 2746 1879 2771; x_wconf 88' lang='lat' dir='ltr'>verum</span> <span class='ocrx_word' id='word_1_605' title='bbox 1908 2743 2047 2783; x_wconf 87' lang='lat' dir='ltr'>corpus</span> <span class='ocrx_word' id='word_1_606' title='bbox 2067 2733 2205 2772; x_wconf 86' lang='lat' dir='ltr'>Christi</span> <span class='ocrx_word' id='word_1_607' title='bbox 2233 2735 2279 2773; x_wconf 92' lang='lat' dir='ltr'>sit</span> <span class='ocrx_word' id='word_1_608' title='bbox 2296 2737 2368 2773; x_wconf 91' lang='lat' dir='ltr'>sub</span> <span class='ocrx_word' id='word_1_609' title='bbox 2387 2735 2589 2786; x_wconf 81' lang='lat' dir='ltr'>speciebus</span> 
     </span>
     <span class='ocr_line' id='line_1_49' title="bbox 407 2786 2587 2836; baseline 0.003 -13"><span class='ocrx_word' id='word_1_610' title='bbox 407 2788 476 2824; x_wconf 89' lang='lat' dir='ltr'>sub</span> <span class='ocrx_word' id='word_1_611' title='bbox 506 2788 582 2825; x_wconf 91' lang='lat' dir='ltr'>fide</span> <span class='ocrx_word' id='word_1_612' title='bbox 602 2787 673 2825; x_wconf 91' lang='lat' dir='ltr'>nisi</span> <span class='ocrx_word' id='word_1_613' title='bbox 693 2788 920 2835; x_wconf 88' lang='lat' dir='ltr'>inquantum</span> <span class='ocrx_word' id='word_1_614' title='bbox 949 2794 1021 2824; x_wconf 88' lang='lat' dir='ltr'>stat</span> <span class='ocrx_word' id='word_1_615' title='bbox 1049 2787 1119 2823; x_wconf 91' lang='lat' dir='ltr'>sub</span> <span class='ocrx_word' id='word_1_616' title='bbox 1148 2786 1305 2824; x_wconf 92' lang='lat' dir='ltr'>veritate</span> <span class='ocrx_word' id='word_1_617' title='bbox 1333 2786 1468 2835; x_wconf 90' lang='lat' dir='ltr'>prima.</span> <span class='ocrx_word' id='word_1_618' title='bbox 1522 2786 1631 2836; x_wconf 90' lang='lat' dir='ltr'>panis</span> <span class='ocrx_word' id='word_1_619' title='bbox 1651 2786 1836 2824; x_wconf 88' lang='lat' dir='ltr'>sensibilis</span> <span class='ocrx_word' id='word_1_620' title='bbox 1856 2793 1862 2808; x_wconf 86' lang='lat'>‘</span> <span class='ocrx_word' id='word_1_621' title='bbox 1884 2788 2038 2836; x_wconf 90' lang='lat' dir='ltr'>quando</span> <span class='ocrx_word' id='word_1_622' title='bbox 2059 2794 2159 2824; x_wconf 91' lang='lat' dir='ltr'>recte</span> <span class='ocrx_word' id='word_1_623' title='bbox 2179 2787 2290 2825; x_wconf 87' lang='lat' dir='ltr'>fuerit</span> <span class='ocrx_word' id='word_1_624' title='bbox 2308 2797 2587 2829; x_wconf 80' lang='lat' dir='ltr'>consecratum.</span> 
     </span>
     <span class='ocr_line' id='line_1_50' title="bbox 408 2838 2587 2889; baseline 0.001 -12"><span class='ocrx_word' id='word_1_625' title='bbox 408 2841 487 2876; x_wconf 92' lang='lat' dir='ltr'>Sub</span> <span class='ocrx_word' id='word_1_626' title='bbox 517 2853 592 2889; x_wconf 92' lang='lat' dir='ltr'>qua</span> <span class='ocrx_word' id='word_1_627' title='bbox 620 2841 766 2877; x_wconf 91' lang='lat' dir='ltr'>nullum</span> <span class='ocrx_word' id='word_1_628' title='bbox 798 2841 936 2877; x_wconf 84' lang='lat' dir='ltr'>falsum</span> <span class='ocrx_word' id='word_1_629' title='bbox 971 2847 1068 2876; x_wconf 92' lang='lat' dir='ltr'>stare</span> <span class='ocrx_word' id='word_1_630' title='bbox 1101 2847 1241 2888; x_wconf 90' lang='lat' dir='ltr'>potest:</span> <span class='ocrx_word' id='word_1_631' title='bbox 1277 2838 1372 2876; x_wconf 90' lang='lat' dir='ltr'>sicut</span> <span class='ocrx_word' id='word_1_632' title='bbox 1399 2851 1469 2877; x_wconf 88' lang='lat' dir='ltr'>nec</span> <span class='ocrx_word' id='word_1_633' title='bbox 1522 2840 1634 2877; x_wconf 89' lang='lat' dir='ltr'>Unde</span> <span class='ocrx_word' id='word_1_634' title='bbox 1668 2840 1699 2876; x_wconf 91' lang='lat' dir='ltr'>si</span> <span class='ocrx_word' id='word_1_635' title='bbox 1727 2852 1806 2877; x_wconf 92' lang='lat' dir='ltr'>non</span> <span class='ocrx_word' id='word_1_636' title='bbox 1834 2839 1881 2876; x_wconf 89' lang='lat' dir='ltr'>sit</span> <span class='ocrx_word' id='word_1_637' title='bbox 1918 2847 2018 2877; x_wconf 90' lang='lat' dir='ltr'>recte</span> <span class='ocrx_word' id='word_1_638' title='bbox 2057 2847 2340 2889; x_wconf 83' lang='lat' dir='ltr'>consecratum,</span> <span class='ocrx_word' id='word_1_639' title='bbox 2379 2842 2470 2879; x_wconf 85' lang='lat' dir='ltr'>fidei</span> <span class='ocrx_word' id='word_1_640' title='bbox 2507 2855 2587 2881; x_wconf 88' lang='lat' dir='ltr'>non</span> 
     </span>
     <span class='ocr_line' id='line_1_51' title="bbox 407 2892 2127 2942; baseline 0 -12"><span class='ocrx_word' id='word_1_641' title='bbox 407 2905 571 2930; x_wconf 89' lang='lat' dir='ltr'>non-ens</span> <span class='ocrx_word' id='word_1_642' title='bbox 609 2894 679 2930; x_wconf 91' lang='lat' dir='ltr'>sub</span> <span class='ocrx_word' id='word_1_643' title='bbox 718 2894 828 2940; x_wconf 86' lang='lat' dir='ltr'>ente,</span> <span class='ocrx_word' id='word_1_644' title='bbox 873 2905 943 2930; x_wconf 90' lang='lat' dir='ltr'>nec</span> <span class='ocrx_word' id='word_1_645' title='bbox 991 2893 1136 2929; x_wconf 90' lang='lat' dir='ltr'>malum</span> <span class='ocrx_word' id='word_1_646' title='bbox 1180 2892 1251 2929; x_wconf 91' lang='lat' dir='ltr'>sub</span> <span class='ocrx_word' id='word_1_647' title='bbox 1288 2892 1467 2930; x_wconf 87' lang='lat' dir='ltr'>bonitate.</span> <span class='ocrx_word' id='word_1_648' title='bbox 1523 2892 1666 2930; x_wconf 88' lang='lat' dir='ltr'>suberit</span> <span class='ocrx_word' id='word_1_649' title='bbox 1692 2900 1849 2942; x_wconf 91' lang='lat' dir='ltr'>propter</span> <span class='ocrx_word' id='word_1_650' title='bbox 1875 2894 1950 2930; x_wconf 90' lang='lat' dir='ltr'>hoc</span> <span class='ocrx_word' id='word_1_651' title='bbox 1978 2893 2127 2930; x_wconf 89' lang='lat' dir='ltr'>falsum.</span> 
     </span>
    </p>
   </div>
   <div class='ocr_carea' id='block_1_11' title="bbox 1095 2983 1651 2991">
    <p class='ocr_par' dir='ltr' id='par_1_12' title="bbox 1095 2983 1651 2991">
     <span class='ocr_line' id='line_1_52' title="bbox 1095 2983 1651 2991; baseline 0 0"><span class='ocrx_word' id='word_1_652' title='bbox 1095 2983 1651 2991; x_wconf 95' lang='lat' dir='ltr'> </span> 
     </span>
    </p>
   </div>
   <div class='ocr_carea' id='block_1_12' title="bbox 458 3034 1468 3208">
    <p class='ocr_par' dir='ltr' id='par_1_13' title="bbox 459 3034 1084 3066">
     <span class='ocr_line' id='line_1_53' title="bbox 459 3034 1084 3066; baseline 0.002 -8"><span class='ocrx_word' id='word_1_653' title='bbox 459 3034 486 3066; x_wconf 82' lang='grc' dir='ltr'>α)</span> <span class='ocrx_word' id='word_1_654' title='bbox 507 3040 601 3058; x_wconf 89' lang='lat' dir='ltr'>meum.</span> <span class='ocrx_word' id='word_1_655' title='bbox 618 3047 637 3053; x_wconf 88' lang='lat'>-</span> <span class='ocrx_word' id='word_1_656' title='bbox 655 3034 723 3058; x_wconf 75' lang='lat' dir='ltr'>vidit</span> <span class='ocrx_word' id='word_1_657' title='bbox 740 3037 766 3059; x_wconf 87' lang='lat' dir='ltr'>et</span> <span class='ocrx_word' id='word_1_658' title='bbox 784 3034 893 3066; x_wconf 77' lang='lat' dir='ltr'>gavisus</span> <span class='ocrx_word' id='word_1_659' title='bbox 911 3038 951 3059; x_wconf 83' lang='lat' dir='ltr'>est</span> <span class='ocrx_word' id='word_1_660' title='bbox 969 3035 1038 3059; x_wconf 79' lang='lat' dir='ltr'>addit</span> <span class='ocrx_word' id='word_1_661' title='bbox 1056 3035 1084 3059; x_wconf 87' lang='grc' dir='ltr'>Ρ.</span> 
     </span>
    </p>

    <p class='ocr_par' dir='ltr' id='par_1_14' title="bbox 458 3068 1468 3137">
     <span class='ocr_line' id='line_1_54' title="bbox 459 3068 1468 3101; baseline 0.001 -8"><span class='ocrx_word' id='word_1_662' title='bbox 459 3068 484 3101; x_wconf 87' lang='grc' dir='ltr'>β)</span> <span class='ocrx_word' id='word_1_663' title='bbox 503 3072 655 3101; x_wconf 79' lang='lat' dir='ltr'>antequam.</span> <span class='ocrx_word' id='word_1_664' title='bbox 668 3083 686 3088; x_wconf 95' lang='lat'>—</span> <span class='ocrx_word' id='word_1_665' title='bbox 698 3069 778 3094; x_wconf 82' lang='lat' dir='ltr'>etiam</span> <span class='ocrx_word' id='word_1_666' title='bbox 797 3072 940 3101; x_wconf 75' lang='lat' dir='ltr'>antequam</span> <span class='ocrx_word' id='word_1_667' title='bbox 960 3069 1013 3094; x_wconf 83' lang='lat' dir='ltr'>PG.</span> <span class='ocrx_word' id='word_1_668' title='bbox 1026 3083 1044 3087; x_wconf 98' lang='lat'>—</span> <span class='ocrx_word' id='word_1_669' title='bbox 1061 3070 1112 3094; x_wconf 84' lang='lat' dir='ltr'>Pro</span> <span class='ocrx_word' id='word_1_670' title='bbox 1130 3073 1198 3100; x_wconf 80' lang='lat' dir='ltr'>erat,</span> <span class='ocrx_word' id='word_1_671' title='bbox 1211 3072 1271 3095; x_wconf 83' lang='lat' dir='ltr'>erat</span> <span class='ocrx_word' id='word_1_672' title='bbox 1288 3069 1397 3094; x_wconf 81' lang='lat' dir='ltr'>credere</span> <span class='ocrx_word' id='word_1_673' title='bbox 1413 3069 1468 3094; x_wconf 89' lang='lat' dir='ltr'>GK.</span> 
     </span>
     <span class='ocr_line' id='line_1_55' title="bbox 458 3104 1321 3137; baseline 0.001 -9"><span class='ocrx_word' id='word_1_674' title='bbox 458 3105 485 3137; x_wconf 91' lang='grc' dir='ltr'>γ)</span> <span class='ocrx_word' id='word_1_675' title='bbox 505 3104 645 3129; x_wconf 78' lang='lat' dir='ltr'>mediante.</span> <span class='ocrx_word' id='word_1_676' title='bbox 659 3118 678 3123; x_wconf 87' lang='lat'>·-</span> <span class='ocrx_word' id='word_1_677' title='bbox 697 3104 849 3129; x_wconf 79' lang='lat' dir='ltr'>immediate</span> <span class='ocrx_word' id='word_1_678' title='bbox 864 3105 892 3129; x_wconf 88' lang='grc' dir='ltr'>Ρ.</span> <span class='ocrx_word' id='word_1_679' title='bbox 1316 3111 1321 3114; x_wconf 85' lang='grc'><em>·</em></span> 
     </span>
    </p>

    <p class='ocr_par' dir='ltr' id='par_1_15' title="bbox 458 3138 1254 3171">
     <span class='ocr_line' id='line_1_56' title="bbox 458 3138 1254 3171; baseline 0.003 -8"><span class='ocrx_word' id='word_1_680' title='bbox 458 3138 482 3170; x_wconf 80' lang='grc' dir='ltr'>δ’)</span> <span class='ocrx_word' id='word_1_681' title='bbox 502 3140 594 3165; x_wconf 83' lang='lat' dir='ltr'>lucem.</span> <span class='ocrx_word' id='word_1_682' title='bbox 613 3153 631 3158; x_wconf 95' lang='lat'>—</span> <span class='ocrx_word' id='word_1_683' title='bbox 649 3139 764 3164; x_wconf 87' lang='lat' dir='ltr'>lucidum</span> <span class='ocrx_word' id='word_1_684' title='bbox 784 3139 912 3171; x_wconf 80' lang='lat' dir='ltr'>diaphani</span> <span class='ocrx_word' id='word_1_685' title='bbox 932 3140 963 3170; x_wconf 84' lang='lat' dir='ltr'>H,</span> <span class='ocrx_word' id='word_1_686' title='bbox 984 3140 1069 3165; x_wconf 82' lang='lat' dir='ltr'>lumen</span> <span class='ocrx_word' id='word_1_687' title='bbox 1089 3141 1166 3165; x_wconf 85' lang='lat' dir='ltr'>ceteri</span> <span class='ocrx_word' id='word_1_688' title='bbox 1185 3145 1210 3165; x_wconf 82' lang='lat' dir='ltr'>et</span> <span class='ocrx_word' id='word_1_689' title='bbox 1228 3148 1254 3165; x_wconf 86' lang='grc' dir='ltr'>α.</span> 
     </span>
    </p>

    <p class='ocr_par' dir='ltr' id='par_1_16' title="bbox 460 3174 982 3208">
     <span class='ocr_line' id='line_1_57' title="bbox 460 3174 982 3208; baseline 0 -9"><span class='ocrx_word' id='word_1_690' title='bbox 460 3175 482 3208; x_wconf 89' lang='grc' dir='ltr'>ε)</span> <span class='ocrx_word' id='word_1_691' title='bbox 501 3175 669 3207; x_wconf 80' lang='lat' dir='ltr'>relinquitur.</span> <span class='ocrx_word' id='word_1_692' title='bbox 687 3189 705 3193; x_wconf 98' lang='lat'>—</span> <span class='ocrx_word' id='word_1_693' title='bbox 723 3174 870 3207; x_wconf 82' lang='lat' dir='ltr'>requiritur</span> <span class='ocrx_word' id='word_1_694' title='bbox 889 3175 982 3207; x_wconf 84' lang='lat' dir='ltr'>AFpB.</span> 
     </span>
    </p>
   </div>
   <div class='ocr_carea' id='block_1_13' title="bbox 1522 3034 2585 3208">
    <p class='ocr_par' dir='ltr' id='par_1_17' title="bbox 1522 3034 2585 3104">
     <span class='ocr_line' id='line_1_58' title="bbox 1574 3034 2585 3068; baseline 0.003 -8"><span class='ocrx_word' id='word_1_695' title='bbox 1574 3034 1600 3065; x_wconf 86' lang='grc' dir='ltr'>ζ)</span> <span class='ocrx_word' id='word_1_696' title='bbox 1619 3041 1708 3068; x_wconf 74' lang='lat' dir='ltr'>agere.</span> <span class='ocrx_word' id='word_1_697' title='bbox 1723 3047 1746 3053; x_wconf 89' lang='grc'><strong>-</strong></span> <span class='ocrx_word' id='word_1_698' title='bbox 1763 3034 1860 3060; x_wconf 71' lang='lat' dir='ltr'>habere</span> <span class='ocrx_word' id='word_1_699' title='bbox 1879 3034 1923 3066; x_wconf 84' lang='lat' dir='ltr'>sE,</span> <span class='ocrx_word' id='word_1_700' title='bbox 1942 3041 2024 3068; x_wconf 74' lang='lat' dir='ltr'>agere</span> <span class='ocrx_word' id='word_1_701' title='bbox 2042 3038 2070 3060; x_wconf 86' lang='lat' dir='ltr'>et</span> <span class='ocrx_word' id='word_1_702' title='bbox 2093 3037 2181 3060; x_wconf 76' lang='lat' dir='ltr'>tamen</span> <span class='ocrx_word' id='word_1_703' title='bbox 2201 3034 2296 3061; x_wconf 80' lang='lat' dir='ltr'>habere</span> <span class='ocrx_word' id='word_1_704' title='bbox 2320 3036 2382 3067; x_wconf 82' lang='lat' dir='ltr'>GK;</span> <span class='ocrx_word' id='word_1_705' title='bbox 2401 3043 2449 3068; x_wconf 82' lang='lat' dir='ltr'>pro</span> <span class='ocrx_word' id='word_1_706' title='bbox 2477 3036 2585 3068; x_wconf 69' lang='lat' dir='ltr'>habene,</span> 
     </span>
     <span class='ocr_line' id='line_1_59' title="bbox 1522 3069 2561 3104; baseline 0.003 -10"><span class='ocrx_word' id='word_1_707' title='bbox 1522 3069 1635 3095; x_wconf 78' lang='lat' dir='ltr'>hominis</span> <span class='ocrx_word' id='word_1_708' title='bbox 1653 3069 1842 3103; x_wconf 80' lang='lat' dir='ltr'>ABCFHILpE</span> <span class='ocrx_word' id='word_1_709' title='bbox 1861 3075 1888 3095; x_wconf 85' lang='lat' dir='ltr'>et</span> <span class='ocrx_word' id='word_1_710' title='bbox 1904 3077 1931 3102; x_wconf 80' lang='lat' dir='ltr'>x,</span> <span class='ocrx_word' id='word_1_711' title='bbox 1949 3077 2004 3095; x_wconf 83' lang='lat' dir='ltr'>om.</span> <span class='ocrx_word' id='word_1_712' title='bbox 2023 3070 2116 3102; x_wconf 80' lang='lat' dir='ltr'>GKsE,</span> <span class='ocrx_word' id='word_1_713' title='bbox 2135 3075 2195 3096; x_wconf 79' lang='lat' dir='ltr'>ante</span> <span class='ocrx_word' id='word_1_714' title='bbox 2211 3070 2329 3104; x_wconf 78' lang='lat' dir='ltr'>aliquam</span> <span class='ocrx_word' id='word_1_715' title='bbox 2347 3071 2422 3104; x_wconf 80' lang='lat' dir='ltr'>ponit</span> <span class='ocrx_word' id='word_1_716' title='bbox 2439 3071 2468 3096; x_wconf 88' lang='lat' dir='ltr'>P.</span> <span class='ocrx_word' id='word_1_717' title='bbox 2526 3083 2530 3090; x_wconf 89' lang='lat'>·</span> <span class='ocrx_word' id='word_1_718' title='bbox 2559 3091 2561 3093; x_wconf 48' lang='lat'>&gt;</span> 
     </span>
    </p>

    <p class='ocr_par' dir='ltr' id='par_1_18' title="bbox 1574 3105 2149 3136">
     <span class='ocr_line' id='line_1_60' title="bbox 1574 3105 2149 3136; baseline 0.002 -6"><span class='ocrx_word' id='word_1_719' title='bbox 1574 3106 1601 3136; x_wconf 89' lang='grc' dir='ltr'>η)</span> <span class='ocrx_word' id='word_1_720' title='bbox 1622 3105 1659 3130; x_wconf 76' lang='lat' dir='ltr'>Et</span> <span class='ocrx_word' id='word_1_721' title='bbox 1677 3108 1775 3130; x_wconf 80' lang='lat' dir='ltr'>tamen.</span> <span class='ocrx_word' id='word_1_722' title='bbox 1793 3119 1812 3124; x_wconf 99' lang='lat'>-</span> <span class='ocrx_word' id='word_1_723' title='bbox 1830 3105 1892 3131; x_wconf 75' lang='grc' dir='ltr'><strong>Οτι-ι.</strong></span> <span class='ocrx_word' id='word_1_724' title='bbox 1912 3105 1951 3130; x_wconf 84' lang='lat' dir='ltr'>Pl.</span> <span class='ocrx_word' id='word_1_725' title='bbox 2146 3112 2149 3115; x_wconf 83' lang='grc'><em>·</em></span> 
     </span>
    </p>

    <p class='ocr_par' dir='ltr' id='par_1_19' title="bbox 1573 3138 2164 3175">
     <span class='ocr_line' id='line_1_61' title="bbox 1573 3138 2164 3175; baseline 0.003 -11"><span class='ocrx_word' id='word_1_726' title='bbox 1573 3138 1597 3172; x_wconf 83' lang='grc' dir='ltr'>θ)</span> <span class='ocrx_word' id='word_1_727' title='bbox 1618 3140 1802 3174; x_wconf 78' lang='lat' dir='ltr'>infallibiliter.</span> <span class='ocrx_word' id='word_1_728' title='bbox 1820 3155 1838 3160; x_wconf 94' lang='lat'>—</span> <span class='ocrx_word' id='word_1_729' title='bbox 1856 3143 1883 3166; x_wconf 83' lang='lat' dir='ltr'>et</span> <span class='ocrx_word' id='word_1_730' title='bbox 1900 3140 2077 3175; x_wconf 77' lang='lat' dir='ltr'>infallibiliter</span> <span class='ocrx_word' id='word_1_731' title='bbox 2096 3140 2164 3166; x_wconf 87' lang='lat' dir='ltr'>PsG.</span> 
     </span>
    </p>

    <p class='ocr_par' dir='ltr' id='par_1_20' title="bbox 1574 3175 1962 3208">
     <span class='ocr_line' id='line_1_62' title="bbox 1574 3175 1962 3208; baseline 0.005 -9"><span class='ocrx_word' id='word_1_732' title='bbox 1574 3175 1593 3208; x_wconf 92' lang='grc' dir='ltr'>ι)</span> <span class='ocrx_word' id='word_1_733' title='bbox 1612 3175 1750 3201; x_wconf 73' lang='lat' dir='ltr'>sensibilis.</span> <span class='ocrx_word' id='word_1_734' title='bbox 1766 3189 1786 3195; x_wconf 93' lang='lat'>-</span> <span class='ocrx_word' id='word_1_735' title='bbox 1803 3175 1914 3201; x_wconf 59' lang='lat' dir='ltr'>visibilis</span> <span class='ocrx_word' id='word_1_736' title='bbox 1933 3176 1962 3201; x_wconf 89' lang='lat' dir='ltr'>C.</span> 
     </span>
    </p>
   </div>
   <div class='ocr_carea' id='block_1_14' title="bbox 1491 3033 1498 3188">
    <p class='ocr_par' dir='ltr' id='par_1_21' title="bbox 1491 3033 1498 3188">
     <span class='ocr_line' id='line_1_63' title="bbox 1491 3033 1498 3188; baseline 0 868"><span class='ocrx_word' id='word_1_737' title='bbox 1491 3033 1498 3188; x_wconf 95' lang='lat' dir='ltr'> </span> 
     </span>
    </p>
   </div>
   <div class='ocr_carea' id='block_1_15' title="bbox 1081 3253 1905 3288">
    <p class='ocr_par' dir='ltr' id='par_1_22' title="bbox 1081 3253 1905 3288">
     <span class='ocr_line' id='line_1_64' title="bbox 1081 3253 1905 3288; baseline 0 -2"><span class='ocrx_word' id='word_1_738' title='bbox 1081 3253 1411 3287; x_wconf 73' lang='lat' dir='ltr'>Commentaria</span> <span class='ocrx_word' id='word_1_739' title='bbox 1433 3253 1682 3287; x_wconf 77' lang='lat' dir='ltr'>Cardinahs</span> <span class='ocrx_word' id='word_1_740' title='bbox 1704 3254 1905 3288; x_wconf 75' lang='lat' dir='ltr'>Caietam</span> 
     </span>
    </p>
   </div>
   <div class='ocr_carea' id='block_1_16' title="bbox 1519 3332 2583 3551">
    <p class='ocr_par' dir='ltr' id='par_1_23' title="bbox 1519 3332 2583 3551">
     <span class='ocr_line' id='line_1_65' title="bbox 1520 3332 2583 3375; baseline 0.003 -12"><span class='ocrx_word' id='word_1_741' title='bbox 1520 3332 1673 3373; x_wconf 82' lang='lat' dir='ltr'>significat</span> <span class='ocrx_word' id='word_1_742' title='bbox 1701 3343 1803 3364; x_wconf 87' lang='lat' dir='ltr'>unum</span> <span class='ocrx_word' id='word_1_743' title='bbox 1832 3334 2058 3374; x_wconf 86' lang='lat' dir='ltr'>oppositorum</span> <span class='ocrx_word' id='word_1_744' title='bbox 2087 3344 2154 3366; x_wconf 85' lang='lat' dir='ltr'>esse</span> <span class='ocrx_word' id='word_1_745' title='bbox 2184 3335 2339 3366; x_wconf 77' lang='lat' dir='ltr'>rationem</span> <span class='ocrx_word' id='word_1_746' title='bbox 2370 3334 2583 3375; x_wconf 81' lang='lat' dir='ltr'>cognoscendi</span> 
     </span>
     <span class='ocr_line' id='line_1_66' title="bbox 1520 3377 2581 3422; baseline 0.002 -15"><span class='ocrx_word' id='word_1_747' title='bbox 1520 3377 1690 3418; x_wconf 86' lang='lat' dir='ltr'>reliquum,</span> <span class='ocrx_word' id='word_1_748' title='bbox 1714 3385 1769 3408; x_wconf 86' lang='lat' dir='ltr'>aut</span> <span class='ocrx_word' id='word_1_749' title='bbox 1792 3377 1934 3418; x_wconf 85' lang='lat' dir='ltr'>fugiendi</span> <span class='ocrx_word' id='word_1_750' title='bbox 1956 3379 2006 3409; x_wconf 87' lang='lat' dir='ltr'>vel</span> <span class='ocrx_word' id='word_1_751' title='bbox 2032 3379 2234 3410; x_wconf 87' lang='lat' dir='ltr'>excludendi:</span> <span class='ocrx_word' id='word_1_752' title='bbox 2259 3385 2290 3422; x_wconf 62' lang='lat' dir='ltr'>et</span> <span class='ocrx_word' id='word_1_753' title='bbox 2311 3378 2373 3409; x_wconf 87' lang='lat' dir='ltr'>hoc</span> <span class='ocrx_word' id='word_1_754' title='bbox 2392 3385 2439 3410; x_wconf 85' lang='lat' dir='ltr'>est</span> <span class='ocrx_word' id='word_1_755' title='bbox 2460 3387 2581 3409; x_wconf 87' lang='lat' dir='ltr'>verum.-</span> 
     </span>
     <span class='ocr_line' id='line_1_67' title="bbox 1521 3421 2582 3462; baseline 0.002 -11"><span class='ocrx_word' id='word_1_756' title='bbox 1521 3421 1556 3451; x_wconf 92' lang='lat' dir='ltr'>In</span> <span class='ocrx_word' id='word_1_757' title='bbox 1571 3421 1673 3452; x_wconf 82' lang='lat' dir='ltr'>littera</span> <span class='ocrx_word' id='word_1_758' title='bbox 1688 3428 1796 3452; x_wconf 83' lang='lat' dir='ltr'>autem</span> <span class='ocrx_word' id='word_1_759' title='bbox 1812 3421 1952 3462; x_wconf 88' lang='lat' dir='ltr'>primurn</span> <span class='ocrx_word' id='word_1_760' title='bbox 1967 3423 2147 3460; x_wconf 81' lang='lat' dir='ltr'>assumitur,</span> <span class='ocrx_word' id='word_1_761' title='bbox 2165 3432 2231 3453; x_wconf 88' lang='lat' dir='ltr'>non</span> <span class='ocrx_word' id='word_1_762' title='bbox 2246 3423 2433 3453; x_wconf 86' lang='lat' dir='ltr'>secundum.</span> <span class='ocrx_word' id='word_1_763' title='bbox 2459 3423 2582 3460; x_wconf 83' lang='lat' dir='ltr'>Quam-</span> 
     </span>
     <span class='ocr_line' id='line_1_68' title="bbox 1519 3465 2581 3507; baseline 0.003 -13"><span class='ocrx_word' id='word_1_764' title='bbox 1519 3465 1565 3495; x_wconf 90' lang='lat' dir='ltr'>vis</span> <span class='ocrx_word' id='word_1_765' title='bbox 1590 3465 1673 3495; x_wconf 91' lang='lat' dir='ltr'>enim</span> <span class='ocrx_word' id='word_1_766' title='bbox 1697 3465 1774 3496; x_wconf 88' lang='lat' dir='ltr'>fides</span> <span class='ocrx_word' id='word_1_767' title='bbox 1798 3466 1836 3496; x_wconf 91' lang='lat' dir='ltr'>sit</span> <span class='ocrx_word' id='word_1_768' title='bbox 1859 3476 1923 3507; x_wconf 86' lang='lat' dir='ltr'>qua</span> <span class='ocrx_word' id='word_1_769' title='bbox 1947 3467 2135 3498; x_wconf 88' lang='lat' dir='ltr'>assentimus</span> <span class='ocrx_word' id='word_1_770' title='bbox 2157 3477 2233 3498; x_wconf 89' lang='lat' dir='ltr'>vero</span> <span class='ocrx_word' id='word_1_771' title='bbox 2253 3473 2283 3497; x_wconf 92' lang='lat' dir='ltr'>et</span> <span class='ocrx_word' id='word_1_772' title='bbox 2306 3466 2508 3497; x_wconf 88' lang='lat' dir='ltr'>dissentimus</span> <span class='ocrx_word' id='word_1_773' title='bbox 2525 3476 2581 3507; x_wconf 91' lang='lat' dir='ltr'>po-</span> 
     </span>
     <span class='ocr_line' id='line_1_69' title="bbox 1519 3509 2582 3551; baseline 0.002 -12"><span class='ocrx_word' id='word_1_774' title='bbox 1519 3509 1624 3549; x_wconf 92' lang='lat' dir='ltr'>posito</span> <span class='ocrx_word' id='word_1_775' title='bbox 1650 3509 1746 3546; x_wconf 88' lang='lat' dir='ltr'>falso;</span> <span class='ocrx_word' id='word_1_776' title='bbox 1773 3517 1802 3540; x_wconf 91' lang='lat' dir='ltr'>et</span> <span class='ocrx_word' id='word_1_777' title='bbox 1825 3510 1968 3541; x_wconf 89' lang='lat' dir='ltr'>similiter</span> <span class='ocrx_word' id='word_1_778' title='bbox 1995 3511 2104 3542; x_wconf 85' lang='lat' dir='ltr'>caritas</span> <span class='ocrx_word' id='word_1_779' title='bbox 2133 3521 2197 3551; x_wconf 87' lang='lat' dir='ltr'>qua</span> <span class='ocrx_word' id='word_1_780' title='bbox 2228 3520 2372 3541; x_wconf 78' lang='lat' dir='ltr'>amamus</span> <span class='ocrx_word' id='word_1_781' title='bbox 2401 3511 2523 3541; x_wconf 90' lang='lat' dir='ltr'>bonum</span> <span class='ocrx_word' id='word_1_782' title='bbox 2551 3517 2582 3541; x_wconf 91' lang='lat' dir='ltr'>et</span> 
     </span>
    </p>
   </div>
   <div class='ocr_carea' id='block_1_17' title="bbox 406 3332 1468 3550">
    <p class='ocr_par' dir='ltr' id='par_1_24' title="bbox 406 3332 1468 3550">
     <span class='ocr_line' id='line_1_70' title="bbox 437 3332 1468 3369; baseline 0 -6"><span class='ocrx_word' id='word_1_783' title='bbox 437 3343 457 3362; x_wconf 82' lang='lat' dir='ltr'>N</span> <span class='ocrx_word' id='word_1_784' title='bbox 481 3332 611 3363; x_wconf 83' lang='lat' dir='ltr'>articulo</span> <span class='ocrx_word' id='word_1_785' title='bbox 636 3332 727 3363; x_wconf 89' lang='lat' dir='ltr'>tertio</span> <span class='ocrx_word' id='word_1_786' title='bbox 751 3339 835 3369; x_wconf 86' lang='lat' dir='ltr'>nota,</span> <span class='ocrx_word' id='word_1_787' title='bbox 860 3333 987 3369; x_wconf 83' lang='lat' dir='ltr'>novitie‚</span> <span class='ocrx_word' id='word_1_788' title='bbox 1013 3333 1094 3363; x_wconf 86' lang='lat' dir='ltr'>circa</span> <span class='ocrx_word' id='word_1_789' title='bbox 1117 3333 1273 3364; x_wconf 87' lang='lat' dir='ltr'>rationem</span> <span class='ocrx_word' id='word_1_790' title='bbox 1294 3333 1421 3363; x_wconf 81' lang='lat' dir='ltr'>allatam</span> <span class='ocrx_word' id='word_1_791' title='bbox 1434 3333 1468 3363; x_wconf 90' lang='lat' dir='ltr'>in</span> 
     </span>
     <span class='ocr_line' id='line_1_71' title="bbox 410 3345 1468 3417; baseline 0 -10"><span class='ocrx_word' id='word_1_792' title='bbox 410 3345 547 3414; x_wconf 81' lang='lat' dir='ltr'>Ilittera,</span> <span class='ocrx_word' id='word_1_793' title='bbox 571 3377 660 3417; x_wconf 92' lang='lat' dir='ltr'>quod</span> <span class='ocrx_word' id='word_1_794' title='bbox 683 3376 769 3407; x_wconf 89' lang='lat' dir='ltr'>aliud</span> <span class='ocrx_word' id='word_1_795' title='bbox 792 3383 838 3407; x_wconf 88' lang='lat' dir='ltr'>est</span> <span class='ocrx_word' id='word_1_796' title='bbox 861 3377 919 3407; x_wconf 92' lang='lat' dir='ltr'>sub</span> <span class='ocrx_word' id='word_1_797' title='bbox 935 3386 1011 3407; x_wconf 85' lang='lat' dir='ltr'>vero</span> <span class='ocrx_word' id='word_1_798' title='bbox 1029 3387 1096 3407; x_wconf 91' lang='lat' dir='ltr'>esse</span> <span class='ocrx_word' id='word_1_799' title='bbox 1116 3377 1249 3414; x_wconf 86' lang='lat' dir='ltr'>falsum;</span> <span class='ocrx_word' id='word_1_800' title='bbox 1274 3383 1304 3408; x_wconf 88' lang='lat' dir='ltr'>et</span> <span class='ocrx_word' id='word_1_801' title='bbox 1319 3377 1405 3407; x_wconf 80' lang='lat' dir='ltr'>aliud</span> <span class='ocrx_word' id='word_1_802' title='bbox 1422 3383 1468 3407; x_wconf 90' lang='lat' dir='ltr'>est</span> 
     </span>
     <span class='ocr_line' id='line_1_72' title="bbox 407 3420 1468 3461; baseline 0.001 -11"><span class='ocrx_word' id='word_1_803' title='bbox 407 3421 464 3450; x_wconf 89' lang='lat' dir='ltr'>sub</span> <span class='ocrx_word' id='word_1_804' title='bbox 487 3431 562 3451; x_wconf 90' lang='lat' dir='ltr'>vero</span> <span class='ocrx_word' id='word_1_805' title='bbox 587 3431 652 3451; x_wconf 90' lang='lat' dir='ltr'>esse</span> <span class='ocrx_word' id='word_1_806' title='bbox 678 3420 892 3460; x_wconf 81' lang='lat' dir='ltr'>cognitionem</span> <span class='ocrx_word' id='word_1_807' title='bbox 917 3420 996 3451; x_wconf 89' lang='lat' dir='ltr'>falsi.</span> <span class='ocrx_word' id='word_1_808' title='bbox 1030 3421 1174 3451; x_wconf 87' lang='lat' dir='ltr'>Primum</span> <span class='ocrx_word' id='word_1_809' title='bbox 1198 3421 1283 3451; x_wconf 88' lang='lat' dir='ltr'>enim</span> <span class='ocrx_word' id='word_1_810' title='bbox 1316 3420 1468 3461; x_wconf 86' lang='lat' dir='ltr'>significat</span> 
     </span>
     <span class='ocr_line' id='line_1_73' title="bbox 407 3465 1466 3505; baseline 0 -10"><span class='ocrx_word' id='word_1_811' title='bbox 407 3465 591 3504; x_wconf 88' lang='lat' dir='ltr'>oppositum</span> <span class='ocrx_word' id='word_1_812' title='bbox 609 3475 674 3495; x_wconf 92' lang='lat' dir='ltr'>esse</span> <span class='ocrx_word' id='word_1_813' title='bbox 691 3465 749 3495; x_wconf 93' lang='lat' dir='ltr'>sub</span> <span class='ocrx_word' id='word_1_814' title='bbox 770 3465 920 3505; x_wconf 88' lang='lat' dir='ltr'>opposito</span> <span class='ocrx_word' id='word_1_815' title='bbox 941 3472 1093 3505; x_wconf 89' lang='lat' dir='ltr'>tanquam</span> <span class='ocrx_word' id='word_1_816' title='bbox 1110 3465 1235 3495; x_wconf 85' lang='lat' dir='ltr'>formali</span> <span class='ocrx_word' id='word_1_817' title='bbox 1257 3475 1312 3495; x_wconf 90' lang='lat' dir='ltr'>seu</span> <span class='ocrx_word' id='word_1_818' title='bbox 1337 3465 1466 3505; x_wconf 87' lang='lat' dir='ltr'>proprio</span> 
     </span>
     <span class='ocr_line' id='line_1_74' title="bbox 406 3508 1465 3550; baseline 0.001 -12"><span class='ocrx_word' id='word_1_819' title='bbox 406 3508 507 3539; x_wconf 88' lang='lat' dir='ltr'>activo</span> <span class='ocrx_word' id='word_1_820' title='bbox 532 3516 585 3539; x_wconf 87' lang='lat' dir='ltr'>aut</span> <span class='ocrx_word' id='word_1_821' title='bbox 608 3508 685 3539; x_wconf 87' lang='lat' dir='ltr'>fine:</span> <span class='ocrx_word' id='word_1_822' title='bbox 711 3509 799 3550; x_wconf 92' lang='lat' dir='ltr'>quod</span> <span class='ocrx_word' id='word_1_823' title='bbox 830 3516 875 3540; x_wconf 92' lang='lat' dir='ltr'>est</span> <span class='ocrx_word' id='word_1_824' title='bbox 903 3509 1109 3549; x_wconf 89' lang='lat' dir='ltr'>impossibile.</span> <span class='ocrx_word' id='word_1_825' title='bbox 1147 3509 1330 3540; x_wconf 90' lang='lat' dir='ltr'>Secundum</span> <span class='ocrx_word' id='word_1_826' title='bbox 1359 3515 1465 3540; x_wconf 90' lang='lat' dir='ltr'>autem</span> 
     </span>
    </p>
   </div>
   <div class='ocr_carea' id='block_1_18' title="bbox 1491 3332 1495 3543">
    <p class='ocr_par' dir='ltr' id='par_1_25' title="bbox 1491 3332 1495 3543">
     <span class='ocr_line' id='line_1_75' title="bbox 1491 3332 1495 3543; baseline 0 513"><span class='ocrx_word' id='word_1_827' title='bbox 1491 3332 1495 3543; x_wconf 95' lang='lat' dir='ltr'> </span> 
     </span>
    </p>
   </div>
   <div class='ocr_carea' id='block_1_19' title="bbox 2621 2053 2830 2087">
    <p class='ocr_par' dir='ltr' id='par_1_26' title="bbox 2621 2053 2830 2087">
     <span class='ocr_line' id='line_1_76' title="bbox 2621 2053 2830 2087; baseline 0 -11"><span class='ocrx_word' id='word_1_828' title='bbox 2621 2055 2630 2064; x_wconf 83' lang='lat'>&#39;</span> <span class='ocrx_word' id='word_1_829' title='bbox 2639 2053 2688 2082; x_wconf 86' lang='lat' dir='ltr'>Qu.</span> <span class='ocrx_word' id='word_1_830' title='bbox 2696 2060 2743 2087; x_wconf 64' lang='grc' dir='ltr'>ιη,</span> <span class='ocrx_word' id='word_1_831' title='bbox 2751 2057 2794 2076; x_wconf 79' lang='lat' dir='ltr'>an.</span> <span class='ocrx_word' id='word_1_832' title='bbox 2801 2059 2830 2083; x_wconf 81' lang='lat'>¹³·</span> 
     </span>
    </p>
   </div>
  </div>
 </body>
</html>
