2892 4056
203 548 210 555 ·
221 546 267 573 Qu.
283 553 318 572 ιι,
330 549 372 567 art.
387 551 406 571 2,

201 571 280 627 εξἰᾶιι.
294 604 354 625 mxiv,
368 601 410 619 art

201 716 211 726 ⁸
221 716 257 737 De
273 715 319 737 Usu
333 715 409 742 Spiri-

201 742 305 764 malrum.

194 1673 200 1680 ¹
211 1671 250 1692 Ps.
265 1677 297 1698 vt,
312 1677 372 1692 vers.
385 1677 406 1699 3.

203 2260 211 2268 ·
220 2257 270 2279 Art.
286 2263 306 2278 2.

194 2361 205 2372 ⁴*
220 2361 288 2382 Vera.
302 2360 324 2383 8.

196 2677 207 2687 '⁴
223 2676 289 2698 Vers.
303 2676 325 2698 8.

197 2731 207 2740 ⁸
222 2729 278 2751 Ord.
294 2736 321 2751 ex
336 2730 405 2757 Greg-

196 3044 204 3052 ‘
220 3043 271 3064 Art.
286 3049 306 3071 3.

440 219 515 254 268
1088 215 1352 260 QUAESTIO
1382 215 1561 262 XXXIII,
1591 214 1885 251 ARTICULUS
1913 215 1964 251 Vl

1103 307 1439 367 ‘Conmentaria
1461 327 1712 361 cardinalis
1733 327 1934 360 Caietam·

469 420 488 440 N
513 409 644 439 articulo
669 409 781 450 quinto
811 413 886 436 nota
910 406 997 446 quod
1027 405 1171 445 quaestio
1194 405 1253 436 ista
1277 407 1316 436 de
1340 406 1497 437 ministra-

442 423 585 484 Itione
577 452 610 482 in
633 459 762 493 peccato
787 457 832 481 ter
854 451 887 480 in
904 450 965 479 hoc
989 459 1085 489 opere
1107 455 1270 480 tractatur:
1295 450 1410 490 primo,
1434 450 1495 486 hic

438 497 546 539 quoad
569 496 809 530 correctionem;
835 493 985 529 secundo,
1002 492 1156 523 inferius
1147 502 1180 523 ιιι
1203 500 1335 524 tractatu
1355 495 1394 524 de
1410 493 1497 524 iusti-

437 540 518 576 tia*,
534 540 640 581 quoad
656 539 825 574 iudicium;
850 545 880 569 et
897 537 1051 567 demum
1043 547 1075 567 ιιι
1091 536 1198 568 Tertia
1218 537 1307 569 Parte
1322 537 1365 574 **,
1381 538 1414 568 in
1437 544 1496 568 tra-

438 591 522 617 ctatu
546 584 584 614 de
607 582 819 620 sacramentis,
836 581 943 622 quoad
967 588 1054 611 actus
1082 581 1331 613 sacramentales.
1363 581 1404 613 Et
1426 591 1499 612 vera

438 627 600 659 conclusio
624 633 670 657 est
692 627 780 667 quod
803 626 835 656 in
859 625 934 655 solis
959 624 1079 655 actibus
1109 624 1202 655 sacris
1231 625 1442 656 ministerium
1465 624 1498 654 in

437 678 566 712 peccato
582 670 707 700 mortali
724 670 797 700 facit
812 679 935 699 novum
951 675 1116 709 peccatum
1131 669 1282 700 mortale:
1306 676 1342 699 ut
1360 669 1392 698 in
1408 669 1498 705 Quo-

435 715 541 746 libet*
565 714 701 744 diximus
725 724 761 744 ex
785 713 927 743 doctrina
951 713 1099 743 Auctoris
1122 713 1154 742 in
1178 712 1286 743 Tertia
1308 713 1408 743 Parte.

491 760 526 788 In
549 758 715 798 proposito
733 767 807 796 ergo
824 757 902 787 scito
922 757 1011 797 quod
1026 759 1148 787 Auctor
1170 757 1232 787 hoc
1247 757 1280 786 in
1295 757 1369 787 loco
1393 762 1497 787 osten-

436 803 482 832 dit
503 802 592 842 quod
616 802 711 832 etiam
734 802 852 841 absque
876 801 996 840 peccati
1011 800 1140 831 venialis
1163 801 1291 830 incursu
1306 807 1412 841 potest
1427 810 1498 840 pec-

437 852 523 876 cator
546 845 709 885 corrigere.
740 846 782 876 Et
804 845 865 875 hoc
888 845 1027 876 ostendit
1049 844 1102 876 sic.
1135 845 1304 875 Peccatum
1327 855 1393 875 non
1417 844 1500 874 tollit

435 890 467 920 id
484 890 568 919 unde
584 889 707 920 homini
731 889 879 919 convenit
895 889 1049 929 corrigere
1065 889 1318 930 delinquentem:
1343 888 1419 929 quia
1433 898 1499 918 non

435 934 518 964 tollit
540 940 663 964 rectum
685 933 839 964 iudicium
862 933 1003 970 rationis,
1023 940 1080 964 etc.
1105 933 1190 972 Ergo
1214 943 1281 963 non
1295 943 1352 973 per
1375 943 1407 963 se
1424 942 1499 963 con-

435 977 579 1008 trariatur
602 977 706 1008 officio
731 977 934 1008 correctionis
958 977 1120 1008 fraternae.
1144 978 1204 1007 Per
1227 977 1370 1008 accidens
1393 983 1501 1007 autem

435 1028 601 1062 peccatum
623 1021 786 1062 tripliciter
815 1021 970 1061 impedire
999 1031 1073 1052 cum
1097 1021 1198 1062 possit
1228 1020 1360 1064 (scilicet
1381 1021 1432 1051 vel
1454 1030 1501 1051 ra-

1548 405 1635 436 tione
1659 405 1815 445 suppositi
1838 405 1970 445 indigni,
1994 405 2043 435 vel
2067 405 2187 436 ratione
2216 407 2394 448 superbiae,
2418 408 2469 438 vel
2491 407 2612 438 ratione

1550 448 1720 492 scandali);
1745 459 1819 480 cum
1842 456 2009 489 peccatum
2032 449 2143 480 reddat
2164 448 2331 482 hominem
2353 451 2522 490 indignum
2545 461 2612 482 non

1549 493 1712 529 contrarie,
1738 493 1792 524 sed
1815 492 1968 533 negative,
1985 493 2024 523 ad
2048 492 2272 532 corrigendum
2295 492 2439 536 (propter
2455 495 2544 535 quod
2566 495 2612 525 lit-

1549 544 1624 573 tera,
1650 547 1725 568 cum
1748 537 1841 574 dixit,
1865 537 2019 578 indignus
2048 537 2205 574 redditur,
2229 537 2388 575 subdidit,
2413 538 2611 575 declarando,

1550 591 1613 611 non
1638 586 1684 612 est
1705 581 1834 621 dignus.
1856 581 1898 612 Et
1912 580 1991 612 ratio
2015 587 2061 612 est
2084 580 2159 621 quia
2175 591 2241 612 non
2264 581 2347 613 tollit
2368 582 2524 613 rationem
2544 591 2612 613 cor-

1550 624 1687 664 rigendi,
1711 624 1828 656 scilicet
1857 631 1979 656 rectum
2001 624 2170 656 iudicium:
2203 625 2358 656 contraria
2381 625 2466 657 enim
2496 632 2611 657 mutuo

1550 679 1582 698 se
1606 666 1806 710 excludunt);
1831 675 1862 699 et
1877 668 2062 699 scandalum
2086 679 2121 699 ac
2137 668 2285 708 superbia
2308 668 2464 700 evitabilia
2486 677 2570 706 sunt,
2588 669 2613 699 si

1549 719 1703 753 tanquam
1725 713 1933 752 ingemiscens
1957 713 2105 753 corrigat:
2131 722 2329 753 consequens
2353 719 2400 743 est
2422 720 2457 744 ut
2472 724 2538 743 non
2562 723 2612 744 so-

1549 757 1619 786 lum
1641 766 1698 796 per
1720 766 1753 787 se
1775 757 1951 797 loquendo,
1975 757 2029 787 sed
2053 757 2149 788 etiam
2171 766 2228 796 per
2250 756 2403 793 accidens,
2424 757 2557 787 existens
2580 757 2612 787 in

1550 806 1680 840 peccato
1703 801 1840 837 mortali,
1864 801 1920 841 qui
1943 801 2061 831 scilicet
2083 810 2141 831 nec
2165 800 2318 831 contritus
2335 807 2391 836 est,
2408 810 2475 830 non
2490 801 2614 832 noviter

1550 851 1659 884 peccat
1681 844 1708 875 si
1731 845 1849 885 absque
1878 845 2024 886 superbia
2048 851 2079 875 et
2101 844 2250 876 scandalo
2274 844 2443 874 fraternam
2473 851 2614 875 exerceat

1551 888 1792 919 correctionem.
1817 889 1921 919 Immo
1946 889 1986 919 ad
2007 889 2110 929 ipsam
2135 889 2178 918 sic
2201 895 2334 919 tenetur.
2351 906 2372 911 -
2388 888 2429 918 Et
2445 887 2611 918 confirma-

1550 939 1611 963 tur.
1636 932 1719 969 Quia
1741 942 1824 972 opus
1843 932 2076 963 misericordiae
2099 932 2181 968 facit,
2198 942 2264 973 quo
2287 932 2327 962 ad
2346 931 2472 962 veniam
2488 937 2519 962 et
2541 941 2613 962 con-

1550 976 1712 1007 tritionem
1726 977 1845 1016 peccati
1861 986 1893 1006 se
1908 977 2060 1017 disponit,
2079 977 2183 1007 multo
2206 976 2307 1016 magis
2326 986 2424 1016 quam
2443 985 2499 1015 per
2517 985 2615 1015 opera

1551 1020 1782 1051 misericordiae
1806 1021 1991 1060 corporalis.

1245 1132 1564 1197 ARTICULUS
1604 1155 1812 1196 SEXTUS

725 1242 880 1273 UTRUM
903 1240 1074 1278 ALIQUIS
1097 1239 1270 1270 DEBEAT
1293 1240 1322 1268 Α
1346 1218 1869 1270 CORRECTIONE'CESSARE
1892 1238 2092 1271 PROPTER
2114 1239 2316 1271 TIMOREM

1242 1282 1299 1313 NE
1324 1282 1420 1312 ILLE
1443 1282 1545 1312 FIAT
1568 1281 1792 1313 DETERIOR

696 1356 787 1388 Supra,
807 1359 855 1379 art.
875 1361 897 1383 2,
918 1353 998 1384 ad3;
1018 1353 1051 1377 IV
1071 1353 1154 1382 Sent„
1175 1353 1234 1377 dist.
1252 1359 1301 1382 xix,
1321 1359 1366 1384 qu.
1384 1359 1411 1382 11,
1430 1356 1477 1377 art.
1498 1359 1521 1381 2,
1542 1351 1591 1384 qu²
1613 1359 1634 1381 ι,
1654 1352 1686 1376 ad
1707 1351 1735 1381 5;
1755 1351 1814 1377 dist.
1833 1359 1918 1383 xxxnt,
1937 1359 1983 1384 qu.
2002 1359 2029 1381 ιι,
2048 1356 2096 1378 art.
2117 1359 2140 1383 2,
2161 1351 2211 1385 qu⁸
2232 1359 2255 1381 2,
2275 1352 2308 1377 ad
2330 1360 2357 1384 ις

1223 1387 1265 1412 De
1283 1387 1387 1416 Vir-tut„
1408 1395 1452 1419 qu.
1470 1394 1508 1418 ιιι,
1527 1392 1573 1411 art.
1597 1393 1618 1417 1,
1638 1388 1669 1412 ad
1692 1395 1714 1418 x,
1734 1386 1748 1411 3
1768 1394 1829 1419 sqq.

474 1486 482 1494 s
519 1472 527 1486 ι
552 1483 590 1501 „ff
644 1465 666 1490 D
695 1464 837 1489 sax-rum
858 1463 911 1488 sm
940 1462 1182 1488 Paocamrun.
1203 1449 1366 1487 Videtur
1393 1449 1499 1498 quod

463 1499 503 1559 '2‘
573 1499 619 1554 ²⁷²⁴!
646 1505 780 1554 aliquis
801 1517 879 1542 non
899 1504 1038 1542 debeat
1056 1516 1078 1540 a
1093 1502 1329 1562 correctione
1350 1514 1498 1541 cessare

434 1664 606 1701 animae:
637 1664 851 1702 secundum
872 1662 962 1700 illud
981 1662 1123 1699 Psalm.
1139 1661 1174 1698 *t
1199 1662 1389 1699 Miserere
1412 1662 1497 1707 mei,

433 1717 608 1762 Domine,
638 1717 817 1765 quoniam
847 1716 1019 1764 infirmus
1037 1727 1132 1751 sum.
1165 1714 1242 1751 Sed
1261 1714 1323 1751 ille
1348 1714 1409 1751 cui
1427 1714 1497 1752 im-

433 1769 552 1807 minet
581 1782 670 1806 cura
697 1768 837 1807 infirmi
870 1768 982 1805 etiam
1011 1774 1168 1816 propter
1201 1767 1280 1803 eius
1309 1767 1498 1806 contradi-

433 1823 600 1860 ctionem
619 1823 681 1858 vel
701 1828 964 1870 contemptum
984 1832 1062 1857 non
1083 1820 1197 1856 debet
1217 1832 1382 1856 cessare:
1409 1820 1498 1868 quia

432 1883 522 1914 tunc
541 1875 715 1913 imminet
745 1874 868 1911 maius
895 1873 1120 1922 periculum,
1150 1872 1246 1909 sicut
1272 1880 1375 1921 patet
1399 1873 1498 1911 circa

431 1929 608 1968 furiosos.
638 1929 740 1976 Ergo
761 1928 882 1964 multo
911 1926 1031 1974 magis
1061 1925 1176 1963 debet
1198 1922 1317 1962 homo
1337 1937 1519 1974 peccem-v

432 1989 510 2019 tem
540 1981 741 2029 corrigere,
762 1987 1117 2030 quantumcumque
1147 1978 1311 2027 graviter
1337 1979 1443 2016 ferat.

488 2046 523 2072 2.
558 2035 799 2080 ΡιιΑΕτΕιιΕΑ,
838 2032 1050 2071 secundum
1088 2031 1398 2081 Hieronymum,
1436 2043 1497 2070 ve-

433 2087 525 2126 ritas
544 2087 644 2125 vitae
662 2099 736 2124 non
766 2092 820 2123 est
844 2085 1060 2123 dimittenda
1082 2090 1240 2134 propter
1262 2084 1496 2123 scandalum.

432 2141 642 2188 Praecepta
661 2148 789 2177 autem
805 2139 877 2176 Dei
895 2138 1084 2187 pertinent
1099 2137 1148 2175 ad
1163 2138 1363 2176 veritatem
1382 2137 1496 2175 vitae.

434 2193 534 2230 Cum
555 2204 645 2241 ergo
666 2192 850 2231 correctio
870 2192 1034 2231 fraterna
1054 2190 1164 2229 cadat
1188 2191 1257 2230 sub
1278 2198 1497 2240 praecepto,

432 2253 473 2283 ut
502 2245 646 2285 dictum
677 2245 780 2291 est.*,
809 2245 960 2283 videtur
979 2245 1083 2294 quod
1103 2256 1183 2283 non
1202 2243 1248 2281 sit
1273 2243 1499 2283 dimittenda

432 2305 588 2348 propter
616 2299 840 2339 scandalum
870 2298 950 2337 eius
979 2297 1044 2345 qui
1073 2296 1283 2347 corripitur.

487 2353 521 2388 3.
532 2352 764 2398 Pam-mam,
774 2350 988 2390 secundum
996 2349 1298 2399 Apostolum‚ad
1305 2350 1418 2387 Rom.
1427 2348 1496 2396 111*,

433 2416 508 2446 non
535 2410 623 2441 sunt
640 2404 826 2453 facienda
855 2403 957 2441 mala
986 2408 1027 2440 ut
1050 2402 1205 2440 veniant
1230 2403 1341 2439 bona.
1372 2402 1495 2451 Ergo,

431 2456 513 2506 pari
541 2457 701 2503 ratione,
730 2469 808 2494 non
837 2463 924 2493 sunt
950 2454 1288 2506 praetermittenda
1317 2455 1420 2492 bona
1448 2467 1496 2492 ne

431 2509 587 2547 veniant
613 2510 725 2548 mala.
766 2510 842 2547 Sed
872 2507 1055 2548 correctio
1089 2508 1253 2545 fraterna
1286 2514 1342 2544 est
1374 2507 1496 2555 quod-

433 2563 521 2600 dam
541 2563 700 2600 bonum.
731 2562 833 2610 Ergo
861 2574 941 2598 non
970 2568 1025 2599 est
1053 2559 1390 2609 praetermittenda
1407 2572 1497 2608 pro-

431 2623 515 2665 pter
537 2615 715 2653 timorem
743 2627 790 2652 ne
818 2614 879 2654 ille
908 2614 973 2665 qui
1001 2613 1199 2662 corripitur
1225 2613 1292 2650 fiat
1319 2612 1494 2651 deterior.

486 2669 559 2705 SED
588 2680 732 2705 CONTRA
760 2679 826 2704 Esr
854 2667 960 2715 quod
989 2667 1125 2706 dicitur
1148 2667 1261 2704 Prov.
1283 2678 1319 2703 ιιι
1337 2665 1373 2704 *z
1402 2665 1500 2705 Noli

432 2733 597 2772 arguere
615 2721 831 2766 derisorem,
847 2732 894 2758 ne
913 2719 1034 2758 oderit
1049 2726 1100 2759 te:
1119 2719 1186 2756 ubi
1205 2718 1294 2757 dicit
1308 2718 1445 2757 Glossa
1459 2718 1494 2755 *.

432 2774 523 2812 Non
543 2780 598 2812 est
618 2774 823 2811 timendum
852 2785 899 2814 ne
925 2773 992 2811 tihi
1017 2772 1174 2818 derisor,
1194 2783 1280 2810 cum
1304 2771 1494 2820 arguitur,

433 2827 677 2866 contumelias
700 2827 859 2876 inserat.-
886 2826 952 2864 sed
968 2827 1039 2863 hoc
1059 2825 1185 2874 potius
1203 2824 1494 2873 providendum,

434 2892 491 2926 ne,
520 2885 659 2919 tractus
686 2880 738 2918 ad
764 2879 907 2925 odium,
937 2878 1022 2916 inde
1037 2879 1117 2928 fiat
1139 2878 1262 2928 peior.
1292 2877 1395 2926 Ergo
1416 2889 1494 2914 ces-

434 2932 597 2970 sandum
626 2939 681 2972 est
709 2945 731 2972 a
759 2931 992 2971 correctione
1019 2931 1186 2971 fraterna
1214 2929 1368 2980 quando
1388 2929 1494 2970 time-

433 2992 494 3022 tur
521 2997 568 3021 ne
596 2985 663 3022 fiat
687 2985 747 3021 ille
775 2984 864 3021 inde
894 2983 1069 3021 deterior.

488 3038 712 3074 RESPONDEO
736 3049 919 3077 DlCENDUM
947 3037 1064 3086 quod,
1094 3036 1191 3074 sicut
1219 3035 1363 3073 dictum
1392 3041 1449 3071 est
1461 3034 1492 3082 ⁷⁸,

436 3089 574 3139 duplex
609 3098 664 3126 est
700 3090 884 3127 correctio
919 3088 1184 3137 delinquentis.
1223 3088 1309 3125 Una
1337 3087 1493 3136 quidem

434 3143 627 3191 pertinens
646 3142 694 3179 ad
713 3143 915 3191 praelatos,
936 3155 1034 3191 quae
1060 3141 1256 3181 ordinatur
1279 3139 1326 3177 ad
1347 3141 1494 3181 bonum

436 3207 654 3242 commune,
676 3202 712 3231 et
738 3195 853 3232 habet
879 3195 959 3232 vim
987 3195 1214 3232 coactivam.
1243 3193 1292 3230 Et
1310 3193 1393 3230 talis
1413 3205 1495 3229 cor-

436 3248 552 3286 rectio
589 3260 669 3289 non
697 3255 753 3288 est
786 3247 1009 3287 dimittenda
1045 3255 1202 3298 propter
1236 3245 1494 3286 turbationem

489 3360 517 3392 α)
536 3360 568 3385 si.
585 3373 604 3379 -
621 3360 672 3384 etsi
690 3359 791 3384 codices
817 3365 842 3384 et
860 3367 885 3384 a.
904 3373 922 3378 -
940 3361 990 3385 Pro
1009 3367 1123 3392 peccare
1141 3361 1266 3390 desistat,
1285 3366 1303 3384 a
1316 3365 1430 3391 peccare
1449 3359 1494 3384 de-

436 3395 514 3420 sistat
531 3395 562 3425 D,
577 3398 690 3427 peccata
709 3395 829 3420 dimittat
846 3395 893 3420 Pa.

490 3429 515 3463 β)
534 3430 705 3455 coactionem.
723 3444 741 3448 -
759 3430 911 3455 citationem
930 3430 1199 3463 ADFGHLpBCEKz
1214 3435 1239 3454 et
1256 3436 1288 3458 ας
1306 3429 1396 3454 abrasa
1414 3436 1459 3461 pa.

489 3466 515 3499 γ)
532 3465 724 3497 phreneticum.
741 3479 759 3484 —
772 3465 935 3497 phreneticis
954 3464 991 3498 (et
1004 3465 1062 3490 dein
1075 3465 1177 3498 volunt)
1196 3465 1228 3496 G,
1242 3464 1398 3496 phrenetico
1417 3464 1462 3488 Pa.
1480 3477 1495 3481 —

436 3501 487 3525 Pro
505 3501 646 3530 similatur,
665 3499 830 3526 assimilatur
849 3501 920 3525 Pl-Ia.

1550 1449 1630 1486 eius
1651 1449 1715 1498 qui
1734 1449 1944 1499 corripitur.
1974 1450 2080 1486 Tum
2100 1449 2202 1498 quia,
2223 1448 2287 1486 si‘2
2299 1449 2458 1499 propria
2480 1457 2617 1498 sponte

1550 1502 1747 1539 emendari
1774 1514 1854 1539 non
1879 1501 1981 1548 velit,
2003 1502 2198 1549 cogendus
2226 1509 2283 1539 est
2307 1514 2377 1551 per
2387 1515 2561 1562 ...poenas
2575 1511 2617 1545 ut

1548 1567 1709 1604 peccare
1739 1555 1906 1593 desistat.
1944 1555 2048 1591 Tum
2079 1554 2192 1593 etiam
2221 1554 2332 1604 quia,
2365 1554 2398 1592 si
2425 1555 2619 1604 incorrigi-

1550 1607 1634 1644 bilis
1655 1608 1711 1656 sit,
1730 1620 1799 1658 per
1817 1608 1892 1645 hoc
1914 1607 2140 1667 providetur
2159 1608 2263 1645 bono
2288 1608 2501 1656 communi,
2522 1609 2616 1649 dum

1549 1668 1724 1699 servatur
1737 1660 1834 1699 ordo
1853 1660 2028 1708 iustitiae,
2046 1668 2083 1699 et
2099 1660 2211 1698 unius
2226 1662 2403 1710 exemplo
2418 1661 2480 1699 alii
2495 1662 2618 1702 deter-

1550 1721 1690 1750 rentur.
1712 1713 1825 1750 Unde
1842 1713 1956 1750 iudex
1975 1725 2054 1750 non
2073 1714 2337 1761 praetermittit
2349 1714 2448 1753 ferre
2466 1722 2618 1761 senten·

1549 1766 1640 1804 tiam
1661 1766 1993 1804 condemnationis
2015 1766 2054 1803 in
2072 1774 2298 1815 peccantem
2325 1774 2484 1816 propter
2505 1767 2619 1807 timo-

1550 1831 1631 1857 rem
1659 1818 1885 1856 turbationis
1905 1818 2033 1867 ipsius,
2054 1819 2116 1857 vel
2140 1819 2254 1856 etiam
2277 1820 2494 1858 amicorum
2523 1821 2616 1861 eius.

1603 1871 1689 1909 Alia
1706 1884 1802 1909 vero
1832 1879 1888 1908 est
1915 1871 2099 1910 correctio
2129 1872 2306 1919 fraterna,
2327 1872 2437 1910 cuius
2455 1873 2544 1913 finis
2562 1871 2620 1913 es't

1550 1924 1765 1963 emendatio
1787 1924 2054 1973 delinquentis,
2075 1936 2154 1962 non
2173 1925 2320 1963 habens
2343 1925 2590 1967 coactionem
2601 1925 2619 1957 Ρ

1549 1977 1617 2016 sed
1645 1977 1860 2026 simplicem
1890 1976 2208 2016 admonitionem.
2243 1978 2294 2015 Et
2319 1978 2409 2017 ideo
2435 1979 2502 2019 ubi
2528 1991 2618 2028 pro·

1549 2030 1722 2067 babiliter
1741 2030 1962 2067 aestimatur
1985 2030 2090 2078 quod
2110 2038 2290 2079 peccator
2312 2029 2618 2071 admonitionem

1549 2096 1629 2122 non
1657 2083 1830 2133 recipiat,
1859 2084 1926 2120 sed
1955 2084 2003 2122 ad
2030 2083 2165 2133 peiora
2191 2084 2357 2131 labatur,
2385 2091 2443 2123 est
2469 2085 2519 2123 ab
2545 2083 2617 2122 hu—

1549 2136 1717 2175 iusmodi
1746 2136 1981 2174 correctione
2009 2135 2290 2177 desistendum.
2325 2137 2415 2185 quia
2443 2149 2490 2174 ea
2517 2149 2616 2186 quae

1550 2198 1638 2228 sunt
1665 2189 1714 2227 ad
1742 2189 1862 2227 finem
1896 2188 2038 2227 debent
2074 2189 2236 2238 regulari
2263 2189 2477 2228 secundum
2510 2190 2617 2239 quod

1550 2242 1664 2292 exigit
1691 2242 1786 2279 ratio
1814 2241 1913 2281 finis.

1601 2297 1660 2332 Αι)
1689 2306 1827 2332 patmum
1854 2306 1952 2331 ERGO
1981 2306 2166 2332 mcuunun
2193 2294 2301 2343 quod
2328 2294 2502 2332 medicus
2519 2307 2614 2343 qua-

1549 2349 1639 2386 darn
1660 2347 1856 2386 coactione
1875 2347 1991 2384 utitur
2008 2347 2047 2385 in
2066 2347 2331 2396 phreneticum
2349 2352 2376 2394 Ὺ,
2397 2347 2463 2396 qui
2482 2359 2614 2388 curam
2639 2385 2643 2389 ,

1549 2402 1629 2441 eius
1657 2401 1825 2450 recipere
1853 2412 1932 2438 non
1960 2400 2054 2437 vult.
2084 2401 2133 2438 Et
2159 2400 2250 2437 huic
2278 2399 2464 2439 similatur
2491 2411 2616 2442 corre-

1549 2455 1622 2492 ctio
1643 2454 1914 2503 praelatorum,
1929 2465 2030 2502 quae
2049 2453 2166 2491 habet
2182 2451 2264 2491 vim
2284 2453 2515 2493 coactivam·
2533 2466 2616 2500 non

1549 2514 1680 2545 autem
1709 2506 1870 2554 simplex
1898 2505 2083 2544 correctio
2111 2506 2288 2544 fraterna.

1602 2561 1661 2597 AD
1698 2570 1890 2597 SECUNDUM
1926 2570 2112 2597 melianum
2147 2560 2254 2608 quod
2291 2559 2340 2597 de
2377 2534 2641 2601 correctione

1547 2613 1712 2651 fraterna
1741 2612 1852 2650 datur
1885 2619 2134 2660 praeceptum
2170 2611 2385 2651 secundum
2423 2612 2531 2660 quod
2559 2620 2615 2659 est

1548 2673 1654 2704 actus
1682 2665 1842 2705 virtutis.
1881 2665 1968 2702 Hoc
1996 2672 2126 2704 autem
2163 2672 2220 2704 est
2255 2664 2470 2706 secundum
2507 2665 2615 2713 quod

1547 2718 1862 2768 proportionatur
1887 2717 1968 2755 fini.
2007 2718 2057 2755 Et
2082 2717 2171 2756 ideo
2201 2714 2390 2766 quando
2410 2725 2466 2756 est
2492 2717 2614 2767 impe-

1549 2770 1668 2810 ditiva
1693 2770 1802 2816 finis,
1840 2777 1930 2818 puta
1958 2782 2046 2810 cum
2075 2769 2236 2811 efficitur
2271 2771 2396 2808 homo
2427 2769 2611 2819 deterior,

1548 2824 1624 2863 iam
1654 2835 1732 2861 non
1760 2823 1923 2872 pertinet
1953 2822 2003 2860 ad
2030 2822 2230 2862 veritatem
2257 2822 2381 2870 vitae,
2413 2834 2486 2861 nec
2514 2822 2614 2863 cadit

1547 2877 1617 2915 sub
1646 2883 1866 2926 praecepto.

1600 2931 1659 2968 An
1678 2941 1839 2968 τΕιιτιυΜ
1857 2939 2042 2967 mesanum
2071 2928 2175 2976 quod
2197 2940 2243 2965 ea
2261 2940 2359 2976 quae
2389 2927 2614 2970 ordinantur

1548 2981 1597 3019 ad
1633 2982 1754 3021 finem
1790 2981 1934 3020 habent
1965 2980 2154 3021 rationem
2187 2981 2279 3019 boni
2317 2993 2362 3020 ex
2394 2979 2528 3020 ordine
2562 2980 2612 3022 ad

1547 3035 1680 3075 finem.
1722 3035 1771 3075 Et
1798 3034 1886 3075 ideo
1924 3033 2108 3073 correctio
2145 3033 2329 3085 fraterna,
2367 3033 2523 3083 quando
2555 3041 2614 3074 est

1546 3086 1770 3136 impeditiva
1792 3086 1891 3134 finis,
1913 3086 2054 3123 scilicet
2078 3086 2356 3124 emendationis
2380 3086 2514 3134 fratris,
2533 3085 2611 3124 iam

1547 3153 1626 3179 non
1654 3140 1769 3178 habet
1798 3139 1986 3179 rationem
2013 3139 2118 3177 boni.
2147 3140 2197 3177 Et
2214 3139 2303 3177 ideo
2333 3151 2421 3179 cum
2444 3145 2611 3188 praeter-

1546 3193 1701 3230 mittitur
1719 3192 1803 3230 talis
1823 3192 2018 3239 correctio,
2038 3204 2118 3229 non
2136 3192 2444 3243 praetermittitur
2463 3192 2609 3229 bonum

1548 3258 1596 3283 ne
1625 3245 1778 3283 eveniat
1805 3246 1962 3282 malum.

1600 3358 1624 3391 ὃ)
1646 3359 1681 3384 Et
1700 3359 1759 3385 ideo
1784 3359 1899 3392 quando.
1918 3372 1936 3377 -
1956 3358 1992 3384 Et
2010 3357 2071 3385 ideo
2096 3357 2309 3391 Empacxa.
2329 3356 2365 3382 Et
2382 3356 2442 3384 ideo
2466 3343 2610 3385 secundum

1549 3394 1620 3425 quod
1636 3394 1666 3423 Β,
1686 3394 1722 3419 Et
1740 3394 1799 3419 ideo
1818 3396 1848 3418 ut
1865 3394 1897 3425 G,
1918 3393 1981 3419 Ideo
2001 3393 2046 3418 ubi
2063 3393 2081 3425 1,
2102 3393 2138 3418 Et
2156 3392 2215 3418 ideo
2234 3393 2279 3418 ubi
2295 3392 2346 3424 sA,
2365 3394 2392 3418 et
2409 3398 2461 3419 non
2482 3391 2526 3422 SC,
2545 3391 2609 3419 Ideo

1547 3436 1592 3460 px,
1613 3429 1649 3454 Et
1667 3429 1726 3454 ideo
1744 3436 1803 3454 cum
1822 3436 1880 3454 sim.
