2892 4056
101 788 111 798 ⁸
125 788 160 809 Cf.
179 793 217 816 qu.
239 794 312 817 xnvn,

95 2154 104 2164 ⁸
119 2152 186 2175 Vere.
200 2153 236 2181 65.

95 2361 105 2371 ⁸
118 2360 185 2382 Vere.
199 2366 233 2387 14.

95 2887 107 2898 ⁴
125 2887 148 2909 1·
171 2887 230 2914 11⁸⁰,
254 2894 293 2916 qu.

96 2919 176 2941 mni,
191 2917 232 2936 nrt.
247 2920 263 2936 ι.

197 3045 212 3079 β

1055 182 1320 227 QUAEST1O
1350 183 1433 229 LII,

1463 183 1757 220 ARTICULUS
1789 185 1801 220 l
2441 183 2512 220 383

669 413 1083 489 QUAESTIO
1125 415 1316 491 QUIN
1320 415 2183 492 QUAGESIMASECUNDA

1076 533 1168 573 DE
1210 533 1413 573 DONO

1123 647 1156 671 IN

341 739 529 821 Damon
563 730 886 767 considerandum
926 738 980 766 est
1009 730 1055 767 de
1087 731 1190 768 dono
1229 731 1395 779 consilii,

424 783 530 831 quod
560 783 768 832 respondet
795 782 1032 832 prudentiae.
1055 784 1074 805 ²¹²

338 836 388 872 Et
416 836 514 872 circa
540 837 615 873 hoc
643 842 876 883 quaeruntur
904 842 1077 882 quatuor.

390 888 543 925 Primo:
572 897 699 925 utrum
721 887 922 925 consilium
944 887 1081 924 debeat
1105 888 1198 936 poni
1223 888 1319 925 inter
1342 901 1398 925 se-

441 949 547 990 ptem
577 941 679 978 dona
708 940 870 989 Spiritus
899 940 1038 976 Sancti.
1423 964 1426 990 Ι

1458 533 1781 574 CONSILII

1187 647 1360 677 QUATUOR
1386 648 1588 673 ARTICULOS
1616 648 1731 672 DIVISA

1506 732 1708 769 Secundo:
1746 740 1873 769 utrum
1913 733 2057 769 donum
2102 733 2246 770 consilii
2284 735 2512 782 respondeat

1557 785 1685 821 virtuti
1714 785 1948 834 prudentiae.

1506 837 1658 873 Tertio:
1679 845 1806 874 utrum
1828 838 1974 875 donum
1995 838 2137 874 consilii
2153 846 2306 875 maneat
2325 838 2362 875 in
2377 839 2510 887 patria.

1508 890 1675 935 Quarto:
1714 898 1842 926 utrum
1880 891 2009 938 quinta
2046 891 2260 938 beatitudo,
2300 903 2397 940 quae
2435 899 2510 939 est,

1559 942 1669 977 Beati
1691 943 1962 988 misericordes,
1988 943 2216 991 respondeat
2236 944 2338 980 dono
2359 944 2509 981 consilii.

1147 1040 1465 1082 ARTICULUS
1495 1040 1701 1082 PRIMUS

706 1133 862 1164 UTRUM
889 1133 1124 1165 CONSILIUM
1147 1133 1320 1164 DEBEAT
1344 1133 1444 1164 pom
1469 1133 1601 1163 INTER
1623 1133 1745 1164 DONA
1769 1133 1958 1165 SP1R1TUS
1981 1134 2137 1165 SANCTI

1105 1220 1136 1244 111
1156 1219 1238 1249 Sent„
1259 1220 1318 1245 dist.
1337 1227 1408 1251 xxxv,
1428 1228 1471 1252 qu.
1490 1227 1517 1251 11,
1538 1226 1585 1246 art.
1603 1228 1628 1252 4,
1649 1221 1698 1253 qu*
1720 1228 1743 1246 1.

342 1327 349 1330 <
365 1313 431 1356 {2⁴3³
448 1310 526 1344 ψ»
546 1312 571 1338 D
599 1299 737 1337 Palmum
765 1311 818 1336 Sic
842 1310 1082 1336 Pnocemrua.
1112 1298 1273 1335 Videtur
1291 1298 1397 1346 quod

379 1342 525 1413 “3''{2
549 1352 747 1390 consilium
777 1364 855 1389 non
884 1352 1021 1389 debeat
1052 1351 1143 1400 poni
1171 1351 1267 1388 inter
1293 1351 1396 1388 dona

354 1408 357 1413 '
386 1406 388 1409 ’
416 1421 475 1448 ν,
492 1409 519 1447 '‘(1
533 1403 706 1454 Spiritus
722 1405 859 1442 Sancti.
882 1406 995 1442 Dona
1010 1404 1111 1441 enim
1128 1404 1286 1452 Spiritus
1301 1405 1396 1441 San-

507 1450 540 1496 Χ
549 1458 596 1495 cti
622 1459 662 1495 in
688 1457 919 1495 adiutorium
947 1457 1130 1494 virtutum
1160 1457 1317 1502 dantur;
1354 1464 1397 1493 ut

276 1525 289 1540 a
332 1504 453 1558 patet*
461 1522 531 1558 per
554 1511 795 1558 Gregorium,
824 1510 864 1546 in
884 1511 916 1546 II
935 1510 1080 1546 Moral.
1100 1509 1120 1531 '¹‘
1141 1509 1218 1546 Sed
1237 1509 1285 1546 ad
1306 1521 1396 1546 con-

334 1562 536 1600 siliandum
561 1564 680 1600 horno
709 1563 939 1600 sufficienter
965 1562 1159 1611 perficitur
1184 1573 1254 1610 per
1279 1561 1396 1599 virtu-

332 1623 411 1653 tem
429 1615 664 1664 prudentiae,
689 1617 748 1652 vel
777 1616 892 1653 etiam
917 1615 1104 1662 eubuliae,
1124 1622 1165 1651 ut
1185 1627 1230 1651 ex
1250 1614 1356 1652 dictis
1376 1614 1396 1636 ²¹⁸

332 1676 447 1718 patet.
476 1669 580 1717 Ergo
600 1669 800 1706 consilium
820 1681 899 1706 non
919 1669 1032 1705 debet
1059 1668 1152 1717 poni
1177 1668 1274 1705 inter
1293 1667 1395 1704 dona

333 1721 494 1771 Spiritus
513 1722 653 1759 Sancti.

387 1786 423 1812 2.
457 1776 699 1821 PRAETEREA,
739 1775 835 1812 haec
870 1774 1020 1811 videtur
1058 1786 1140 1811 esse
1182 1773 1395 1810 differentia

332 1826 429 1864 inter
456 1835 604 1876 septem
633 1828 736 1865 dona
765 1827 924 1876 Spiritus
941 1827 1068 1864 Sancti
1093 1835 1129 1863 et
1151 1826 1288 1874 gratias
1313 1838 1395 1874 gra-

333 1879 379 1917 tis
407 1880 533 1928 datas,
567 1881 673 1929 quod
700 1880 839 1928 gratiae
868 1880 980 1928 gratis
1009 1881 1117 1916 datae
1146 1892 1225 1916 non
1259 1879 1396 1916 dantur

333 1933 524 1981 omnibus,
545 1934 613 1971 sed
633 1934 906 1971 distribuuntur
925 1933 1105 1979 diversis;
1135 1933 1238 1970 dona
1266 1940 1395 1970 autem

333 1986 494 2034 Spiritus
518 1987 646 2024 Sancti
675 1987 812 2024 dantur
839 1987 1020 2024 omnibus
1055 1985 1282 2023 habentibus
1313 1986 1396 2034 Spi-

333 2038 447 2077 ritum
478 2039 673 2077 Sanctum.
722 2040 799 2077 Sed
828 2039 1028 2076 consilium
1055 2039 1207 2076 videtur
1235 2051 1317 2076 esse
1347 2039 1394 2076 de

331 2091 390 2128 his
419 2104 517 2139 quae
552 2092 765 2141 specialiter
801 2093 989 2142 aliquibus
1026 2104 1048 2128 a
1082 2092 1223 2140 Spiritu
1253 2093 1394 2129 Sancto

333 2146 488 2182 dantur:
519 2146 732 2183 secundum
759 2145 852 2182 illud
882 2147 895 2182 I
914 2146 1097 2182 Machab.
1120 2157 1142 2181 11
1161 2145 1197 2182 *z
1221 2146 1321 2182 Ecce
1339 2145 1395 2181 Si-

332 2209 422 2234 mon
442 2203 476 2243 “,
498 2199 633 2246 frater
659 2204 797 2236 vester.-
825 2198 902 2246 ipse
928 2199 989 2235 vir
1016 2198 1164 2234 consilii
1188 2203 1251 2234 est.
1291 2199 1393 2245 Ergo

333 2250 534 2287 consilium
562 2251 682 2298 magis
715 2252 828 2288 debet
860 2251 954 2299 poni
991 2250 1087 2287 inter
1118 2251 1255 2299 gratias
1283 2251 1396 2298 gratis

334 2303 440 2340 datas
459 2315 577 2351 quam
597 2303 694 2341 inter
712 2311 858 2351 septem
881 2303 982 2340 dona
1003 2303 1160 2351 Spiritus
1181 2303 1322 2341 Sancti.

388 2357 423 2393 3.
453 2357 696 2402 PRAETEREA,
725 2357 838 2393 Rom.
859 2355 959 2392 vm*
979 2355 1128 2392 dicitur:
1161 2357 1235 2398 Qui
1254 2357 1394 2404 Spiritu

333 2409 408 2446 Dei
433 2415 623 2459 aguntur,
651 2409 691 2446 hi
714 2409 794 2457 filii
819 2409 894 2446 Dei
923 2414 1019 2444 sunt.
1060 2409 1136 2445 Sed
1165 2409 1223 2445 his
1251 2408 1316 2455 qui
1346 2409 1393 2444 ab

333 2462 408 2498 alio
429 2470 591 2510 aguntur
618 2474 696 2499 non
724 2463 905 2510 competit
924 2460 1135 2497 consilium.
1167 2461 1267 2497 Cum
1287 2460 1397 2508 igitur

333 2515 436 2552 dona
456 2515 616 2564 Spiritus
633 2515 759 2552 Sancti
779 2514 945 2551 maxime
967 2521 1186 2562 competant
1203 2513 1289 2550 filiis
1308 2514 1393 2560 Dei,

333 2567 398 2616 qui
417 2574 641 2617 acceperunt
659 2569 838 2616 Spiritum
865 2568 1075 2615 adoptionis
1082 2567 1259 2615 filiorum
1278 2566 1309 2613 ³¹⁸,
1338 2566 1395 2603 vi-

334 2621 442 2658 detur
470 2621 575 2670 quod
604 2621 804 2658 consilium
835 2621 930 2657 inter
955 2620 1057 2657 dona
1087 2619 1246 2668 Spiritus
1267 2618 1394 2655 Sancti

332 2673 426 2723 poni
453 2687 532 2711 non
562 2674 710 2711 debeat.

388 2727 462 2764 SED
493 2738 639 2764 CONTRA
668 2739 734 2764 EST
763 2727 867 2774 quod
898 2725 1013 2762 Isaiae
1033 2737 1068 2762 xi
1089 2726 1109 2746 *
1138 2724 1291 2762 dicitur:
1321 2726 1395 2762 Re-

333 2780 496 2829 quiescet
511 2792 625 2829 super
643 2792 729 2817 eum
749 2780 908 2828 Spiritus
927 2778 1073 2815 consilii
1094 2783 1128 2814 et
1144 2778 1392 2826 fortitudinis.

387 2834 613 2870 Responmzo
629 2845 811 2870 monimum
832 2832 936 2880 quod
957 2831 1059 2868 dona
1080 2830 1239 2879 Spiritus
1255 2830 1393 2878 Sancti,

332 2893 374 2922 ut
401 2898 516 2934 supra
534 2886 554 2907 ’¹‘
575 2886 716 2923 dictum
745 2893 818 2931 est,
848 2893 934 2922 sunt
963 2884 1152 2934 quaedam
1183 2883 1395 2932 dispositio-

333 2950 402 2976 nes
421 2939 559 2987 quibus
579 2939 707 2976 anima
727 2938 896 2975 redditur
919 2940 1018 2974 bene
1037 2936 1188 2973 mobilis
1212 2949 1234 2973 a
1254 2936 1395 2984 Spiritu

335 2991 487 3028 Sancto.
514 2992 619 3028 Deus
639 2999 767 3027 autern
787 2998 920 3027 movet
938 2990 1242 3038 unumquodque
1262 3001 1395 3026 secun-

335 3043 427 3080 dum
448 3044 609 3080 modurn
627 3042 643 3073 β
663 3043 743 3080 eius
771 3044 876 3091 quod
904 3050 1103 3080 movetur:
1134 3043 1230 3079 sicut
1250 3047 1396 3079 creatu-

334 3108 419 3133 ram
457 3096 694 3145 corporalem
731 3102 855 3133 movet
888 3108 962 3144 per
997 3101 1140 3143 tempus
1176 3101 1214 3131 et
1247 3095 1391 3139 locum,

1445 1310 1518 1346 per
1545 1299 1690 1345 locum,
1719 1307 1760 1336 ut
1788 1300 2020 1347 Augustinus
2050 1299 2148 1345 dicit,
2169 1300 2255 1337 VIII
2283 1313 2396 1349 super
2417 1302 2508 1339 Gen.

1451 1352 1502 1388 ad
1535 1352 1601 1389 litt.
1630 1352 1651 1373 ‘¹‘
1684 1353 1753 1389 Est
1794 1360 1924 1390 autern
1961 1353 2160 1401 proprium
2198 1353 2369 1390 rationali
2408 1367 2510 1391 crea-

1449 1412 1554 1441 turae
1584 1405 1688 1453 quod
1716 1417 1786 1453 per
1813 1405 2094 1454 inquisitionem
2125 1405 2281 1442 rationis
2309 1415 2512 1444 moveatur

1451 1458 1499 1494 ad
1540 1457 1684 1504 aliquid
1724 1458 1936 1505 agendum:
1980 1470 2079 1506 quae
2123 1458 2277 1506 quidem
2320 1459 2510 1507 inquisitio

1451 1509 1651 1546 consilium
1681 1509 1825 1547 dicitur.
1856 1511 1905 1546 Et
1928 1510 2014 1546 ideo
2044 1510 2205 1558 Spiritus
2231 1512 2390 1548 Sanctus
2409 1524 2478 1560 per
2495 1517 2510 1540 Υ

1450 1562 1612 1599 modum
1634 1562 1778 1599 consilii
1807 1570 2019 1599 creaturam
2039 1563 2261 1600 rationalem
2290 1572 2433 1601 movet.
2463 1565 2512 1601 Et

1450 1622 1605 1663 propter
1631 1616 1706 1652 hoc
1726 1615 1926 1652 consilium
1945 1616 2098 1664 ponitur
2116 1615 2212 1652 inter
2232 1616 2334 1653 dona
2354 1617 2511 1666 Spiritus

1451 1668 1589 1705 Sancti.

1502 1723 1561 1758 An
1583 1733 1720 1758 PRIMUM
1749 1733 1847 1758 ERGO
1872 1733 2057 1759 DICENDUM
2086 1722 2192 1771 quod
2220 1722 2420 1769 prudentia
2448 1723 2510 1759 vel

1450 1773 1615 1821 eubulia,
1636 1773 1716 1811 sive
1746 1774 1792 1810 sit
1818 1773 2003 1822 acquisita
2032 1774 2124 1824 sive,
2140 1774 2275 1821 infusa,
2302 1774 2424 1823 dirigit
2441 1776 2509 1812 ho-

1449 1826 1595 1864 minem
1614 1826 1653 1863 in
1672 1826 1915 1874 inquisitione
1946 1827 2088 1864 consilii
2117 1828 2327 1864 secundum
2349 1840 2393 1864 ea
2412 1840 2510 1876 quae

1450 1880 1543 1916 ratio
1564 1879 1892 1928 comprehendere
1910 1887 2051 1929 potest:
2075 1881 2178 1917 unde
2197 1881 2315 1916 homo
2335 1892 2404 1929 per
2421 1893 2509 1930 pru-

1450 1932 1619 1970 dentiam
1639 1933 1701 1969 vel
1722 1933 1915 1969 eubuliam
1943 1933 1987 1970 fit
2014 1933 2113 1969 bene
2138 1933 2339 1970 consilians
2358 1934 2419 1970 vel
2439 1933 2509 1970 sibi

1449 1986 1511 2023 vel
1529 1985 1603 2022 alii.
1634 1986 1712 2022 Sed
1731 1985 1822 2033 quia
1848 1986 2019 2023 humana
2047 1985 2141 2022 ratio
2163 1998 2242 2022 non
2260 1993 2386 2035 potest
2405 1999 2509 2023 com-

1449 2039 1687 2087 prehendere
1725 2038 1926 2086 singularia
1963 2046 1999 2075 et
2028 2038 2282 2086 contingentia
2316 2051 2414 2087 quae
2447 2052 2509 2076 oc-

1450 2104 1599 2128 currere
1627 2099 1799 2140 possunt,
1821 2091 1865 2128 fit
1888 2092 1993 2140 quod
2020 2092 2264 2141 cogitationes
2291 2092 2506 2129 mortalium

1447 2151 1535 2181 sunt
1560 2145 1724 2190 timidae,
1745 2150 1781 2181 et
1806 2144 1970 2181 incertae
1990 2145 2252 2192 providentiae
2280 2150 2441 2191 nostrae,
2466 2152 2508 2181 ut

1449 2198 1585 2235 dicitur
1611 2198 1698 2246 Sap.
1721 2209 1756 2234 ix
1769 2196 1800 2234 ³¹².
1835 2198 1884 2234 Et
1902 2197 1989 2234 ideo
2017 2197 2159 2245 indiget
2186 2197 2304 2234 homo
2329 2197 2366 2233 in
2386 2197 2508 2245 inqui·
2534 2209 2545 2218 ·

1449 2250 1583 2287 sitione
1613 2249 1760 2287 consilii
1788 2249 1894 2298 dirigi
1915 2262 1936 2286 a
1954 2251 2053 2297 Deo,
2081 2250 2146 2298 qui
2175 2250 2305 2287 omnia
2334 2262 2507 2299 compre—

1449 2303 1590 2340 hendit.
1632 2303 1749 2350 Quod
1778 2303 1820 2339 fit
1847 2315 1916 2351 per
1944 2302 2090 2340 donum
2118 2303 2276 2349 consilii,
2306 2315 2375 2351 per
2402 2303 2507 2351 quod

1448 2357 1568 2393 homo
1608 2355 1775 2403 dirigitur
1812 2355 1918 2404 quasi
1960 2355 2116 2393 consilio
2155 2368 2177 2392 a
2214 2357 2298 2392 Deo
2336 2363 2505 2405 accepto.

1449 2409 1554 2445 Sicut
1583 2408 1696 2444 etiam
1716 2408 1755 2444 in
1776 2409 1888 2445 rebus
1918 2408 2188 2457 humanis‘qui
2217 2408 2288 2445 sibi
2315 2408 2405 2456 ipsis
2428 2421 2507 2446 non

1448 2461 1639 2498 sufficiunt
1666 2461 1706 2496 in
1730 2460 1970 2508 inquisitione
2001 2461 2143 2498 consilii
2168 2474 2190 2498 a
2217 2460 2507 2509 sapientioribus

1450 2513 1648 2550 consilium
1678 2512 1883 2561 requirunt.

1500 2568 1560 2603 An
1584 2577 1774 2603 SECUNDUM
1801 2577 1985 2602 DICENDUM
2014 2565 2117 2614 quod
2145 2566 2220 2602 hoc
2247 2573 2372 2614 potest
2395 2565 2506 2614 perti-

1449 2631 1537 2655 nere
1558 2619 1606 2656 ad
1625 2618 1783 2666 gratiam
1811 2618 1923 2665 gratis
1943 2618 2070 2654 datam
2099 2618 2203 2666 quod
2231 2618 2364 2666 aliquis
2389 2618 2434 2654 sit
2456 2618 2506 2655 ita

1448 2671 1539 2708 boni
1560 2670 1704 2708 consilii
1733 2671 1837 2719 quod
1865 2670 1943 2707 aliis
1973 2670 2172 2707 consilium
2201 2671 2392 2719 praebeat.
2430 2672 2504 2708 Sed

1448 2724 1554 2773 quod
1583 2723 1715 2772 aliquis
1743 2736 1765 2760 a
1793 2724 1877 2760 Deo
1907 2722 2103 2759 co'nsilium
2133 2724 2273 2760 habeat
2304 2723 2394 2772 quid
2421 2723 2505 2760 fieri

1448 2784 1622 2825 oporteat
1640 2777 1679 2812 in
1697 2776 1755 2812 his
1785 2788 1882 2824 quae
1912 2784 1997 2812 sunt
2025 2776 2237 2813 necessaria
2262 2776 2311 2813 ad
2331 2777 2502 2824 salutem,

1448 2830 1523 2866 hoc
1551 2837 1608 2866 est
1635 2840 1842 2866 commune
1870 2829 2043 2865 omnium
2074 2837 2303 2865 sanctorum.

1501 2885 1559 2919 AD
1579 2893 1737 2919 TERTlUM
1761 2893 1944 2919 mcENDuM
1969 2882 2075 2929 quod
2101 2882 2167 2918 filii
2200 2882 2271 2919 Dei
2299 2889 2459 2930 aguntur
2483 2894 2505 2918 a

1449 2935 1589 2984 Spiritu
1610 2936 1749 2972 Sancto
1779 2934 1991 2971 secundum
2011 2935 2170 2971 modurn
2193 2947 2338 2982 eorum,
2359 2935 2504 2972 salvato

1449 2989 1589 3025 scilicet
1616 2988 1734 3024 libero
1763 2987 1936 3034 arbitrie,
1970 2999 2069 3036 quae
2098 2995 2153 3024 est
2177 2988 2349 3036 facultas
2377 2987 2504 3025 volun-

1449 3042 1531 3078 tatis
1559 3047 1595 3078 et
1620 3040 1776 3077 rationis
1793 3040 1824 3076 *.
1854 3041 1904 3077 Et
1931 3040 1984 3076 sic
2011 3040 2235 3088 inquantum
2265 3041 2359 3077 ratio
2381 3053 2402 3077 a
2423 3040 2504 3089 Spi-

1450 3094 1521 3131 ritu
1541 3095 1680 3131 Sancto
1710 3093 1902 3130 instruitur
1919 3090 1934 3114 Β
1962 3093 2009 3130 de
2029 3093 2193 3142 agendis,
2221 3093 2401 3142 competit
2419 3093 2504 3130 filiis

334 3154 548 3186 creaturam
586 3155 711 3186 autem
737 3149 966 3197 spiritualem
990 3160 1062 3196 per
1089 3154 1231 3196 tempus
1259 3153 1295 3183 et
1320 3159 1394 3184 non
1420 3144 1427 3197 Ι
1450 3147 1521 3184 Dei
1550 3148 1694 3184 donum
1725 3145 1880 3183 consilii.

387 3280 415 3313 α)
435 3280 536 3305 Simon.
554 3294 573 3299 -
591 3280 697 3305 Simeon
717 3279 924 3311 ABEHleCKn
943 3284 968 3303 et
985 3286 1011 3303 a.
1420 3278 1422 3341 y

388 3314 413 3348 β)
434 3316 549 3341 modum.
568 3330 587 3334 -
605 3319 705 3340 motum
725 3315 923 3347 ABEFGLpr
942 3320 967 3339 et
985 3321 1010 3338 a.

1501 3279 1527 3310 γ)
1543 3285 1602 3309 per.
1621 3291 1639 3296 —
1657 3277 1756 3302 dicitur
1770 3284 1821 3308 per
1840 3282 1865 3301 et
1883 3284 1930 3309 pro
1949 3280 2042 3306 movet,
2063 3284 2167 3301 movere
2185 3277 2231 3301 Pa.

1502 3312 1526 3345 ὃ)
1547 3313 1698 3338 instruitur.
1716 3326 1735 3331 -
1753 3315 1873 3337 movetur
1891 3312 1932 3337 vel
1949 3312 2093 3337 instruitur
2111 3312 2157 3336 Pa.

2538 1371 2549 1381 ¹*
2563 1370 2621 1399 Cap.
2636 1378 2677 1399 xx,
2692 1378 2739 1394 xxii

2559 2208 2625 2229 Vers.
2643 2214 2674 2234 ¹4·

2532 3052 2542 3061 ⁸
2565 3051 2655 3078 Magist.
2669 3067 2674 3077 ,
2700 3051 2731 3072 111

2531 3077 2732 3104 Sent.,dist.xx1v.

2629 3105 2643 3129 δ
