2892 4056
155 1316 165 1325 '¹
179 1316 228 1336 Art.
243 1321 264 1342 2,
278 1315 306 1336 ad
320 1323 343 1342 4.

418 176 488 200 122
1103 170 1370 215 QUAESTIO
1399 173 1505 220 xw,
1535 173 1831 211 ARTlcULus
1860 176 1892 211 11
1938 155 1948 162 ’

407 240 628 279 biberentur
648 250 664 271 η
694 245 742 280 ab
770 244 827 281 his
856 247 1142 294 particularibus
1171 249 1377 286 defectibus
1401 263 1469 299 per

407 306 505 341 quos
529 295 624 332 fides
649 298 841 346 corrumpi
870 308 1011 346 posset.

460 349 517 382 AD
547 359 719 390 QUARTUM
738 362 921 387 DICENDUM
942 352 1045 399 quod
1066 352 1178 389 etiam
1199 354 1386 392 confessio
1406 356 1467 392 vel

406 399 576 436 doctrina
595 401 684 438 fidei
706 405 979 452 praesupponit
1007 405 1282 443 subiectionem
1303 407 1467 444 hominis

405 452 452 487 ad
482 453 608 489 Deum
642 466 712 502 per
743 456 874 493 fidem.
911 458 960 494 Et
987 457 1074 494 ideo
1108 459 1228 506 magis
1260 467 1467 508 potuerunt

405 503 483 539 dari
511 515 713 555 praecepta
742 508 778 544 in
808 510 927 546 veteri
955 511 1038 557 lege
1065 511 1289 559 pertinentia
1309 513 1356 549 ad
1378 525 1466 549 con-

403 555 606 612 fessionem
633 567 669 595 et
697 561 909 598 doctrinam
929 562 1019 599 fidei
1039 575 1155 612 quam
1175 564 1398 613 pertinentia
1417 565 1466 602 ad

402 619 523 654 ipsam
554 611 684 648 fidem.

1574 252 1632 286 AD
1653 262 1815 292 QUINTUM
1835 263 2017 289 morannum
2038 253 2143 301 quod
2162 254 2201 291 in
2220 255 2282 292 illa
2311 255 2423 292 etiam
2453 263 2585 292 aucto-

1495 346 1496 350 *
1522 303 1627 339 ritate
1655 305 1976 352 praesupponitur
2007 304 2103 342 fides
2135 318 2204 354 per
2235 320 2352 356 quam
2392 308 2584 345 credimus

1494 353 1497 394 ἶ
1521 357 1650 392 Deum
1679 367 1783 392 esse:
1812 356 1923 394 unde*
1942 357 2160 407 praemittit,
2193 359 2268 401 Qui
2283 361 2416 397 timetis
2443 362 2582 406 Deum,

1522 409 1625 455 quod
1654 419 1732 444 non
1762 416 1894 456 posset
1916 407 1928 430 ⁰
1960 421 2041 446 esse
2076 410 2155 447 sine
2183 411 2272 449 fide.
2309 413 2425 460 Quod
2455 422 2582 450 autem

1521 460 1636 506 addit,
1661 461 1798 498 credite
1816 462 1879 507 illi,
1901 462 1949 499 ad
1969 462 2159 511 quaedam
2186 465 2378 504 credibilia
2406 466 2583 514 specialia

1521 513 1763 550 referendum
1793 522 1867 561 est,
1899 522 1934 551 et
1960 516 2167 564 praecipue
2199 517 2250 554 ad
2277 517 2338 555 illa
2365 531 2465 566 quae
2493 531 2583 568 pro—

1520 565 1631 602 mittit
1663 566 1769 603 Deus
1802 566 1873 604 sibi
1915 568 2192 606 obedientibus.
2228 570 2338 607 Unde
2372 571 2515 608 subdit:
2549 578 2586 608 et

1492 617 1494 624 '
1520 630 1594 654 non
1619 620 1864 656 evacuabitur
1891 633 2033 658 merces
2060 627 2196 658 vestra.

451 742 476 771 τΙ)
493 733 711 768 prohiberentur.
722 743 741 749 -
754 730 933 761 prohibentur
945 730 1169 755 ABDEFGHle.
1184 742 1201 747 —
1222 730 1271 754 Pro
1290 730 1339 759 his,
1354 729 1416 755 aliis
1431 730 1463 755 G.

1571 729 1601 790 θ’)ιι
1615 731 1687 790 {ima
1705 739 1756 756 non
1771 735 1871 764 posset.
1885 746 1904 752 -
1921 734 1994 765 quod
2011 741 2063 758 non
2080 734 2167 766 possit
2185 734 2418 767 ABDEFHLpCK.
2433 736 2511 768 quasi
2527 744 2580 762 non

1513 773 1587 797 possz
1645 783 1651 791 .

1076 837 1405 870 Commentario,
1428 836 1677 869 Cardinalis
1700 837 1898 870 Caietam

427 926 447 946 N
471 913 666 956 quaestionis
696 911 940 945 sextaedecimae
957 910 1062 946 titulo,
1083 910 1201 940 scilicet
1215 910 1254 940 de
1268 911 1461 950 HaeceptiS,
1487 907 1490 922 ¹

401 930 552 991 Iadverte
575 958 664 998 quod
686 964 751 987 tarn
767 956 818 986 hic
833 965 931 996 quam
947 955 979 985 in
995 954 1259 995 subsequentibus
1281 955 1462 986 tractatibus
1486 954 1488 975 ἕ

396 1005 435 1035 de
460 1004 527 1034 aliis
551 1002 729 1037 virtutibus,
746 1010 820 1031 cum
841 1001 879 1030 ad
896 999 1116 1040 quaestionem
1132 999 1169 1029 de
1186 999 1359 1039 praeceptis
1378 999 1462 1030 illius

395 1049 519 1079 virtutis
543 1046 717 1081 devenitur,
743 1055 808 1075 non
833 1044 969 1075 sumitur
993 1050 1198 1084 praeceptum
1221 1051 1256 1074 ut
1275 1050 1321 1074 est
1341 1044 1461 1084 obliga·
1485 1054 1487 1062 ι

396 1093 498 1123 tivum
514 1092 554 1122 ad
571 1097 737 1131 peccatum
754 1089 887 1119 mortale
907 1087 1130 1119 determinate:
1152 1088 1204 1118 sed
1221 1088 1357 1118 sumitur
1372 1098 1460 1127 prae-

396 1144 525 1176 ceptum
538 1142 574 1166 ut
586 1134 790 1174 distinguitur
806 1140 915 1164 contra
931 1132 1110 1168 consilium,
1124 1139 1220 1172 prout
1235 1132 1353 1162 scilicet
1366 1133 1461 1162 habet

394 1181 461 1211 vim
485 1180 705 1220 obligativam‚
731 1178 945 1208 communiter
967 1183 1073 1207 tamen
1097 1177 1161 1207 sive
1180 1177 1220 1207 ad
1242 1176 1375 1206 mortale
1395 1176 1459 1206 sive

394 1225 434 1255 ad
457 1224 595 1260 veniale;
620 1231 656 1255 ut
679 1230 765 1264 patet
789 1232 824 1252 ex
849 1221 957 1252 multis
973 1231 1055 1261 quae
1070 1221 1103 1255 in
1119 1220 1186 1250 istis
1209 1220 1287 1250 locis
1312 1219 1459 1250 dicuntur

394 1276 571 1309 praecepta,
597 1269 636 1298 ad
660 1277 742 1309 quae
767 1273 890 1297 constat
913 1275 979 1295 non
1003 1264 1134 1304 obligari
1151 1264 1208 1294 sub
1226 1271 1356 1304 peccato
1373 1273 1458 1293 mor-

393 1313 464 1349 tali;
490 1319 526 1343 ut
549 1319 633 1353 patet
648 1313 687 1342 de
704 1316 872 1351 praecepto
888 1309 919 1339 in
938 1308 1020 1339 calce
1039 1308 1134 1339 huius
1150 1308 1345 1348 quaestionis
1360 1309 1376 1327 *
1399 1317 1458 1347 po-

393 1357 464 1393 sito,
484 1357 601 1387 scilicet
624 1357 662 1386 de
686 1354 904 1386 moderatione
928 1353 1033 1383 omnis
1050 1359 1136 1383 actus
1160 1352 1259 1382 nostri
1282 1352 1459 1383 secundum

391 1401 509 1440 legem,
535 1407 565 1431 et
588 1400 793 1431 discurrendo
823 1405 908 1438 patet
931 1397 963 1427 in
988 1397 1096 1428 multis
1120 1396 1198 1427 aliis.
1230 1396 1271 1426 Et
1295 1396 1356 1427 hoc
1381 1396 1459 1427 bene

391 1452 478 1484 nota,
502 1455 541 1475 ne
565 1451 657 1484 putes
680 1444 789 1474 omnia
813 1442 968 1478 mortalia,
993 1451 1030 1471 ex
1052 1440 1211 1481 praecepti
1225 1441 1367 1471 nomine.

1571 909 1606 938 In
1629 915 1696 939 tota
1720 909 1906 949 quaestione
1929 910 2136 940 sextadecima
2161 910 2294 940 dubium
2325 921 2429 941 unum
2455 918 2580 942 tantum

1515 952 1659 989 occurrit,
1684 962 1726 991 ex„
1744 963 1783 983 eo
1806 954 1895 994 quod
1919 954 2013 993 primi
2036 954 2157 985 articuli
2180 954 2281 985 littera
2299 955 2331 984 in
2349 965 2482 996 corpore
2505 956 2580 987 dicit

1514 996 1618 1036 quod¹
1644 994 1808 1037 supposita
1836 996 1897 1027 fide
1927 997 2022 1028 unius
2045 998 2120 1034 Dei,
2149 999 2236 1029 nulla
2266 999 2327 1029 alia
2349 1006 2515 1040 praecepta
2544 1001 2578 1031 in

1514 1040 1609 1070 veteri
1632 1041 1701 1081 lege
1724 1048 1798 1071 sunt
1821 1042 1892 1072 data
1915 1042 1954 1072 de
1969 1041 2047 1072 fide:
2072 1049 2103 1073 et
2126 1049 2232 1073 tamen
2255 1043 2287 1073 in
2311 1044 2519 1084 responsione
2538 1045 2578 1075 ad

1512 1083 1663 1124 quintum
1687 1095 1752 1115 non
1777 1085 1870 1115 habet
1893 1095 1952 1124 pro
1971 1085 2206 1117 inconvenienti
2229 1088 2319 1128 quod
2341 1095 2484 1128 respectu
2508 1099 2577 1129 spe-

1513 1128 1642 1158 cialium
1666 1129 1864 1159 credibilium
1881 1129 1921 1159 sit
1943 1130 2055 1160 datum
2073 1130 2106 1160 in
2131 1131 2226 1162 veteri
2249 1132 2318 1172 lege
2341 1132 2472 1174 aliquod
2487 1144 2576 1174 prae—

1513 1178 1651 1212 ceptum.
1677 1173 1854 1209 Quomodo
1879 1180 1962 1203 stant
1983 1173 2060 1204 haec
2083 1173 2198 1205 simul?

1566 1216 1616 1245 Ad
1633 1215 1695 1247 hoc
1711 1216 1826 1246 dicitur
1841 1217 2018 1247 doctrinam
2035 1218 2205 1257 praesentis
2218 1218 2339 1249 articuli
2350 1221 2472 1252 tradere
2487 1224 2575 1263 quod

1512 1258 1598 1288 nulla
1622 1256 1696 1291 sunt
1718 1260 1757 1290 de
1780 1260 2017 1301 secretis-fidei,
2034 1261 2097 1292 hoc
2113 1269 2159 1292 est
2178 1263 2316 1293 articulis
2332 1263 2416 1302 fidei,
2431 1265 2464 1296 in
2480 1267 2575 1298 veteri

1510 1302 1580 1341 lege
1604 1303 1675 1333 data
1698 1311 1873 1344 praecepta.
1897 1304 1945 1334 De
1961 1305 2028 1336 aliis
2049 1312 2156 1336 autem
2173 1307 2359 1348 specialibus
2375 1308 2575 1342 credibilibus

1511 1356 1577 1377 non
1600 1346 1783 1379 inconvenit
1805 1348 1937 1389 aliquod
1965 1357 2170 1391 praeceptum
2196 1351 2339 1383 inveniri.
2369 1353 2452 1390 Quia
2476 1360 2575 1386 status

1510 1390 1562 1421 ille
1586 1401 1653 1421 non
1677 1399 1742 1422 erat
1763 1392 1965 1433 explicandae
1990 1393 2073 1431 fidei,
2098 1396 2153 1426 sed
2177 1396 2238 1427 hoc
2261 1406 2363 1428 novae
2388 1397 2450 1438 legi
2473 1408 2574 1430 serva-

1512 1442 1614 1472 batur.

1158 1558 1475 1601 ARTICULUS
1505 1559 1804 1603 SECUNDUS

741 1644 897 1676 UTRUM
922 1644 963 1673 IN
988 1643 1147 1674 VETERI
1172 1643 1284 1674 LEGE
1309 1643 1650 1675 CONVENIENTER
1674 1645 1944 1676 TRADANTUR
1967 1645 2223 1677 PRAECEPTA

955 1696 1248 1726 PERTINENTIA
1272 1696 1330 1726 AD
1354 1696 1588 1727 SCIENTIAM
1612 1697 1670 1727 ET
1694 1697 2007 1729 INTELLECTUM

423 1789 483 1832 ³25(
506 1794 579 1838 512«
600 1790 623 1814 D
639 1789 829 1814 SECUNDUM
844 1788 897 1813 sn:
913 1787 1152 1813 paocssmrua.
1173 1774 1333 1812 Videtur
1348 1776 1453 1824 quod

418 1807 578 1890 ’ςιέῖξῖο
602 1831 639 1866 in
667 1829 786 1867 veteri
814 1831 896 1877 lege
925 1829 1236 1888 inconvenienter
1258 1828 1454 1887 tradantur

406 1882 1165 1974 wffigfffggffissffissgggaegss
1187 1889 1453 1972 {533253253

389 1991 435 2027 ad
466 1990 721 2039 cognitionem
751 1990 951 2039 pertinent.
983 1988 1158 2037 Cognitio
1188 1996 1316 2025 autem
1344 2000 1454 2044 praej

389 2043 487 2080 cedit
503 2051 538 2080 et
558 2044 680 2091 dirigit
700 2044 901 2081 actionem.
923 2043 1025 2090 Ergo
1046 2049 1248 2091 praecepta
1267 2042 1315 2078 ad
1335 2042 1451 2079 scien-

387 2097 478 2132 tiam
509 2104 546 2133 et
570 2098 799 2134 intellectum
821 2095 1042 2145 pertinentia
1062 2095 1202 2132 debent
1221 2096 1450 2143 praecedere

386 2158 588 2199 praecepta
607 2150 833 2199 pertinentia
853 2150 900 2187 ad
921 2147 1123 2186 actionem.
1146 2150 1246 2185 Cum
1268 2160 1356 2196 ergo
1376 2149 1450 2197 pri-

387 2215 451 2239 ma
479 2212 683 2252 praecepta
705 2204 796 2251 legis
821 2203 892 2239 sint
920 2210 1123 2251 praecepta
1142 2202 1326 2249 decalogi,
1345 2202 1449 2239 vide-

385 2264 446 2292 tur
465 2257 570 2304 quod
594 2257 691 2294 inter
710 2264 911 2306 praecepta
933 2255 1102 2303 decalogi
1124 2255 1335 2292 debuerunt
1354 2256 1451 2292 tradi

387 2309 512 2357 aliqua
531 2319 733 2359 praecepta
761 2309 985 2358 pertinentia
1005 2309 1054 2346 ad
1076 2308 1269 2345 scientiam
1291 2316 1326 2344 et
1345 2308 1450 2345 intel-

386 2362 541 2399 lectum.

441 2427 475 2451 2.
506 2416 739 2462 PRAETEREA‚
770 2414 966 2462 disciplina
993 2413 1186 2462 praecedit
1214 2414 1447 2451 doctrinam:

386 2468 490 2516 prius
520 2468 620 2505 enim
649 2469 768 2505 homo
794 2469 841 2505 ab
870 2468 943 2504 alio
970 2467 1075 2503 discit
1102 2479 1218 2514 quam
1245 2467 1360 2503 alium
1382 2469 1449 2504 do-

388 2529 480 2557 ceat.
504 2511 581 2558 Sed
601 2522 739 2558 dantur
754 2522 792 2558 in
807 2521 927 2558 veteri
943 2521 1024 2568 lege
1040 2519 1164 2567 aliqua
1183 2527 1387 2568 praecepta
1403 2521 1449 2557 de

388 2575 574 2612 doctrina:
596 2583 632 2611 et
648 2579 664 2596 α
684 2575 923 2620 affirmativa,
940 2581 980 2610 ut
995 2573 1222 2622 praecipitur
1235 2574 1345 2610 Deut.
1363 2586 1398 2610 1v
1411 2573 1447 2611 *ε

387 2628 548 2665 Docebis
575 2639 620 2664 ea
637 2629 744 2675 filios
772 2640 818 2664 ac
846 2634 995 2676 nepotes
1023 2633 1126 2670 tuos‚·
1155 2634 1191 2662 et
1220 2627 1332 2663 etiam
1362 2640 1448 2675 pro—

386 2681 556 2727 hibitiva,
578 2682 672 2718 sicut
699 2682 861 2718 habetur
882 2683 993 2718 Deut.
1011 2692 1046 2716 1v
1065 2681 1099 2717 *z
1128 2680 1219 2717 Non
1240 2681 1381 2717 addetis
1399 2682 1450 2717 ad

386 2736 541 2772 verbum
571 2735 672 2782 quod
696 2735 800 2771 vobis
825 2734 968 2782 loquor,
990 2745 1109 2781 neque
1127 2734 1305 2780 auferetis
1323 2735 1372 2770 ab
1390 2745 1446 2770 eo.

388 2789 489 2835 Ergo
518 2788 667 2824 videtur
694 2788 799 2837 quod
827 2788 940 2824 etiam
974 2787 1101 2835 aliqua
1138 2793 1340 2834 praecepta
1369 2786 1448 2822 dari

388 2841 586 2878 debuerint
605 2841 821 2878 inducentia
842 2841 1042 2878 hominem
1063 2839 1111 2876 ad
1130 2839 1404 2876 addiscendum
1420 2838 1445 2876 β.

443 2896 475 2931 3.
498 2895 730 2940 Pamraam,
761 2894 915 2931 scientia
944 2901 979 2930 et
1008 2893 1217 2930 intellectus
1245 2893 1366 2940 magis
1394 2892 1448 2929 vi-

389 2947 524 2984 dentur
552 2948 763 2983 necessaria
793 2947 978 2984 sacerdoti
1007 2958 1124 2994 quam
1145 2946 1242 2993 regi:
1270 2946 1374 2982 unde
1394 2945 1447 2982 di-

389 2999 483 3036 citur
498 3000 661 3036 Malach.
674 3000 742 3036 11³⁴:
759 3001 880 3037 Labia
895 3000 1097 3037 sacerdotis
1112 2999 1322 3036 custodiunt
1332 2999 1448 3035 scien-

387 3053 490 3098 tiam,
506 3058 543 3088 et
562 3053 684 3102 Iegem
709 3054 907 3101 requirunt
928 3065 978 3089 ex
997 3065 1063 3089 ore
1083 3053 1181 3096 eius;
1205 3059 1240 3088 et
1260 3052 1361 3088 Osee
1378 3063 1413 3088 1v
1426 3051 1447 3073 ’¹‘

389 3105 537 3143 dicitur:
558 3106 655 3148 Quia
669 3106 861 3143 scientiam
877 3106 1052 3154 repulisti,
1070 3105 1247 3154 repellam
1267 3110 1301 3141 te
1315 3110 1350 3141 et
1362 3116 1446 3154 ego,

387 3171 434 3195 ne
461 3159 668 3195 sacerdotio
692 3160 872 3208 fungaris
900 3159 1001 3195 mihi.
1034 3159 1110 3195 Sed
1139 3158 1215 3206 regi
1247 3157 1448 3194 mandatur

326 3230 332 3235 -
387 3212 492 3260 quod
508 3211 677 3249 addiscat
696 3212 890 3248 scientiam
908 3211 1016 3259 legis:
1037 3219 1077 3248 ut
1091 3219 1193 3260 patet
1207 3211 1317 3248 Deut.
1333 3210 1446 3247 xvr1*.

387 3266 488 3312 Ergo
517 3265 636 3302 multo
665 3265 785 3312 magis
815 3264 944 3301 debuit
972 3264 1137 3313 praecipi
1166 3264 1204 3301 in
1236 3264 1318 3311 lege
1342 3263 1447 3311 quod

387 3318 603 3355 sacerdotes
631 3318 753 3366 legem
782 3318 1027 3354 addiscerent.

1559 1787 1596 1822 4.
1617 1777 1851 1824 PRAETEREA,
1873 1776 2068 1814 meditatio
2098 1788 2233 1814 eorum
2263 1789 2362 1825 quae
2382 1778 2432 1815 ad
2450 1778 2571 1816 scien-

1505 1829 1597 1866 tiam
1617 1834 1632 1857 Υ
1661 1837 1698 1866 et
1722 1830 1954 1867 intellectum
1972 1830 2162 1879 pertinent
2180 1842 2258 1867 non
2277 1839 2403 1879 potest
2430 1843 2513 1869 esse
2531 1833 2571 1870 in

1507 1882 1747 1920 dormiendo.
1770 1883 1978 1932 Impeditur
1997 1884 2109 1920 etiam
2127 1895 2197 1932 per
2216 1885 2488 1934 occupationes
2508 1898 2569 1923 ex—

1504 1943 1585 1972 tran
1591 1947 1664 1973 eas.
1682 1937 1784 1984 Ergo
1799 1937 2112 1975 inconvenienter
2120 1938 2360 1987 praecipitur,
2371 1939 2566 1976 Deut.vi*:

1504 1990 1750 2027 Meditaberis
1777 2002 1823 2027 ea
1849 1992 1979 2029 sedens
2006 1992 2043 2028 in
2071 1991 2184 2028 domo
2213 1996 2289 2038 tua,
2315 1999 2352 2030 et
2366 1993 2568 2030 ambulans

1504 2043 1541 2079 in
1571 2043 1719 2089 itinere,
1749 2044 1939 2081 dormiens
1970 2050 2082 2093 atque
2107 2055 2351 2094 consurgens.
2382 2047 2568 2083 Inconve-

1504 2095 1651 2133 nienter
1670 2108 1760 2144 ergo
1779 2098 1977 2135 traduntur
1996 2097 2032 2134 in
2053 2098 2173 2135 veteri
2191 2099 2273 2146 lege
2297 2107 2500 2149 praecepta
2517 2100 2567 2138 ad

1504 2149 1698 2187 scientiam
1729 2158 1764 2186 et
1790 2150 2021 2188 intellectum
2045 2151 2281 2200 pertinentia.

1558 2203 1632 2239 SED
1662 2214 1807 2240 CONTRA
1835 2215 1902 2241 Esr
1929 2204 2035 2253 quod
2063 2205 2197 2241 dicitur
2224 2205 2335 2242 Deut.
2365 2217 2401 2242 1v
2424 2206 2458 2242 *z
2487 2207 2566 2243 Au·

1503 2256 1641 2292 dientes
1670 2257 1836 2294 universi
1846 2264 2051 2306 praecepta
2074 2259 2178 2304 haec,
2198 2259 2342 2295 dicant:
2369 2260 2429 2296 En
2442 2271 2564 2308 popu-

1504 2309 1561 2359 lus
1587 2309 1736 2357 sapiens
1763 2316 1799 2347 et
1825 2311 2044 2360 intelligens.

1557 2363 1783 2400 RESPONDEO
1817 2376 2001 2401 mctmmm
2035 2364 2140 2412 quod
2176 2363 2273 2400 circa
2302 2364 2499 2402 scientiam
2531 2374 2567 2403 et

1502 2414 1733 2453 intellectum
1762 2417 1831 2454 tria
1858 2425 2020 2466 possunt
2049 2416 2301 2454 considerari:
2329 2417 2456 2466 primo
2484 2418 2567 2466 qui·

1503 2468 1602 2515 dem,
1633 2471 1804 2518 acceptio
1832 2470 1970 2518 ipsius;
2000 2470 2182 2514 secundo,
2207 2482 2298 2507 usus
2327 2471 2427 2518 eius;
2456 2472 2565 2509 tertio

1501 2533 1608 2568 ver0,
1639 2523 1879 2560 conservatio
1909 2524 2037 2573 ipsius.
2067 2524 2250 2571 Acceptio
2271 2524 2426 2572 quidem
2447 2525 2566 2563 scien-

1501 2573 1576 2610 tiae
1603 2576 1666 2612 vel
1694 2576 1904 2614 intellectus
1932 2578 1975 2614 fit
2001 2589 2069 2626 per
2098 2577 2310 2614 doctrinam
2340 2586 2376 2615 et
2404 2578 2567 2628 discipli-

1503 2639 1605 2664 nam.
1623 2629 1671 2665 Et
1686 2637 1889 2680 utrumque
1899 2630 1937 2666 in
1953 2632 2034 2678 lege
2049 2630 2288 2679 praecipitur.
2305 2630 2451 2668 Dicitur
2462 2633 2564 2669 enim

1501 2681 1611 2717 Deut.
1632 2694 1667 2718 vt
1687 2682 1722 2718 *z
1751 2685 1876 2720 Erunt
1892 2685 2009 2720 verba
2032 2685 2125 2721 haec
2151 2695 2248 2732 quae
2275 2694 2347 2732 ego
2369 2686 2563 2733 praecipio

1502 2733 1576 2778 tibi,
1594 2734 1630 2769 in
1664 2736 1777 2771 corde
1804 2742 1878 2782 tuo,
1900 2737 2004 2784 quod
2032 2738 2194 2785 pertinet
2222 2737 2269 2773 ad
2304 2737 2561 2786 disciplinam:

1501 2787 1662 2834 pertinet
1681 2788 1782 2824 enim
1803 2789 1851 2825 ad
1876 2789 2103 2838 discipulum
2125 2797 2165 2826 ut
2184 2801 2249 2825 cor
2267 2801 2380 2827 suum
2401 2791 2564 2840 applicet

1501 2839 1559 2876 his
1579 2851 1678 2887 quae
1699 2841 1884 2879 dicuntur.
1916 2842 2032 2888 Quod
2049 2855 2145 2879 vero
2166 2842 2338 2880 subditur
2351 2843 2386 2880 *ε
2406 2845 2456 2880 Et
2474 2857 2562 2881 nar·
2589 2860 2597 2868 ·

1501 2893 1603 2929 rabis
1630 2905 1675 2929 ea
1693 2894 1788 2942 filiis
1816 2895 1898 2941 tuis,
1926 2896 2086 2943 pertinet
2105 2897 2154 2933 ad
2175 2896 2397 2933 doctrinam.
2417 2917 2442 2925 -
2463 2898 2562 2935 Usus

1500 2958 1594 2982 vero
1624 2946 1800 2984 scientiae
1819 2949 1880 2984 vel
1908 2948 2116 2986 intellectus
2137 2957 2192 2986 est
2211 2949 2406 2987 meditatio
2427 2962 2562 2988 eorum

2595 1947 2605 1957 ·
2620 1945 2687 1968 νει-ι.
2702 1952 2722 1974 7.

2592 2218 2603 2228 ⁸
2618 2217 2684 2240 Vers-
2699 2218 2722 2240 6.

2593 2698 2599 2706 ·
2615 2695 2681 2718 Vers.
2696 2697 2719 2718 6.

2613 2858 2679 2882 Vere.
2694 2865 2716 2887 7.

1502 3011 1599 3048 quae
1628 3000 1711 3048 quis
1739 3000 1808 3037 scit
1833 3002 1894 3037 vel
1925 3001 2100 3049 intelligit.
2132 3003 2181 3039 Et
2208 3010 2394 3049 quantum
2420 3004 2469 3040 ad
2487 3005 2563 3041 hoc
2612 3031 2614 3033 -

1502 3052 1718 3089 subditur*:
1734 3054 1786 3090 Et
1797 3054 2033 3092 meditaberis
2046 3056 2176 3092 sedens
2191 3056 2227 3092 in
2244 3056 2355 3092 domo
2370 3062 2446 3102 tua,
2459 3064 2527 3094 etc.
2537 3078 2562 3085 -
2588 3069 2599 3080 ·

1503 3106 1753 3143 Conservatio
1782 3115 1909 3143 autem
1939 3108 1982 3144 fit
2008 3121 2077 3156 per
2104 3109 2345 3146 memoriam.
2376 3111 2424 3146 Et
2443 3122 2562 3158 quan—

1501 3166 1581 3195 tum
1603 3159 1651 3196 ad
1670 3159 1745 3196 hoc
1765 3160 1892 3197 subdit
1910 3158 1924 3182 δ
1938 3160 1974 3197 *ε
1994 3162 2046 3198 Et
2062 3161 2198 3210 ligabis
2216 3174 2261 3199 ea
2281 3164 2389 3211 quasi
2409 3164 2560 3212 signum
2589 3206 2598 3214 .

1502 3212 1538 3248 in
1567 3224 1683 3248 manu
1708 3219 1782 3259 tua,
1803 3219 1985 3262 eruntque
2003 3220 2039 3250 et
2055 3216 2305 3252 movebuntur
2322 3217 2418 3252 inter
2436 3217 2562 3254 oculos

1503 3270 1594 3311 tuos,
1615 3266 1826 3314 scribesque
1853 3278 1897 3304 ea
1926 3268 1962 3304 in
1992 3268 2120 3305 limine
2142 3274 2178 3305 et
2195 3269 2294 3306 ostiis
2313 3269 2445 3306 domus
2463 3275 2559 3306 tuae.

1503 3318 1576 3353 Per
1603 3330 1702 3365 quae
1731 3320 1860 3356 omnia
1889 3320 2015 3367 iugem
2044 3321 2270 3358 memoriam
2291 3322 2560 3359 mandatorum

440 3428 466 3458 α)
485 3430 518 3452 et.
532 3441 551 3446 -
569 3428 648 3452 etiam
669 3428 725 3451 PsA
745 3433 770 3452 et
789 3435 814 3456 a,
833 3435 886 3452 om.
907 3427 1002 3453 HLsF:
1024 3428 1055 3452 de
1074 3428 1197 3453 doctrina
1215 3431 1242 3452 et
1258 3435 1311 3452 om.
1331 3428 1364 3452 G.

440 3462 464 3495 β)
484 3463 682 3487 addiscendum.
698 3477 713 3480 -
734 3463 885 3487 discendum
906 3463 1029 3494 PDFan
1049 3469 1073 3487 et
1092 3471 1116 3487 a.

1554 3429 1579 3460 γ)
1600 3429 1745 3453 scientiam.
1758 3444 1776 3448 -
1793 3430 1951 3461 sapientiam
1973 3432 2234 3457 ABCDEFGlKLtm.

1554 3463 1577 3496 ὃ)
1597 3464 1693 3488 subdit.
1706 3478 1724 3483 -
1742 3465 1866 3490 subditur
1884 3466 1937 3490 ΚΧ..

2888 1105 2892 1113 -
2888 1038 2892 1074 ..-.
2884 852 2892 1016 —..——-..-.
2888 821 2892 836 .,
2887 771 2892 794 ,-.
2889 717 2892 736 Α.
