2892 4056
187 3078 198 3087 ⁶
213 3078 279 3099 Vers.
295 3084 314 3099 2.

453 146 522 180 140
1129 138 1394 183 QUAESTlo
1424 140 1528 186 xlx,
1558 140 1851 177 ARthtJLth
1881 142 1929 177 111

445 213 726 250 comminatam.
767 215 893 260 Quam
924 214 1077 262 quidem
1114 227 1280 262 poenam
1312 216 1499 264 principa·
1525 217 1652 274 Jriora
1672 217 1720 253 ad
1740 229 1877 265 corpus
1903 218 2102 265 pertinent.
2133 220 2180 256 Et
2207 220 2293 258 ideo
2312 228 2470 269 uterque
2490 221 2604 258 timor

443 264 524 300 liter
551 265 663 301 timor
691 266 833 302 servilis
862 266 1024 314 respicit,
1054 266 1171 302 timor
1199 274 1324 303 autem
1353 267 1499 305 initialis
1525 283 1526 313 ᾗ
1553 268 1614 304 hic
1634 280 1702 316 pro
1724 269 1860 305 eodem
1890 278 2145 318 computatur,
2175 273 2350 319 quamvis
2378 274 2477 310 mala
2506 285 2603 322 quae

443 316 677 353 secundario.
1525 336 1526 343 ¹
1553 320 1732 357 timentur
1760 320 1831 357 sint
1859 320 2026 368 diversa,
2066 321 2159 359 sicut
2187 331 2223 360 et
2249 325 2350 362 bona
2388 337 2484 374 quae
2515 337 2603 363 con-

494 371 552 405 An
573 381 734 411 QUINTUM
763 381 943 406 DICENDUM
973 370 1078 416 quod
1110 371 1244 407 eadem
1267 371 1410 409 ratione
1430 373 1498 408 ho·
1524 361 1526 407 l
1555 372 1807 420 cupiscuntur.
1842 373 1900 409 Ex
1927 385 2002 421 qua
2034 373 2188 422 quidem
2227 376 2439 416 diversitate
2466 390 2603 426 prove-

442 433 506 458 mo
537 434 558 458 a
585 422 669 458 Deo
699 421 877 458 avertitur
904 429 1059 470 propter
1094 421 1270 460 timorem
1304 424 1497 461 amittendi
1523 413 1526 458 l
1549 424 1606 460 ¹nit
1643 424 1839 462 diversitas
1876 433 2120 474 peccatorum
2163 430 2372 467 secundum
2413 430 2602 478 speciem,

442 474 543 510 bona
570 474 776 520 mundana,
797 481 833 509 et
851 481 1007 522 propter
1025 474 1206 511 timorem
1230 476 1424 513 amittendi
1444 477 1497 513 in·
1523 466 1525 506 l
1551 476 1690 524 quibus
1709 484 1836 514 tamen
1865 478 2045 515 omnibus
2065 491 2270 517 commune
2297 489 2353 518 est
2380 494 2402 518 a
2425 483 2510 519 Deo
2537 483 2603 519 ab·

441 526 697 562 columitatem
726 526 865 574 proprii
905 524 1094 574 corporis:
1134 527 1225 575 quia
1263 529 1364 564 bona
1399 536 1497 565 exte-

1522 540 1524 568 J
1550 529 1699 566 ducere.

1110 620 1437 654 Commentaria
1461 622 1707 655 Cardinalis
1730 624 1927 657 Caietam

468 708 486 727 N
510 698 639 727 articulo
664 698 803 728 secundo
828 698 967 729 eiusdem
990 700 1184 739 quaestionis
1209 701 1342 732 dubium
1364 701 1496 732 occurrit
1522 702 1524 725 ἶ

441 710 503 770 Iex
526 741 687 777 Durando,
704 741 736 771 in
760 752 849 772 xxxtv
873 742 942 773 dist.
967 743 1007 773 111
1032 743 1132 780 Sent„
1157 754 1210 784 qu.
1231 755 1271 780 ιν,
1294 754 1351 784 pro
1376 752 1494 785 quanto
1521 770 1523 794 4

437 784 487 814 hic
510 784 622 814 dicitur
645 785 742 825 quod,
758 786 786 815 si
804 785 921 826 aliquis
943 792 1151 817 convertatur
1173 788 1216 818 ad
1237 788 1342 818 Deum
1361 793 1495 829 propter

438 829 579 857 timorem
595 829 718 868 culpae,
737 830 797 858 erit
813 830 907 859 timor
912 830 1049 869 filialis:
1074 841 1148 860 nam
1155 831 1304 872 filiorum
1323 837 1369 862 est
1385 833 1495 863 timere

436 870 590 910 offensam
603 873 717 911 patris.
743 873 855 911 Arguit
871 873 1028 914 siquidem
1044 875 1214 914 Durandus
1231 877 1319 916 quod
1334 876 1410 906 haec
1429 876 1496 916 opi-

437 915 490 944 nio
514 915 545 944 in
570 915 630 945 hoc
654 915 783 946 deficere
804 916 926 947 videtur
949 918 1037 957 quod
1061 918 1152 958 ponit
1166 919 1386 949 immediatum
1409 920 1493 950 obie-

436 965 522 988 ctum
545 959 667 990 timoris
691 960 813 990 malum
836 961 956 1000 culpae.
989 962 1062 992 Hoc
1085 963 1172 992 enim
1193 962 1227 993 in
1251 963 1415 1003 proposito
1439 963 1493 994 fal-

436 1011 508 1031 sum
531 1010 586 1034 est.
611 1003 695 1040 Quia
719 1003 814 1034 timor
837 1004 986 1035 dividitur
1009 1005 1060 1036 hic
1079 1013 1181 1046 prout
1203 1017 1258 1046 per
1287 1007 1394 1046 ipsum
1418 1017 1493 1038 con—

434 1045 586 1076 vertimur
600 1043 638 1076 ad
662 1046 766 1077 Deum
782 1047 832 1078 vel
855 1048 1024 1079 avertimur
1040 1049 1078 1079 ab
1103 1060 1152 1085 eo,
1169 1049 1319 1089 fugiendo
1343 1051 1392 1081 vel
1407 1061 1492 1083 com-
1519 1051 1521 1054 '

435 1089 587 1119 mittendo
618 1097 791 1130 peccatum.
824 1093 879 1133 Ac.
899 1101 954 1132 per
977 1092 1054 1128 hoc,
1086 1093 1283 1124 committere
1307 1094 1356 1124 vel
1386 1093 1492 1133 fugere

434 1139 597 1171 peccatum
621 1143 686 1163 non
711 1141 757 1164 est
780 1141 866 1165 actus
890 1136 1010 1166 elicitus
1033 1136 1165 1172 timoris,
1189 1137 1243 1167 sed
1266 1137 1437 1177 imperatus
1454 1138 1491 1168 ab

434 1186 483 1207 eo.
507 1177 547 1206 Et
571 1185 799 1217 consequenter
821 1186 985 1218 peccatum
1009 1190 1073 1209 non
1094 1187 1140 1210 est
1163 1181 1383 1210 immediatum
1408 1181 1491 1211 obie-

434 1227 520 1251 ctum
543 1227 630 1251 actus
654 1221 747 1252 eliciti
771 1232 788 1251 a
811 1223 933 1254 timore.

487 1265 538 1294 Ad
553 1264 614 1294 hoc
639 1265 769 1295 breviter
785 1265 898 1296 dicitur
913 1267 1001 1307 quod
1025 1266 1104 1296 ratio
1122 1267 1196 1296 haec
1220 1277 1285 1297 non
1301 1267 1395 1298 valet:
1417 1268 1491 1307 quia

433 1318 449 1336 a
473 1308 703 1348 perpetratione
720 1309 769 1338 vel
788 1308 862 1349 fuga
881 1310 998 1349 peccati
1022 1309 1054 1340 in
1079 1317 1149 1340 actu
1175 1310 1367 1341 executionis
1391 1318 1493 1351 argult
1517 1335 1518 1338 ,

432 1351 471 1380 ad
494 1361 620 1391 peccare
644 1352 692 1381 vel
708 1361 773 1382 non
797 1362 924 1392 peccare
940 1360 974 1383 ut
995 1359 1068 1383 sunt
1086 1353 1118 1383 in
1135 1364 1200 1384 esse
1218 1354 1383 1385 obiectivo.
1402 1354 1490 1385 Ordo

433 1395 589 1435 siquidem
613 1401 659 1425 est
681 1395 754 1431 iste,
778 1396 866 1436 quod
890 1396 997 1426 timori
1021 1397 1157 1428 occurrit
1181 1398 1333 1428 obiective
1363 1408 1490 1438 peccare

431 1439 463 1469 in
486 1446 623 1478 patrem;
648 1445 679 1469 et
694 1446 770 1470 tunc
784 1447 926 1480 respectu
950 1447 1038 1471 actus
1054 1441 1148 1471 eliciti
1163 1442 1201 1471 ab
1224 1441 1332 1472 habitu
1357 1442 1488 1478 timoris,

431 1482 486 1522 qui
509 1489 596 1513 actus
626 1489 671 1512 est
694 1483 819 1522 timere,
851 1484 1016 1524 proprium
1048 1485 1207 1516 obiectum
1235 1493 1280 1517 est
1307 1496 1433 1525 peccare
1455 1485 1489 1516 in

431 1533 562 1566 patrem,
578 1526 666 1566 quod
685 1534 732 1557 est
754 1527 877 1558 malum
901 1529 1027 1568 culpae;
1059 1535 1089 1559 et
1113 1538 1148 1559 ex
1171 1529 1232 1560 hoc
1263 1529 1376 1560 timens
1406 1529 1489 1560 filius

430 1570 563 1610 imperat
585 1569 693 1610 fugam
725 1570 876 1607 offensae,
901 1569 982 1602 idest
1008 1582 1074 1602 non
1097 1582 1240 1612 peccare;
1266 1580 1296 1604 et
1319 1581 1394 1604 tunc
1424 1583 1488 1604 non

431 1623 557 1653 peccare
581 1620 627 1644 est
649 1621 735 1644 actus
758 1614 939 1655 imperatus,
958 1625 1024 1646 non
1048 1614 1178 1652 elicitus,
1202 1626 1219 1646 a
1243 1616 1364 1648 timore.
1389 1617 1430 1647 Et
1445 1624 1488 1647 ta-

430 1667 503 1687 men
527 1667 670 1697 arguens,
687 1667 723 1688 ex
746 1658 807 1688 hoc
830 1659 918 1698 quod
943 1659 981 1689 ad
1006 1659 1154 1689 timorem
1177 1667 1295 1700 spectat
1317 1660 1374 1691 iste
1401 1656 1488 1691 actu's

430 1701 611 1740 imperatuS,
630 1702 799 1737 concludit,
817 1709 847 1732 et
869 1703 961 1738 male,
989 1710 1130 1742 respectu
1155 1710 1243 1733 actus
1267 1703 1375 1740 eliciti,
1400 1705 1488 1744 quod

430 1754 495 1774 non
519 1744 558 1775 sit
588 1744 746 1775 obiectum
777 1745 997 1777 immediatum
1029 1747 1150 1777 malum
1173 1748 1295 1786 culpae.
1326 1749 1379 1778 Ad
1401 1757 1490 1788 argu-
1514 1778 1515 1785 ,

430 1795 574 1818 mentum
604 1795 709 1819 autem
734 1799 844 1825 suum,
877 1789 1051 1825 {ormaliter
1081 1790 1340 1830 distinguendum
1370 1798 1431 1828 est,
1454 1802 1488 1822 m

429 1831 530 1872 prima
549 1831 699 1868 illatione,
717 1833 804 1873 quod
825 1833 931 1872 fugere
954 1840 1120 1874 peccatum
1137 1834 1302 1875 dupliciter
1318 1835 1486 1875 contingit:
1514 1841 1515 1870 1

428 1876 461 1906 in
485 1876 677 1912 executione,
694 1883 725 1906 et
742 1875 773 1906 in
798 1877 950 1917 appetitu.
975 1877 1083 1907 Primo
1107 1878 1206 1908 modo
1229 1884 1352 1909 tantum
1378 1889 1487 1909 conce·
1513 1915 1515 1918 .

429 1920 512 1950 ditur
527 1919 628 1959 prima
644 1920 752 1950 illatio.
778 1920 839 1951 Sed
855 1922 992 1951 secunda
1015 1921 1114 1952 illatio
1130 1921 1314 1962 simpliciter
1337 1930 1383 1954 est
1397 1923 1485 1959 falsa,

429 1971 466 1994 ut
487 1970 572 2003 patet
595 1973 631 1994 ex
655 1963 753 1994 dictis.

485 2008 521 2037 II.
547 2007 582 2037 In
605 2008 719 2038 eodem
743 2009 881 2038 secundo
906 2008 1037 2038 articulo
1061 2008 1204 2039 eiusdem
1226 2010 1430 2050 quaestionis,
1453 2010 1486 2041 in

429 2051 633 2090 responsione
656 2052 694 2081 ad
723 2051 888 2091 quintum,
913 2052 1046 2083 dubium
1077 2053 1226 2090 occurrit,
1252 2064 1291 2084 an
1320 2061 1485 2095 peccatum
1512 2059 1514 2076 ³

429 2095 636 2125 commissum
652 2105 688 2125 ex
712 2095 823 2125 timore
840 2095 1004 2126 amittendi
1024 2097 1108 2126 bona
1125 2097 1286 2127 mundana
1310 2097 1402 2129 distet
1417 2108 1486 2138 spe-

428 2138 472 2169 cie
489 2149 506 2168 a
521 2145 649 2178 peccato
667 2138 838 2169 commisso
859 2149 895 2169 ex
918 2139 1031 2170 timore
1055 2140 1218 2171 amittendi
1233 2141 1356 2172 bonum
1372 2151 1486 2183 corpo-

427 2183 477 2214 ris.
495 2182 590 2213 Verbi
606 2183 712 2222 gratia,
733 2193 771 2213 an
789 2193 906 2223 negans
921 2182 1018 2213 fidem
1034 2194 1074 2214 ne
1091 2183 1301 2215 confiscentur
1319 2185 1403 2215 bona
1418 2194 1484 2222 sua,

428 2226 547 2257 differat
562 2226 664 2266 specie
681 2236 699 2256 a
721 2234 855 2266 negante
871 2226 1035 2258 Christum
1050 2237 1090 2258 ne
1104 2235 1262 2259 tormenta
1282 2229 1428 2268 patiatur.
1445 2230 1486 2260 Et

427 2270 528 2300 simile
541 2277 586 2300 est
602 2270 640 2300 de
656 2270 786 2300 muliere
801 2279 882 2311 quae
895 2271 1047 2311 permittit
1061 2281 1094 2301 se
1107 2272 1245 2312 opprimi
1257 2279 1386 2312 propter
1399 2273 1485 2304 hunc

426 2314 476 2344 vel
498 2314 589 2344 illum
608 2314 766 2344 timorem.
790 2315 831 2344 Et
855 2321 900 2345 est
915 2314 994 2346 ratio
1019 2315 1106 2345 dubii
1130 2315 1204 2355 quia
1227 2318 1349 2347 Auctor
1370 2316 1422 2346 hic
1437 2317 1484 2348 di-

427 2356 468 2388 cit
491 2358 588 2397 quod,
612 2357 683 2388 licet
706 2358 887 2388 mundanus
909 2358 1020 2394 timor,
1045 2358 1122 2399 quia
1145 2369 1180 2389 ex
1203 2367 1290 2400 parte
1314 2360 1484 2391 aversionis

427 2401 628 2441 distinguitur
651 2408 758 2432 contra
781 2401 859 2432 alios
878 2409 939 2432 tres
962 2402 1101 2439 timores,
1118 2413 1176 2442 pro
1201 2403 1295 2434 unico
1320 2411 1484 2444 compute-

427 2452 492 2480 tur;
517 2451 642 2484 peccata
665 2452 771 2475 tamen
796 2445 1032 2485 distinguuntur
1056 2447 1158 2485 specie
1188 2448 1364 2477 secundum
1387 2447 1484 2478 diver-

1550 702 1672 732 sitatem
1701 703 1818 734 horum
1848 705 2045 735 obiectorum
2068 705 2106 734 ad
2130 714 2210 745 quae
2241 712 2474 736 convertuntur.
2503 707 2601 746 Supe-

1549 746 1612 776 rius
1632 754 1747 783 autem,
1765 747 1879 779 scilicet
1893 748 1926 779 in
1941 748 2138 789 praecedenti
2154 748 2249 778 Libro
2265 747 2291 784 *‚
2312 748 2430 779 dictum
2449 755 2495 780 est
2513 750 2601 790 quod

1548 796 1674 828 peccata
1689 790 1874 822 huiusmodi
1894 801 1929 822 ex
1948 791 2013 822 istis
2037 791 2202 822 timoribus
2219 797 2249 821 et
2271 792 2432 822 amoribus
2455 793 2601 823 allevian-

1521 828 1523 842 '
1548 840 1599 863 tur
1621 834 1727 873 potius
1747 844 1843 875 quam
1859 843 2034 875 graventur,
2051 845 2107 866 nec
2130 835 2295 866 trahuntur
2314 836 2353 865 ad
2372 835 2511 876 aliquam
2526 836 2601 866 mali

1548 877 1675 908 moralis
1699 879 1844 918 speciem.
1869 878 1998 910 Dictum
2014 879 2169 920 siquidem
2194 886 2239 909 est
2254 879 2342 919 quod
2365 879 2479 909 mulier
2497 889 2601 910 neces-

1547 920 1635 951 sitate
1658 921 1758 952 victus
1774 923 1926 953 adulterio
1951 923 2148 953 consentiens
2164 932 2230 952 non
2253 923 2382 954 incurrit
2405 923 2483 953 duas
2502 922 2602 953 defor-

1547 964 1686 1001 mitates,
1710 966 1854 996 avaritiae
1884 972 1914 997 et
1936 966 2092 1001 luxuriam
2123 967 2178 997 sed
2206 966 2277 996 talis
2299 966 2440 997 luxuriae
2466 972 2599 1003 tantum,

1546 1018 1627 1048 quae
1650 1009 1812 1040 alleviatur
1834 1020 1871 1040 ex
1894 1010 1946 1040 illa
1968 1020 2072 1041 causa.

1601 1053 1651 1082 Ad
1673 1052 1735 1083 hoc
1752 1053 1864 1084 dicitur
1879 1054 1968 1095 quod
1990 1055 2116 1085 tendere
2137 1053 2313 1085 inordinate
2330 1053 2363 1084 in
2377 1053 2454 1085 haec
2468 1052 2599 1088 obiecta,

1547 1095 1662 1125 scilicet
1678 1096 1799 1126 bonum
1815 1096 1914 1127 carnis
1930 1104 1960 1128 et
1975 1098 2097 1127 bonum
2114 1095 2235 1134 mundi,
2252 1096 2404 1136 contingit
2419 1105 2486 1128 uno
2500 1097 2599 1128 modo

1518 1149 1520 1185 ι’
1546 1139 1722 1168 secundum
1745 1148 1793 1169 se:
1819 1146 1854 1170 ut
1876 1140 2029 1179 contingit
2050 1140 2084 1170 in
2097 1140 2145 1170 his
2161 1140 2216 1180 qui
2239 1147 2313 1172 sunt
2336 1140 2418 1171 avari
2431 1140 2482 1170 vel
2500 1140 2600 1171 ambi-

1518 1187 1520 1218 }
1545 1181 1633 1217 tiosi,
1659 1183 1765 1222 quoad
1796 1183 1880 1213 bona
1909 1183 2038 1219 mundi,
2062 1191 2092 1214 et
2122 1183 2273 1214 luxuriosi
2296 1184 2345 1214 vel
2376 1183 2468 1220 ebrii,
2492 1184 2600 1225 quoad

1517 1219 1520 1270 l
1545 1226 1629 1255 bona
1645 1226 1756 1256 carnis.
1780 1226 1854 1256 Alio
1874 1227 1984 1262 modo,
2008 1227 2182 1269 secundum
2205 1227 2308 1257 solam
2326 1228 2600 1267 *comparationem

1517 1271 1519 1305 Ἰ
1545 1269 1584 1298 ad
1606 1268 1694 1299 aliud
1716 1270 1838 1300 bonum
1861 1270 1963 1300 maius
1986 1271 2074 1311 quod
2098 1271 2190 1300 debet
2211 1270 2255 1301 eis
2277 1271 2445 1310 anteponi,;
2467 1277 2599 1308 utcon-

1517 1311 1519 1314 ⁴
1544 1312 1636 1352 tingit
1659 1312 1691 1342 in
1708 1312 1756 1342 his
1780 1313 1835 1353 qui
1852 1313 1992 1344 contenti
2007 1314 2138 1354 quidem
2153 1320 2227 1345 sunt
2249 1314 2314 1344 suis
2332 1314 2425 1346 rebus
2448 1321 2479 1345 et
2492 1314 2596 1354 hono-

1517 1383 1518 1386 ,
1544 1355 1639 1390 ribus,
1660 1356 1791 1386 naturali
1816 1357 1946 1387 sanitate
1971 1364 2000 1387 et
2015 1357 2106 1388 licitis
2121 1356 2390 1394 delectationibus,
2408 1358 2475 1399 sed,
2493 1367 2599 1403 super-

1516 1399 1519 1440 ξ
1543 1399 1687 1430 veniente
1711 1409 1843 1430 occursu
1867 1410 1933 1441 quo
1950 1407 2096 1441 oporteat
2117 1401 2168 1431 vel
2185 1400 2305 1442 aliquid
2320 1400 2445 1432 horum'
2459 1401 2600 1436 amittere

1543 1443 1593 1473 vel
1617 1443 1787 1475 amicitiam
1810 1444 1879 1474 Iesu
1904 1444 2029 1481 Christi,
2053 1445 2178 1475 malunt
2200 1445 2276 1475 haec
2299 1443 2482 1476 conservare
2501 1443 2600 1485 quatfi

1544 1486 1660 1518 Christi
1675 1487 1857 1524 amicitiam,
1874 1494 1904 1518 et
1915 1488 1960 1519 sic
1971 1488 2124 1519 adulterio
2138 1489 2187 1519 vel
2200 1487 2375 1521 infidelitati
2389 1489 2599 1520 consentinam

1543 1531 1626 1565 Inter
1640 1531 1700 1561 hos
1716 1532 1873 1572 siquidem
1894 1532 2011 1563 modos
2031 1539 2116 1563 tanta
2132 1539 2178 1564 est
2193 1531 2365 1567 differentia
2383 1533 2477 1573 (1132ss
2485 1532 2522 1569 in
2531 1532 2599 1573 pri.-

1516 1572 1517 1576 ’
1543 1585 1597 1606 mo
1621 1574 1778 1606 invenitur
1793 1582 1959 1616 peccatum
1980 1575 2177 1607 diversificari
2202 1586 2238 1607 ex
2260 1576 2390 1622 horum⁴
2400 1576 2598 1619 obiectorum

1543 1617 1737 1655 diversitate;
1768 1618 1801 1648 in
1825 1619 1964 1650 secundo
1991 1626 2097 1650 autem
2120 1629 2196 1650 non.
2233 1618 2274 1649 Et
2295 1619 2376 1650 ratio
2400 1619 2446 1658 est
2467 1618 2542 1662 quia
2564 1615 2598 1666 in

1515 1684 1516 1687 η
1542 1661 1646 1701 primo
1663 1662 1823 1694 obiectum
1838 1662 1916 1693 illud
1932 1664 2061 1694 materia
2079 1670 2126 1694 est
2139 1663 2304 1694 dissonans
2322 1663 2436 1696 rationi
2455 1667 2544 1705 'respe
2560 1668 2562 1670 ’
2581 1671 2586 1674 ·

1515 1704 1517 1707 ’
1542 1712 1629 1737 actus
1653 1706 1808 1737 tendentis
1830 1706 1863 1736 in
1885 1706 1965 1737 illud
1988 1707 2146 1743 absolute;
2170 1707 2203 1738 in
2225 1708 2365 1738 secundo
2389 1707 2550 1739 autemffl'
2587 1731 2595 1739 .

1542 1749 1583 1780 Et
1605 1755 1771 1790 propterea
1793 1749 1819 1780 si
1842 1750 1914 1790 quis
1942 1757 2035 1790 negat
2055 1750 2153 1782 fidem
2174 1750 2227 1781 vel
2248 1751 2441 1781 adnitemur
2470 1756 2599 1793 propter

1514 1790 1516 1804 ³'
1541 1793 1637 1823 talem
1660 1793 1807 1825 timorem
1831 1794 1887 1835 qui
1909 1804 1947 1824 ex
1969 1794 2095 1825 avaritia
2118 1800 2299 1834 consurgat,
2322 1794 2536 1831 vitiumvitio
2548 1805 2597 1826 ac—

1514 1830 1515 1838 *
1542 1836 1694 1874 cumulat,
1711 1843 1742 1868 et
1761 1844 1926 1877 peccatum
1943 1837 2112 1869 committit
2134 1838 2213 1868 duas
2232 1837 2446 1882 deformitates
2467 1838 2597 1884 habet*

1541 1879 1573 1910 Si
1595 1880 1666 1920 quis
1694 1887 1801 1911 autem
1825 1888 1918 1921 negat
1945 1881 2041 1911 fidem
2063 1881 2113 1912 vel
2136 1881 2328 1912 adulteratur
2349 1889 2479 1929 propter
2501 1882 2547 1926 tal

1512 1935 1515 1952 a
1540 1923 1688 1954 timorem
1702 1925 1758 1965 qui
1781 1934 1847 1956 non
1863 1934 1900 1955 ex
1915 1925 2050 1962 avaritia,
2068 1926 2122 1956 sed
2141 1934 2248 1956 amore
2265 1925 2426 1966 consurgit
2435 1924 2516 1957 'alias'

1513 1990 1514 1995 ,
1540 1967 1625 1998 malo
1645 1976 1760 2005 rerum,
1781 1977 1846 1999 non
1865 1969 2043 1999 accumulat
2057 1969 2170 2000 vitium
2185 1968 2272 2005 vitio,
2292 1969 2349 2000 aed
2365 1970 2403 2000 'ex
2420 1970 2492 2010 ipso
2507 1967 2597 2002 adat-

1512 2013 1514 2035 ·'
1540 2011 1618 2042 terio
1640 2012 1690 2042 vel
1705 2011 1936 2044 infidelitatefit
1950 2013 2053 2043 malus
2069 2020 2133 2044 tam
2157 2013 2253 2043 timor
2265 2021 2365 2054 quam
2385 2021 2476 2051 amor
2488 2020 2597 2046 rerum

1540 2065 1605 2087 non
1629 2055 1690 2087 alia
1711 2056 1830 2087 malitia
1857 2066 1956 2096 quam
1983 2056 2067 2088 illius
2089 2056 2279 2093 infidelitatis
2306 2057 2356 2088 vel
2377 2056 2597 2093 nduutefflaw

1512 2100 1514 2137 ξ
1539 2109 1594 2140 per
1609 2099 1680 2136 hoc,
1704 2109 1769 2142 non
1792 2099 1922 2138 incurrit
1942 2107 2108 2140 peccatum
2128 2101 2263 2133 duarum
2279 2100 2527 2142 deformitatum,
2540 2103 2597 2145 sed

1539 2140 1713 2183 aliqualiter
1737 2149 1901 2174 excusatur
1928 2142 1994 2174 eius
2024 2143 2148 2183 negatio
2172 2142 2221 2174 vel
2251 2141 2416 2175 fornicatio
2445 2154 2483 2175 ex
2510 2143 2596 2182 iusto

1539 2196 1646 2216 amore
1677 2187 1874 2227 proveniens.
1913 2187 1999 2218 Sicut
2031 2188 2246 2218 universaliter
2273 2187 2422 2218 ordinans
2451 2187 2595 2231 medium

1511 2210 1513 2257 l
1538 2230 1660 2260 malum
1683 2230 1723 2260 ad
1744 2229 1841 2261 finem
1864 2231 1986 2261 bonurn
2009 2231 2060 2261 vel
2082 2241 2148 2262 non
2171 2232 2308 2274 malum,
2333 2237 2411 2273 puta
2431 2231 2594 2271 virtutem,

1538 2273 1703 2305 sanitatem
1726 2282 1756 2305 et
1779 2274 1978 2311 huiusmodi,
1999 2275 2128 2306 unicam
2150 2275 2383 2306 deformitatem
2405 2276 2596 2314 incurritpu

1537 2317 1713 2358 aliqualiter
1735 2326 1908 2355 excusatur,
1933 2318 2078 2359 quamvis
2101 2325 2187 2356 totus
2210 2318 2367 2360 appetitus
2389 2326 2422 2355 et
2444 2321 2597 2356 actamnis

1538 2362 1641 2392 malus
1657 2361 1826 2394 moraliter.
1851 2362 1892 2392 Et
1907 2362 1950 2394 sic
1965 2362 2269 2404 intelligendo,dicta
2290 2363 2387 2403 hicet
2402 2363 2435 2402 in
2450 2365 2595 2408 sequenti

1538 2405 1670 2436 articulo
1693 2412 1724 2436 et
1747 2405 1829 2441 alibi,
1855 2406 1963 2436 omnia
1987 2413 2172 2437 consonant.
2536 2406 2539 2409 ’

1229 2577 1544 2621 ARTICULUS
1573 2579 1799 2621 TERTIUS

998 2659 1151 2691 UTRUM
1174 2660 1314 2691 TIMOR
1339 2661 1576 2692 MUNDANUS
1600 2661 1665 2692 εῖτ
1689 2662 1855 2693 SEMPER
1877 2662 2021 2693 MALUS

855 2738 885 2763 lll
906 2738 987 2769 sent„
1009 2739 1067 2764 dist.
1084 2746 1165 2770 xxxxv,
1186 2747 1231 2772 qu.
1250 2747 1277 2770 n,
1296 2745 1344 2764 art.
1368 2747 1388 2771 ι,
1409 2739 1458 2772 qu·
1479 2739 1492 2764 3
1499 2748 1506 2771 ;
1525 2740 1623 2772 Expos.
1642 2740 1716 2771 Litt.;
1735 2741 1779 2766 Ad
1796 2741 1882 2770 Rom„
1902 2749 1959 2774 cap.
1977 2749 2030 2773 vm,
2050 2742 2106 2766 lect.
2126 2749 2163 2767 ιιι.

464 2842 470 2849 ,
509 2828 518 2851 2
542 2837 581 2855 .st
635 2820 657 2845 n
677 2819 835 2845 TER‘rfflM
863 2820 915 2845 stc
940 2820 1179 2845 PROCEDITUR.
1201 2808 1359 2845 Videtur
1379 2809 1482 2857 quod

453 2854 499 2879 Ὗ
635 2861 748 2897 timor
768 2861 986 2898 mundanus
1005 2873 1085 2898 non
1105 2873 1257 2909 semper
1280 2861 1326 2898 sit
1346 2862 1481 2898 malus.

426 3016 582 3064 quidam
610 3018 871 3066 vituperantur
899 3020 946 3055 de
974 3019 1048 3055 hoc
1077 3019 1182 3067 quod
1209 3018 1385 3056 homines
1405 3031 1482 3056 non
1508 3057 1509 3060 ,

426 3076 664 3106 reverentur:
702 3078 744 3106 ut
774 3077 876 3119 patet
909 3072 1001 3108 Luc.
1031 3083 1115 3108 xvm
1139 3071 1160 3093 ²¹⁸
1187 3071 1234 3108 de
1267 3071 1330 3108 illo
1359 3071 1482 3109 iudice

425 3121 578 3170 iniqUO,
616 3123 682 3170 qui
708 3134 776 3159 nec
802 3123 925 3159 Deum
954 3124 1104 3161 timebat
1137 3135 1205 3161 nec
1231 3124 1399 3161 homines
1427 3136 1483 3160 re·
1508 3149 1509 3159 ,

424 3175 633 3211 verebatur.
673 3176 774 3223 Ergo
803 3175 954 3212 videtur
981 3177 1087 3225 quod
1124 3177 1238 3213 timor
1265 3176 1482 3214 mundanus
1508 3193 1509 3224 ς

426 3239 504 3263 non
532 3239 684 3275 semper
711 3228 755 3264 sit
783 3229 916 3265 malus.

480 3291 514 3316 2.
545 3280 776 3327 PRAETEREA,
807 3281 855 3317 ad
883 3280 1060 3317 timorem
1091 3282 1329 3318 mundanum
1351 3280 1483 3317 viden·
1507 3319 1509 3334 ἲ

425 3340 484 3368 tur
510 3332 698 3381 pertinere
725 3345 874 3381 poenae
903 3345 1001 3382 quae
1029 3345 1098 3382 per
1126 3341 1330 3383 potestates
1354 3346 1483 3370 saecu—

426 3386 520 3422 lares
541 3385 769 3433 infliguntur.
802 3386 877 3422 Sed
897 3397 966 3434 per
984 3386 1205 3423 huiusmodi
1234 3398 1378 3435 poenas
1397 3398 1483 3434 pro-

1507 2809 1722 2845 ³vocamur
1762 2809 1810 2846 ad
1851 2810 1949 2846 bene
1990 2810 2204 2857 agendum:
2247 2811 2460 2849 secundum
2500 2813 2593 2853 illud

1508 2877 1509 2882 ¹
1534 2862 1646 2898 Rom.
1666 2861 1777 2898 xni*:
1813 2863 1874 2899 Vis
1901 2874 1975 2899 non
2004 2863 2134 2899 timere
2153 2864 2409 2912 potestatem?
2439 2867 2589 2905 Bonum

1508 2933 1509 2936 =
1524 2915 1612 2961 sac,
1642 2920 1679 2950 et
1694 2914 1846 2951 habebis
1871 2914 2019 2951 laudem
2039 2926 2088 2951 ex
2107 2914 2182 2952 illa.
2213 2916 2314 2964 Ergo
2342 2916 2458 2954 timor
2480 2913 2586 2970 mun,

1508 2999 1509 3009 ,
1536 2966 1657 3003 danus
1684 2979 1763 3004 non
1791 2979 1941 3016 semper
1970 2975 2025 3004 est
2050 2968 2183 3004 malus.
2564 2964 2582 2982 '⁴

1590 3020 1624 3056 3.
1654 3020 1895 3067 PRAETEREA,
1929 3019 2019 3056 illud
2048 3021 2152 3068 quod
2179 3019 2277 3058 inest
2304 3022 2414 3059 nobis
2443 3019 2591 3060 naturass

1535 3071 1615 3108 liter
1642 3083 1720 3108 non
1749 3072 1899 3109 videtur
1927 3083 2017 3109 ‘esse
2056 3073 2222 3110 malum:
2260 3069 2317 3110 eo'

1508 3229 1509 3266 ζ
1535 3229 1683 3266 sionem
1713 3230 1903 3266 bonorum
1931 3230 2216 3279 temporalium,
2245 3231 2382 3279 quibus
2410 3242 2589 3280 praesens

1507 3279 1510 3300 l
1534 3282 1611 3318 vita
1640 3290 1876 3319 sustentatur.
1907 3284 2009 3331 Ergo
2037 3283 2187 3320 videtur
2214 3283 2318 3332 quod
2347 3284 2459 3322 timor
2479 3297 2588 3329 mun-

1508 3346 1509 3355 *
1537 3334 1657 3371 danus
1686 3347 1764 3372 non
1793 3347 1944 3383 semper
1969 3336 2014 3372 sit
2042 3337 2176 3373 malus.

1590 3388 1662 3423 SED
1683 3399 1827 3424 CONTRA
1847 3399 1912 3424 EST
1927 3388 2031 3436 quod
2046 3388 2234 3425 Dominus
2251 3388 2349 3436 dicit,
2366 3389 2498 3425 Matth.
2511 3401 2533 3426 x
2548 3389 2586 3425 *z

1536 3125 1624 3160 ralia
1654 3132 1740 3161 sunt
1767 3125 1877 3162 nobis
1897 3137 1918 3162 a
1938 3126 2034 3162 Deo.
2066 3125 2142 3162 Sed
2170 3075 2596 3165 naturaleqtlzlscicihonrgtiiii

1535 3184 1576 3213 ut
1594 3177 1725 3214 timeat
1751 3177 1894 3226 proprii
1921 3178 2091 3227 corporis
2119 3178 2385 3216 detrimentum
2413 3187 2450 3216 et
2477 3180 2597 3241 amis(-¹

2627 755 2687 782 ‘Qu.
2694 759 2810 782 ωικιιμιη.
2817 761 2838 783 3,

2629 781 2760 803 Comment-

2619 2890 2628 2897 ·
2644 2887 2709 2910 Vero.
2725 2894 2745 2917 3.

2614 3403 2625 3414 ⁴·
2639 3402 2706 3426 Vere.
2721 3403 2756 3425 28.
