2892 4056
81 497 93 509 ⁸
106 498 144 519 ΑΙ.
159 503 198 525 qu.
213 503 244 519 vr.

82 524 103 535 '⁴
113 523 160 551 Qu.
175 529 206 550 w,
217 527 258 545 ιη.
269 529 288 550 5,

81 550 212 572 Commeat.
224 555 289 571 n.111.

79 725 88 734 ·
99 725 150 746 An.
162 730 181 752 5,
194 723 286 746 Comm.

79 756 142 772 num.
156 756 171 772 ι.

76 1449 168 1474 ’ναι
181 1457 205 1480 9.

73 1977 87 1990 ·
100 1976 166 2001 Vera.
180 1984 198 2000 u
212 1983 264 2006 ης.

69 2346 84 2356 ·
99 2344 167 2367 Vas.
181 2350 215 2373 ¹⁹·

49 2459 51 2462 ⁴
74 2454 86 2465 ⁸
99 2453 199 2476 later-lin.
223 2458 245 2476 et

73 2480 158 2503 m».

70 2560 87 2575 θ
99 2560 150 2582 Art.
167 2560 272 2588 praeced.

1006 160 1272 206 QUAESTIO
1301 159 1421 205 XVII,
1451 159 1746 196 ARTICULUS
1776 160 1807 195 ll

2418 157 2484 192 125

991 252 1322 285 Commenta-ria
1343 251 1593 284 cardinalis
1614 250 1814 283 Caietani

347 335 368 356 n
391 325 523 357 articulo
542 325 647 365 primo
667 326 859 366 quaestionis
879 325 1170 366 decimaeseptimae
1188 325 1321 356 dubium
1338 334 1374 355 ex
1399 327 1402 362 J

348 369 511 406 Durando,
527 369 560 399 in
583 379 653 399 xxvr
677 370 747 401 dist.
769 369 809 400 111
834 370 933 406 Sent.,
955 377 1010 400 art.
1034 380 1058 405 ι,
1079 370 1223 405 occurrit,
1239 369 1374 399 volentis
1400 375 1401 382 ³

316 414 405 454 quod
427 423 499 453 spes
521 413 626 444 infusa
650 421 696 444 est
719 414 827 449 virtus,
845 414 930 453 large
945 413 1109 454 loquendo
1133 414 1171 443 de
1194 413 1318 448 virtute,
1335 412 1375 442 si—

317 463 371 488 cut
384 457 480 488 etiam
495 456 583 488 fides.
603 457 645 488 Et
659 457 790 488 remittit
805 467 838 487 se
853 457 892 487 ad
915 467 990 488 xxur
1005 457 1075 487 dist.
1093 457 1245 492 eiusdem,
1262 467 1316 497 qu.
1333 466 1374 492 ιν,

315 507 371 532 art.
392 511 408 531 2
425 501 452 532 *.
477 501 539 532 Sed
562 502 637 542 quia
659 502 736 532 haec
760 502 863 532 soluta
886 507 961 532 sunt
983 501 1128 540 superius
1143 500 1193 536 **,
1218 501 1290 531 ideo
1310 510 1375 530 non

315 545 432 585 replico
457 545 565 586 quoad
597 544 708 576 fidem:
734 546 787 575 sed
812 545 882 575 dico
906 544 1047 575 similiter
1076 544 1156 575 sicut
1179 545 1217 574 de
1246 544 1306 574 fide
1331 544 1375 574 di-

315 595 402 619 ctum
426 596 481 624 est,
498 590 586 630 quod
610 596 656 620 est
678 589 861 629 simpliciter
884 595 914 619 et
937 589 1040 618 stricte
1056 588 1154 618 virtus
1175 598 1246 628 spes
1261 588 1374 624 infusa,

315 633 353 662 de
377 643 440 673 qua
463 640 509 663 est
537 643 641 663 sermo
666 632 717 675 (et
739 639 785 663 est
816 642 919 662 sermo
951 633 990 662 de
1020 642 1075 671 spe
1105 631 1254 662 formata:
1280 639 1315 662 ut
1342 632 1375 661 in

314 677 511 716 praecedenti
534 677 640 713 Libro,
657 687 710 717 qu.
735 686 804 710 va.
822 682 876 706 art.
898 686 929 715 4,
950 673 1064 716 patet):
1090 675 1181 715 ponit
1203 676 1288 706 enirn
1304 686 1375 715 spes

314 720 511 752 voluntatem
528 721 560 750 in
584 720 776 761 perfectione
792 726 880 750 actus
902 719 958 760 qui
982 726 1029 750 est
1049 729 1171 758 sperare
1195 720 1248 750 tali
1268 729 1374 759 super-

315 765 448 795 naturali
472 765 599 806 qualem
623 770 727 805 potest
749 763 872 798 habere,
890 769 926 793 ut
947 762 1077 792 inferius
1092 762 1110 781 *
1132 770 1226 802 patet.

1482 324 1516 354 In
1540 324 1654 354 eodem
1682 325 1831 360 articulo,
1854 324 1887 354 in
1910 322 2117 363 responsione
2140 322 2179 352 ad
2203 322 2396 357 secundum,
2421 331 2486 351 me-

1428 374 1536 398 mento
1560 368 1708 408 allegatae
1737 367 1896 398 doctrinae
1920 376 1957 397 ex
1979 366 2083 397 Prima
2107 366 2286 402 Secundae,
2311 373 2346 396 ut
2369 365 2487 406 perspi-

1428 421 1526 442 cuum
1549 412 1605 443 tibi
1629 412 1668 442 sit
1691 412 1858 453 quomodo
1881 421 1952 452 spes
1975 410 2140 451 dupliciter
2159 410 2273 441 dicitur
2295 419 2331 440 ex
2355 410 2486 440 meritis:

1429 456 1545 486 scilicet
1567 457 1675 496 quoad
1698 457 1765 486 rem
1788 462 1992 496 expectatam,
2013 461 2043 485 et
2066 455 2128 485 hoc
2157 463 2329 485 commune
2352 460 2399 484 est
2421 454 2488 494 spei

1428 500 1581 530 formatae
1605 506 1635 530 et
1650 499 1796 535 informi;
1822 507 1852 530 et
1875 500 1982 540 quoad
1998 505 2115 536 actum,
2132 504 2163 529 et
2182 498 2244 529 hoc
2260 505 2306 528 est
2322 497 2489 538 proprium

1429 543 1495 584 spei
1519 543 1681 575 formatae.
1707 544 1785 584 Spes
1809 543 1893 574 enim
1923 543 2058 573 formata
2081 550 2111 574 et
2137 542 2267 573 inclinat
2295 542 2335 572 ad
2359 551 2487 582 speran-

1429 588 1506 618 dum
1531 597 1567 618 ex
1590 587 1707 618 meritis
1731 597 1812 628 quae
1836 587 1944 623 habet:
1969 594 1999 618 et
2021 587 2206 627 ipse‚etiam
2229 593 2316 617 actus
2344 586 2488 626 sperandi

1429 632 1486 662 sub
1518 631 1631 662 merito
1663 632 1757 667 cadit,
1782 638 1892 671 utpote
1922 631 2064 661 medium
2092 631 2240 661 ordinans
2268 630 2432 660 hominem
2456 630 2488 659 in

1428 676 1527 706 vitam
1549 682 1717 706 aeternam.
1738 675 1835 712 Quod
1860 677 1897 705 de
1921 675 1992 715 ipso
2016 675 2123 706 habitu
2141 675 2217 716 spei,
2235 685 2309 705 curn
2334 674 2489 705 coincidat

1430 729 1503 749 curn
1527 719 1628 759 prima
1651 719 1758 759 gratia,
1775 719 1835 749 dici
1859 730 1924 749 non
1948 726 2062 760 potest.

1071 896 1390 938 ARTICULUS
1420 896 1718 939 SECUNDUS

719 981 875 1012 UTRUM
898 980 1152 1011 BEATITUDO
1177 979 1383 1011 AETERNA
1406 980 1472 1010 sn·
1497 979 1723 1011 OBIECTUM
1747 981 1968 1012 PROPRlUM
1992 981 2079 1012 SPEl

664 1061 732 1087 Part.
752 1061 791 1092 111,
811 1068 856 1093 qu.
874 1067 919 1091 vu,
938 1065 985 1086 art.
1003 1067 1021 1091 4
1027 1068 1035 1091 ;
1053 1059 1085 1084 111
1105 1060 1186 1088 Sent..
1207 1059 1266 1084 dist.
1284 1067 1350 1090 xxvi,
1369 1067 1414 1092 qu.
1432 1066 1465 1090 n,
1484 1065 1532 1085 art.
1552 1067 1574 1090 2,
1593 1061 1626 1084 ad
1646 1067 1674 1091 25
1696 1061 1738 1085 De
1755 1060 1861 1090 Virtut„
1881 1068 1926 1093 qu.
1944 1068 1979 1091 iv,
1998 1066 2045 1085 art.
2068 1069 2089 1091 1,
2107 1069 2133 1092 4.

349 1150 354 1164 ›
399 1152 405 1173 5
451 1164 480 1177 s*
522 1143 544 1168 ι)
564 1142 755 1168 SECUNDUM
770 1142 822 1168 S1c
839 1141 1078 1167 PaocEmTua.
1095 1129 1254 1167 Videtur
1268 1129 1374 1178 quod
1398 1129 1401 1155 l
1426 1130 1648 1178 perducere.
1683 1130 1769 1167 Hoc
1797 1137 1923 1167 autem
1963 1131 2108 1167 bonum
2136 1138 2192 1167 est
2218 1130 2296 1167 vita
2324 1139 2487 1168 aeterna,

443 1178 481 1212 ’ῗ
522 1183 717 1221 beatitudo
738 1190 890 1221 aeterna
909 1195 988 1220 non
1008 1183 1054 1220 sit
1073 1183 1266 1220 obiectum
1285 1194 1374 1231 pro—

336 1271 340 1276 ,
364 1281 366 1283 ,
531 1236 648 1283 υιζίμω
669 1237 760 1286 spei.
792 1236 887 1273 illud
916 1236 1017 1274 enim
1042 1236 1161 1273 homo
1191 1247 1270 1272 non
1289 1247 1374 1284 spe-

323 1287 466 1322 ,ρι’«φ»
491 1297 579 1328 rat
606 1290 712 1338 quod
741 1301 896 1326 omnem
916 1289 1032 1326 animi
1059 1289 1116 1326 sui
1139 1296 1288 1326 motum
1311 1299 1374 1325 ex-

313 1340 431 1380 cedit:
462 1355 549 1379 cum
578 1343 660 1392 spei
688 1350 793 1380 actus
821 1342 867 1379 sit
894 1342 1050 1391 quidam
1087 1341 1203 1378 animi
1233 1348 1372 1378 motus.

313 1394 390 1432 Sed
425 1395 619 1432 beatitudo
655 1403 808 1433 aeterna
845 1394 991 1432 excedit
1025 1406 1180 1431 omnem
1219 1394 1374 1430 humani

311 1447 428 1485 animi
446 1455 610 1486 motum:
633 1448 720 1485 dicit
739 1448 841 1485 enim
860 1448 1080 1495 Apostolus,
1098 1448 1111 1483 Ι
1128 1447 1180 1483 ad
1201 1447 1287 1483 Cor.
1305 1457 1327 1483 11
1341 1447 1373 1494 *,

311 1501 416 1549 quod
444 1501 482 1538 in
519 1513 587 1538 cor
611 1501 773 1538 hominis
810 1511 883 1537 non
913 1500 1087 1537 ascendit.
1122 1499 1224 1547 Ergo
1258 1499 1373 1536 beati·
1415 1544 1419 1547 ι

309 1551 402 1591 tudo
431 1565 510 1590 non
539 1561 596 1590 est
620 1553 820 1602 proprium
850 1553 1042 1590 obiectum
1073 1551 1165 1601 spei.

316 1606 321 1610 ’
364 1617 400 1644 2.
429 1606 670 1654 Pais-ream,
699 1606 830 1655 petitio
869 1614 924 1643 est
956 1606 1036 1654 spei
1073 1604 1373 1653 interpretativa:

277 1679 283 1686 -
311 1656 446 1697 dicitur
474 1658 574 1696 enim
603 1659 641 1696 in
679 1659 819 1696 Psalm.
839 1658 879 1695 *ε
909 1658 1050 1696 Revela
1078 1657 1244 1695 Domino
1274 1658 1374 1695 viam

310 1711 414 1749 'tuam
442 1717 478 1748 et
501 1723 612 1760 spera
646 1711 682 1748 in
712 1724 776 1758 eo,
806 1717 842 1748 et
867 1713 944 1761 ipse
968 1711 1102 1760 faciet.
1141 1711 1217 1748 Sed
1253 1712 1372 1748 homo

338 1762 403 1802 etit
421 1777 444 1802 a
470 1765 556 1802 Deo
585 1765 680 1802 licite
702 1777 778 1802 non
808 1766 932 1802 solum
952 1763 1225 1801 beatitudinem
1257 1772 1374 1800 aeter-

310 1824 414 1865 nam,
434 1817 502 1855 sed
530 1818 644 1855 etiam
672 1819 774 1855 bona
802 1817 1010 1867 praesentis
1034 1819 1135 1854 vitae
1162 1824 1241 1854 tam
1270 1816 1374 1866 spiri-

310 1869 427 1908 tualia
454 1882 571 1920 quam
599 1870 843 1919 temporalia,
875 1879 911 1908 et
930 1870 1042 1907 etiarn
1071 1869 1333 1907 liberationem
1353 1882 1374 1906 a

311 1922 435 1972 malis,
455 1935 554 1972 quae
574 1923 612 1961 in
639 1923 873 1961 beatitudine
893 1931 1046 1960 aeterna
1073 1935 1151 1960 non
1176 1930 1305 1959 erunt:
1335 1930 1375 1959 ut

309 1982 414 2027 patet
441 1976 480 2013 in
509 1977 691 2014 Oratione
729 1976 954 2024 Dominica,
985 1976 1119 2013 Matth'.
1143 1988 1182 2012 Vl
1209 1975 1240 2012 *.
1271 1976 1373 2023 Ergo

310 2028 506 2066 beatitudo
522 2037 675 2067 aeterna
695 2041 774 2066 non
789 2037 845 2067 est
858 2029 1056 2078 proprium
1072 2028 1264 2065 obiectum
1281 2029 1372 2077 spei.

367 2083 400 2118 3.
430 2083 663 2124 PRAETEREA,
685 2083 764 2131 spei
795 2083 986 2119 obiectum
1017 2089 1072 2118 est
1099 2082 1275 2119 arduum.
1297 2082 1372 2118 Sed

310 2134 350 2172 in
378 2135 665 2184 comparatione
703 2136 751 2172 ad
789 2135 987 2172 hominem
1023 2135 1141 2171 multa
1179 2134 1251 2172 alia
1289 2142 1374 2171 sunt

311 2187 431 2225 ardua
467 2201 584 2238 quam
613 2188 807 2225 beatitudo
845 2195 1008 2225 aeterna.
1038 2189 1141 2235 Ergo
1180 2187 1373 2224 beatitudo

309 2247 466 2283 ,aeterna
494 2254 573 2279 non
601 2249 658 2278 est
685 2241 883 2290 proprium
913 2241 1104 2279 obiectum
1134 2241 1228 2289 spei.

367 2293 442 2330 SED
484 2306 630 2331 CONTRA
670 2306 736 2330 EST
778 2295 883 2342 quod
925 2294 1132 2343 Apostolus
1175 2293 1282 2335 dicit,
1326 2293 1377 2330 ad

311 2345 411 2383 Heh.
440 2358 475 2383 V1
501 2346 541 2383 *t
573 2360 591 2381 ‹
618 2347 816 2383 Habemus
852 2359 960 2395 spem
994 2346 1255 2393 incedentem,
1286 2346 1378 2383 idest

312 2399 483 2436 incedere
497 2400 726 2448 facientem,
757 2399 805 2436 ad
833 2399 1009 2436 interiora
1035 2399 1256 2445 velaminis,
1287 2399 1378 2435 idest

312 2453 364 2489 ad
380 2452 641 2489 beatitudinem
670 2452 862 2488 caelestem
886 2465 926 2496 »,·
953 2460 994 2488 ut
1023 2452 1158 2488 Glossa
1185 2451 1206 2473 ⁸¹⁶
1233 2451 1373 2488 ibidem

313 2505 478 2554 exponit.
500 2506 602 2553 Ergo
618 2505 810 2541 obiectum
827 2505 908 2553 spei
928 2512 984 2541 est
1002 2504 1195 2541 beatitudo
1211 2511 1374 2541 aeterna.

366 2559 592 2595 Responmzo
620 2569 805 2595 mcaNDUM
834 2557 951 2606 quod,
972 2557 1067 2593 sicut
1095 2556 1236 2593 dictum
1267 2563 1322 2593 est
1342 2557 1372 2598 ²³,

313 2623 399 2660 spes
419 2612 466 2648 de
495 2623 571 2660 qua
590 2610 782 2659 loquimur
802 2610 947 2658 attingit
965 2611 1092 2647 Deum
1113 2609 1274 2646 innitens
1294 2609 1375 2646 eius

312 2663 450 2701 auxilio
466 2665 515 2702 ad
531 2663 844 2711 consequendum
861 2664 1006 2700 bonum
1022 2670 1228 2711 speratum.
1250 2662 1375 2710 Opor-

311 2723 364 2755 tet
391 2725 520 2754 autem
549 2716 728 2754 effectum
758 2728 840 2753 esse
866 2727 1003 2752 causae
1031 2714 1372 2763 proportionatum.

310 2769 360 2807 Et
386 2769 475 2808 ideo
504 2770 651 2806 bonum
685 2769 790 2818 quod
825 2768 978 2818 proprie
1008 2775 1043 2805 et
1069 2767 1324 2817 principaliter
1353 2780 1374 2804 a

310 2822 396 2861 Deo
417 2834 569 2872 sperare
599 2823 784 2860 debemus
805 2830 860 2873 est
879 2822 1025 2858 bonum
1044 2820 1247 2866 infinitum,
1268 2820 1374 2870 quod

310 2875 620 2924 proportionatur
647 2875 774 2912 virtuti
802 2874 874 2912 Dei
908 2874 1142 2912 adiuvantis:
1172 2885 1261 2910 nam
1291 2873 1373 2910 infi-

312 2927 413 2966 nitae
440 2927 587 2966 virtutis
616 2936 671 2965 est
697 2927 895 2977 proprium
924 2927 972 2964 ad
999 2926 1186 2964 infinitum
1226 2927 1373 2963 bonum

365 3052 394 3085 ο)
411 3052 508 3077 adhuc.
519 3065 540 3071 -
555 3051 644 3077 adhuc
661 3051 738 3083 quasi
756 3051 798 3076 ed.
816 3058 840 3080 α,
860 3051 937 3083 quasi
953 3050 1043 3075 adhuc
1061 3051 1089 3075 P.

366 3085 391 3120 β)
411 3086 519 3120 respicit
532 3085 728 3119 principaIiter.
742 3100 760 3105 —
774 3086 963 3118 principaliter
980 3085 1085 3118 quidem
1105 3084 1214 3117 respicit
1231 3085 1278 3109 Pa.

1427 1195 1526 1232 quae
1554 1183 1592 1220 in
1620 1182 1796 1220 fruitione
1825 1183 1940 1232 ipsius
1964 1183 2036 1220 Dei
2065 1183 2251 1220 consistit:
2281 1196 2360 1220 non
2388 1184 2488 1220 enirn

1427 1236 1554 1272 minus
1591 1235 1733 1284 aliquid
1761 1237 1810 1273 ab
1848 1249 1894 1273 eo
1929 1236 2163 1286 sperandum
2202 1244 2257 1273 est
2291 1249 2409 1285 quam
2445 1236 2490 1273 sit

1427 1288 1520 1338 ipse,
1543 1301 1629 1326 cum
1659 1301 1738 1325 non
1766 1289 1812 1325 sit
1838 1289 1965 1326 minor
1993 1289 2070 1326 eius
2094 1289 2255 1337 bonitas,
2274 1302 2344 1339 per
2372 1301 2488 1338 quam

1427 1341 1531 1378 bona
1560 1349 1753 1379 creaturae
1779 1341 2049 1389 communicat,
2070 1355 2185 1391 quam
2216 1342 2296 1379 eius
2316 1342 2488 1379 essentia.

1427 1394 1477 1430 Et
1505 1394 1591 1431 ideo
1628 1394 1827 1444 proprium
1864 1402 1900 1431 et
1935 1395 2140 1444 principale
2179 1395 2372 1432 obiectum
2410 1395 2489 1444 spei

1429 1453 1484 1483 est
1510 1447 1704 1484 beatitudo
1733 1455 1897 1484 aeterna.

1480 1501 1539 1536 An
1568 1511 1706 1536 pannum
1733 1511 1831 1536 ERGO
1860 1511 2044 1537 mcENDUM
2073 1500 2178 1547 quod
2205 1500 2399 1537 beatitudo
2429 1512 2490 1537 ae-

1427 1558 1534 1588 terna
1553 1552 1719 1601 perfecte
1747 1552 1902 1600 quidem
1924 1552 1961 1589 in
1990 1565 2056 1589 cor
2074 1552 2239 1589 hominis
2258 1565 2337 1589 non
2361 1565 2491 1590 ascen-

1428 1605 1491 1651 dit,
1512 1613 1554 1642 ut
1581 1605 1720 1642 scilicet
1739 1606 1918 1653 cognosci
1945 1605 2064 1654 possit
2083 1606 2130 1641 ab
2158 1606 2315 1642 homine
2342 1605 2489 1642 viatore

1428 1670 1527 1706 quae
1566 1666 1601 1694 et
1630 1658 1749 1707 qualis
1787 1658 1852 1695 sit:
1887 1660 1953 1695 sed
1995 1659 2206 1695 secundum
2242 1671 2490 1696 communem

1428 1711 1626 1757 rationem,
1653 1711 1790 1748 scilicet
1818 1711 1910 1748 boni
1936 1710 2105 1760 perfecti,
2137 1711 2273 1748 cadere
2300 1719 2425 1760 potest
2452 1712 2490 1749 in

1428 1764 1731 1814 apprehensione
1750 1764 1927 1802 hominis.
1950 1765 1998 1801 Et
2025 1765 2100 1801 hoc
2119 1764 2237 1801 modo
2261 1772 2388 1801 motus
2407 1765 2487 1813 spei

1428 1817 1465 1854 in
1493 1817 1614 1866 ipsam
1639 1817 1840 1866 consurgit.
1872 1817 1983 1854 Unde
2013 1826 2048 1853 et
2067 1817 2257 1865 signanter
2283 1818 2490 1866 Apostolus

1429 1869 1516 1907 dicit
1535 1870 1555 1892 '¹‘
1573 1871 1679 1920 quod
1706 1883 1793 1918 spes
1812 1869 1951 1907 incedit
1984 1881 2099 1918 usque
2117 1869 2168 1907 ad
2185 1869 2363 1907 interiora
2390 1871 2489 1908 vela-

1428 1924 1560 1960 minis:
1589 1924 1677 1971 quia
1706 1923 1743 1960 id
1763 1924 1867 1972 quod
1896 1935 2093 1972 speramus
2113 1930 2168 1959 est
2196 1923 2306 1959 nobis
2326 1923 2451 1960 adhuc
2471 1929 2488 1945 ‘²

1427 1977 1608 2014 velatum.

1481 2032 1540 2066 An
1569 2041 1759 2066 SECUNDUM
1787 2041 1970 2066 DlCENDUM
1999 2029 2104 2076 quod
2133 2041 2397 2079 quaecumque
2419 2029 2490 2066 alia

1429 2082 1532 2119 bona
1560 2095 1638 2119 non
1666 2083 1851 2120 debemus
1879 2095 1902 2119 a
1930 2083 2014 2118 Deo
2037 2089 2164 2130 petere
2193 2082 2263 2119 nisi
2291 2082 2328 2120 in
2357 2082 2488 2120 ordine

1428 2135 1477 2172 ad
1506 2135 1778 2172 beatitudinem
1807 2142 2012 2172 aeternam.
2042 2135 2152 2172 Unde
2177 2142 2213 2171 et
2241 2148 2327 2184 spes
2355 2135 2490 2184 princi-

1428 2188 1562 2237 paliter
1598 2188 1754 2238 quidem
1784 2188 1932 2237 respicit
1967 2187 2239 2226 beatitudinem
2275 2197 2488 2235 aeternam;

1428 2242 1501 2278 alia
1528 2254 1622 2279 vero
1643 2254 1742 2290 quae
1769 2249 1947 2290 petuntur
1975 2253 1996 2277 a
2024 2242 2109 2278 Deo
2129 2241 2279 2289 respicit
2305 2242 2489 2279 secunda·

1429 2294 1505 2341 rio,
1535 2294 1573 2331 in
1602 2294 1735 2331 ordine
1763 2295 1813 2331 ad
1840 2294 2110 2331 beatitudinem
2148 2302 2351 2332 aeternam.
2387 2295 2490 2332 Sicut

1429 2348 1541 2384 etiam
1571 2348 1668 2384 fides
1697 2347 1846 2396 respicit
1878 2345 2165 2396 principaliter?
2192 2349 2339 2394 Deum,
2370 2355 2406 2384 et
2434 2360 2490 2384 se-

1430 2400 1611 2438 cundario
1641 2400 1791 2449 respicit
1817 2413 1861 2437 ea
1889 2413 1988 2448 quae
2018 2401 2065 2437 ad
2094 2401 2221 2437 Deum
2255 2401 2487 2447 ordinantur,

1429 2461 1470 2491 ut
1498 2452 1651 2503 supra*
1678 2453 1820 2490 dictum
1850 2461 1915 2490 est.
2096 2446 2107 2458 ’

1482 2507 1540 2542 An
1568 2517 1727 2543 TER-rum
1747 2517 1930 2543 memnon
1949 2505 2055 2554 quod
2082 2505 2229 2542 homini
2253 2506 2318 2553 qui
2338 2507 2488 2543 anhelat

1429 2558 1478 2594 ad
1506 2557 1647 2606 aliquid
1675 2570 1870 2606 magnum,
1891 2570 2054 2607 parvum
2073 2558 2224 2595 videtur
2252 2571 2367 2595 omne
2387 2559 2488 2596 aliud

1428 2610 1533 2658 quod
1553 2618 1608 2647 est
1636 2622 1683 2647 eo
1702 2611 1837 2647 minus.
1868 2611 1917 2647 Et
1944 2610 2031 2647 ideo
2052 2611 2197 2647 homini
2217 2612 2381 2660 speranti
2401 2613 2488 2648 bea-

1428 2664 1627 2700 titudinem
1664 2671 1879 2709 aeternam,
1914 2663 2043 2700 habito
2082 2671 2255 2712 respectu
2292 2665 2340 2701 ad
2377 2665 2486 2701 istam

1428 2728 1547 2766 spem,
1568 2715 1658 2754 nihil
1687 2716 1785 2753 aliud
1816 2724 1871 2752 est
1898 2715 2073 2753 arduum.
2105 2717 2181 2754 Sed
2204 2716 2333 2754 habito
2362 2729 2487 2766 respe-

1429 2778 1490 2807 ctu
1518 2769 1567 2806 ad
1595 2770 1810 2806 facultatem
1831 2768 2024 2818 sperantis,
2046 2777 2206 2818 possunt
2234 2769 2346 2806 etiam
2370 2782 2485 2818 quae-

1429 2823 1516 2860 dam
1547 2822 1617 2859 alia
1647 2822 1680 2859 ei
1699 2827 1714 2850 Υ
1744 2835 1826 2859 esse
1856 2821 1987 2859 ardua.
2017 2823 2066 2858 Et
2093 2822 2304 2860 secundum
2328 2823 2403 2860 hoc
2423 2836 2486 2860 eo-

1428 2888 1512 2913 rum
1549 2883 1673 2924 potest
1711 2887 1791 2912 esse
1829 2887 1915 2924 spes
1952 2875 1990 2911 in
2028 2875 2162 2912 ordine
2195 2876 2244 2913 ad
2279 2875 2486 2925 principale

1427 2930 1629 2967 obiectum.

1481 3049 1507 3081 γ)
1527 3048 1560 3072 ei.
1573 3061 1593 3068 -
1611 3047 1672 3071 Om.
1691 3046 1793 3078 PDpCa
1811 3050 1836 3070 et
1853 3053 1879 3070 a.

984 3155 1317 3188 Commentaria
1338 3153 1590 3186 Car-ainans
1612 3152 1811 3184 Caietam

342 3246 362 3267 u
386 3236 518 3267 articulo
542 3235 683 3266 secundo
699 3235 839 3266 eiusdem
863 3234 1058 3276 quaestionis
1080 3233 1215 3264 dubium
1238 3233 1373 3264 occurrit

316 3249 382 3311 Ide
406 3289 469 3321 qua
484 3279 677 3310 beatitudine
693 3285 818 3309 aeterna
840 3279 880 3309 sit
901 3278 952 3309 hic
968 3285 1088 3309 sermo:
1114 3277 1231 3308 scilicet
1256 3278 1294 3308 de
1310 3277 1372 3308 for—

313 3325 398 3361 mali,
413 3334 453 3355 an
477 3323 640 3355 obiectiva.
662 3323 760 3360 Quod
782 3322 868 3353 enim
883 3322 922 3353 sit
945 3332 1048 3352 sermo
1074 3322 1112 3353 de
1136 3321 1270 3358 formali,
1288 3328 1374 3362 patet

313 3379 350 3401 ex
373 3379 412 3400 eo
435 3369 523 3410 quod
540 3367 666 3399 effectus
690 3367 813 3398 divinae
829 3366 950 3397 virtutis
967 3367 999 3397 in
1014 3366 1115 3397 littera
1132 3366 1254 3398 dicitur.
1275 3366 1373 3404 Quod

313 3423 388 3445 vero
412 3413 450 3444 de
474 3412 637 3447 obiectiva‚
659 3418 743 3451 patet
766 3421 803 3441 ex
827 3421 865 3441 eo
889 3411 976 3451 quod
1007 3410 1166 3442 subditur:
1191 3410 1263 3440 Non
1287 3411 1371 3440 enim

313 3458 419 3488 minus
441 3457 563 3497 aliquid
585 3467 605 3486 a
629 3455 698 3486 Deo
716 3454 911 3495 sperandum
935 3459 981 3485 est
1003 3464 1098 3495 quam
1124 3455 1190 3494 ipse
1211 3455 1262 3484 sit.
1287 3471 1307 3476 —
1331 3453 1372 3484 Et

1426 3233 1499 3264 huic
1516 3232 1614 3263 dubio
1638 3231 1814 3262 annectitur
1828 3231 1972 3267 alterum,
1993 3231 2161 3271 quomodo
2186 3237 2348 3261 contextus
2367 3230 2485 3261 litterae

1425 3277 1458 3308 in
1482 3277 1539 3307 hac
1555 3276 1675 3307 ratione
1700 3282 1854 3306 consonat
1869 3275 1927 3305 sibi
1951 3275 2020 3315 ipsi,
2042 3285 2205 3305 assumens
2228 3275 2316 3315 quod
2339 3274 2485 3305 effectum

1426 3328 1553 3362 oportet
1588 3329 1699 3351 causae
1728 3319 1980 3360 proportionata,
2015 3326 2045 3350 et
2074 3319 2262 3350 subsumens
2294 3319 2399 3349 Deum
2425 3328 2484 3358 pro

1427 3365 1537 3396 effectu
1568 3363 1830 3405 proportionem:
1855 3373 1929 3395 curn
1953 3363 2080 3394 effectus
2103 3363 2257 3394 rationem
2281 3363 2394 3395 habere
2417 3371 2483 3393 non

1427 3409 1537 3450 possit.

1483 3454 1534 3484 Ad
1557 3453 1618 3483 hoc
1642 3452 1754 3483 dicitur
1783 3451 1871 3493 quod
1900 3461 2002 3482 sermo
2034 3461 2178 3491 praesens
2207 3458 2252 3482 est
2282 3450 2320 3480 de
2350 3449 2483 3481 beatitu—

2515 1879 2525 1888 ·
2552 1879 2588 1901 Cf.
2611 1885 2659 1906 arg.
2682 1880 2731 1901 Sed

2517 1908 2610 1927 contra.

2518 2461 2524 2468 ·
2543 2459 2591 2486 Qu.
2606 2466 2622 2486 ι,
2637 2464 2679 2481 art.
2694 2465 2713 2483 ις

2516 2490 2559 2507 art.
2573 2486 2595 2512 6,
2610 2486 2638 2507 ad
2654 2492 2669 2508 ι.
