2892 4056
1041 149 1306 195 QUAESTlO
1337 149 1402 197 IV,
1433 151 1726 189 ARTICULUS
1756 153 1807 189 lV

322 254 324 257 ,
354 257 356 260 ,
376 225 414 256 11.
438 225 704 266 Inpresponsione
728 227 768 256 ad
791 228 967 259 secundum
990 228 1023 258 in
1047 228 1161 258 eodem
1180 228 1312 263 articulo
1327 228 1382 258 ad-

320 275 406 309 verte
433 269 542 310 quod,
569 269 595 299 si
623 271 818 310 comparatio
848 270 903 302 fiat
924 271 1047 302 virtutis
1077 273 1116 302 ad
1148 272 1296 303 virtutem
1328 279 1383 303 aut

321 315 442 354 actum,
467 319 522 354 aut
544 319 632 343 actus
656 314 695 343 ad
717 321 838 351 actum,
863 315 1031 346 extrinseca
1057 315 1277 346 inveniuntur:
1301 326 1381 357 quo-

321 355 408 386 niam
423 362 501 387 naec
517 356 550 386 in
568 356 742 394 voluntate,
759 358 811 388 illa
825 358 858 389 in
874 359 1045 390 intellectu.
1068 359 1129 390 Sed
1146 360 1170 389 si
1186 359 1380 400 comparatio

320 398 375 430 fiat
397 406 485 430 actus
509 399 653 439 imperati
673 402 711 431 ad
731 403 866 433 modum
882 412 979 443 quem
995 404 1033 433 ab
1049 403 1222 443 imperante
1241 403 1379 443 suscipit,

321 443 366 474 sic
379 443 539 475 invenitur
551 444 730 476 intrinseca:
748 456 786 477 eo
803 453 910 477 tamen
925 447 1025 477 modo
1037 456 1104 487 quo
1117 447 1234 478 modus
1248 447 1380 478 actionis

321 494 368 518 est
389 488 422 518 in
445 487 514 528 ipsa
537 489 660 520 actione
685 496 721 520 ut
742 491 860 521 modus
883 490 959 521 eius.
984 490 1024 521 Et
1039 490 1180 521 similiter
1203 491 1229 521 si
1251 501 1380 531 compa-

320 531 400 563 ratio
423 530 477 562 fiat
491 538 588 566 *actus
605 533 645 564 ad
661 532 838 573 specificam
853 533 1147 564 denominationem
1163 544 1260 574 quam
1274 535 1312 565 ab
1329 545 1380 565 ex·

320 572 456 606 trinseco
480 576 604 607 obiecto
628 577 751 608 virtutis
774 576 956 619 imperantis
979 577 1083 614 habet,
1108 578 1274 608 intrinseca
1296 578 1380 609 inve-

320 618 424 649 nitur:
448 629 487 650 eo
511 627 616 651 tamen
631 621 731 651 modo
747 631 813 662 quo
832 620 1068 651 denominativa
1089 622 1199 652 relatio
1215 623 1253 652 ab
1269 622 1380 652 extrin-

320 673 393 693 seco
418 663 478 694 dici
507 671 612 704 potest
638 665 814 695 intrinseca.
846 666 969 695 Auctor
991 671 1111 701 autem,
1136 666 1211 706 quia
1232 666 1380 696 virtutem

268 748 270 750 Ι
318 707 426 738 virtuti
443 715 615 749 comparat,
631 709 752 749 optime
767 708 842 739 dicit
855 717 925 738 eam
941 718 1008 738 esse
1024 708 1160 739 formam
1177 710 1380 740 extrinsecam

318 751 443 783 virtutis
467 760 497 784 et
519 760 608 784 actus
631 753 783 783 eiusdem.

2440 165 2490 201 47

1491 229 1541 259 111.
1566 229 1602 259 In
1625 231 1832 270 responsione
1855 232 1894 261 ad
1918 231 2044 262 tertium
2068 231 2210 262 eiusdem
2230 231 2351 262 articuli
2367 233 2491 263 adverte

1435 273 1538 312 quod,
1562 273 1637 313 quia
1659 282 1882 314 argumentum
1913 285 1979 305 non
2006 275 2153 306 tendebat
2182 275 2296 306 directe
2324 276 2362 305 ad
2386 275 2491 315 impu-

1433 317 1597 355 gnandum
1620 319 1709 357 quod
1733 319 1840 349 caritas
1865 325 1911 349 est
1933 318 2036 349 forma
2059 317 2148 354 fidei;
2173 319 2227 349 sed
2250 318 2408 355 indirecte,
2429 319 2491 349 hoc

1435 360 1544 395 modo,
1565 360 1639 400 quia
1654 362 1807 401 probabat
1822 362 1911 402 quod
1930 362 2108 393 obedientia
2124 370 2170 393 est
2188 362 2287 402 magis
2302 362 2404 392 forma
2419 362 2491 393 fidei

1433 413 1532 444 quarn
1555 405 1673 440 caritas,
1691 412 1721 435 et
1736 415 1772 435 ex
1796 406 1858 436 hoc
1881 413 2064 446 sequeretur
2086 406 2174 446 quod
2197 406 2306 436 caritas
2330 416 2395 436 non
2411 414 2491 436 esset

1433 447 1616 487 simpliciter
1634 448 1736 479 forma
1752 448 1838 480 fidei:
1858 449 1930 480 ideo
1944 452 2075 486 Auctor,
2092 450 2131 479 ad
2147 450 2304 480 intentum
2319 450 2490 490 principale

1433 491 1611 531 respiciens,
1635 492 1709 523 dicit
1732 494 1829 533 quod,
1846 493 1921 534 quia
1944 503 1963 523 a
1985 494 2111 525 caritate
2130 503 2196 523 non
2215 493 2321 524 solum
2336 493 2491 524 formatur

1434 534 1521 571 fides,
1538 536 1591 565 sed
1614 536 1708 566 etiam
1725 537 1902 567 obedientia
1923 545 1952 568 et
1976 547 2196 578 quaecumque
2216 537 2276 567 alia
2289 537 2387 568 virtus
2403 547 2489 577 prae-

1433 579 1483 609 via
1506 578 1594 615 fidei,
1617 579 1689 610 ideo
1722 580 1831 611 caritas
1863 581 2045 621 simpliciter
2071 588 2118 612 est
2140 581 2243 612 forma
2265 580 2354 617 fidei,
2379 587 2490 621 utpote

1435 622 1536 652 forma
1560 623 1722 653 omniurn:
1747 624 1903 664 quidquid
1926 625 1965 655 sit
1988 625 2025 655 de
2047 625 2173 655 illarum
2197 624 2419 655 informatione
2443 635 2489 655 re-

1434 673 1543 706 spectu
1566 666 1649 698 fidei.
1674 668 1746 698 Hoc
1770 668 1855 698 enim
1878 678 1914 698 ex
1938 671 2073 708 septimo
2094 669 2188 699 huius
2203 668 2395 709 quaestionis
2419 669 2489 699 arti-

1434 711 1507 741 culo
1531 718 1626 750 patet.

1097 878 1411 919 ARTICULUS
1442 878 1713 929 QUARTUS

650 961 807 992 UTRUM
830 960 953 991 Fines
976 960 1179 992 1NF0RM1s
1202 953 1350 991 Possm*
1373 961 1484 991 FIERI
1508 961 1738 1000 FORMATA‚
1762 963 1845 992 VEL
1870 963 1895 993 E
1920 962 2149 995 CONVERso

680 1038 711 1062 111
727 1038 809 1067 Sem„
824 1038 884 1063 dist.
897 1045 967 1068 xxm,
982 1046 1026 1070 qu.
1040 1045 1077 1067 m.
1093 1043 1138 1063 art.
1153 1045 1178 1069 4,
1192 1043 1242 1070 qu·
1260 1045 1280 1068 1,
1302 1037 1331 1067 33
1348 1037 1388 1062 De
1405 1038 1494 1067 Ver-it„
1510 1046 1555 1070 qu.
1568 1046 1618 1067 xiv,
1633 1044 1680 1063 art.
1692 1047 1722 1071 7;
1737 1039 1780 1064 Ad
1792 1040 1878 1067 Rom..
1893 1048 1947 1070 cap.
1962 1049 1978 1069 1,
1994 1041 2050 1066 lect.
2064 1049 2099 1066 vr.

357 1140 377 1157 με
403 1141 408 1148 ,
500 1132 501 1135 =
527 1119 552 1144 n
571 1119 744 1150 QUARTUM
764 1120 818 1145 Sic
836 1119 1077 1146 PROCEDITUR.
1097 1108 1255 1144 Videtur
1274 1108 1379 1156 quod

386 1158 424 1199 '¹2
454 1159 492 1202 ἐ·
529 1160 626 1197 fides
654 1161 826 1198 informis
855 1173 934 1198 non
961 1162 1028 1198 fiat
1055 1161 1229 1207 formata,
1259 1172 1330 1197 nec
1359 1173 1378 1197 e

382 1309 407 1315 ψ
502 1287 514 1293 ν
528 1267 615 1304 eum
633 1267 778 1304 venerit
799 1267 901 1316 quod
911 1268 1120 1316 perfectum
1141 1272 1204 1312 est,
1220 1277 1378 1303 evacua-

270 1322 274 1324 *
319 1314 419 1364 satur
452 1319 555 1366 quod
578 1331 628 1356 ex
649 1325 762 1368 parte
787 1325 851 1356 est.
890 1320 968 1357 Sed
995 1319 1092 1357 fides
1127 1319 1296 1356 informis
1325 1328 1381 1357 est

317 1369 540 1419 imperfecta
567 1380 741 1421 respectu
768 1373 966 1410 formatae.
1000 1373 1124 1419 Ergo,
1153 1372 1379 1409 adveniente

318 1423 607 1471 fide-formata,
640 1425 738 1462 fides
770 1425 944 1461 informis
978 1425 1203 1470 excluditur,
1232 1433 1274 1461 ut
1301 1436 1379 1461 non

318 1475 367 1512 sit
391 1480 492 1517 unus
518 1477 669 1514 habitus
697 1489 870 1514 numero.
1316 1497 1322 1499 *

317 1525 347 1566 .⁵'¹
373 1525 665 1576 23'meam,
694 1529 786 1567 illud
814 1529 919 1579 quod
944 1537 1000 1566 est
1018 1537 1212 1566 mortuum
1242 1529 1383 1568 nonfit

224 1602 256 1622 m
282 1604 287 1609 -
317 1579 465 1618 vivum.
497 1581 574 1619 Sed
594 1581 690 1619 fides
710 1582 882 1620 informis
902 1590 958 1619 est
976 1589 1145 1619 mortua:
1170 1582 1381 1619 secundum

317 1632 408 1670 illud
425 1634 498 1670 Iac.
516 1646 538 1671 11
553 1634 588 1670 *ε
608 1635 718 1672 Fides
735 1637 816 1672 sine
834 1636 1006 1684 operibus
1025 1641 1175 1672 mortua
1194 1640 1257 1671 est.
1278 1636 1380 1683 Ergo

316 1685 415 1724 fides
442 1686 612 1724 informis
640 1700 719 1725 non
746 1696 872 1738 potest
898 1688 980 1726 fieri
1009 1689 1181 1725 formata.

373 1739 408 1776 3.
438 1739 672 1788 PRAETEREA,
692 1741 810 1789 gratia
832 1741 904 1778 Dei
924 1741 1133 1779 adveniens
1161 1753 1240 1778 non
1268 1741 1383 1777 habet

318 1791 511 1829 minorem
540 1793 720 1830 effectum
749 1794 787 1831 in
815 1794 973 1831 homine
1001 1794 1104 1831 fideli
1124 1806 1240 1842 quam
1269 1794 1307 1831 in
1326 1793 1381 1830 in-

318 1844 434 1882 fideli.
466 1845 542 1882 Sed
572 1847 782 1884 adveniens
799 1847 946 1884 homini
965 1847 1110 1884 infideli
1129 1854 1258 1883 causat
1277 1847 1313 1884 in
1334 1859 1380 1883 eo

318 1897 491 1935 habitum
519 1898 622 1935 fidei.
662 1900 764 1948 Ergo
799 1901 912 1937 etiam
945 1900 1154 1937 adveniens
1185 1899 1288 1936 fideli
1316 1899 1382 1947 qui

319 1950 487 1987 habebat
517 1951 622 2000 prius
651 1952 824 1990 habiturn
857 1953 948 1991 fidei
979 1953 1152 1990 informis
1186 1959 1316 1990 causat
1344 1953 1381 1989 in

320 2015 368 2041 eo
398 2003 516 2040 alium
543 2005 716 2042 habitum
743 2005 846 2043 fidei.

375 2068 413 2103 4.
441 2057 675 2105 ΡκΑΕτΕκΕΑ,
705 2058 798 2095 sicut
821 2059 978 2095 Boetius
1008 2059 1096 2096 dicit
1112 2058 1144 2101 ³⁸,
1174 2057 1383 2095 accidentia

287 2131 294 2138 ·
321 2109 470 2146 alterari
497 2121 576 2147 non
603 2118 777 2161 possunt.
807 2111 883 2149 Sed
906 2111 1004 2148 fides
1024 2119 1080 2148 est
1107 2111 1302 2160 quoddam
1322 2123 1383 2147 ac-

322 2161 463 2210 cidenS.
494 2162 598 2212 Ergo
627 2176 706 2201 non
734 2170 861 2213 potest
879 2164 1014 2201 eadem
1032 2164 1129 2202 fides
1149 2165 1382 2212 quandoque

163 2224 167 2231 ·
222 2210 237 2228 ¹⁴
287 2253 290 2255 .
323 2216 409 2252 esse
434 2215 595 2253 formata
615 2224 660 2254 ‘et
687 2217 922 2266 quandoque
954 2217 1136 2254 informis.

322 2270 333 2283 ”’
371 2267 452 2304 San
471 2279 618 2319 coum
643 2281 710 2306 EST
736 2269 843 2318 quod·
863 2271 936 2307 Iac.
959 2282 994 2317 11,
1010 2282 1124 2319 super
1151 2269 1254 2317 illud,
1273 2269 1384 2306 Fides

320 2319 402 2356 sine
427 2321 602 2368 operibus
631 2327 782 2359 mor-tua
809 2327 880 2369 est,
909 2322 997 2360 dicit
1029 2324 1167 2360 Glossa
1185 2322 1222 2358 *t
1253 2322 1384 2371 quibus

322 2373 519 2409 reviviscit.
549 2374 652 2422 Ergo
680 2374 778 2412 fides
801 2387 900 2423 quae
930 2382 1008 2412 erat
1035 2375 1139 2424 prius
1167 2383 1318 2412 mortua
1349 2382 1385 2411 et

322 2425 501 2462 informis
523 2425 567 2462 fit
594 2426 756 2463 formata
784 2434 821 2463 et
846 2427 994 2464 vivens.

323 2487 326 2493 ’
377 2478 603 2515 ΗΕεΡοΝοεο
635 2486 820 2516 υιοΕΝουΜ
853 2480 958 2528 quod
992 2480 1090 2516 circa
1122 2481 1197 2516 hoc
1233 2480 1385 2516 fuerunt

270 2540 299 2562 ἐ·
323 2529 497 2568 diversae
522 2531 732 2580 opiniones.
754 2532 954 2578 Quidam*
969 2532 1071 2569 enim
1087 2532 1259 2569 dixerunt
1279 2532 1384 2581 quod

200 2609 206 2616 ·
245 2609 252 2620 ,
290 2584 296 2615 ἰ
323 2583 420 2621 alius
449 2591 505 2620 est
532 2584 684 2621 habitus
711 2585 802 2621 fidei
829 2585 1014 2622 formatae
1039 2593 1074 2622 et
1093 2584 1276 2631 informis,
1304 2585 1383 2631 sed,

180 2639 195 2653 ι

325 2636 552 2674 adveniente
582 2637 659 2674 fide
692 2638 872 2684 formata,
906 2637 1047 2674 tollitur
1076 2638 1173 2675 fides
1201 2637 1384 2674 informis.

323 2690 375 2726 Et
402 2689 586 2737 similiter,
617 2690 774 2727 homine
802 2698 890 2739 post
916 2690 1036 2727 fidem
1064 2691 1266 2727 formatam
1298 2702 1385 2739 pec—

326 2750 436 2779 cante
464 2741 690 2790 mortaliter,
718 2743 886 2780 succedit
913 2743 1007 2780 alius
1035 2743 1186 2780 habitus
1213 2742 1304 2780 fidei
1331 2743 1386 2779 in-

325 2795 460 2833 formis
474 2807 497 2832 a
509 2796 596 2833 Deo
615 2795 773 2833 infusus.
794 2817 818 2824 -
840 2796 915 2834 Sed
935 2797 1011 2833 hoc
1037 2809 1116 2833 non
1133 2796 1284 2834 videtur
1303 2808 1386 2833 esse

326 2847 562 2885 conveniens
590 2848 696 2897 quod
715 2849 832 2897 gratia
847 2849 1055 2886 adveniens
1069 2848 1216 2886 homini
1230 2848 1387 2896 aliquod

327 2899 400 2937 Dei
429 2900 574 2937 donum
599 2901 787 2939 excludat:
815 2914 940 2950 neque
965 2901 1078 2938 etiam
1098 2902 1203 2950 quod
1233 2901 1387 2950 aliquod

327 2952 401 2990 Dei
430 2952 577 2990 donum
605 2953 752 2990 homini
780 2954 999 2992 infundatur
1016 2963 1172 3003 propter
1190 2963 1386 3002 peccatum

328 3006 500 3043 mortale.

295 3106 300 3111 ¹
331 3068 334 3069 ’
381 3058 430 3095 Et
457 3058 544 3096 ideo
572 3058 630 3103 alii
649 3058 670 3080 *²
699 3058 871 3098 dixerunt
894 3059 999 3109 quod
1019 3068 1106 3097 sunt
1125 3059 1280 3108 quidem
1297 3065 1314 3081 ‘²
1332 3059 1386 3098 di-

278 3123 300 3143 v,
327 3111 430 3149 versi
455 3111 606 3148 habitus
633 3111 724 3148 fidei
750 3111 934 3149 formatae
963 3120 1000 3149 et
1027 3112 1210 3159 informis,
1244 3113 1311 3149 sed
1333 3119 1386 3160 ta-

1433 1108 1564 1144 habitu
1596 1108 1687 1145 fidei
1719 1109 1916 1146 formatae.
1936 1131 1960 1138 -
1981 1111 2057 1147 Sed
2089 1112 2163 1147 hoc
2197 1113 2310 1150 etiam
2339 1114 2489 1151 videtur

1433 1160 1709 1198 inconveniens
1728 1160 1743 1191 β
1767 1162 1872 1210 quod
1890 1163 2039 1199 habitus
2063 1164 2152 1200 fidei
2176 1165 2347 1202 informis
2366 1166 2404 1203 in
2423 1168 2489 1204 ha-

1434 1214 1546 1250 bente
1574 1214 1693 1250 fidem
1722 1215 1925 1252 formatam
1954 1225 2151 1253 remaneat
2178 1217 2333 1255 otiosus.

1486 1267 1535 1302 Et
1562 1265 1649 1303 ideo
1669 1266 1774 1303 aliter
1797 1267 1999 1305 dicendum
2021 1269 2126 1317 quod
2146 1269 2248 1307 idem
2269 1279 2323 1307 est
2341 1271 2490 1308 habitus

1433 1318 1524 1355 fidei
1552 1319 1734 1356 formatae
1770 1327 1806 1356 et
1837 1320 2019 1358 informis.
2054 1322 2171 1359 Cuius
2199 1323 2292 1360 ratio
2321 1331 2376 1360 est
2402 1324 2490 1372 quia

1432 1371 1583 1407 habitus
1612 1372 1888 1409 diversificatur
1919 1375 2130 1411 secundum
2168 1375 2257 1412 illud
2285 1377 2390 1423 quod
2422 1389 2491 1425 per

1434 1435 1475 1459 se
1495 1424 1544 1460 ad
1564 1424 1735 1461 habiturn
1756 1426 1925 1472 pertinet.
1956 1427 2056 1463 Cum
2083 1435 2210 1464 autem
2230 1429 2325 1465 fides
2344 1429 2390 1465 sit
2407 1441 2490 1478 per—

1434 1476 1545 1512 fectio
1573 1476 1798 1524 intellectus,
1827 1477 1918 1515 illud
1945 1491 2015 1527 per
2042 1492 2082 1515 se
2111 1480 2158 1516 ad
2187 1481 2303 1517 fidem
2331 1481 2491 1529 pertinet

1435 1529 1540 1577 quod
1567 1529 1729 1578 pertinet
1757 1530 1806 1566 ad
1839 1529 2086 1568 intellectum:
2116 1533 2220 1581 quod
2249 1540 2376 1570 autem
2408 1546 2491 1582 per-

1434 1581 1529 1618 tinet
1546 1582 1594 1618 ad
1614 1582 1850 1619 voluntatem
1871 1595 1948 1620 non
1967 1596 2037 1632 per
2055 1597 2095 1621 se
2114 1585 2272 1633 pertinet
2291 1585 2340 1622 ad
2358 1586 2488 1633 fidem,

1434 1634 1485 1671 ita
1505 1635 1609 1682 quod
1628 1647 1697 1684 per
1715 1636 1790 1672 hoc
1810 1635 2056 1673 diversificari
2075 1637 2192 1685 possit
2210 1638 2359 1675 habitus
2386 1639 2488 1676 fidei.

1435 1687 1634 1724 Distinctio
1654 1695 1782 1724 autem
1802 1688 1892 1725 fidei
1912 1689 2095 1726 formatae
2116 1697 2152 1726 et
2170 1690 2340 1727 informis
2361 1698 2415 1727 est
2433 1704 2490 1728 se-

1436 1740 1606 1777 cundum
1638 1740 1676 1778 id
1705 1741 1811 1790 quod
1843 1741 2002 1789 pertinet
2034 1743 2083 1779 ad
2110 1743 2366 1790 voluntatem,
2395 1743 2492 1781 idest

1435 1793 1648 1830 secundum
1678 1793 1889 1830 caritatem:
1919 1807 1996 1831 non
2016 1802 2144 1831 autem
2171 1796 2382 1833 secundum
2401 1796 2491 1834 illud

1435 1847 1541 1895 quod
1567 1846 1729 1895 pertinet
1747 1846 1796 1883 ad
1820 1846 2061 1884 intellectum.
2090 1848 2200 1885 Unde
2215 1848 2312 1885 fides
2330 1849 2491 1886 formata

1436 1906 1473 1935 et
1501 1898 1673 1935 informis
1699 1911 1778 1936 non
1806 1907 1893 1936 sunt
1921 1899 2060 1936 diversi
2087 1900 2248 1937 habitus.

1473 1953 1548 1993 ,An
1577 1963 1712 1989 prunum
1740 1963 1839 1989 ERGO
1866 1964 2050 1989 monimum
2074 1953 2178 2001 quod
2205 1954 2369 1990 verbum
2388 1955 2491 2003 Apo-

1436 2004 1520 2041 stoli
1549 2012 1606 2041 est
1631 2002 1913 2052 intelligendum
1934 2005 2089 2053 quando
2109 2005 2342 2054 imperfectio
2371 2014 2427 2043 est
2444 2008 2492 2044 de

1436 2057 1582 2094 ratione
1603 2057 1826 2105 imperfecti.
1855 2058 1967 2094 Tunc
1991 2058 2093 2095 enirn
2113 2066 2263 2107 oportet
2289 2059 2406 2108 quod,
2427 2059 2491 2096 ad-

1435 2110 1614 2146 veniente
1634 2110 1801 2158 perfecto
1821 2115 1848 2156 Υ,
1878 2110 2142 2160 imperfectum
2163 2111 2396 2148 excludatur:
2423 2111 2491 2148 sic-

1437 2170 1489 2209 ut,
1519 2163 1747 2199 adveniente
1776 2170 1904 2212 aperta
1931 2163 2090 2210 visione,
2116 2164 2323 2201 excluditur
2344 2164 2442 2201 fides
2458 2163 2490 2211 ³¹⁵,
2523 2173 2530 2180 ·

1438 2215 1485 2252 de
1515 2215 1620 2252 cuius
1641 2215 1786 2252 ratione
1806 2223 1862 2252 est
1879 2223 1921 2252 ut
1939 2216 1985 2252 sit
2008 2228 2086 2253 non
2105 2216 2380 2265 apparentium.
2415 2217 2493 2254 Sed

1438 2268 1592 2317 quando
1622 2268 1856 2317 imperfectio
1877 2276 1955 2305 non
1979 2276 2035 2305 est
2054 2269 2100 2306 de
2120 2269 2263 2306 ratione
2282 2269 2336 2306 rei
2354 2269 2493 2318 imper—

1437 2322 1569 2369 fectae,
1589 2330 1679 2358 tunc
1705 2321 1796 2359 illud
1823 2333 1984 2358 numero
2005 2321 2107 2358 idern
2127 2322 2231 2370 quod
2251 2330 2330 2359 erat
2355 2322 2493 2371 imper—

1437 2375 1578 2411 fectum
1607 2374 1649 2410 fit
1675 2375 1908 2423 perfectum:
1942 2374 2037 2411 sicut
2067 2374 2225 2423 pueritia
2257 2387 2335 2411 non
2363 2382 2419 2412 est
2447 2376 2493 2412 de

1438 2427 1582 2464 ratione
1610 2427 1788 2473 hominis,
1819 2434 1855 2463 et
1883 2426 1970 2463 ideo
2003 2427 2104 2464 idem
2133 2439 2294 2464 numero
2322 2427 2388 2476 qui
2416 2436 2494 2464 erat

1436 2491 1534 2527 puer
1559 2480 1603 2516 fit
1628 2479 1698 2516 vir.
1729 2478 1943 2516 informitas
1975 2487 2103 2516 autern
2135 2479 2225 2516 fidei
2252 2492 2330 2517 non
2364 2487 2419 2516 est
2447 2480 2493 2517 de

1438 2526 1582 2568 ratione
1601 2531 1692 2568 fidei
1705 2529 1730 2578 δ,
1751 2531 1819 2568 sed
1834 2543 1902 2579 per
1916 2531 2092 2569 accidens
2107 2544 2147 2568 se
2162 2532 2277 2569 habet
2290 2532 2339 2569 ad
2357 2532 2491 2581 ipsam,

1438 2591 1479 2620 ut
1507 2583 1649 2620 dictum
1679 2591 1734 2620 est
1747 2584 1777 2620 *.
1807 2583 1918 2621 Unde
1945 2583 2108 2632 ipsamet
2135 2584 2232 2621 fides
2251 2585 2423 2621 informis
2451 2586 2493 2621 fit

1438 2637 1611 2673 formata.
1663 2651 1666 2653 “

1492 2691 1550 2726 An
1579 2700 1767 2726 SECUNDUM
1800 2700 1983 2726 melerinum
2019 2689 2122 2737 quod
2148 2688 2238 2725 illud
2271 2689 2375 2738 quod
2408 2690 2494 2726 facit

1438 2742 1556 2779 vitam
1584 2741 1755 2778 animalis
1789 2749 1844 2778 est
1881 2741 1928 2778 de
1960 2741 2104 2778 ratione
2142 2741 2280 2790 ipsius,
2319 2742 2407 2790 quia
2440 2749 2494 2779 est

1439 2795 1562 2832 forma
1601 2793 1808 2831 essentialis
1841 2793 1940 2840 eius,
1976 2793 2116 2831 scilicet
2146 2793 2283 2831 anima.
2322 2795 2371 2831 Et
2405 2794 2492 2832 ideo

1439 2855 1635 2884 mortuum
1659 2847 1791 2884 vivum
1816 2846 1899 2883 fieri
1926 2858 2004 2883 non
2032 2853 2167 2895 potest,
2192 2847 2260 2883 sed
2289 2846 2390 2884 aliud
2410 2859 2492 2896 spe-

1441 2901 1496 2937 cie
1517 2908 1572 2937 est
1599 2900 1704 2949 quod
1733 2907 1788 2936 est
1816 2907 2011 2935 mortuum
2035 2907 2071 2935 et
2089 2904 2101 2920 ⁸
2129 2900 2233 2947 quod
2263 2907 2318 2935 est
2343 2900 2491 2936 vivum.

1441 2954 1518 2991 Sed
1546 2953 1584 2990 id
1613 2952 1717 3001 quod
1745 2952 1832 2989 facit
1859 2951 1978 2988 fidem
2007 2963 2088 2988 esse
2117 2952 2318 2988 formatam
2346 2953 2408 2988 vel
2438 2953 2494 2988 vi-

1439 3019 1530 3044 vam
1560 3018 1638 3043 non
1668 3013 1722 3041 est
1751 3004 1797 3041 de
1823 3004 1982 3052 essentia
2010 3003 2111 3042 fidei.
2142 3005 2190 3041 Et
2222 3004 2308 3042 ideo
2338 3016 2416 3041 non
2441 3013 2495 3042 est

1440 3060 1570 3097 simile.

1493 3114 1551 3149 An
1579 3122 1737 3148 TERTIUM
1765 3121 1948 3147 mei-:noum
1976 3109 2079 3158 quod
2112 3109 2229 3157 gratia
2260 3109 2346 3146 facit
2377 3109 2494 3146 fidem

329 3177 431 3211 men,
449 3163 676 3201 adveniente
699 3165 776 3202 fide
796 3165 970 3211 formata,
987 3177 1066 3202 non
1079 3165 1220 3202 tollitur
1237 3165 1387 3202 habitus
1440 3178 1519 3202 non
1551 3165 1674 3201 solum
1704 3163 1858 3211 quando
1887 3162 1983 3199 fides
2012 3163 2059 3199 de
2078 3174 2182 3199 novo
2202 3162 2329 3210 incipit
2357 3173 2438 3198 esse
2457 3161 2495 3198 in

328 3217 420 3255 fidei
447 3217 638 3263 informis,
668 3216 737 3254 sed
764 3217 876 3254 simul
909 3225 1040 3255 manet
1065 3217 1103 3254 in
1131 3219 1268 3256 eodem
1299 3231 1385 3255 cum
1411 3206 1414 3267 l
1438 3217 1608 3262 homine,
1637 3216 1704 3253 sed
1738 3215 1850 3252 etiarn
1879 3215 2048 3263 quandiu
2073 3215 2168 3252 fides
2197 3215 2323 3252 durat:
2354 3214 2495 3254 dictum

382 3331 410 3366 α)
429 3331 544 3364 quidem.
562 3344 581 3350 -
599 3330 707 3363 quidam
726 3330 871 3361 DGHKLa,
890 3338 944 3356 om.
963 3331 1118 3364 ABCEFpn.

383 3367 408 3400 β)
428 3366 622 3392 inconveniens.
639 3380 657 3385 -
675 3373 729 3406 esse
749 3366 933 3391 inconveniens
952 3367 1004 3391 PG.

381 3404 408 3437 γ)
425 3403 553 3436 per-secto.
571 3417 591 3421 -
607 3402 769 3436 perfectione
785 3401 860 3426 Phra.
878 3415 897 3420 —
915 3402 965 3426 Pro
984 3402 1016 3427 de
1033 3402 1109 3427 cuius
1127 3402 1239 3430 ratione,
1259 3409 1296 3427 ex
1312 3402 1388 3427 cuius

329 3439 434 3464 ratione
452 3439 548 3468 ABEF,
566 3438 603 3463 ad
620 3438 695 3463 cuius
714 3437 844 3462 rationem
863 3437 900 3462 lx.

1493 3331 1517 3362 δ)
1531 3331 1606 3364 fidei.
1624 3344 1643 3350 —
1662 3330 1701 3354 rei
1720 3329 1889 3362 imperfectae
1911 3319 1951 3354 ed.
1970 3336 1995 3358 a.
2015 3329 2055 3353 rei
2068 3329 2203 3360 perfectae
2223 3328 2252 3352 P.

1494 3367 1516 3399 ε)
1535 3370 1569 3391 et.
1586 3380 1606 3385 —
1623 3369 1649 3390 et
1667 3365 1742 3390 aliud
1760 3364 1892 3389 ABFHsn.

2520 2598 2530 2608 ⁸
2545 2597 2570 2618 ln
2584 2602 2689 2625 corpore.
