2892 4056
161 1223 171 1233 ⁸
182 1220 284 1241 aliarum
300 1219 334 1241 ed.
350 1226 374 1242 Λ.

162 2772 171 2781 ·
179 2771 231 2792 Vid.
241 2771 373 2793 Comment.

163 2798 236 2819 Caiet.
245 2801 298 2825 post
308 2801 349 2819 art.
358 2804 373 2819 ι

164 2977 172 2985 “
188 2975 254 2996 Vers.
269 2980 295 3003 37
310 2980 362 3002 sqq.

164 3244 173 3253 ⁴
189 3243 236 3270 Qu.
253 3249 316 3270 xxmy
333 3247 374 3265 art.

416 153 485 200 198

408 230 585 268 bonitatis
614 231 873 277 diversorum,
913 228 1126 266 dummodo
1155 228 1367 265 referuntur
1386 234 1398 249 ἰ
1418 229 1466 265 ad

407 284 563 333 aliquod
591 296 711 321 unum
741 284 886 320 bonum
916 294 1142 318 commune:
1173 281 1240 318 sed
1269 282 1394 318 honor
1412 281 1465 318 di-

405 337 644 374 versificatur
672 337 883 374 secundum
910 334 1065 383 propria
1085 335 1187 371 bona
1216 334 1465 383 singulorum.

406 390 516 427 Unde
533 390 671 427 eodem
687 401 818 426 amore
839 387 999 424 caritatis
1015 387 1204 435 diligimus
1224 399 1360 425 omnes
1378 399 1466 437 pro-

405 444 541 490 ximos,
553 443 778 490 inquantum
790 441 1002 477 referuntur
1012 440 1060 477 ad
1071 453 1191 478 unum
1203 441 1349 478 bonum
1362 453 1466 477 corn-

405 509 533 542 mune,
551 495 655 545 quod
672 503 726 531 est
740 496 861 531 Deus:
883 494 950 531 sed
971 494 1143 531 diversos
1159 495 1326 531 honores
1343 494 1465 532 diver-

405 550 453 586 sis
469 550 686 594 deferimus,
703 548 915 584 secundum
931 547 1127 596 propriam
1146 548 1326 585 virtutem
1343 548 1467 596 singu-

404 604 541 639 lorum.
577 603 625 638 Et
649 601 817 637 similiter
835 602 920 638 Deo
941 601 1170 649 singularem
1196 601 1386 637 honorem
1415 602 1465 637 la—

404 655 494 692 triae
512 655 746 701 exhibemus,
758 662 915 702 propter
930 655 1012 691 eius
1027 654 1257 702 singularem
1271 653 1462 690 virtutem.
1491 650 1494 688 l

454 785 475 816 ε)
496 785 659 817 reseruntur.
678 798 695 803 -
714 785 869 818 reserantur
888 784 1031 815 PCGIst,
1051 785 1186 817 reseratur
1204 791 1244 808 sn.

1091 150 1358 196 QUAESTIO
1387 151 1510 197 XXV,
1540 150 1835 187 ARTICULUS
1866 152 1897 186 11

1573 230 1630 264 AD
1664 239 1823 265 TERTlUM
1857 240 2040 266 mesanum
2078 230 2184 278 quod
2219 230 2481 280 vituperantur
2515 231 2580 280 qui

1519 288 1672 330 sperant
1692 281 1729 317 in
1750 280 1906 318 homine
1935 281 2031 318 sicut
2058 281 2096 318 in
2123 283 2319 332 principali
2349 292 2502 322 auctore
2523 297 2579 321 sa-

1519 335 1625 372 lutis:
1660 346 1739 371 non
1771 341 1898 371 autem
1935 335 2000 383 qui
2037 343 2190 383 sperant
2226 337 2264 374 in
2300 338 2457 374 homine
2486 338 2581 374 sicut

1518 387 1557 423 in
1577 386 1588 413 t
1608 387 1812 424 adiuvante
1846 387 2134 425 ministerialiter
2164 390 2235 426 sub
2264 391 2361 427 Deo.
2405 392 2454 428 Et
2481 391 2581 428 simi-

1518 440 1599 477 liter
1627 440 1922 490 reprehensibile
1953 449 2051 477 esset
2083 441 2114 477 si
2142 442 2225 490 quis
2253 443 2471 491 proximum
2502 443 2580 480 dili-

1518 501 1622 541 geret
1658 502 1840 543 tanquam
1877 494 2127 543 principalem
2156 495 2296 533 finem:
2335 509 2413 534 non
2451 503 2579 534 autem

1518 547 1549 583 si
1577 546 1661 596 quis
1695 547 1913 596 proximum
1948 547 2074 595 diligat
2105 555 2261 596 propter
2287 550 2437 597 Deum,
2475 550 2579 598 quod

1518 599 1680 648 pertinet
1711 600 1759 637 ad
1788 600 1995 637 caritatem.

1573 782 1598 815 ζ)
1618 782 1655 807 in.
1674 796 1692 802 -
1710 782 1771 807 Orn.
1791 783 1849 807 PsK
1868 788 1893 807 et
1911 789 1955 808 aa.

1070 871 1405 904 Commentario.
1427 870 1679 903 cardinalis
1701 869 1902 902 Caieta-ni

403 960 458 1023 IN
474 950 611 981 articulis
642 950 766 1001 primo,
795 951 935 981 secundo
964 958 995 982 et
1024 951 1116 981 tertio
1143 951 1240 982 simul
1269 951 1463 992 quaestionis
1488 954 1490 958 '

1569 953 1620 983 Ad
1643 953 1705 984 hoc
1728 953 1842 984 dicitur
1864 954 1953 995 quod
1976 954 2156 994 proximus,
2182 954 2207 984 si
2231 953 2369 994 diligitur
2391 960 2428 985 ut
2450 953 2581 990 amicus,

430 993 731 1035 v1gesimaequintae
760 995 886 1026 adverte
917 995 1081 1035 diligenter
1114 996 1274 1026 caritatem
1309 996 1462 1036 respicere
1517 1005 1644 1038 oportet
1673 1005 1708 1029 ut
1735 1006 1858 1030 ametur
1888 999 1927 1029 ad
1952 999 2128 1029 caritatem:
2153 1005 2189 1030 ut
2216 998 2249 1029 in
2272 998 2374 1029 littera
2397 998 2525 1035 dicitur,
2549 998 2582 1028 in

400 1039 503 1070 Deum
528 1046 564 1070 ut
588 1039 749 1070 obiectum
772 1039 918 1076 formale;
947 1040 1140 1091 proximum
1154 1047 1189 1071 ut
1212 1040 1373 1071 obiectum
1396 1051 1463 1071 ma-

398 1084 506 1114 teriale
529 1084 588 1114 sub
611 1084 748 1120 formali,
773 1091 803 1115 et
826 1092 862 1115 ut
885 1084 1065 1121 materiam;
1099 1084 1235 1125 seipsam
1258 1092 1365 1115 autem
1389 1086 1463 1116 cari-

399 1135 496 1159 tatem
530 1136 560 1159 et
586 1129 707 1170 reliqua
735 1129 819 1159 bona
847 1136 882 1160 ut
909 1129 1074 1160 materiam
1102 1137 1243 1165 tantum,
1278 1139 1464 1170 quanquam

400 1172 597 1210 difformiter;
622 1175 697 1215 quia
712 1173 848 1214 seipsam
864 1181 900 1204 ut
918 1174 1083 1205 materiam
1106 1174 1322 1214 principalem,
1347 1181 1378 1204 et
1401 1175 1463 1205 for-

399 1218 517 1248 malem
539 1227 681 1259 respectu
699 1219 836 1249 aliorum
851 1219 884 1255 *;
907 1219 1028 1260 reliqua
1052 1226 1159 1249 autem
1178 1226 1214 1249 ut
1228 1219 1393 1250 materiam
1416 1229 1463 1250 se-

399 1263 584 1293 cundariam
606 1264 640 1294 in
663 1263 773 1295 ordine
796 1264 837 1293 ad
859 1263 1076 1304 principalem.
1100 1263 1233 1294 Declaro
1258 1264 1392 1304 singula.

455 1307 592 1339 Caritate
615 1309 702 1339 Deus
726 1308 865 1347 diligitur
882 1315 916 1338 ut
935 1309 1066 1346 amicus,
1083 1309 1204 1340 ratione
1220 1308 1310 1339 cuius
1326 1308 1464 1348 diligitur

400 1361 496 1382 omne
520 1354 609 1393 quod
632 1363 669 1384 ex
685 1353 811 1383 caritate
831 1353 980 1393 diligitur.
1005 1354 1046 1384 Et
1069 1364 1106 1384 ex
1128 1354 1190 1384 hoc
1214 1354 1302 1394 quod
1326 1353 1464 1394 diligitur

399 1403 435 1427 ut
458 1398 588 1434 amicus,
614 1406 660 1429 est
675 1398 852 1429 obiectum:
878 1409 915 1428 ex
938 1398 998 1429 hoc
1022 1399 1112 1439 quod
1135 1399 1255 1429 ratione
1271 1399 1339 1429 eius
1355 1399 1463 1429 omnia

400 1441 583 1483 diliguntur,
608 1450 655 1474 est
677 1443 819 1474 formale.
844 1461 865 1466 -
889 1443 1056 1474 Proximus
1080 1443 1219 1483 diligitur
1234 1450 1269 1474 ut
1285 1444 1462 1475 obiectum:

399 1486 474 1527 quia
498 1489 638 1529 diligitur
660 1495 696 1519 ut
711 1489 841 1524 amicus,
866 1495 902 1518 ut
919 1488 952 1518 in
969 1489 1101 1520 articulo
1118 1489 1269 1525 secundo,
1286 1489 1318 1519 in
1334 1499 1464 1530 respon-

399 1533 488 1562 sione
512 1534 550 1564 ad
567 1533 718 1574 primurn,
735 1533 842 1564 habes.
866 1533 1014 1573 Diligitur
1036 1540 1142 1564 autem
1167 1541 1203 1565 ut
1221 1534 1381 1565 obiectum
1398 1545 1464 1565 ma-

398 1577 523 1608 teriale:
549 1578 624 1619 quia
647 1578 787 1619 diligitur
810 1585 846 1609 ut
861 1579 982 1609 amicus
1006 1577 1141 1615 divinus,
1166 1589 1221 1610 seu
1237 1579 1270 1609 in
1285 1580 1366 1616 Deo,
1390 1580 1465 1620 quia

400 1622 481 1652 ratio
505 1623 632 1654 amandi
660 1631 706 1654 est
731 1624 837 1659 Deus,
869 1630 904 1653 ut
932 1623 965 1653 in
993 1623 1099 1662 primo
1127 1623 1222 1654 habes
1250 1625 1392 1656 articulo.
1424 1625 1465 1655 Et

398 1665 553 1706 quoniam
583 1668 748 1708 proximus
778 1668 918 1708 diligitur
942 1667 1035 1698 etiam
1060 1674 1095 1698 ut
1118 1668 1238 1709 aliquid
1261 1669 1337 1705 Dei,
1369 1677 1464 1709 prout

398 1711 538 1751 diligitur
561 1713 600 1742 ad
624 1713 782 1742 honorem
806 1718 836 1742 et
858 1712 993 1752 gloriam
1016 1712 1086 1748 Dei,
1110 1713 1154 1743 sic
1178 1713 1317 1753 diligitur
1339 1720 1375 1744 ut
1397 1725 1465 1745 ma-

397 1755 474 1786 teria
498 1757 681 1787 ordinabilis
704 1757 736 1787 in
760 1757 866 1787 Deum
897 1757 1104 1797 principalem
1128 1758 1277 1789 amicum.
1302 1776 1320 1781 —
1344 1758 1465 1790 Caritas

399 1807 430 1831 et
452 1800 574 1842 reliqua
598 1812 664 1832 non
687 1808 823 1841 possunt
846 1801 932 1841 diligi
948 1808 984 1832 ut
999 1802 1131 1838 amicus,
1156 1809 1186 1833 et
1209 1809 1375 1843 propterea
1398 1814 1463 1834 non

398 1845 574 1885 diliguntur
596 1854 632 1877 ut
653 1847 832 1877 obiectum:
858 1846 913 1876 sed
935 1853 971 1877 ut
993 1847 1118 1878 bonum
1141 1848 1230 1887 quod
1250 1848 1353 1879 amico
1372 1849 1465 1879 volu—

398 1900 486 1927 muS‚
511 1892 600 1932 quod
619 1898 665 1922 est
688 1891 774 1931 diligi
799 1898 835 1922 ut
850 1891 1014 1922 materiam
1031 1892 1071 1922 ad
1087 1891 1173 1922 aliud
1190 1892 1378 1926 ordinatam.
1403 1894 1464 1925 Sed

399 1935 510 1965 caritas
534 1943 580 1967 est
603 1936 742 1976 primum
768 1942 798 1966 et
821 1947 858 1966 ex
881 1936 1064 1968 necessitate
1086 1936 1223 1967 volitum
1239 1938 1360 1969 amico:
1384 1949 1465 1979 quo—

398 1980 485 2010 niam
509 1991 575 2011 non
599 1981 739 2021 diligitur
762 1980 833 2021 quis
856 1990 893 2011 ex
917 1981 1043 2012 caritate
1066 1981 1126 2012 nisi
1150 1982 1207 2012 sibi
1231 1983 1306 2014 velit
1332 1983 1465 2024 diligens

399 2025 570 2062 caritatem,
594 2033 630 2056 ut
652 2026 686 2056 in
701 2026 806 2066 primo
825 2032 855 2055 et
871 2026 1013 2056 secundo
1030 2026 1163 2057 articulo
1184 2026 1307 2059 dicitur.
1331 2028 1465 2071 Reliqua

397 2076 505 2100 autem
529 2077 603 2101 sunt
630 2070 734 2101 amico
758 2081 795 2101 ex
819 2070 943 2101 caritate
966 2071 1065 2102 volita
1095 2078 1252 2112 quatenus
1279 2073 1466 2106 ordinantur

397 2115 438 2144 ad
460 2115 583 2145 bonum
607 2115 707 2155 ipsius
730 2122 888 2155 quatenus
911 2122 1036 2147 amatur
1059 2123 1095 2147 ut
1118 2117 1250 2153 amicus,
1274 2118 1336 2149 hoc
1352 2126 1399 2149 est
1420 2119 1466 2150 in·

397 2166 556 2199 quantum
579 2160 666 2190 Deus
689 2161 740 2190 vel
763 2160 822 2191 Dei
846 2167 902 2192 est.

454 2204 490 2235 11.
516 2205 578 2236 Sed
601 2205 738 2236 occurrit
756 2205 807 2236 hic
822 2215 926 2236 unum
942 2205 1095 2235 dubium:
1120 2206 1195 2246 quia
1211 2205 1327 2236 falsum
1343 2207 1466 2238 videtur

398 2249 487 2289 quod
510 2249 542 2280 in
566 2249 734 2280 dilectione
757 2250 894 2290 proximi
918 2260 955 2280 ex
970 2250 1096 2280 caritate
1113 2257 1260 2291 oporteat
1274 2250 1354 2282 velle
1370 2252 1398 2282 ei
1415 2262 1465 2283 ca-

397 2293 531 2325 ritatem.
557 2295 721 2332 Quoniam
737 2302 861 2326 constat
880 2295 1009 2326 dantem
1025 2295 1261 2336 eleemosynam
1280 2297 1413 2336 pauperi
1429 2306 1465 2327 ex

398 2337 523 2369 caritate
546 2349 612 2369 non
635 2339 716 2370 velle
740 2346 906 2379 propterea
929 2339 974 2370 illi
998 2340 1172 2376 caritatem,
1197 2340 1251 2371 sed
1275 2341 1463 2373 subsidium.

398 2382 440 2413 Et
463 2383 506 2414 sic
529 2384 568 2413 de
592 2383 661 2414 aliis
685 2384 852 2415 similibus.

1515 1044 1724 1094 responsione
1743 1044 1783 1073 ad
1805 1044 1946 1084 primum
1964 1043 1992 1082 *,
2007 1044 2096 1084 quod
2115 1045 2147 1074 in
2172 1044 2314 1082 illorum,
2331 1043 2448 1074 scilicet
2470 1042 2529 1074 Dei
2552 1048 2582 1073 et

1516 1089 1653 1127 proximi
1667 1089 1685 1108 *
1707 1088 1894 1124 amicorum,
1910 1090 2077 1119 dilectione
2093 1089 2268 1120 includitur
2283 1089 2410 1120 dilectio
2425 1088 2579 1120 caritatis.

1516 1133 1578 1163 Sed
1602 1143 1676 1163 cum
1699 1133 1863 1173 proximus
1891 1133 2032 1173 diligitur
2055 1143 2092 1164 ex
2115 1133 2240 1164 caritate
2263 1140 2300 1164 ut
2321 1133 2441 1174 aliquid
2463 1131 2581 1164 Christi

1516 1187 1572 1208 seu
1596 1178 1671 1213 Dei,
1703 1185 1780 1208 tunc
1803 1187 1868 1208 non
1892 1184 2019 1218 oportet
2043 1178 2218 1208 desiderare
2241 1177 2270 1208 ei
2293 1178 2462 1210 caritatem.
2494 1178 2581 1208 Dans

1516 1229 1624 1253 autem
1654 1223 1891 1263 eleemosynam
1918 1223 2050 1263 pauperi
2080 1233 2116 1253 ex
2143 1222 2283 1258 caritate,
2317 1229 2354 1254 ut
2382 1223 2442 1260 sic,
2473 1222 2581 1253 solum

1516 1268 1623 1298 Deum
1647 1267 1772 1307 respicit
1794 1274 1830 1298 ut
1853 1267 2011 1304 amicum,
2037 1267 2220 1307 proximum
2243 1273 2351 1298 autem
2374 1274 2409 1299 ut
2432 1275 2500 1297 rem
2522 1266 2582 1297 Dei

1515 1312 1707 1363 indigentem
1733 1313 1786 1343 tali
1810 1312 1946 1343 auxilio:
1977 1312 2078 1342 immo
2110 1319 2186 1343 tunc
2210 1311 2318 1343 caritas
2341 1312 2476 1352 imperat
2505 1310 2582 1341 ami-

1517 1357 1606 1389 citiae
1629 1358 1763 1388 naturali
1787 1357 1886 1398 ipsius
1910 1357 2045 1398 proximi
2069 1363 2105 1388 ut
2127 1357 2202 1388 velit
2224 1357 2285 1387 tale
2309 1356 2486 1388 subsidium
2509 1364 2582 1395 pro-

1515 1402 1603 1433 ximo
1626 1409 1757 1443 propter
1779 1403 1895 1433 Deum.
1920 1402 1964 1433 Ita
1980 1403 2069 1443 quod
2086 1402 2218 1442 diligens
2234 1402 2340 1432 Deum
2364 1408 2394 1432 et
2416 1406 2583 1441 propterea

1517 1448 1595 1478 dans
1618 1448 1855 1488 eleemosynam
1878 1447 2011 1488 pauperi
2034 1454 2070 1478 ut
2092 1447 2132 1478 sit
2154 1454 2209 1478 aut
2232 1452 2436 1477 conservetur
2457 1445 2490 1476 in
2506 1445 2583 1476 cari-

1517 1499 1597 1529 tate,
1621 1502 1693 1522 vere
1717 1492 1818 1532 diligit
1840 1492 1932 1523 illum
1955 1502 2129 1533 pauperem
2152 1499 2189 1523 ut
2216 1491 2356 1522 amicum
2379 1501 2416 1522 ex
2440 1490 2582 1522 caritate:

1517 1538 1594 1568 dans
1618 1544 1725 1568 autem
1745 1537 1983 1589 eleemosynam
2003 1538 2140 1578 praecise
2165 1547 2201 1568 ex
2226 1536 2351 1567 caritate
2374 1542 2510 1572 tantum,
2535 1535 2583 1566 di-

1515 1582 1584 1622 ligit
1606 1582 1738 1623 quidem
1760 1582 1852 1612 illum
1869 1582 2004 1613 amicitia
2021 1581 2165 1618 naturali,
2183 1581 2356 1612 domestica
2371 1580 2422 1611 vel
2444 1579 2582 1621 politica,

1517 1637 1576 1668 pro
1600 1635 1721 1668 quanto
1744 1626 1812 1657 vult
1835 1620 1880 1656 illi
1903 1627 2041 1664 bonum,
2067 1628 2122 1658 sed
2145 1637 2182 1657 ex
2205 1626 2331 1657 caritate
2354 1636 2421 1657 non
2443 1632 2480 1657 ut
2502 1624 2582 1657 ami-

1518 1682 1602 1708 cum,
1627 1672 1681 1702 sed
1705 1678 1741 1702 ut
1762 1681 1832 1701 rem
1853 1670 1923 1701 Dei.

1571 1717 1612 1746 Et
1634 1717 1711 1746 haec
1733 1715 1873 1754 intellige
1900 1714 1939 1744 de
1962 1713 2024 1744 hoc
2047 1697 2195 1753 proximo
2219 1713 2252 1743 in
2275 1712 2466 1753 particulari.
2488 1712 2583 1751 Quo-

1517 1760 1604 1790 niam
1620 1761 1715 1791 etiam
1735 1760 1785 1790 hic
1808 1758 1972 1800 proximus
1996 1757 2136 1797 diligitur
2153 1768 2170 1788 a
2186 1767 2394 1798 quocumque
2407 1757 2442 1788 in
2456 1757 2583 1789 mutate

1517 1804 1666 1836 existente
1689 1805 1722 1835 in
1738 1803 1903 1834 communi
1927 1803 1967 1833 ad
1983 1802 2152 1834 caritatem.
2178 1802 2223 1833 Ita
2245 1802 2336 1842 quod
2357 1802 2391 1833 in
2413 1801 2583 1833 dilectione

1516 1850 1653 1890 proximi
1677 1856 1712 1880 ut
1730 1848 1824 1879 amici
1845 1848 1879 1879 in
1903 1847 2078 1883 communi,
2096 1854 2127 1878 et
2148 1846 2182 1876 in
2205 1846 2372 1878 dilectione
2394 1847 2531 1887 proximi
2548 1847 2583 1878 in

1517 1894 1696 1936 particulari
1723 1900 1759 1924 ut
1781 1893 1874 1924 amici
1907 1892 2021 1929 divini,
2045 1892 2217 1923 includitur
2243 1891 2368 1922 dilectio
2393 1891 2526 1924 caritatis
2548 1892 2583 1924 i'n

1516 1939 1708 1981 particulari,
1733 1938 1794 1969 hoc
1818 1945 1864 1969 est
1887 1944 1923 1968 ut
1946 1937 1986 1968 sit
2006 1937 2058 1967 vel
2081 1942 2284 1968 conservetur
2306 1943 2362 1967 aut
2383 1943 2536 1977 augeatur
2549 1936 2583 1978 in

1518 1984 1653 2016 caritate.

1573 2029 1615 2060 Et
1636 2027 1710 2059 hinc
1733 2027 1829 2057 habes
1853 2026 1938 2057 unde
1961 2034 2143 2056 mensurare
2166 2034 2340 2065 possumus
2359 2034 2502 2056 amorem
2525 2034 2582 2056 no-

1517 2080 1635 2110 strum,
1665 2081 1739 2102 cum
1761 2071 1795 2102 in
1821 2070 2002 2111 particulari
2032 2079 2177 2100 amamus
2205 2069 2326 2100 amicos
2348 2069 2510 2109 sanguinis
2531 2070 2583 2102 vel

1518 2119 1634 2148 domus
1653 2117 1703 2147 vel
1719 2115 1860 2152 civitatis,
1881 2122 1957 2146 etc.:
1980 2125 2021 2146 an
2037 2121 2187 2155 optemus
2203 2114 2248 2144 eis
2267 2114 2344 2145 haec
2359 2113 2393 2144 in
2414 2113 2527 2145 ordine
2541 2116 2583 2146 ad

1517 2163 1679 2194 caritatem
1701 2161 1734 2191 in
1757 2160 1816 2197 eis;
1841 2170 1882 2190 an
1905 2160 2064 2196 absolute;
2090 2169 2130 2189 an
2145 2159 2338 2199 inquantum
2360 2159 2519 2200 quaedam
2533 2169 2583 2191 res

1517 2207 1577 2238 Dei
1593 2213 1675 2237 sunt.
1707 2206 1790 2236 Nam
1806 2205 1911 2245 primo
1928 2204 2028 2235 modo
2043 2210 2090 2234 est
2104 2213 2176 2234 vera
2193 2203 2318 2234 dilectio
2342 2213 2454 2234 eorum
2479 2214 2517 2234 ex
2531 2214 2582 2235 ca-

1517 2252 1606 2282 ritate
1630 2258 1666 2282 ut
1689 2250 1865 2280 amicorum
1897 2249 2089 2279 divinorum.
2122 2247 2270 2279 Secundo
2298 2257 2374 2279 vero
2397 2255 2444 2279 est
2476 2247 2583 2279 solum

1518 2295 1644 2327 dilectio
1659 2295 1819 2326 humanae
1835 2293 1999 2324 amicitiae.
2015 2292 2125 2324 Tertio
2142 2300 2250 2323 autem
2265 2299 2311 2323 est
2327 2291 2453 2323 dilectio
2468 2293 2584 2324 huma-

1517 2350 1576 2371 nae
1603 2339 1758 2371 amicitiae
1781 2339 1935 2379 imperata
1957 2348 1975 2368 a
1999 2338 2125 2368 caritate
2149 2336 2334 2377 respiciente
2353 2337 2393 2367 ad
2415 2337 2522 2368 Deum
2544 2343 2582 2370 ut

1490 2382 1493 2416 Ι
1517 2385 1667 2421 amicum,
1684 2391 1715 2415 et
1730 2384 1769 2414 ad
1786 2383 1969 2423 proximum
1986 2389 2021 2412 ut
2036 2382 2076 2412 ad
2092 2391 2159 2412 rem
2175 2382 2336 2423 quandam
2352 2381 2452 2422 ipsius
2477 2381 2581 2414 amici.

1170 2519 1487 2562 ARTICULUS
1517 2518 1817 2561 SECUNDUS

965 2613 1121 2644 UTRUM
1146 2613 1331 2644 cAmTAs
1355 2613 1422 2644 srr
1445 2613 1503 2644 Ex
1526 2612 1748 2644 cami-Ara
1772 2611 2010 2643 DILIGENDA

1032 2692 1042 2716 1
1061 2692 1144 2722 Sent„
1164 2692 1223 2716 dist.
1241 2699 1302 2723 xvu,
1321 2699 1367 2724 qu.
1384 2699 1402 2723 1,
1422 2696 1469 2716 art.
1490 2690 1519 2721 5;
1538 2691 1582 2715 Ad
1600 2690 1686 2720 Rom„
1706 2697 1763 2723 cap.
1781 2697 1825 2720 xn,
1845 2691 1905 2715 lect.
1921 2697 1951 2715 n.

436 2774 494 2818 ια’-ἑῇς
518 2778 574 2810 y...
553 2783 590 2823 <
612 2761 1463 2810 nsacunnuaSicpaocsn1wn*.Videturquod

428 2802 585 2874 Vsu·
614 2817 746 2853 caritas
774 2828 852 2853 non
872 2815 918 2852 sit
940 2828 984 2852 ex
1004 2816 1156 2852 caritate
1176 2814 1375 2864 diligenda
1405 2815 1463 2852 Ea

420 2847 475 2922 st,

481 2882 542 2909 *η
553 2851 584 2910 (ι
615 2869 716 2907 enim
745 2881 843 2918 quae
872 2877 959 2906 sunt
994 2882 1039 2907 ex
1069 2869 1218 2906 caritate
1253 2868 1462 2918 diligenda,

460 2894 557 2952 (ᾗῇ)
573 2911 765 2960 duobus
793 2922 1005 2972 praeceptis
1035 2922 1195 2961 caritatis
1229 2922 1464 2960 con'cludun-

399 2982 472 3021 tur,
488 2982 529 3011 ut
547 2984 650 3024 patet
669 2978 803 3014 Matth.
819 2988 894 3013 xxn
909 2977 940 3014 ³¹².
959 2977 1034 3014 Sed
1054 2977 1123 3014 sub
1140 2983 1274 3014 neutro
1296 2988 1429 3013 eorum
1446 2981 1462 2998 α

402 3028 536 3065 caritas
557 3030 789 3067 continetur:
820 3030 908 3079 quia
928 3042 999 3067 nec
1028 3030 1160 3067 caritas
1185 3037 1240 3066 est
1267 3031 1372 3067 Deus
1392 3041 1463 3066 nec

402 3089 458 3118 est
493 3081 702 3130 proximus.
740 3084 840 3131 Ergo
871 3083 1004 3121 caritas
1041 3095 1119 3120 non
1148 3090 1204 3120 est
1238 3094 1283 3120 ex
1312 3083 1463 3120 caritate

402 3134 604 3182 diligenda.

456 3200 490 3224 2.
520 3189 755 3235 PRAETEREA,
786 3188 919 3226 caritas
948 3189 1128 3227 fundatur
1155 3201 1270 3238 super
1290 3200 1464 3226 commu-

402 3241 591 3278 nicatione
620 3241 872 3289 beatitudinis,
892 3250 933 3279 ut
953 3255 1067 3292 supra
1085 3243 1106 3265 '¹‘
1126 3242 1268 3279 dictum
1289 3249 1354 3279 est.
1386 3242 1463 3279 Sed

403 3295 535 3331 caritas
556 3307 634 3332 non
654 3302 779 3344 potest
799 3308 880 3332 esse
901 3296 1087 3345 particeps
1111 3295 1364 3333 beatitudinis.
1394 3296 1463 3332 Er-

403 3360 450 3395 go
472 3348 605 3385 caritas
625 3361 703 3386 non
724 3356 780 3386 est
799 3361 843 3386 ex
865 3349 1015 3386 caritate
1037 3349 1236 3398 diligenda.

457 3463 484 3494 α)
504 3469 605 3487 eorum.
624 3476 643 3481 —
662 3462 723 3487 Om.
743 3463 772 3487 Ρ.

1572 2761 1606 2798 3.
1636 2761 1878 2807 PRAETEREA,
1916 2758 2050 2796 caritas
2083 2766 2139 2795 est
2167 2758 2330 2796 amicitia
2366 2760 2579 2810 quaedam,

1515 2822 1558 2851 ut
1586 2826 1700 2863 supra
1719 2813 1739 2836 *
1759 2813 1902 2851 dictum
1932 2819 1999 2849 est.
2030 2812 2107 2849 Sed
2135 2813 2260 2850 nullus
2287 2820 2414 2862 potest
2439 2814 2581 2852 habere

1517 2867 1721 2906 amicitiam
1745 2867 1794 2904 ad
1819 2865 2025 2913 caritatem,
2044 2866 2107 2903 vel
2135 2867 2185 2903 ad
2213 2866 2369 2916 aliquod
2388 2867 2579 2906 accidens:

1517 2922 1606 2970 quia
1633 2920 1853 2960 huiusmodi
1883 2931 2055 2957 reamare
2083 2931 2163 2956 non
2190 2927 2362 2969 possunt,
2392 2921 2496 2971 quod
2526 2929 2582 2959 est

1518 2975 1564 3012 de
1599 2975 1743 3012 ratione
1773 2973 1978 3021 amicitiae,
2008 2980 2049 3010 ut
2082 2973 2218 3010 dicitur
2244 2974 2283 3012 in
2309 2973 2397 3010 VIII
2420 2975 2540 3013 Ethic.
2560 2972 2581 2997 '¹‘
2608 2982 2618 2992 ⁶

1517 3030 1618 3077 Ergo
1649 3028 1782 3066 caritas
1810 3039 1888 3064 non
1918 3035 1973 3064 est
2001 3039 2046 3064 ex
2076 3026 2228 3064 caritate
2258 3027 2460 3076 diligenda.

1571 3083 1644 3119 SED
1665 3093 1811 3119 coum
1830 3092 1896 3118 EST
1924 3080 2030 3131 quod
2047 3080 2280 3128 Augustinus
2308 3080 2408 3129 dicit,
2427 3080 2518 3118 VIII
2535 3080 2582 3118 de

1522 3136 1624 3172 Trin.
1645 3134 1685 3172 *t
1718 3135 1793 3178 Qui
1818 3132 1941 3184 diligit
1952 3134 2187 3183 proximum,
2207 3145 2436 3182 consequens
2462 3139 2517 3172 est
2542 3138 2618 3171 ια’
2631 3143 2689 3172 cap·
2704 3149 2743 3165 vn-

1516 3189 1628 3226 etiam
1665 3189 1785 3237 ipsam
1821 3187 2054 3224 dilectionem
2088 3187 2232 3237 diligat.
2277 3187 2354 3225 Sed
2381 3187 2580 3247 proximus

1517 3241 1679 3302 diligitur
1698 3254 1743 3278 ex
1764 3241 1927 3279 caritate.
1949 3241 2051 3289 Ergo
2073 3253 2312 3289 consequens
2332 3248 2388 3311 est
2405 3248 2448 3278 ut
2465 3239 2578 3277 etiam

1517 3295 1650 3332 caritas
1679 3307 1723 3331 ex
1753 3295 1905 3332 caritate
1936 3294 2120 3342 diligatur.

1570 3349 1795 3385 Responnno
1811 3360 1995 3386 mcaNDUM
2014 3347 2120 3396 quod
2141 3347 2274 3385 caritas
2294 3358 2404 3384 amor
2420 3345 2578 3395 quidam

2609 1046 2682 1068 ’Art
2697 1051 2717 1072 2,
2732 1045 2761 1067 ad
2776 1051 2792 1067 ι.

2609 1090 2674 1111 'Dei
2682 1089 2788 1117 proximi
2796 1091 2820 1110 et

2889 1250 2892 1283 .„..
2890 1230 2892 1241 ⁴
2881 138 2892 1223 *.Q*QQ.*uQ—n———n*nm‹

2608 2830 2618 2840 ⁸
2625 2829 2672 2857 Qu.
2681 2833 2796 2857 unuan-
2803 2835 2821 2851 1.

2608 3009 2632 3029 5.
2678 2987 2822 3030 :1¹:033
