2892 4056
146 1044 154 1054 ·
170 1043 227 1070 Cap.
243 1048 324 1063 xxvni.

145 1255 154 1263 ·
170 1253 237 1275 Vera.
252 1259 271 1280 5.

390 227 463 272 246

1019 226 1284 271 QUAESTIO
1315 227 1456 274 XXXI,
1487 227 1782 263 ARTICULUS
1814 228 1857 272 Il,
1882 228 1929 262 ΙΙΙ

1064 335 1395 368 Commenta-ia
1418 336 1668 368 CardinaliS
1690 334 1891 368 Caietam

391 435 437 497 IN
462 425 646 465 quaestione
670 424 827 463 trigesima
851 423 961 463 prima,
983 422 1114 452 articulo
1139 422 1254 462 primo,
1270 423 1303 453 in
1318 433 1446 464 respon-

1497 429 1601 463 potest
1624 422 1719 452 etiam
1743 422 1851 453 caritas
1875 423 2014 453 hominis
2039 430 2070 454 et
2094 423 2196 463 angeli
2219 424 2419 455 benefacere:
2445 425 2499 454 sed
2516 435 2565 455 ca-

419 468 507 498 sione
530 469 568 498 ad
594 468 742 508 primum,
760 467 871 506 collige
896 467 993 506 quod,
1010 466 1082 496 licet
1106 466 1287 497 benefacere
1303 467 1343 497 sit
1359 474 1446 498 actus
1498 467 1570 497 ritas
1595 473 1752 496 creaturae
1777 477 1843 496 non
1866 474 1970 507 potest
1994 467 2176 498 benefacere
2194 468 2276 505 Deo,
2301 468 2381 499 sicut
2397 479 2455 499 nec
2472 469 2567 499 etiam

387 513 520 543 caritatis
544 513 575 541 in
601 512 753 551 quolibet,
778 521 843 540 non
868 517 972 540 tamen
997 510 1029 540 in
1053 510 1196 550 quolibet
1220 518 1266 541 est
1289 518 1377 541 actus
1400 521 1446 541 re-

387 563 495 596 spectu
521 556 696 586 cuiuslibet.
730 556 836 584 Potest
859 564 998 594 namque
1030 554 1139 584 caritas
1163 554 1223 584 Dei
1247 555 1430 585 benefacere
1439 564 1446 591 ;

1498 511 1584 540 Deus
1601 517 1706 550 potest
1721 510 1903 541 benefacere
1921 511 1979 541 sibi
2003 512 2073 551 ipsi,
2092 511 2167 552 quia
2192 511 2270 542 nihil
2285 519 2390 552 potest
2403 513 2472 543 Deo
2490 512 2567 542 boni

1500 564 1685 584 accrescere.

1154 683 1472 732 ARTICULUS
1502 690 1801 734 SECUNDUS

1048 782 1203 812 UTRUM
1227 781 1294 812 SIT
1318 782 1509 813 OMNfflus
1531 783 1900 837 BENEFACIENDUM

690 861 731 885 De
750 861 829 885 duob.
849 861 989 892 Praecept.
1011 861 1075 887 Car.
1093 864 1120 886 et
1138 861 1169 885 X
1183 861 1248 893 Leg.
1267 860 1414 892 Praecept„
1434 869 1490 894 cap.
1510 861 1543 886 de
1563 862 1661 892 Quart.
1680 862 1834 895 Haecept.;
1851 863 1896 888 Aa
1916 863 2015 892 Galat„
2036 870 2092 895 cap.
2110 870 2145 892 vr,
2165 863 2224 887 lect.
2243 869 2269 887 11.

438 954 463 983 :⁸
533 957 554 984 ζμ
597 944 619 968 D
635 944 826 969 SECUNDUM
842 945 894 969 51c
910 944 1151 969 paocenrrun.
1171 932 1332 969 Videtur
1347 932 1453 980 quod

446 982 461 1005 *¹
511 982 576 1034 ’ζῆ-
596 998 675 1022 non
704 985 750 1022 sit
778 985 959 1022 omnibus
989 985 1323 1022 benefaciendum.
1353 985 1454 1022 Dicit

568 1036 699 1075 enim
718 1039 963 1086 Augustinus,
985 1038 1023 1075 in
1044 1040 1057 1074 1
1078 1039 1124 1075 de
1142 1040 1251 1075 Doct.
1276 1039 1411 1075 Christ.
1420 1038 1452 1084 ²¹⁴,

596 1092 702 1140 quod
734 1093 908 1129 omnibus
929 1093 1111 1141 prodesse
1138 1104 1213 1129 non
1236 1104 1451 1141 possumus.

385 1144 461 1179 Sed
489 1142 609 1180 virtus
632 1157 711 1181 non
730 1145 884 1182 inclinat
903 1147 951 1183 ad
971 1145 1219 1194 impossibile.
1250 1142 1352 1192 Ergo
1374 1157 1452 1180 non

383 1203 535 1244 oportet
563 1197 741 1234 omnibus
771 1198 1010 1235 benefacere.

436 1260 471 1285 2.
501 1250 744 1298 PRAETEREA,
773 1252 890 1288 Eccli.
910 1251 993 1288 ΧΠ*
1021 1251 1171 1288 dicitur:
1201 1251 1264 1287 Da
1297 1250 1392 1285 iusto
1414 1254 1452 1294 α,

350 1338 352 1340 ,
382 1307 422 1343 εἰ,
444 1314 519 1339 non
548 1304 707 1352 recipias
736 1310 987 1352 peccatorem.
1028 1304 1105 1341 Sed
1139 1303 1247 1340 multi
1274 1302 1452 1340 homines

142 1520 154 1531 ⁴
169 1518 236 1540 Vers.
251 1524 274 1543 4.

145 1897 153 1905 ·
170 1895 237 1916 Vers.
252 1901 285 1916 10.

147 2007 155 2015 ¹
161 2006 222 2052 ἀΑιι-ῐ.
244 2003 359 2032 praeced„

147 2039 159 2054 a
201 2047 205 2052 .

158 3299 167 3308 '
183 3297 250 3319 Vei-s.
266 3303 295 3318 12.

382 1363 469 1391 sunt
495 1364 729 1403 peccatores.
763 1358 855 1394 Non
883 1370 974 1405 ergo
1004 1356 1186 1394 omnibus
1215 1363 1271 1393 est
1298 1355 1453 1392 benefa-

384 1408 576 1445 ciendum.

438 1462 471 1498 3.
502 1463 748 1510 PRAETEREA,
779 1464 919 1500 caritas
947 1475 1022 1500 non
1050 1463 1135 1513 agit
1153 1474 1382 1511 perperam,
1411 1469 1453 1498 ut

384 1514 519 1551 dicitur
548 1517 561 1551 I
590 1517 642 1552 ad
665 1517 752 1553 Cor.
777 1529 839 1553 xm
858 1516 889 1554 ³¹³.
930 1516 1008 1554 Sed
1040 1516 1268 1553 benefacere
1296 1515 1469 1564 quibus--

384 1567 474 1604 dam
504 1576 560 1605 est
586 1580 697 1617 agere
726 1581 951 1619 perperam:
989 1577 1082 1618 puta
1111 1569 1141 1606 si
1170 1569 1303 1618 aliquis
1335 1569 1452 1606 bene-

382 1620 523 1658 faciatss
550 1621 712 1660 inimicis
738 1623 987 1671 reipublicae3
1017 1623 1079 1660 vel
1107 1622 1138 1659 si
1157 1622 1372 1659 benefaciat
1392 1634 1453 1658 ex-

384 1675 680 1723 communicato,
702 1676 792 1724 quia
810 1688 879 1725 per
897 1677 972 1713 hoc
992 1676 1026 1712 ei
1042 1676 1314 1712 communicat.
1335 1677 1451 1723 Ergo,

384 1740 472 1764 cum
501 1729 726 1765 benefacere
755 1729 802 1765 sit
820 1737 926 1766 actus
947 1729 1121 1776 caritatis,
1150 1741 1230 1766 non
1250 1736 1306 1765 est
1329 1729 1453 1765 omni-

383 1781 455 1817 bus
484 1781 816 1819 benefaciendum.

438 1835 512 1871 SED
533 1846 679 1872 CONTRA
698 1847 764 1872 EST
791 1835 898 1883 quod
916 1835 1126 1884 Apostolus
1155 1834 1256 1881 dicit,
1285 1835 1337 1872 ad
1365 1835 1451 1872 Gal.

383 1888 449 1924 ult.
467 1887 508 1924 *ε
538 1889 642 1925 Dum
670 1894 814 1937 tempus
845 1889 1047 1934 habemus,
1076 1899 1278 1936 operemur
1309 1890 1451 1926 bonum

385 1941 436 1978 ad
463 1953 604 1979 omnes.
1035 1960 1047 1965 -

439 1995 666 2032 RESPONDEO
686 2006 871 2032 DICENDUM
891 1995 1008 2044 quod,
1024 1994 1120 2032 sicut
1139 2007 1256 2044 supra
1269 1994 1289 2016 ’¹‘
1309 1994 1452 2032 dictum

386 2054 453 2094 est,
474 2048 729 2085 beneficentia
756 2048 1001 2096 consequitur
1019 2060 1192 2085 amorem
1217 2060 1263 2084 ex
1282 2060 1328 2085 ea
1346 2056 1453 2098 parte

385 2114 461 2150 qua
480 2109 614 2139 movet
632 2101 830 2150 superiora
858 2102 905 2138 ad
933 2101 1197 2150 provisionem
1217 2101 1453 2139 inferiorum.

386 2155 537 2192 Gradus
572 2162 701 2192 autem
734 2155 772 2192 in
804 2154 1026 2192 hominibus
1054 2167 1133 2191 non
1162 2162 1250 2192 sunt
1275 2155 1455 2192 immuta-

385 2207 492 2254 biles,
514 2208 609 2244 sicut
625 2208 664 2245 in
683 2207 847 2256 angelis:
877 2207 965 2257 quia
992 2208 1172 2245 homines
1189 2215 1351 2257 possunt
1378 2209 1456 2257 pati

386 2261 613 2309 multiplices
633 2261 824 2308 defectus;
844 2261 948 2298 unde
969 2261 1033 2309 qui
1055 2268 1110 2298 est
1129 2261 1303 2310 superior
1322 2274 1457 2299 secun-

388 2314 482 2352 dum
511 2314 664 2362 aliquid,
693 2315 756 2351 vel
785 2321 841 2351 est
866 2314 930 2351 vel
956 2321 1083 2362 potest
1111 2326 1193 2351 esse
1217 2314 1372 2351 inferior
1400 2327 1456 2352 se-

389 2367 560 2404 cundum
585 2367 700 2404 aliud.
730 2368 780 2404 Et
806 2367 907 2414 ideo,
938 2379 1026 2403 cum
1056 2366 1206 2404 dilectio
1226 2367 1388 2405 caritatis
1417 2381 1458 2405 se

443 2482 471 2514 οι)
491 2482 571 2508 iusto.
588 2496 607 2501 -
625 2483 693 2508 bono
711 2482 740 2507 P.

444 2516 469 2550 β)
489 2518 648 2551 benefaciat.
665 2532 684 2537 -
701 2518 833 2551 benefacit
850 2518 903 2543 ΡΒ.

1504 933 1682 970 extendat
1704 934 1753 971 ad
1783 946 1933 982 omnes,
1963 934 2078 972 etiam
2107 934 2362 972 beneficentia
2389 946 2430 971 se
2459 933 2574 970 debet

1505 986 1709 1023 extendere
1729 987 1778 1024 ad
1799 1000 1946 1035 omnes,
1976 1000 2046 1036 pro
2066 989 2152 1024 loco
2172 995 2302 1024 tamen
2323 994 2359 1023 et
2378 995 2571 1035 tempore:

1504 1051 1641 1077 omnes
1670 1040 1774 1076 enim
1803 1048 1908 1077 actus
1936 1041 2120 1077 virtutum
2149 1048 2237 1078 sunt
2265 1041 2479 1077 secundum
2509 1039 2571 1076 de-

1504 1092 1602 1129 bitas
1631 1092 1930 1130 circumstantias
1958 1093 2154 1131 limitandi.

1557 1146 1616 1181 An
1636 1157 1774 1182 ramum
1793 1158 1892 1183 ERGO
1912 1158 2097 1183 mCENDuM
2124 1146 2243 1194 quod,
2269 1146 2491 1195 simpliciter
2517 1146 2573 1182 lo-

1505 1198 1680 1245 quend0‚
1716 1209 1794 1234 non
1826 1210 2034 1246 possumus
2067 1198 2247 1236 omnibus
2280 1199 2506 1236 benefacere
2533 1198 2573 1235 in

1505 1249 1678 1298 speciali:
1708 1251 1832 1287 nullus
1852 1258 1982 1288 tamen
2002 1258 2057 1288 est
2085 1252 2132 1288 de
2153 1263 2231 1300 quo
2260 1263 2340 1289 non
2366 1250 2487 1300 possit
2509 1263 2573 1288 oc-

1504 1315 1655 1340 currere
1676 1315 1786 1340 casus
1805 1303 1842 1340 in
1864 1316 1941 1352 quo
1962 1311 2136 1352 oporteat
2157 1304 2190 1340 ei
2210 1304 2436 1341 benefacere
2457 1303 2572 1343 etiam

1503 1356 1542 1393 in
1566 1356 1731 1405 speciali.
1761 1357 1811 1393 Et
1838 1356 1925 1394 ideo
1947 1357 2081 1394 caritas
2100 1357 2256 1406 requirit
2283 1364 2324 1394 ut
2350 1357 2482 1405 homo,
2504 1354 2576 1395 etsi-

1504 1422 1582 1446 non
1601 1416 1689 1446 actu
1717 1409 1827 1446 alicui
1841 1415 1856 1438 Υ
1885 1410 2107 1458 benefaciat,
2127 1410 2267 1447 habeat
2286 1417 2414 1447 tamen
2432 1411 2508 1448 hoc
2534 1409 2574 1449 in

1503 1464 1561 1500 sui
1580 1463 1698 1500 animi
1725 1463 2028 1512 praeparatione,
2048 1471 2091 1500 ut
2114 1463 2326 1501 benefaciat
2344 1463 2574 1512 cuicumque

1504 1517 1534 1554 si
1561 1525 1715 1565 tempus
1744 1516 1906 1553 adesset.
1935 1537 1959 1546 -
1987 1517 2156 1566 Aliquod
2183 1524 2310 1554 tamen
2340 1517 2577 1555 beneficium:

1504 1577 1560 1607 est
1587 1570 1693 1618 quod
1721 1581 1929 1618 possumus
1956 1570 2138 1607 omnibus
2165 1569 2405 1619 impendere,
2434 1570 2465 1607 si
2493 1581 2574 1608 non

1502 1624 1541 1660 in
1569 1622 1736 1672 speciali,
1767 1623 1900 1660 saltem
1919 1622 1959 1660 in
1977 1623 2164 1671 generali:
2193 1623 2290 1660 sicut
2308 1635 2396 1660 cum
2415 1635 2574 1662 oramus

1502 1689 1574 1726 pro
1603 1676 1784 1712 omnibus
1811 1676 1990 1713 fidelibus
2018 1684 2055 1713 et
2081 1676 2314 1714 infidelibus.
2576 1707 2578 1709 >

1556 1731 1615 1766 AD
1640 1740 1829 1766 SECUNDUM
1848 1741 2033 1766 morannum
2062 1729 2169 1778 quod
2194 1730 2234 1766 in
2261 1736 2465 1778 peccatore
2494 1729 2572 1767 duo

1503 1790 1602 1829 sunt,
1624 1782 1764 1819 scilicet
1784 1782 1894 1830 culpa
1915 1789 1950 1819 et
1969 1789 2115 1820 natura.
2146 1783 2215 1819 Est
2233 1794 2323 1830 ergo
2343 1781 2575 1820 subvenien-

1504 1836 1598 1872 dum
1626 1834 1818 1883 peccatori
1847 1842 2033 1883 quantum
2062 1835 2112 1873 ad
2132 1835 2446 1873 sustentationem
2465 1842 2576 1873 natu·

1505 1901 1589 1926 rae:
1619 1900 1699 1925 non
1723 1895 1779 1924 est
1807 1895 1936 1924 autem
1957 1888 1991 1925 ei
2009 1888 2319 1927 subveniendum
2348 1889 2397 1926 ad
2425 1889 2580 1928 somene.

1502 1950 1586 1979 tum
1615 1942 1768 1990 culpae3
1797 1941 1873 1978 hoc
1893 1941 2095 1979 enimnon
2115 1949 2215 1979 esset
2242 1942 2481 1989 benefacere,
2505 1941 2580 1991 sedj

1504 1995 1633 2045 potius
1662 1994 1902 2032 malefacere.
2561 2031 2564 2034 Δ

1557 2050 1618 2085 At>
1645 2059 1807 2085 TERTmM
1835 2058 2020 2085 mcannum
2048 2047 2154 2095 quod
2179 2046 2522 2087 excommunicatis
2540 2053 2579 2085 et·

1504 2100 1735 2151 reipublicae
1751 2100 1926 2138 hostibus
1941 2107 2028 2138 sunt
2041 2101 2231 2148 beneficia
2245 2100 2507 2141 subtrahenda
2520 2100 2577 2139 in·

1505 2162 1693 2203 quantum
1710 2166 1779 2203 per
1792 2154 1867 2191 hoc
1882 2161 2060 2191 arcentur
2074 2166 2097 2191 a
2112 2154 2236 2203 culpa.
2253 2154 2293 2192 Si
2308 2161 2440 2191 tamen
2449 2153 2577 2193 immi⁹

1507 2215 1614 2245 neret
1632 2207 1851 2253 necessitas,
1867 2219 1915 2244 ne
1935 2214 2069 2244 natura
2085 2206 2278 2255 deficeret,
2294 2215 2395 2245 esset
2414 2206 2467 2244 eis
2485 2207 2576 2245 sub-

1506 2261 1757 2307 veniendum,
1775 2259 1904 2297 debito
1919 2267 2048 2297 tamen
2063 2260 2201 2298 modo:
2220 2267 2313 2309 puta
2323 2272 2375 2297 ne
2394 2261 2497 2298 fame
2513 2267 2580 2298 aut

1507 2314 1566 2352 siti
1581 2321 1833 2360 morerentur,
1846 2320 1911 2350 aut
1920 2313 2076 2362 aliquod
2086 2313 2310 2351 huiusmodi
2316 2313 2581 2362 dispendium,

1507 2367 1580 2405 nisi
1607 2366 1821 2404 secundum
1843 2365 2018 2404 ordinem
2042 2366 2216 2414 iustitiae,
2236 2373 2469 2415 paterentur.

1560 2483 1587 2516 γ)
1606 2482 1697 2508 alicui.
1714 2496 1732 2501 —-
1750 2482 1854 2514 aliquid
1872 2481 2039 2513 ABEFGlpK
2058 2486 2083 2506 et
2101 2488 2145 2512 xa,
2164 2482 2298 2515 aliquibus
2316 2482 2395 2507 PDR.

1065 2597 1400 2630 Commentaria
1422 2597 1675 2630 Cardinalis
1696 2597 1898 2630 Caietani

394 2688 440 2749 IN
464 2677 597 2708 articulo
621 2678 773 2713 secundo,
797 2677 830 2708 in
853 2677 1063 2718 responsione
1085 2678 1125 2708 ad
1149 2677 1293 2714 tertium,
1318 2677 1454 2708 dubium

422 2721 573 2758 occurrit,
598 2732 638 2751 an
662 2721 819 2752 damnatis
843 2722 882 2751 ad
906 2728 1044 2752 mortem
1074 2721 1159 2752 fame
1181 2722 1231 2752 vel
1254 2721 1303 2752 siti
1330 2721 1455 2753 licitum

390 2765 430 2796 sit
452 2766 576 2796 occulte
601 2765 776 2796 ministrare
801 2765 908 2796 cibum
931 2766 980 2796 vel
1004 2772 1128 2806 potum.
1155 2765 1194 2796 Et
1210 2772 1257 2796 est
1271 2765 1352 2796 ratio
1369 2763 1456 2796 dubii

1508 2678 1584 2718 quia
1606 2677 1640 2708 in
1655 2677 1766 2719 ,littera
1789 2670 1961 2717 excipitur,
1986 2678 2049 2708 nisi
2069 2677 2253 2721 secundum-
2268 2678 2413 2715 ordinem
2437 2679 2581 2722 insanae

1506 2726 1707 2761 paterentur.
1722 2720 1795 2754 ‚Sed
1818 2721 1894 2762 quia
1916 2721 1979 2752 hoc
2010 2721 2050 2752 ad
2073 2720 2238 2752 materiam
2272 2719 2409 2753 iustitiae
2440 2722 2578 2764 spectat*

1509 2765 1583 2795 ideo
1606 2765 1786 2806 illucusque
1810 2765 1970 2795 differatur
1993 2765 2192 2796 tractandum
2206 2764 2249 2796 *J
2320 2775 2323 2777 ’
2349 2768 2351 2770 “

1194 2893 1512 2937 ARTICULUS
1541 2893 1770 2936 TERTIUS

637 2988 793 3018 UTRUM
817 2987 883 3018 SIT
907 2988 1038 3019 MAG1s
1061 2987 1432 3019 BENEFACIENDUM
1455 2987 1524 3018 ms
1549 2987 1624 3025 QUI
1649 2986 1762 3019 SUNT
1786 2986 1912 3019 NOBIS
1935 2986 2067 3019 MAGIS
2091 2987 2335 3020 CONmNcrl

537 3067 610 3098 Infra,
629 3075 673 3101 qu.
692 3074 773 3098 xxm,
793 3072 840 3092 art.
858 3075 890 3100 93
909 3067 940 3092 111
960 3068 1044 3097 Sent„
1065 3068 1124 3093 dist.
1143 3074 1208 3097 mx.
1226 3072 1274 3092 art.
1293 3066 1318 3098 6,
1337 3068 1370 3092 ad
1390 3066 1414 3099 3,
1434 3067 1464 3099 5;
1484 3068 1526 3094 De
1543 3068 1656 3098 Vin-tut„
1675 3074 1720 3101 qu.
1739 3074 1766 3099 n,
1785 3072 1832 3093 art.
1852 3075 1882 3101 9,
1901 3068 1933 3092 ad
1956 3075 2001 3099 143
2020 3067 2064 3093 Ad
2085 3068 2185 3097 Galat„
2205 3076 2260 3101 cap.
2277 3074 2312 3100 vr,
2332 3069 2392 3095 lect.
2408 3075 2437 3094 u.
2468 3078 2472 3081 ⁵
2494 3083 2497 3085 -

545 3233 568 3256 ”’
608 3251 694 3280 sunt
708 3243 819 3280 nobis
834 3244 954 3291 magis
971 3244 1172 3281 coniuncti.
1194 3244 1340 3281 Dicitur
1358 3244 1459 3281 enim

564 3288 597 3332 N
610 3298 703 3333 Luc.
719 3296 824 3333 X1v*:
861 3298 954 3333 Cum
963 3298 1068 3345 sacis
1093 3297 1298 3346 prandium
1318 3302 1386 3334 aut
1402 3309 1460 3333 ce-

399 3361 500 3394 nam,
522 3348 602 3385 noli
617 3361 757 3386 vocare
776 3350 918 3386 amicos
938 3356 1019 3387 tuos
1039 3363 1158 3399 neque
1174 3352 1323 3398 fratres
1342 3362 1462 3398 neque

399 3408 592 3451 cognatm.
623 3404 700 3440 Sed
720 3403 778 3439 isti
798 3410 883 3439 sunt
903 3403 1067 3440 maxime
1084 3409 1101 3425 ‘²
1126 3403 1327 3440 coniuncti.
1358 3404 1459 3451 Ergo

454 3520 480 3549 α)
502 3521 629 3545 maxime.
647 3534 666 3539 -
685 3520 771 3553 magis
791 3520 836 3544 Ρα.

1512 3151 1591 3175 non
1611 3145 1666 3175 est
1685 3137 1806 3186 magis
1825 3137 2144 3175 benefaciendum
2166 3138 2390 3189 coniunctis,
2416 3138 2484 3176 sed
2511 3151 2581 3191 po-

1511 3192 1584 3228 tius
1606 3191 1791 3228 extraneis
1811 3190 2065 3238 indigentibus
2081 3189 2111 3228 fl:
2132 3191 2301 3241 sequitur
2325 3191 2428 3231 enim
2442 3190 2479 3228 *2
2508 3191 2583 3230 Sed

1512 3257 1598 3281 cum
1612 3245 1712 3292 facis
1731 3245 1958 3291 convivium,
1974 3256 2069 3282 voca
2081 3256 2272 3294 pauperes
2290 3250 2326 3282 et
2343 3245 2491 3292 debiles,
2506 3252 2578 3290 etc.

1568 3309 1601 3334 2.
1632 3299 1866 3344 PRAETEREA,
1896 3297 2108 3336 maximum
2137 3297 2370 3336 beneficium
2391 3305 2447 3336 est
2470 3295 2580 3346 quod

1513 3351 1632 3387 homo
1654 3351 1819 3399 aliquem
1840 3350 1877 3387 in
1898 3351 1996 3387 bello
2013 3350 2276 3400 adiuvet.YSed
2295 3351 2402 3387 miles
2420 3351 2459 3387 in
2478 3350 2580 3387 bello

1513 3403 1632 3450 magis
1679 3404 1793 3440 debet
1838 3403 1969 3440 iuvare
2012 3411 2234 3441 extraneum
2276 3403 2579 3441 commilitonem

1572 3518 1596 3552 β)
1617 3519 1805 3552 indigentibus.
1823 3534 1841 3538 -
1860 3523 1886 3544 et
1905 3520 2085 3553 indigentibus
2104 3520 2151 3545 Pa.

2602 2683 2817 2736 ffissffiffiu

2603 2733 2815 2785 ww

2705 3199 2721 3234 β

2607 3233 2699 3257 ‘Vn-⁸.
2714 3239 2746 3263 ¹3.
