2892 4056
2414 147 2497 172 XXIX

461 215 581 255 Haec
614 227 711 254 cum
745 214 801 254 ita
833 214 926 262 sint,
962 227 1048 254 non
1078 220 1172 255 erat
1204 214 1330 254 nobis
1354 213 1519 253 difficile
1542 213 1655 254 viam
1686 214 1875 254 invenire
1899 228 1984 267 qua
2017 214 2309 254 recensionem
2333 214 2496 255 Secun-

335 276 415 317 dae
449 275 674 317 Secundae
709 276 1028 316 conficeremus.
1064 276 1178 315 Ante
1202 275 1346 315 omnia
1378 274 1501 314 lectio
1535 275 1657 328 primi
1689 275 1925 330 apographi
1954 275 2196 329 simpliciter
2223 276 2497 316 restauranda

335 344 424 378 erat
445 350 541 378 cum
565 336 778 377 erroribus
807 337 892 377 fide
915 336 1111 377 codicum
1136 335 1374 389 exploratis.
1411 335 1580 376 Deinde
1608 349 1684 389 pro
1708 337 1886 392 singulis
1920 337 2133 377 erroribus
2162 337 2343 391 cognitis
2371 337 2495 378 lectio

333 398 548 452 archetypi
572 398 901 453 redintegranda
935 403 1033 438 erat.
1088 397 1168 436 His
1196 397 1369 437 feliciter
1390 396 1626 437 secundum
1659 399 1827 452 regulas
1861 398 2022 438 critices
2055 398 2234 452 peractis
2262 404 2399 438 totum
2430 412 2495 439 re-

332 460 546 500 censionis
585 460 808 514 negotium
852 464 1070 513 peractum
1102 458 1261 498 fuisset.
1292 481 1310 488 -
1344 459 1423 497 Est
1454 458 1634 498 fortasse
1667 459 1739 512 qui
1779 459 1890 499 dicat
1931 459 2076 499 nullibi
2116 459 2341 500 lectionem
2374 460 2495 513 primi

331 521 568 576 apographi
593 520 841 561 mutandam
863 519 1004 566 fuisse,
1029 518 1106 559 sed
1129 519 1414 559 correctiones
1438 519 1741 559 coniecturales
1764 520 1819 560 ad
1841 521 2077 575 marginem
2099 520 2186 560 folii
2209 521 2493 561 remittendas.

331 583 392 622 At
414 582 647 622 editionem
671 587 861 622 nostram
883 580 1099 634 theologis
1133 580 1263 633 idque
1286 579 1516 620 commode
1539 581 1698 621 servire
1722 582 1926 635 cupimus,
1952 583 2024 635 qui
2057 588 2219 622 textum
2248 582 2495 622 continuum

331 649 374 683 et
404 643 621 698 legibilem
654 643 744 683 iure
767 641 955 695 quodam
990 654 1070 681 suo
1095 641 1272 696 exigunt
1303 647 1344 681 et
1366 641 1516 682 merito
1545 649 1905 695 conquererentur
1932 643 1966 683 si
1995 643 2121 683 toties
2149 656 2175 683 a
2196 643 2495 696 prosecutione

330 717 471 745 rerum
494 704 843 759 prohibebantur.
867 702 988 742 Sicut
1011 715 1115 757 ergo
1139 715 1217 742 nec
1235 703 1540 757 orthographia
1563 704 1718 743 saeculi
1743 703 1894 744 decimi
1917 704 2025 744 tertii
2047 705 2138 744 aliis
2161 704 2288 744 rebus
2309 704 2494 745 intentos

330 766 604 812 retardamus,
642 777 720 804 nec
753 764 1018 804 coniecturas
1052 777 1077 803 a
1110 763 1274 817 reliquo
1309 770 1426 804 textu
1459 764 1595 818 signis
1629 764 1940 819 distinguimus,
1976 779 2072 805 curn
2096 778 2323 819 quousque
2351 779 2397 805 se
2421 779 2494 806 ex-

330 827 508 867 tendant
539 831 768 880 apparatus
800 824 1055 864 variantium
1077 825 1361 865 sciscitantem
1395 831 1601 878 perpetuo
1625 825 1789 874 doceat,
1814 826 1870 866 ita
1903 827 2091 867 criticum
2113 827 2255 880 potius
2290 833 2331 867 et
2351 841 2494 882 gram-

330 889 531 928 maticum
554 899 739 940 quorum
772 886 873 926 nihil
907 886 1082 926 interest
1113 886 1288 926 ubinam
1323 886 1542 926 inveniant
1564 887 1682 940 quod
1705 894 1924 940 quaerunt,
1950 888 2106 928 calcem
2141 888 2322 943 paginae
2351 895 2494 942 petere

329 950 527 1004 cogimus
561 961 691 1002 quarn
723 947 1002 987 attentionem
1035 947 1226 1001 theologi
1260 947 1379 987 inviti
1414 947 1696 988 distrahimus.

453 1010 674 1062 Quantum
707 1009 762 1049 ad
795 1008 1149 1048 restaurationem
1182 1014 1323 1049 textus
1355 1009 1479 1062 primi
1521 1009 1779 1064 apographi,
1815 1023 2050 1050 consensus
2093 1010 2289 1050 codicum
2322 1011 2492 1051 Vatica-

328 1083 483 1111 norum
516 1071 586 1111 lex
606 1070 703 1118 fuit;
738 1083 837 1110 nam
861 1082 938 1110 eos
961 1070 1222 1123 ubicumque
1244 1070 1516 1110 consentiunt
1543 1083 1639 1113 cum
1662 1071 1799 1124 primo
1824 1071 2015 1111 omnium
2045 1071 2240 1112 codicum
2264 1072 2494 1125 exemplari

326 1132 465 1172 facere
487 1132 716 1186 probatum
750 1137 825 1172 est.
852 1155 870 1162 -
893 1132 1132 1185 Interrupto
1167 1144 1381 1172 consensu
1413 1131 1653 1172 faciendum
1687 1138 1776 1172 erat
1808 1145 1903 1172 cum
1942 1133 2060 1172 ABF
2092 1132 2205 1173 idem
2233 1133 2492 1187 legentibus;

327 1193 508 1234 istorum
543 1193 656 1234 enim
689 1205 903 1233 consensu
926 1193 1223 1247 apographum
1256 1199 1419 1233 tantum
1443 1206 1530 1233 non
1552 1206 1722 1247 semper
1750 1194 2052 1247 repraesentari
2075 1194 2272 1234 vidimus.
2307 1194 2493 1248 Propriis

321 1255 545 1295 erroribus
584 1254 741 1295 librarii
774 1255 823 1302 F,
869 1254 942 1308 qui
976 1267 1195 1307 nunquam
1238 1254 1416 1294 dubium
1450 1254 1667 1309 ingerunt,
1702 1267 1959 1295 consensum
2003 1268 2089 1295 non
2127 1255 2371 1310 interrumpi
2406 1256 2493 1296 exi-

327 1316 609 1357 stimavimus.
639 1339 657 1346 —
687 1316 774 1357 Ubi
814 1328 892 1355 nec
935 1316 1003 1356 isti
1047 1315 1336 1363 consentiunt,
1381 1315 1658 1356 moderamen
1707 1322 1943 1357 ceterorum
1982 1316 2288 1357 Vaticanorum
2333 1323 2374 1357 et
2411 1329 2441 1357 K
2465 1330 2494 1357 R

328 1390 409 1418 usu
442 1377 572 1417 venit.

452 1437 613 1478 Menda
635 1437 891 1490 correpturis
914 1437 1099 1477 maxime
1133 1437 1260 1477 nobis
1283 1437 1523 1477 cavendum
1557 1443 1644 1477 erat
1677 1450 1730 1478 ne
1753 1450 1804 1477 ea
1825 1438 2069 1478 videremus
2102 1439 2175 1478 ubi
2199 1445 2381 1479 erratum
2405 1452 2492 1479 non

327 1505 428 1540 erat.
463 1498 640 1539 Maximi
674 1498 880 1538 momenti
913 1498 1019 1538 haec
1052 1511 1119 1538 res
1153 1498 1382 1552 unicuique
1414 1497 1645 1546 videbitur,
1680 1504 1722 1539 et
1753 1504 1895 1539 tamen
1929 1506 2053 1539 cautu
2086 1513 2174 1540 non
2211 1500 2358 1541 facilis:
2394 1500 2494 1554 quia

327 1560 382 1601 ad
412 1571 581 1601 errores
615 1559 884 1615 detegendos
918 1559 1123 1600 lectiones
1156 1559 1327 1600 alterius
1360 1559 1541 1599 familiae
1576 1560 1811 1614 comparari
1845 1573 1931 1600 non
1964 1567 2156 1614 possunt,
2193 1567 2234 1601 et
2266 1562 2405 1602 omnis
2428 1574 2493 1602 er-

327 1620 436 1662 roris'
458 1621 667 1662 certitudo
690 1622 760 1661 vel
793 1621 980 1675 suspicio
1004 1634 1057 1661 ex
1090 1633 1219 1661 sensu
1242 1621 1310 1661 vel
1344 1621 1494 1661 saltem
1517 1621 1681 1661 interno
1716 1627 1878 1662 tantum
1902 1622 2066 1662 criterio
2089 1622 2278 1677 gignitur
2308 1623 2493 1676 ideoque

327 1684 494 1738 amplus
528 1683 649 1724 locus
683 1682 984 1723 existimationi
1017 1682 1276 1736 relinquitur.
1311 1683 1383 1723 Ab
1406 1682 1485 1722 hac
1509 1682 1752 1723 difficultate
1774 1689 1915 1723 textus
1944 1684 2094 1724 citatos
2127 1684 2299 1724 Patrum
2331 1690 2373 1724 et
2394 1684 2492 1725 Phi-

325 1745 510 1800 losophi,
535 1758 648 1799 quos
680 1744 837 1785 librarii
870 1744 1106 1799 generatim
1140 1750 1181 1784 et
1203 1750 1348 1784 noster
1380 1744 1586 1798 imprimis
1620 1745 1730 1784 male
1762 1744 1905 1800 legere
1938 1745 2088 1793 solent,
2123 1758 2210 1785 non
2243 1746 2491 1799 excipimus:

327 1806 553 1862 originalia
574 1806 750 1860 quidem
783 1818 912 1860 saepe
934 1806 1073 1846 vicem
1106 1806 1324 1859 archetypi
1356 1806 1576 1860 supplent;
1610 1806 1688 1846 sed
1721 1819 1817 1846 cum
1851 1806 1895 1846 S.
1919 1807 2112 1846 Thomas
2146 1820 2232 1846 non
2254 1807 2388 1847 verba
2415 1807 2492 1847 sed

327 1880 503 1908 sensum
536 1873 740 1916 sectetur,
781 1868 848 1908 hic
882 1867 1009 1907 etiam
1042 1880 1171 1921 saepe
1203 1880 1316 1921 aqua
1348 1867 1504 1907 haeret.
1558 1867 1679 1907 Illum
1712 1867 1937 1921 scopulum
1970 1881 2056 1908 non
2090 1868 2191 1908 satis
2225 1868 2491 1908 evitavimus.

328 1929 451 1970 Ultro
476 1929 728 1970 confitemur
760 1929 965 1970 lectiones
999 1928 1235 1968 editionum
1267 1928 1538 1976 anteriorum,
1573 1928 1763 1982 inprimis
1796 1929 2107 1976 Patavinarum,
2142 1943 2229 1970 non
2257 1930 2389 1970 semel
2412 1943 2491 1970 nos

326 1991 425 2031 loco
448 1991 571 2044 primi
595 1991 831 2046 apographi
854 1990 1076 2044 amplexos
1099 2002 1207 2038 esse,
1231 1990 1304 2030 ubi
1328 1990 1504 2030 omnino
1528 1990 1815 2030 necessarium
1838 2003 1924 2030 non
1948 1996 2057 2038 erat;
2082 2003 2146 2030 ex.
2164 2004 2226 2045 gr.
2246 1991 2328 2042 Qu.
2346 1991 2491 2032 XXVI

326 2058 402 2093 art.
427 2065 455 2104 9
478 2052 534 2092 ad
569 2065 593 2092 2
619 2051 676 2106 (δ)
704 2052 833 2106 filius
855 2051 967 2105 (36s)
992 2065 1103 2091 nunc
1127 2064 1471 2106 expungeremus
1506 2064 1559 2091 ex
1590 2057 1738 2091 nostro
1772 2057 1907 2099 textu;
1944 2052 2025 2103 Qu.
2051 2052 2192 2092 XLVI
2225 2058 2298 2093 art.
2331 2065 2345 2092 1
2386 2052 2439 2092 ad
2470 2065 2483 2092 1

327 2113 383 2167 (δ,
407 2113 491 2154 vid.
518 2113 615 2167 455)
638 2126 717 2167 pro
749 2126 920 2154 summa
941 2112 1090 2153 iudicii
1119 2113 1232 2153 nulla
1260 2114 1512 2158 necessitate
1535 2113 1670 2153 coacti
1703 2111 2005 2166 adoptavimus
2042 2114 2251 2153 sententia
2271 2114 2424 2160 iudicii,
2451 2119 2492 2154 et

327 2174 410 2227 Qu.
433 2175 475 2216 X
507 2181 582 2231 art.
606 2176 634 2215 8
668 2174 724 2215 ad
753 2188 767 2215 1
809 2175 870 2229 (θ)
905 2175 947 2215 in
979 2180 1098 2214 textu
1132 2174 1176 2215 S.
1201 2174 1433 2230 Augustini
1465 2174 1669 2227 cuiusque
1699 2187 1778 2228 pro
1812 2175 2121 2227 cuiuscumque.
2167 2175 2233 2215 At·
2255 2188 2384 2228 quam
2413 2174 2491 2215 dif-

325 2236 434 2276 ficile
466 2242 533 2277 est
563 2249 590 2276 a
621 2249 780 2291 magna
812 2236 1062 2277 auctoritate
1085 2236 1393 2276 correctionem
1426 2241 1684 2290 suggerente
1718 2248 1893 2289 prorsus
1927 2249 1973 2276 se
2006 2236 2253 2276 subtrahere
2276 2241 2318 2276 et
2339 2236 2380 2276 in
2404 2236 2490 2276 sin-

325 2297 438 2352 gulis
471 2297 642 2338 casibus
685 2298 854 2338 ultimas
887 2297 1218 2366 consequentias
1260 2297 1564 2351 principiorum
1607 2297 1847 2351 perspicere
1881 2303 1922 2337 et
1954 2297 2149 2351 amplecti
2182 2297 2351 2338 audere.
2406 2297 2491 2350 Qui

325 2358 466 2398 adhuc
487 2359 644 2412 pluries
667 2372 797 2426 quam
820 2359 947 2399 nobis
969 2359 1111 2398 visum
1145 2365 1210 2399 est
1243 2365 1284 2399 et
1306 2359 1439 2399 modo
1462 2358 1633 2398 videtur
1658 2358 1790 2398 textui
1813 2359 1935 2412 primi
1963 2359 2198 2427 apographi
2230 2359 2490 2412 parcendum

326 2432 422 2460 esse
455 2425 641 2474 putaret,
684 2426 731 2460 ut
764 2420 852 2460 iure
885 2420 956 2460 illo
990 2432 1070 2459 suo
1111 2426 1252 2460 utatur
1284 2426 1325 2460 et
1357 2420 1537 2460 libenter
1567 2420 1769 2459 volumus
1812 2426 1854 2460 et
1886 2420 2008 2460 enixe
2042 2414 2334 2474 exposcimus:
2390 2420 2489 2460 nihil

324 2481 517 2535 profecto
551 2487 696 2521 nostra
729 2481 914 2529 interest,
949 2481 1094 2534 lapsus
1127 2481 1250 2534 primi
1282 2481 1439 2520 librarii
1472 2481 1762 2534 multiplicare.

450 2542 808 2583 Emendationem
843 2555 1032 2582 errorum
1067 2541 1234 2582 duabus
1267 2542 1435 2596 legibus
1469 2542 1740 2581 subiecimus.
1779 2541 1923 2581 Primo
1953 2543 2180 2595 oportebat
2212 2548 2258 2582 ut
2284 2542 2488 2582 correctio

324 2603 450 2658 plene
473 2604 734 2644 satisfaceret
755 2604 899 2644 sensui
923 2609 1147 2643 contextus
1180 2609 1416 2656 perspecto.
1452 2602 1654 2643 Secundo
1682 2609 1728 2642 ut
1750 2603 2102 2656 corresponderet
2129 2603 2330 2643 materiali
2358 2603 2490 2643 indoli

325 2671 376 2714 et,
412 2666 513 2719 quia
544 2666 586 2705 in
619 2671 768 2705 nostro
803 2678 903 2705 casu
937 2665 1163 2718 praecipue
1196 2664 1335 2719 agitur
1363 2664 1415 2704 de
1449 2664 1808 2719 redintegratione
1842 2664 2107 2719 singulorum
2135 2665 2365 2704 verborum
2394 2678 2488 2718 per-

323 2739 470 2781 peram
493 2727 713 2782 lectorum,
737 2727 934 2766 exteriori
958 2726 1148 2780 aspectui
1172 2726 1337 2766 erroris.
1373 2724 1483 2766 Cum
1507 2726 1619 2766 enim
1642 2725 1797 2765 librarii
1819 2726 1884 2772 sit,
1910 2725 1982 2779 qui
2012 2725 2192 2765 errando
2217 2726 2490 2766 nihilominus

323 2788 506 2828 verbum
539 2784 599 2828 sic
632 2795 679 2828 ut
709 2794 808 2828 ante
842 2789 993 2828 oculos
1026 2788 1228 2841 scriptum
1262 2787 1453 2835 videbat,
1489 2787 1666 2827 reddere
1701 2787 1888 2834 credidit,
1913 2787 2138 2827 materialis
2171 2787 2400 2827 litterarum
2433 2787 2489 2827 si-

324 2849 519 2889 militudo
553 2850 661 2889 inter
692 2850 816 2904 signa
849 2849 1003 2889 librarii
1038 2855 1080 2888 et
1101 2849 1316 2902 archetypi
1350 2848 1555 2888 obvenire
1579 2848 1736 2895 debuit,
1772 2861 1900 2901 quam
1934 2848 2250 2888 similitudinem
2284 2849 2488 2889 correctio

324 2910 360 2950 si
388 2910 590 2965 negligat,
614 2911 668 2951 ab
700 2911 931 2964 archetypo
967 2910 1164 2951 recedere
1197 2910 1489 2964 praesumitur.
1524 2910 1644 2949 Haec
1677 2909 1763 2949 duo
1798 2909 1961 2949 criteria
1988 2910 2117 2963 pluris
2150 2910 2325 2950 facimus
2359 2923 2487 2963 quam

325 2971 474 3025 optimi
497 2972 703 3025 cuiusque
725 2971 886 3012 codicis
907 2972 1214 3018 auctoritatem,
1239 2984 1350 3025 quae
1373 2971 1728 3025 quotiescumque
1751 2970 1804 3010 de
1827 2971 2008 3011 lectione
2031 2985 2055 3011 a
2077 2971 2214 3024 primo
2238 2971 2487 3026 apographo

325 3032 544 3072 differente
574 3033 725 3087 agitur,
750 3046 899 3073 revera
931 3047 1018 3073 non
1054 3033 1205 3073 existit.
1239 3034 1477 3086 Postquam
1499 3033 1612 3072 enirn
1645 3032 1783 3072 unitas
1806 3032 1986 3072 familiae
2021 3032 2238 3085 explorata
2271 3038 2335 3072 est
2367 3038 2408 3072 et
2435 3032 2488 3072 de

325 3093 522 3134 codicum
545 3094 711 3149 origine
733 3107 786 3134 ex
810 3094 964 3134 eodem
989 3094 1218 3148 exemplari
1241 3094 1494 3148 apographo
1519 3099 1696 3141 constat,
1720 3094 1858 3133 nullus
1893 3093 2030 3134 codex
2058 3093 2283 3148 singularis
2306 3106 2383 3133 nec
2405 3093 2488 3133 ulla

325 3154 609 3195 communitas
637 3155 819 3209 plurium
843 3162 990 3195 contra
1024 3161 1135 3196 certe
1169 3156 1385 3210 cognitam
1418 3155 1644 3195 lectionem
1667 3155 1903 3210 apographi
1936 3155 2005 3194 illa
2037 3155 2285 3195 auctoritate
2317 3154 2486 3209 gaudet,

325 3229 435 3270 quae
463 3229 540 3271 per
561 3217 778 3257 fortiorem
811 3217 1203 3270 praesumptionem
1227 3217 1403 3271 originis
1437 3230 1490 3256 ex
1522 3216 1791 3270 autographo
1825 3216 2009 3268 antiquis
2031 3216 2283 3256 lectionibus
2306 3228 2405 3269 prae
2429 3228 2486 3255 re-

325 3278 518 3318 centibus
542 3278 740 3318 inhaeret.
764 3279 887 3318 Tunc
921 3278 1033 3318 enim
1057 3284 1167 3318 certe
1191 3278 1331 3333 agitur
1363 3278 1417 3318 de
1440 3279 1670 3318 tentamine
1705 3277 1860 3325 critico,
1886 3278 1951 3317 cui
1975 3291 2052 3317 nec
2085 3284 2200 3317 aetas
2234 3276 2487 3317 credibilita-

323 3345 410 3380 tem
437 3339 662 3379 ascisceret
690 3352 767 3379 nec
797 3339 966 3379 novitas
999 3339 1187 3387 tolleret,
1217 3339 1293 3379 sed
1327 3340 1445 3379 solae
1469 3340 1640 3394 regulae
1675 3339 1836 3379 critices
1866 3339 1941 3378 rite
1965 3339 2218 3379 observatae
2251 3338 2485 3378 conciliant.

323 3400 516 3442 Eaedem
549 3401 836 3454 quaestiones,
871 3400 985 3440 idem
1018 3400 1230 3440 interdurn
1263 3401 1472 3455 aenigma,
1508 3401 1664 3454 quibus
1698 3400 1918 3440 solvendis
1956 3413 2035 3440 nos
2069 3413 2242 3454 operam
2277 3399 2485 3447 dedimus,

324 3462 440 3503 omni
468 3462 694 3503 correctori
728 3461 826 3502 inde
849 3475 874 3502 a
907 3462 1124 3502 nativitate
1158 3456 1250 3502 libri
1273 3462 1519 3515 propositae
1553 3467 1681 3509 erant,
1706 3467 1747 3501 et
1768 3462 1803 3501 si
1826 3475 1851 3501 a
1874 3474 2093 3515 quoquam
2116 3473 2375 3514 superamur,
2399 3474 2487 3501 non
