2892 4056
401 213 475 260 372
992 210 1256 257 QUAESTIO
1287 210 1426 257 XLix,
1457 209 1752 246 ARTICULUS
1781 210 1968 257 v11‚v111

396 290 499 321 dentia
524 301 619 330 penes
642 291 875 320 ordinationem
898 299 1021 329 semper
1041 289 1228 324 declaratur;
1250 296 1279 319 et
1298 288 1457 318 includere
1482 293 1484 350 1
1510 288 1549 318 ad
1573 288 1675 327 ipsam
1699 287 1924 327 cognitionem,
1949 288 2065 318 scilicet
2082 289 2236 319 memoria
2255 290 2505 329 praeteritorum,
2525 290 2571 320 in-

396 334 509 365 dicitur
523 342 605 365 recte
622 335 766 365 ordinare
784 335 822 363 ad
846 333 942 363 finem
959 332 1181 363 rectitudinem
1197 332 1330 368 consilii,
1348 332 1456 363 iudicii
1482 351 1483 367 1
1509 332 1651 362 tellectus
1675 331 1906 381 praesentium,
1931 331 2128 382 providentia
2156 333 2352 370 futurorum;
2393 342 2422 365 et
2446 345 2509 365 una
2533 335 2572 365 ad

396 386 426 408 et
449 379 615 418 praecepti,
640 379 672 408 in
697 377 902 418 responsione
927 377 965 406 ad
989 377 1126 406 tertium.
1482 370 1483 397 1
1509 386 1604 406 usum
1629 375 1829 414 cognitionis,
1846 375 1963 406 scilicet
1986 375 2082 413 ratio;
2109 382 2139 406 et
2155 377 2236 407 duae
2259 378 2299 408 ad
2313 378 2570 418 applicationem,

449 423 484 453 II.
502 423 612 453 Posset
635 430 739 452 tamen
756 422 842 452 aliter
866 420 1062 461 providentia
1087 420 1164 460 poni
1181 429 1251 460 pars
1271 420 1456 460 prudentiae
1482 403 1483 437 1
1509 419 1626 450 scilicet
1642 419 1881 459 circumspectio
1899 426 1929 450 et
1945 419 2064 456 cautio;
2085 420 2153 460 ipsa
2169 427 2275 451 autem
2291 422 2459 462 applicatio
2477 423 2572 454 medii

395 467 489 497 etiam
513 474 548 497 ut
571 466 767 506 praeceptiva
791 472 849 500 est,
872 464 1024 514 ponendo
1049 464 1137 504 quod
1169 464 1366 503 providentia
1389 474 1454 493 non
1481 450 1483 497 1
1510 463 1710 494 accommodi
1731 473 1797 493 non
1819 473 1900 503 pars,
1917 464 1972 494 sed
1993 464 2167 495 substantia
2186 465 2372 505 prudentiae
2391 473 2571 506 poneretur,

394 511 525 561 ponitur
548 521 617 550 pars
641 509 825 550 prudentiae
850 508 908 538 nisi
938 508 1114 538 secundum
1138 508 1227 548 quod
1251 508 1325 538 dicit
1349 507 1455 547 cogni·
1481 509 1591 547 {quae
1614 507 1646 537 in
1661 514 1747 538 recto
1764 514 1933 548 praecepto
1950 508 2110 539 consistit.
2126 508 2231 548 Exigit
2246 519 2385 550 namque
2405 510 2573 550 prudentia

394 555 515 585 tionem
539 555 729 584 futurorum.
769 554 809 583 Et
833 553 875 582 sic
899 552 1097 592 providentia
1127 562 1193 582 non
1225 552 1392 591 pertineret
1416 552 1455 581 ad
1509 551 1796 582 considerationem
1820 552 2003 582 futurorum
2020 560 2203 589 eventuum,
2228 559 2258 583 et
2274 563 2340 584 non
2364 555 2470 584 solum
2488 564 2573 584 exer—

395 599 647 639 applicationem,
673 598 726 627 sed
751 598 789 626 ad
814 596 1029 636 cognitionem
1054 596 1254 635 prudentiae:
1280 603 1315 626 ut
1339 595 1455 626 scilicet
1480 599 1482 607 ⁴
1509 595 2097 636 cendorumpernos:licetabhomine
2108 597 2190 627 male
2202 597 2572 639 cognoscipossint,pro-

394 644 473 673 duae
498 643 535 672 ad
559 641 809 682 acquisitionem,
835 640 951 670 scilicet
971 639 1114 670 docilitas
1139 647 1168 670 et
1190 640 1367 676 eustochia;
1393 646 1454 670 tres
1479 617 1482 681 1
1508 646 1578 679 pter
1590 640 1679 680 quod
1695 641 1836 671 incertae
1853 640 2001 671 dicuntur
2006 641 2232 681 providentiae
2247 647 2387 679 nostrae,
2400 642 2570 683 Sap.xrv*.

1166 775 1487 817 ARTICULUS
1518 775 1785 818 SEPTIMUS

843 868 997 899 UTRUM
1023 867 1372 900 CIRCUMSPECTIO
1396 869 1570 900 DEBEAT
1593 869 1693 900 PONI
1717 870 1824 900 PARS
1846 870 2123 901 PRUDENTIAE

1040 947 1090 978 Qu.
1110 948 1241 980 praeced.;
1262 947 1292 972 III
1313 948 1395 978 Sent„
1416 948 1475 972 dist.
1493 956 1577 979 xxxm,
1597 956 1640 981 qu.
1661 956 1698 978 111,
1717 954 1763 974 art.
1787 957 1808 978 r,
1828 949 1877 982 qu⁸
1899 957 1921 974 2.

438 1049 481 1104 δι
506 1054 548 1083 «¹1
583 1041 622 1066 D
638 1040 818 1065 SEPTIMUM
833 1027 1337 1064 s1CPR00En1TUR*.Videtur
1348 1028 1453 1075 quod
1479 1028 1480 1034 ’
1507 1028 1727 1076 operabilia,
1758 1028 1796 1065 in
1824 1029 1962 1077 quibus
1989 1030 2107 1065 multa
2127 1036 2371 1077 concurrunt,
2393 1030 2574 1078 contingit

421 1116 424 1123 ,
456 1080 464 1089 ‘
528 1083 577 1151 '1‘5-
602 1081 890 1130 circumspectio
911 1093 989 1117 non
1017 1080 1137 1129 possit
1157 1092 1239 1117 esse
1258 1092 1347 1129 pars
1367 1093 1454 1128 pru·
1507 1081 1649 1128 aliquid
1678 1081 1889 1118 secundum
1925 1094 1966 1118 se
1995 1082 2277 1119 consideratum
2307 1095 2389 1120 esse
2425 1084 2573 1121 bonurn

406 1117 763 1185 dentiae
812 1133 1113 1182 Circumspectio
1158 1133 1259 1176 enim
1303 1133 1455 1170 videtur
1507 1141 1543 1169 et
1563 1134 1797 1170 conveniens
1820 1134 1900 1181 fini,
1922 1135 2026 1182 quod
2051 1142 2180 1172 tamen
2205 1148 2250 1172 ex
2270 1136 2461 1184 aliquibus
2484 1149 2574 1174 con-

444 1164 684 1225 ἑὲἋωεε
705 1187 956 1224 consideratio
977 1186 1167 1234 quaedam
1194 1198 1328 1222 eorum
1354 1198 1453 1234 quae
1507 1186 1743 1223 currentibus
1772 1186 1941 1223 redditur
1967 1188 2030 1223 vel
2060 1188 2204 1224 malurn
2232 1190 2295 1226 vel
2323 1201 2402 1226 non
2433 1202 2574 1239 oppor-

390 1242 643 1279 circumstant.
670 1240 903 1278 Huiusmodi
924 1248 1052 1276 autem
1073 1247 1159 1275 sunt
1177 1239 1333 1285 infinita,
1355 1251 1454 1286 quae
1506 1247 1641 1276 tunum
1672 1240 1720 1276 ad
1749 1239 1881 1276 finem.
1931 1239 2037 1276 Sicut
2065 1240 2267 1277 ostendere
2296 1241 2402 1289 signa
2431 1244 2573 1281 amoris

389 1308 467 1332 non
482 1302 643 1343 possunt
663 1293 938 1342 comprehendi
958 1292 1115 1339 ratione,
1136 1292 1175 1328 in
1195 1304 1270 1340 qua
1291 1299 1346 1328 est
1364 1304 1452 1340 pru·
1479 1306 1480 1326 1
1506 1292 1628 1339 alicui,
1659 1292 1872 1329 secundum
1902 1305 1942 1329 se
1973 1293 2276 1340 consideratum,
2308 1294 2461 1332 videtur
2490 1308 2573 1333 esse

390 1348 526 1385 dentia.
558 1349 659 1395 Ergo
681 1346 968 1395 circumspectio
998 1358 1077 1382 non
1106 1345 1219 1382 debet
1246 1345 1338 1393 poni
1365 1357 1453 1393 pars
1479 1380 1480 1387 ,
1506 1345 1737 1382 conveniens
1758 1346 1806 1382 ad
1836 1345 2078 1383 alliciendum
2100 1346 2180 1383 eius
2199 1323 2372 1384 aniinum
2397 1348 2446 1385 ad
2467 1361 2574 1386 amo-

389 1400 625 1450 prudentiae.
1507 1411 1608 1435 rem·
1636 1399 1703 1436 sed
1723 1398 1754 1435 si
1775 1398 1968 1446 contingat
1987 1399 2027 1436 in
2047 1399 2177 1436 animo
2197 1399 2294 1437 illius
2315 1401 2493 1449 superbia
2510 1403 2575 1440 vel

443 1466 478 1491 2.
508 1455 751 1497 PRAETEREA,
783 1451 1087 1489 circumstantiae
1126 1451 1247 1499 magis
1274 1450 1454 1488 videntur
1479 1429 1480 1487 1
1507 1451 1673 1500 suspicio
1695 1452 1935 1498 adulationis,
1957 1464 2036 1489 non
2057 1452 2126 1489 erit
2145 1453 2219 1490 hoc
2235 1451 2250 1482 β
2270 1454 2504 1492 conveniens
2524 1455 2574 1493 ad

388 1507 577 1556 pertinere
604 1507 652 1546 ad
680 1507 839 1543 virtutes
869 1506 1034 1542 morales
1063 1517 1180 1554 quam
1210 1505 1258 1541 ad
1287 1506 1481 1553 pruden-
1506 1505 1638 1542 finem.
1656 1505 1704 1541 Et
1718 1505 1807 1541 ideo
1821 1505 2035 1542 necessaria
2051 1513 2107 1542 est
2121 1506 2410 1555 circumspectio
2427 1508 2476 1545 ad
2486 1520 2575 1557 pru-

388 1561 492 1598 tiam.
525 1560 601 1597 Sed
626 1559 917 1607 circumspectio
948 1558 1038 1595 nihil
1067 1558 1168 1595 aliud
1199 1569 1281 1594 esse
1301 1557 1481 1599 videtur
1480 1579 1481 1582 =
1508 1558 1698 1595 dentiam.
1727 1565 1769 1594 ut
1797 1558 1937 1595 scilicet
1963 1559 2084 1595 homo
2114 1558 2153 1596 id
2183 1560 2289 1608 quod
2318 1561 2513 1598 ordinatur
2536 1562 2574 1599 in

390 1627 507 1674 quarn
537 1621 729 1673 respectus
755 1612 1138 1649 circumstantiarum.
1170 1612 1272 1658 Ergo
1294 1612 1453 1648 circum-
1480 1601 1481 1654 1
1506 1612 1625 1648 finem
1647 1619 1846 1659 comparet
1866 1611 1980 1648 etiarn
2002 1623 2091 1648 cum
2111 1611 2170 1648 his
2198 1624 2297 1661 quae
2317 1613 2573 1652 circumstant.

390 1668 534 1716 spectio
564 1667 684 1715 magis
712 1666 863 1703 videtur
889 1665 1078 1714 pertinere
1108 1665 1157 1702 ad
1186 1665 1350 1701 morales
1378 1664 1453 1702 vir·
1480 1676 1481 1702 1
1560 1666 1618 1700 AD
1647 1676 1786 1701 pannum
1815 1676 1914 1701 ERGO
1943 1676 2128 1702 mensuum
2153 1666 2260 1713 quod
2289 1666 2375 1703 licet
2404 1679 2449 1704 ea
2475 1679 2574 1717 quae

390 1729 488 1757 tutes
518 1733 635 1767 quarn
666 1720 714 1756 ad
743 1718 1000 1768 prudentiam.
1480 1741 1481 1767 1
1480 1721 1667 1765 possunt
1696 1717 1941 1754 circumstare
1961 1717 2035 1754 sint
2062 1716 2220 1765 infinita,
2250 1726 2380 1757 tamen
2409 1733 2454 1757 ea
2474 1733 2574 1769 quae

445 1775 478 1810 3.
509 1774 748 1818 PRAETEREA,
779 1772 844 1821 qui
872 1779 998 1820 potest
1024 1771 1158 1808 videre
1187 1782 1287 1829 quae
1320 1771 1482 1820 procul,
1508 1770 1751 1807 circumstant
1770 1771 1808 1807 in
1828 1779 1914 1807 actu
1943 1782 2021 1807 non
2050 1778 2138 1807 sunt
2165 1771 2332 1809 infinita:
2362 1774 2430 1810 sed
2449 1785 2574 1822 pauca

251 1831 267 1846 α
389 1835 476 1864 sunt
500 1827 620 1863 multo
647 1826 768 1873 magis
787 1832 913 1874 potest
931 1825 1064 1861 videre
1081 1836 1180 1872 quae
1201 1823 1299 1860 circa
1320 1831 1407 1860 sunt
1423 1828 1451 1860 ⁴².
1507 1823 1699 1871 quaedam
1730 1832 1816 1860 sunt
1844 1836 1943 1873 quae
1972 1823 2175 1860 immutant
2203 1824 2385 1885 iudicium
2419 1826 2574 1864 rationis

391 1880 468 1917 Sed
486 1892 555 1929 per
569 1879 852 1929 providentiam
872 1879 992 1915 homo
1010 1885 1065 1914 est
1078 1884 1216 1926 potens
1235 1876 1454 1925 prospicere
1507 1876 1545 1913 in
1575 1875 1742 1924 agendis.

390 1946 487 1982 quae
523 1934 654 1982 procul
685 1940 782 1969 sunt.
831 1933 934 1979 Ergo
963 1931 1046 1979 ipsa
1083 1930 1222 1967 sufficit
1249 1929 1298 1966 ad
1331 1930 1454 1966 consi—
1561 1931 1620 1966 An
1661 1941 1852 1967 SECUNDUM
1894 1941 2079 1966 DICENDUM
2122 1930 2228 1979 quod
2270 1931 2574 1970 circumstantiae

391 1987 603 2024 derandum
633 1999 677 2023 ea
698 1998 795 2034 quae
823 1985 1078 2022 circumstant.
1108 1984 1201 2020 Non
1230 1994 1319 2030 ergo
1340 1995 1454 2031 opor·
1480 1999 1481 2002 ¹
1506 1982 1695 2031 pertinent
1723 1983 1772 2019 ad
1801 1982 2043 2031 prudentiam
2073 1982 2230 2030 quidem
2260 1983 2356 2021 sicut
2383 1985 2433 2022 ad
2453 1986 2574 2024 deter-

390 2040 468 2085 tuit,
490 2047 639 2088 praeter
657 2038 952 2088 providentiam,
982 2049 1125 2086 ponere
1147 2036 1453 2085 circumspectio·
1480 2046 1481 2073 1
1507 2035 1735 2072 minandum
1755 2041 1771 2064 Υ
1800 2048 1884 2072 eas:
1915 2037 1962 2073 ad
1991 2035 2150 2073 virtutes
2174 2044 2304 2074 autem
2332 2040 2497 2076 morales
2517 2039 2573 2076 in-

390 2106 479 2130 nem
507 2100 656 2141 partem
685 2091 921 2141 prudentiae.
1507 2095 1694 2137 quantum
1723 2101 1792 2137 per
1821 2089 2187 2126 circumstantiarum
2215 2090 2572 2130 determinationem

444 2148 517 2183 SED
547 2157 694 2183 CONTRA
722 2157 789 2182 EST
808 2144 1012 2182 auctoritas
1041 2143 1241 2190 Macrobii,
1271 2151 1312 2179 ut
1340 2155 1455 2191 supra
1480 2171 1481 2180 2
1507 2141 1768 2191 perficiuntur.

154 2204 227 2252 ‘2er
251 2210 263 2230 1
267 2209 303 2224 i
305 2209 329 2224 ε
319 2203 363 2229 ed„
391 2200 534 2237 dictum
565 2207 620 2236 est
638 2198 658 2220 =1=
1480 2196 1481 2247 1
1561 2197 1620 2232 An
1639 2206 1799 2232 TERTttJM
1824 2206 2009 2232 mci-:unum
2034 2195 2141 2243 quod
2169 2195 2265 2232 sicut
2288 2196 2336 2233 ad
2367 2197 2574 2245 providen-

444 2254 669 2290 REspoum-:o
689 2263 875 2288 montinum
891 2250 995 2299 quod
1017 2249 1066 2286 ad
1085 2249 1341 2297 prudentiam,
1360 2249 1482 2292 sicut
1507 2249 1599 2285 tiam
1628 2248 1789 2296 pertinet
1816 2248 2035 2297 prospicere
2064 2248 2102 2285 id
2122 2249 2228 2297 quod
2253 2257 2308 2286 est
2335 2261 2405 2298 per
2423 2263 2463 2287 se
2483 2263 2574 2288 con-

154 2307 228 2326 '‘³¹-
246 2312 270 2332 1
273 2306 347 2327 ‘me-⁰³
391 2306 533 2343 dictum
571 2313 626 2342 est
644 2305 680 2351 ²¹⁸,
716 2304 920 2353 praecipue
949 2303 1111 2352 pertinet
1148 2309 1248 2338 recte
1277 2301 1483 2340 ordinare}
1507 2301 1667 2338 veniens
1701 2301 1788 2348 fini,
1835 2301 1886 2337 ita
1914 2302 1961 2338 ad
1992 2301 2375 2350 circumspectionem
2413 2304 2576 2352 pertinet

391 2359 531 2419 aliquid
569 2359 607 2395 in
644 2359 775 2395 finem
825 2357 943 2404 Quod
981 2355 1137 2404 quidem
1175 2362 1277 2392 recte
1306 2367 1386 2391 non
1414 2341 1483 2393 fit
1509 2354 1749 2391 considerare
1778 2365 1826 2390 an
1855 2354 1901 2391 sit
1930 2354 2164 2391 conveniens
2193 2354 2261 2391 fini
2289 2356 2502 2394 secundum
2530 2369 2575 2395 ea

392 2412 461 2449 nisi
482 2420 518 2448 et
536 2412 623 2449 finis
643 2411 689 2448 sit
707 2412 846 2457 bonus,
876 2417 913 2446 et
939 2409 978 2446 id
1007 2409 1112 2457 quod
1137 2408 1332 2445 ordinatur
1355 2408 1394 2444 in
1413 2408 1456 2445 fi-
1482 2399 1483 2469 1
1509 2419 1606 2456 quae
1623 2407 1875 2443 circumstant.
1910 2407 2124 2455 Utrumque
2140 2414 2268 2444 autem
2295 2409 2435 2446 horum
2459 2410 2576 2448 habet

392 2478 480 2502 nem
501 2465 546 2502 sit
566 2465 678 2502 etiarn
699 2440 847 2500 bonurri
869 2470 905 2499 et
921 2462 1154 2499 conveniens
1173 2461 1252 2499 fini.
1275 2460 1352 2498 Sed
1368 2460 1484 2508 quia
1481 2459 1714 2509 specialem
1736 2459 2010 2496 difficultatem.
2037 2461 2086 2497 Et
2105 2460 2193 2498 ideo
2212 2469 2418 2511 utrumque
2439 2475 2573 2501 eorum

156 2522 229 2542 Ἀΐῑ·
245 2527 264 2549 3·
391 2518 603 2568 prudentia,
635 2518 730 2554 sicut
758 2517 902 2554 dictum
924 2523 978 2552 est
992 2515 1024 2562 ³⁸,
1055 2523 1110 2552 est
1136 2515 1233 2551 circa
1257 2513 1458 2561 singularia
1481 2505 1483 2557 Ι
1510 2525 1683 2550 seorsum
1713 2512 1867 2561 ponitur
1894 2525 1982 2562 pars
2009 2513 2247 2562 prudentiae.

445 2650 471 2681 α)
491 2649 563 2674 circa
581 2650 651 2673 sunt.
664 2661 683 2666 —
694 2647 766 2672 circa
779 2653 806 2671 se
818 2649 881 2671 sunt
895 2646 962 2676 Dim,
977 2649 1051 2671 certa
1063 2649 1126 2670 sunt
1141 2646 1180 2670 ed.
1195 2653 1219 2675 a,
1235 2645 1411 2670 circumstant
1425 2644 1454 2668 P.
1562 2644 1588 2677 γ)
1608 2644 1848 2669 determinandum.
1869 2658 1883 2663 -
1904 2644 2126 2669 determinantem
2146 2645 2206 2676 DG;
2226 2652 2271 2670 eas
2289 2653 2343 2671 om.
2362 2646 2391 2671 C.

445 2684 470 2717 β)
490 2685 547 2709 hoc.
564 2697 583 2703 -
601 2683 643 2708 hic
661 2681 821 2713 ABEFpCK.

1289 2722 1295 2737 l

1171 2808 1489 2851 ARTICULUS
1520 2808 1794 2850 OCTAVUS

934 2913 1089 2943 UTRUM
1114 2911 1279 2943 CAUTIO
1303 2911 1476 2942 DEBEAT
1500 2910 1600 2942 PONI
1624 2910 1730 2941 PARS
1754 2910 2032 2941 PRUDENTIAE

1043 3000 1093 3030 Qu.
1113 3000 1247 3032 praeced.;
1265 2999 1297 3024 111
1317 2999 1399 3028 Sent„
1420 2998 1478 3024 dist.
1497 3006 1581 3029 xxxm,
1602 3006 1645 3031 qu.
1664 3006 1701 3029 111,
1721 3003 1768 3024 art.
1791 3006 1811 3029 ι,
1832 2998 1881 3031 qu*
1902 3006 1925 3023 2.

429 3088 490 3132 11²³»
511 3091 567 3124 μέ(
546 3096 583 3137 ,(11
607 3085 629 3109 D
650 3083 821 3109 ocTAVUM
841 3083 894 3108 sm
914 3082 1154 3108 PROCEDtTUR.
1175 3069 1335 3107 Videtur
1350 3070 1456 3118 quod
1564 3081 1598 3106 2.
1622 3070 1858 3116 PRAETEREA,
1890 3068 2059 3106 eiusdem
2091 3075 2146 3105 est
2173 3069 2379 3128 providere
2407 3070 2510 3108 bona
2538 3077 2576 3107 et

427 3117 578 3183 Ἑξὺᾼζιὴ
609 3125 731 3162 cautio
753 3136 830 3161 non
848 3124 985 3161 debeat
1003 3124 1095 3173 poni
1115 3136 1203 3172 pars
1218 3122 1454 3172 prudentiae.
1510 3134 1646 3159 cavere
1675 3122 1796 3159 mala:
1833 3121 1928 3159 sicut
1957 3122 2130 3159 eiusdem
2159 3122 2248 3159 artis
2281 3129 2338 3160 est
2364 3122 2489 3160 facere
2517 3134 2575 3160 sa—

414 3160 542 3261 ἱγῖν-
545 3164 577 3225 'ff
591 3176 597 3181 ’
610 3180 651 3215 In
670 3178 727 3214 his
749 3177 848 3214 enim
865 3177 903 3213 in
918 3177 1056 3225 quibus
1073 3189 1151 3214 non
1165 3184 1291 3226 potest
1310 3176 1454 3213 malurn
1510 3175 1667 3212 nitatem
1697 3182 1733 3212 et
1762 3187 1895 3212 curare
1924 3174 2212 3223 aegritudinem.
2261 3175 2339 3213 Sed
2372 3175 2575 3225 providere

470 3224 692 3268 “Nesse
730 3242 808 3267 non
846 3238 900 3267 est
937 3230 1151 3267 necessaria
1189 3229 1325 3266 cautio.
1379 3228 1456 3265 Sed
1511 3229 1614 3265 bona
1650 3228 1811 3277 pertinet
1849 3229 1897 3265 ad
1934 3226 2267 3277 providentiam&
2319 3229 2421 3277 Ergo
2461 3228 2574 3266 etiam

396 3285 594 3322 virtutibus
622 3296 732 3321 nemo
761 3283 860 3320 male
889 3283 1013 3328 utitur,
1043 3291 1083 3320 ut
1104 3283 1239 3320 dicitur
1258 3288 1275 3304 α
1303 3282 1341 3319 in
1361 3281 1457 3318 libro
1512 3294 1648 3318 cavere
1677 3282 1789 3318 mala.
1838 3282 1931 3318 Non
1960 3294 2050 3329 ergo
2081 3282 2205 3319 cautio
2234 3281 2348 3319 debet
2381 3281 2475 3331 poni
2503 3281 2577 3319 alia

162 3334 370 3387 LassPi·„}‚¹⁴³¹³·¹¹‘
398 3339 443 3375 de
470 3338 552 3374 Lib.
572 3338 666 3374 Arb.
686 3337 706 3359 '¹‘
734 3337 836 3384 Ergo
858 3336 981 3372 cautio
1011 3348 1088 3372 non
1117 3335 1278 3384 pertinet
1301 3335 1350 3373 ad
1369 3347 1457 3384 pru·
1512 3346 1599 3382 pars
1627 3334 1850 3383 prudentiae
1880 3347 1901 3371 a
1929 3335 2182 3384 providentia.

400 3391 577 3437 dentiam,
607 3403 706 3440 quae
735 3397 791 3426 est
820 3388 1002 3426 directiva
1030 3389 1226 3426 virtutum.
1484 3386 1485 3437 1
1568 3389 1602 3425 3.
1623 3389 1858 3434 PRAETEREA,
1889 3388 2014 3425 nullus
2042 3388 2212 3437 prudens
2241 3394 2399 3425 conatur
2427 3387 2477 3424 ad
2505 3386 2576 3424 im-

259 3282 275 3298 α

450 3522 478 3554 α)
498 3522 606 3547 dicitur.
623 3536 639 3541 —
660 3522 726 3547 dicit
743 3520 910 3554 Augustinus
928 3520 974 3545 Pa.
1564 3517 1589 3551 β)
1606 3519 1814 3551 providentiam.
1833 3533 1852 3539 -
1866 3518 2040 3551 prudentiam
2060 3517 2261 3550 PABDEFi-tpx
2280 3523 2305 3543 et
2323 3524 2386 3542 nna.

2600 623 2681 676 :4Cap.
2697 629 2732 650 ix,
2751 630 2810 646 vers.
