<?xml version="1.0" encoding="UTF-8"?>
<!DOCTYPE html PUBLIC "-//W3C//DTD XHTML 1.0 Transitional//EN"
    "http://www.w3.org/TR/xhtml1/DTD/xhtml1-transitional.dtd">
<html xmlns="http://www.w3.org/1999/xhtml" xml:lang="en" lang="en">
 <head>
  <title>
</title>
<meta http-equiv="Content-Type" content="text/html;charset=utf-8" />
  <meta name='ocr-system' content='tesseract 3.04.00' />
  <meta name='ocr-capabilities' content='ocr_page ocr_carea ocr_par ocr_line ocrx_word'/>
</head>
<body>
  <div class='ocr_page' id='page_1' title='image "./operaomniaiussui08thom/operaomniaiussui08thom_0401.png"; bbox 0 0 2892 4056; ppageno 0'>
   <div class='ocr_carea' id='block_1_1' title="bbox 73 387 282 439">
    <p class='ocr_par' dir='ltr' id='par_1_1' title="bbox 73 387 282 439">
     <span class='ocr_line' id='line_1_1' title="bbox 74 387 282 415; baseline 0 -7"><span class='ocrx_word' id='word_1_1' title='bbox 74 389 83 398; x_wconf 78' lang='lat'>⁸</span> <span class='ocrx_word' id='word_1_2' title='bbox 91 387 114 408; x_wconf 74' lang='lat'>1⁸</span> <span class='ocrx_word' id='word_1_3' title='bbox 119 387 173 414; x_wconf 65' lang='lat'>11²⁸,</span> <span class='ocrx_word' id='word_1_4' title='bbox 181 393 219 415; x_wconf 86' lang='lat' dir='ltr'>qu.</span> <span class='ocrx_word' id='word_1_5' title='bbox 226 393 254 408; x_wconf 84' lang='grc' dir='ltr'>ιν</span> <span class='ocrx_word' id='word_1_6' title='bbox 256 392 282 414; x_wconf 90' lang='grc' dir='ltr'>ιι,</span> 
     </span>
     <span class='ocr_line' id='line_1_2' title="bbox 73 417 151 439; baseline -0.013 -4"><span class='ocrx_word' id='word_1_7' title='bbox 73 417 114 435; x_wconf 84' lang='lat' dir='ltr'>art.</span> <span class='ocrx_word' id='word_1_8' title='bbox 129 421 151 439; x_wconf 83' lang='lat'>4.</span> 
     </span>
    </p>
   </div>
   <div class='ocr_carea' id='block_1_2' title="bbox 0 834 34 2111">
    <p class='ocr_par' dir='ltr' id='par_1_2' title="bbox 0 834 34 2111">
     <span class='ocr_line' id='line_1_3' title="bbox 0 834 34 2111; baseline 0 0"><span class='ocrx_word' id='word_1_9' title='bbox 0 834 34 2111; x_wconf 95' lang='lat' dir='ltr'> </span> 
     </span>
    </p>
   </div>
   <div class='ocr_carea' id='block_1_3' title="bbox 164 2865 287 2908">
    <p class='ocr_par' dir='ltr' id='par_1_3' title="bbox 164 2865 287 2908">
     <span class='ocr_line' id='line_1_4' title="bbox 164 2865 287 2886; baseline -0.008 -5"><span class='ocrx_word' id='word_1_10' title='bbox 164 2865 200 2886; x_wconf 88' lang='grc' dir='ltr'>ιιι,</span> <span class='ocrx_word' id='word_1_11' title='bbox 214 2865 237 2881; x_wconf 88' lang='grc' dir='ltr'>ιι.</span> <span class='ocrx_word' id='word_1_12' title='bbox 248 2865 269 2886; x_wconf 91' lang='lat'>7.</span> <span class='ocrx_word' id='word_1_13' title='bbox 277 2870 287 2875; x_wconf 88' lang='lat'><em>-</em></span> 
     </span>
     <span class='ocr_line' id='line_1_5' title="bbox 169 2886 269 2908; baseline 0 -1"><span class='ocrx_word' id='word_1_14' title='bbox 169 2886 221 2908; x_wconf 77' lang='lat' dir='ltr'>teet.</span> <span class='ocrx_word' id='word_1_15' title='bbox 235 2891 269 2907; x_wconf 80' lang='lat' dir='ltr'>vt.</span> 
     </span>
    </p>
   </div>
   <div class='ocr_carea' id='block_1_4' title="bbox 0 2806 14 2938">
    <p class='ocr_par' dir='ltr' id='par_1_4' title="bbox 0 2806 154 2938">
     <span class='ocr_line' id='line_1_6' title="bbox 0 2806 11 2821; baseline 0 -8"><span class='ocrx_word' id='word_1_16' title='bbox 0 2806 11 2821; x_wconf 74' lang='grc'>,,</span> 
     </span>
     <span class='ocr_line' id='line_1_7' title="bbox 0 2819 14 2938; baseline 0.013 -32"><span class='ocrx_word' id='word_1_17' title='bbox 0 2819 14 2938; x_wconf 63' lang='lat' dir='ltr'><strong>f</strong></span> 
     </span>
    </p>
   </div>
   <div class='ocr_carea' id='block_1_5' title="bbox 75 3016 287 3045">
    <p class='ocr_par' dir='ltr' id='par_1_5' title="bbox 75 3016 287 3045">
     <span class='ocr_line' id='line_1_8' title="bbox 75 3016 287 3045; baseline -0.005 -6"><span class='ocrx_word' id='word_1_18' title='bbox 75 3017 85 3028; x_wconf 86' lang='lat'><strong>·</strong></span> <span class='ocrx_word' id='word_1_19' title='bbox 95 3017 145 3039; x_wconf 78' lang='grc' dir='ltr'>Αη.</span> <span class='ocrx_word' id='word_1_20' title='bbox 153 3021 174 3043; x_wconf 78' lang='lat'>2,</span> <span class='ocrx_word' id='word_1_21' title='bbox 181 3022 229 3045; x_wconf 68' lang='lat' dir='ltr'>ug.</span> <span class='ocrx_word' id='word_1_22' title='bbox 237 3016 287 3038; x_wconf 71' lang='lat' dir='ltr'>Sea</span> 
     </span>
    </p>
   </div>
   <div class='ocr_carea' id='block_1_6' title="bbox 74 3045 284 3072">
    <p class='ocr_par' dir='ltr' id='par_1_6' title="bbox 74 3045 284 3072">
     <span class='ocr_line' id='line_1_9' title="bbox 74 3045 284 3072; baseline 0.01 -8"><span class='ocrx_word' id='word_1_23' title='bbox 74 3045 284 3072; x_wconf 75' lang='lat' dir='ltr'>con1.,·art.5,arg.¹.</span> 
     </span>
    </p>
   </div>
   <div class='ocr_carea' id='block_1_7' title="bbox 973 199 1828 247">
    <p class='ocr_par' dir='ltr' id='par_1_7' title="bbox 973 199 1828 247">
     <span class='ocr_line' id='line_1_10' title="bbox 973 199 1828 247; baseline 0.002 -12"><span class='ocrx_word' id='word_1_24' title='bbox 973 199 1240 245; x_wconf 88' lang='lat' dir='ltr'>QUAESTIO</span> <span class='ocrx_word' id='word_1_25' title='bbox 1272 200 1425 247; x_wconf 86' lang='lat' dir='ltr'>XLVII,</span> <span class='ocrx_word' id='word_1_26' title='bbox 1454 200 1749 237; x_wconf 90' lang='lat' dir='ltr'>ARTICULUS</span> <span class='ocrx_word' id='word_1_27' title='bbox 1777 201 1828 237; x_wconf 93' lang='lat' dir='ltr'>VI</span> 
     </span>
    </p>
   </div>
   <div class='ocr_carea' id='block_1_8' title="bbox 2412 205 2485 241">
    <p class='ocr_par' dir='ltr' id='par_1_8' title="bbox 2412 205 2485 241">
     <span class='ocr_line' id='line_1_11' title="bbox 2412 205 2485 241; baseline 0 0"><span class='ocrx_word' id='word_1_28' title='bbox 2412 205 2485 241; x_wconf 86' lang='lat'>353</span> 
     </span>
    </p>
   </div>
   <div class='ocr_carea' id='block_1_9' title="bbox 312 275 2487 329">
    <p class='ocr_par' dir='ltr' id='par_1_9' title="bbox 312 275 2487 329">
     <span class='ocr_line' id='line_1_12' title="bbox 312 275 2487 329; baseline 0.003 -17"><span class='ocrx_word' id='word_1_29' title='bbox 312 283 348 313; x_wconf 93' lang='lat' dir='ltr'>et</span> <span class='ocrx_word' id='word_1_30' title='bbox 365 275 607 322; x_wconf 86' lang='lat' dir='ltr'>huiusmodi;</span> <span class='ocrx_word' id='word_1_31' title='bbox 635 276 837 325; x_wconf 90' lang='lat' dir='ltr'>prudentia</span> <span class='ocrx_word' id='word_1_32' title='bbox 865 284 993 314; x_wconf 88' lang='lat' dir='ltr'>autem</span> <span class='ocrx_word' id='word_1_33' title='bbox 1018 285 1073 314; x_wconf 90' lang='lat' dir='ltr'>est</span> <span class='ocrx_word' id='word_1_34' title='bbox 1092 277 1191 314; x_wconf 89' lang='lat' dir='ltr'>circa</span> <span class='ocrx_word' id='word_1_35' title='bbox 1210 278 1372 326; x_wconf 85' lang='lat' dir='ltr'>agibilia,</span> <span class='ocrx_word' id='word_1_36' title='bbox 1399 277 1401 319; x_wconf 67' lang='grc' dir='ltr'><strong>ἱ</strong></span> <span class='ocrx_word' id='word_1_37' title='bbox 1427 278 1545 315; x_wconf 84' lang='lat' dir='ltr'>virtus</span> <span class='ocrx_word' id='word_1_38' title='bbox 1563 278 1716 316; x_wconf 91' lang='lat' dir='ltr'>moralis</span> <span class='ocrx_word' id='word_1_39' title='bbox 1744 280 1859 316; x_wconf 92' lang='lat' dir='ltr'>habet</span> <span class='ocrx_word' id='word_1_40' title='bbox 1887 279 2072 317; x_wconf 90' lang='lat' dir='ltr'>rationem</span> <span class='ocrx_word' id='word_1_41' title='bbox 2090 280 2237 318; x_wconf 90' lang='lat' dir='ltr'>virtutis</span> <span class='ocrx_word' id='word_1_42' title='bbox 2261 281 2487 329; x_wconf 84' lang='lat' dir='ltr'>inquantum</span> 
     </span>
    </p>
   </div>
   <div class='ocr_carea' id='block_1_10' title="bbox 311 328 1374 378">
    <p class='ocr_par' dir='ltr' id='par_1_10' title="bbox 311 328 1374 378">
     <span class='ocr_line' id='line_1_13' title="bbox 311 328 1374 378; baseline 0.001 -12"><span class='ocrx_word' id='word_1_43' title='bbox 311 341 409 378; x_wconf 85' lang='lat' dir='ltr'>quae</span> <span class='ocrx_word' id='word_1_44' title='bbox 438 328 614 365; x_wconf 87' lang='lat' dir='ltr'>scilieet</span> <span class='ocrx_word' id='word_1_45' title='bbox 606 341 644 366; x_wconf 84' lang='lat' dir='ltr'>in</span> <span class='ocrx_word' id='word_1_46' title='bbox 673 329 756 378; x_wconf 91' lang='lat' dir='ltr'>ipso</span> <span class='ocrx_word' id='word_1_47' title='bbox 785 337 967 378; x_wconf 85' lang='lat' dir='ltr'>operante</span> <span class='ocrx_word' id='word_1_48' title='bbox 995 330 1214 377; x_wconf 88' lang='lat' dir='ltr'>consistunt,</span> <span class='ocrx_word' id='word_1_49' title='bbox 1243 339 1285 367; x_wconf 92' lang='lat' dir='ltr'>ut</span> <span class='ocrx_word' id='word_1_50' title='bbox 1312 343 1374 367; x_wconf 93' lang='lat' dir='ltr'>su-</span> 
     </span>
    </p>
   </div>
   <div class='ocr_carea' id='block_1_11' title="bbox 309 381 1401 484">
    <p class='ocr_par' dir='ltr' id='par_1_11' title="bbox 309 381 1401 484">
     <span class='ocr_line' id='line_1_14' title="bbox 309 381 1401 430; baseline 0.002 -12"><span class='ocrx_word' id='word_1_51' title='bbox 309 394 378 430; x_wconf 85' lang='lat' dir='ltr'>pra</span> <span class='ocrx_word' id='word_1_52' title='bbox 396 381 416 403; x_wconf 78' lang='grc'>*</span> <span class='ocrx_word' id='word_1_53' title='bbox 445 381 615 418; x_wconf 87' lang='lat' dir='ltr'>habitum</span> <span class='ocrx_word' id='word_1_54' title='bbox 653 390 720 420; x_wconf 89' lang='lat' dir='ltr'>est.</span> <span class='ocrx_word' id='word_1_55' title='bbox 767 383 845 420; x_wconf 90' lang='lat' dir='ltr'>Sed</span> <span class='ocrx_word' id='word_1_56' title='bbox 880 395 903 420; x_wconf 89' lang='lat' dir='ltr'>a</span> <span class='ocrx_word' id='word_1_57' title='bbox 929 383 1129 420; x_wconf 88' lang='lat' dir='ltr'>virtutibus</span> <span class='ocrx_word' id='word_1_58' title='bbox 1165 383 1373 420; x_wconf 87' lang='lat' dir='ltr'>moralibus</span> <span class='ocrx_word' id='word_1_59' title='bbox 1399 399 1401 406; x_wconf 61' lang='lat'>.</span> 
     </span>
     <span class='ocr_line' id='line_1_15' title="bbox 310 434 1401 484; baseline 0.002 -13"><span class='ocrx_word' id='word_1_60' title='bbox 310 434 548 482; x_wconf 87' lang='lat' dir='ltr'>distinguitur</span> <span class='ocrx_word' id='word_1_61' title='bbox 569 435 770 484; x_wconf 90' lang='lat' dir='ltr'>prudentia</span> <span class='ocrx_word' id='word_1_62' title='bbox 798 436 1009 472; x_wconf 90' lang='lat' dir='ltr'>secundum</span> <span class='ocrx_word' id='word_1_63' title='bbox 1033 436 1234 473; x_wconf 90' lang='lat' dir='ltr'>formalem</span> <span class='ocrx_word' id='word_1_64' title='bbox 1263 436 1374 473; x_wconf 84' lang='lat' dir='ltr'>ratio-</span> <span class='ocrx_word' id='word_1_65' title='bbox 1398 458 1401 467; x_wconf 63' lang='grc' dir='ltr'>ι</span> 
     </span>
    </p>
   </div>
   <div class='ocr_carea' id='block_1_12' title="bbox 308 487 1374 591">
    <p class='ocr_par' dir='ltr' id='par_1_12' title="bbox 308 487 1374 591">
     <span class='ocr_line' id='line_1_16' title="bbox 309 487 1372 536; baseline 0.003 -13"><span class='ocrx_word' id='word_1_66' title='bbox 309 499 399 524; x_wconf 84' lang='lat' dir='ltr'>nem</span> <span class='ocrx_word' id='word_1_67' title='bbox 419 487 674 535; x_wconf 89' lang='lat' dir='ltr'>potentiarum</span> <span class='ocrx_word' id='word_1_68' title='bbox 695 488 964 526; x_wconf 87' lang='lat' dir='ltr'>distinctivam:</span> <span class='ocrx_word' id='word_1_69' title='bbox 985 488 1125 525; x_wconf 89' lang='lat' dir='ltr'>scilicet</span> <span class='ocrx_word' id='word_1_70' title='bbox 1144 489 1372 536; x_wconf 89' lang='lat' dir='ltr'>intellectivi,</span> 
     </span>
     <span class='ocr_line' id='line_1_17' title="bbox 308 540 1374 591; baseline 0.001 -14"><span class='ocrx_word' id='word_1_71' title='bbox 308 540 347 577; x_wconf 91' lang='lat' dir='ltr'>in</span> <span class='ocrx_word' id='word_1_72' title='bbox 375 552 452 589; x_wconf 92' lang='lat' dir='ltr'>quo</span> <span class='ocrx_word' id='word_1_73' title='bbox 482 547 539 577; x_wconf 89' lang='lat' dir='ltr'>est</span> <span class='ocrx_word' id='word_1_74' title='bbox 570 541 790 589; x_wconf 89' lang='lat' dir='ltr'>prudentia;</span> <span class='ocrx_word' id='word_1_75' title='bbox 829 549 867 578; x_wconf 92' lang='lat' dir='ltr'>et</span> <span class='ocrx_word' id='word_1_76' title='bbox 893 540 1109 590; x_wconf 90' lang='lat' dir='ltr'>appetitivi,</span> <span class='ocrx_word' id='word_1_77' title='bbox 1144 542 1182 578; x_wconf 92' lang='lat' dir='ltr'>in</span> <span class='ocrx_word' id='word_1_78' title='bbox 1210 555 1287 591; x_wconf 94' lang='lat' dir='ltr'>quo</span> <span class='ocrx_word' id='word_1_79' title='bbox 1318 549 1374 579; x_wconf 87' lang='lat' dir='ltr'>est</span> 
     </span>
    </p>
   </div>
   <div class='ocr_carea' id='block_1_13' title="bbox 307 646 1373 736">
    <p class='ocr_par' dir='ltr' id='par_1_13' title="bbox 307 646 1373 736">
     <span class='ocr_line' id='line_1_18' title="bbox 309 646 1373 694; baseline 0.002 -12"><span class='ocrx_word' id='word_1_80' title='bbox 309 658 391 683; x_wconf 90' lang='lat' dir='ltr'>esse</span> <span class='ocrx_word' id='word_1_81' title='bbox 420 646 625 694; x_wconf 87' lang='lat' dir='ltr'>specialem</span> <span class='ocrx_word' id='word_1_82' title='bbox 653 647 835 684; x_wconf 89' lang='lat' dir='ltr'>virtutem</span> <span class='ocrx_word' id='word_1_83' title='bbox 863 647 912 683; x_wconf 89' lang='lat' dir='ltr'>ab</span> <span class='ocrx_word' id='word_1_84' title='bbox 940 646 1121 683; x_wconf 90' lang='lat' dir='ltr'>omnibus</span> <span class='ocrx_word' id='word_1_85' title='bbox 1150 647 1229 683; x_wconf 90' lang='lat' dir='ltr'>aliis</span> <span class='ocrx_word' id='word_1_86' title='bbox 1256 648 1373 685; x_wconf 90' lang='lat' dir='ltr'>virtu-</span> 
     </span>
     <span class='ocr_line' id='line_1_19' title="bbox 307 699 666 736; baseline 0 0"><span class='ocrx_word' id='word_1_87' title='bbox 307 699 409 736; x_wconf 92' lang='lat' dir='ltr'>tibus</span> <span class='ocrx_word' id='word_1_88' title='bbox 439 699 666 736; x_wconf 87' lang='lat' dir='ltr'>distinctam.</span> 
     </span>
    </p>
   </div>
   <div class='ocr_carea' id='block_1_14' title="bbox 307 857 1400 1013">
    <p class='ocr_par' dir='ltr' id='par_1_14' title="bbox 307 857 1400 1013">
     <span class='ocr_line' id='line_1_20' title="bbox 308 857 1400 916; baseline 0 -21"><span class='ocrx_word' id='word_1_89' title='bbox 308 858 455 895; x_wconf 89' lang='lat' dir='ltr'>morali.</span> <span class='ocrx_word' id='word_1_90' title='bbox 487 859 529 895; x_wconf 92' lang='lat' dir='ltr'>ln</span> <span class='ocrx_word' id='word_1_91' title='bbox 553 857 660 895; x_wconf 89' lang='lat' dir='ltr'>cuius</span> <span class='ocrx_word' id='word_1_92' title='bbox 680 857 902 896; x_wconf 90' lang='lat' dir='ltr'>definitione</span> <span class='ocrx_word' id='word_1_93' title='bbox 926 857 1198 894; x_wconf 88' lang='lat' dir='ltr'>convenienter</span> <span class='ocrx_word' id='word_1_94' title='bbox 1219 858 1400 916; x_wconf 87' lang='lat' dir='ltr'>ponitur</span> 
     </span>
     <span class='ocr_line' id='line_1_21' title="bbox 307 909 1372 948; baseline -0.001 0"><span class='ocrx_word' id='word_1_95' title='bbox 307 911 425 948; x_wconf 86' lang='lat' dir='ltr'>virtus</span> <span class='ocrx_word' id='word_1_96' title='bbox 452 910 709 948; x_wconf 87' lang='lat' dir='ltr'>intellectualis</span> <span class='ocrx_word' id='word_1_97' title='bbox 738 909 1028 947; x_wconf 89' lang='lat' dir='ltr'>communicans</span> <span class='ocrx_word' id='word_1_98' title='bbox 1047 910 1086 946; x_wconf 91' lang='lat' dir='ltr'>in</span> <span class='ocrx_word' id='word_1_99' title='bbox 1105 910 1264 947; x_wconf 89' lang='lat' dir='ltr'>materia</span> <span class='ocrx_word' id='word_1_100' title='bbox 1284 923 1372 947; x_wconf 91' lang='lat' dir='ltr'>cum</span> 
     </span>
     <span class='ocr_line' id='line_1_22' title="bbox 307 958 1400 1013; baseline 0 -13"><span class='ocrx_word' id='word_1_101' title='bbox 307 964 403 1013; x_wconf 89' lang='lat' dir='ltr'>ipsa,</span> <span class='ocrx_word' id='word_1_102' title='bbox 423 963 564 1000; x_wconf 88' lang='lat' dir='ltr'>scilicet</span> <span class='ocrx_word' id='word_1_103' title='bbox 581 963 799 1012; x_wconf 90' lang='lat' dir='ltr'>prudentia:</span> <span class='ocrx_word' id='word_1_104' title='bbox 819 962 910 1011; x_wconf 91' lang='lat' dir='ltr'>quia</span> <span class='ocrx_word' id='word_1_105' title='bbox 933 962 1028 999; x_wconf 92' lang='lat' dir='ltr'>sicut</span> <span class='ocrx_word' id='word_1_106' title='bbox 1046 962 1194 999; x_wconf 90' lang='lat' dir='ltr'>virtutis</span> <span class='ocrx_word' id='word_1_107' title='bbox 1218 958 1400 1000; x_wconf 89' lang='lat' dir='ltr'>moralis</span> 
     </span>
    </p>
   </div>
   <div class='ocr_carea' id='block_1_15' title="bbox 1399 330 2487 487">
    <p class='ocr_par' dir='ltr' id='par_1_15' title="bbox 1399 330 2487 486">
     <span class='ocr_line' id='line_1_23' title="bbox 1399 330 2161 379; baseline 0.004 -12.117"><span class='ocrx_word' id='word_1_108' title='bbox 1399 330 1624 379; x_wconf 90' lang='lat' dir='ltr'>participat</span> <span class='ocrx_word' id='word_1_109' title='bbox 1650 332 1829 369; x_wconf 89' lang='lat' dir='ltr'>virtutem</span> <span class='ocrx_word' id='word_1_110' title='bbox 1858 332 2161 370; x_wconf 86' lang='lat' dir='ltr'>intellectualem.</span> 
     </span>
     <span class='ocr_line' id='line_1_24' title="bbox 1480 386 2487 434; baseline 0.003 -14"><span class='ocrx_word' id='word_1_111' title='bbox 1480 386 1540 420; x_wconf 85' lang='lat' dir='ltr'>An</span> <span class='ocrx_word' id='word_1_112' title='bbox 1577 396 1766 422; x_wconf 77' lang='lat' dir='ltr'>SECUNDUM</span> <span class='ocrx_word' id='word_1_113' title='bbox 1802 397 1987 423; x_wconf 76' lang='lat' dir='ltr'>mcENDUM</span> <span class='ocrx_word' id='word_1_114' title='bbox 2022 386 2127 434; x_wconf 91' lang='lat' dir='ltr'>quod</span> <span class='ocrx_word' id='word_1_115' title='bbox 2164 398 2209 422; x_wconf 88' lang='lat' dir='ltr'>ex</span> <span class='ocrx_word' id='word_1_116' title='bbox 2246 386 2308 422; x_wconf 92' lang='lat' dir='ltr'>illa</span> <span class='ocrx_word' id='word_1_117' title='bbox 2344 387 2487 423; x_wconf 90' lang='lat' dir='ltr'>ratione</span> 
     </span>
     <span class='ocr_line' id='line_1_25' title="bbox 1425 437 2487 487; baseline 0.002 -13"><span class='ocrx_word' id='word_1_118' title='bbox 1425 437 1587 474; x_wconf 89' lang='lat' dir='ltr'>habetur</span> <span class='ocrx_word' id='word_1_119' title='bbox 1614 437 1719 485; x_wconf 93' lang='lat' dir='ltr'>quod</span> <span class='ocrx_word' id='word_1_120' title='bbox 1747 438 1947 486; x_wconf 92' lang='lat' dir='ltr'>prudentia</span> <span class='ocrx_word' id='word_1_121' title='bbox 1974 438 2128 476; x_wconf 91' lang='lat' dir='ltr'>adiuvet</span> <span class='ocrx_word' id='word_1_122' title='bbox 2156 451 2292 476; x_wconf 91' lang='lat' dir='ltr'>omnes</span> <span class='ocrx_word' id='word_1_123' title='bbox 2319 439 2487 487; x_wconf 91' lang='lat' dir='ltr'>virtutes,</span> 
     </span>
    </p>
   </div>
   <div class='ocr_carea' id='block_1_16' title="bbox 1399 470 2488 539">
    <p class='ocr_par' dir='ltr' id='par_1_16' title="bbox 1399 470 2488 539">
     <span class='ocr_line' id='line_1_26' title="bbox 1399 470 2488 539; baseline 0.004 -14"><span class='ocrx_word' id='word_1_124' title='bbox 1399 512 1400 519; x_wconf 33' lang='grc' dir='ltr'>ι</span> <span class='ocrx_word' id='word_1_125' title='bbox 1428 497 1464 526; x_wconf 92' lang='lat' dir='ltr'>et</span> <span class='ocrx_word' id='word_1_126' title='bbox 1486 489 1524 526; x_wconf 92' lang='lat' dir='ltr'>in</span> <span class='ocrx_word' id='word_1_127' title='bbox 1544 490 1724 526; x_wconf 90' lang='lat' dir='ltr'>omnibus</span> <span class='ocrx_word' id='word_1_128' title='bbox 1753 498 1941 539; x_wconf 87' lang='lat' dir='ltr'>operetur.</span> <span class='ocrx_word' id='word_1_129' title='bbox 1972 491 2050 528; x_wconf 90' lang='lat' dir='ltr'>Sed</span> <span class='ocrx_word' id='word_1_130' title='bbox 2076 492 2151 529; x_wconf 91' lang='lat' dir='ltr'>hoc</span> <span class='ocrx_word' id='word_1_131' title='bbox 2179 504 2258 528; x_wconf 92' lang='lat' dir='ltr'>non</span> <span class='ocrx_word' id='word_1_132' title='bbox 2277 492 2415 529; x_wconf 87' lang='lat' dir='ltr'>sufficit</span> <span class='ocrx_word' id='word_1_133' title='bbox 2439 470 2488 529; x_wconf 85' lang='lat' dir='ltr'>ad</span> 
     </span>
    </p>
   </div>
   <div class='ocr_carea' id='block_1_17' title="bbox 308 542 2489 643">
    <p class='ocr_par' dir='ltr' id='par_1_17' title="bbox 308 542 2489 643">
     <span class='ocr_line' id='line_1_27' title="bbox 1398 542 2489 602; baseline 0.003 -23"><span class='ocrx_word' id='word_1_134' title='bbox 1398 561 1400 590; x_wconf 66' lang='lat'>3</span> <span class='ocrx_word' id='word_1_135' title='bbox 1427 542 1707 579; x_wconf 88' lang='lat' dir='ltr'>ostendendum</span> <span class='ocrx_word' id='word_1_136' title='bbox 1727 545 1832 602; x_wconf 85' lang='lat' dir='ltr'>quod</span> <span class='ocrx_word' id='word_1_137' title='bbox 1857 556 1934 581; x_wconf 92' lang='lat' dir='ltr'>non</span> <span class='ocrx_word' id='word_1_138' title='bbox 1964 544 2010 580; x_wconf 92' lang='lat' dir='ltr'>sit</span> <span class='ocrx_word' id='word_1_139' title='bbox 2031 544 2151 582; x_wconf 89' lang='lat' dir='ltr'>virtus</span> <span class='ocrx_word' id='word_1_140' title='bbox 2179 545 2371 594; x_wconf 89' lang='lat' dir='ltr'>specialis:</span> <span class='ocrx_word' id='word_1_141' title='bbox 2401 546 2489 594; x_wconf 92' lang='lat' dir='ltr'>quia</span> 
     </span>
     <span class='ocr_line' id='line_1_28' title="bbox 308 592 1400 643; baseline 0.001 -13"><span class='ocrx_word' id='word_1_142' title='bbox 308 593 428 630; x_wconf 86' lang='lat' dir='ltr'>virtus</span> <span class='ocrx_word' id='word_1_143' title='bbox 448 594 613 631; x_wconf 88' lang='lat' dir='ltr'>moralis.</span> <span class='ocrx_word' id='word_1_144' title='bbox 643 594 755 631; x_wconf 88' lang='lat' dir='ltr'>Unde</span> <span class='ocrx_word' id='word_1_145' title='bbox 783 593 1027 631; x_wconf 84' lang='lat' dir='ltr'>manifestum</span> <span class='ocrx_word' id='word_1_146' title='bbox 1056 602 1112 631; x_wconf 92' lang='lat' dir='ltr'>est</span> <span class='ocrx_word' id='word_1_147' title='bbox 1134 595 1373 643; x_wconf 89' lang='lat' dir='ltr'>prudentiam</span> <span class='ocrx_word' id='word_1_148' title='bbox 1399 592 1400 631; x_wconf 66' lang='lat' dir='ltr'>J</span> 
     </span>
    </p>
   </div>
   <div class='ocr_carea' id='block_1_18' title="bbox 1427 592 2488 647">
    <p class='ocr_par' dir='ltr' id='par_1_18' title="bbox 1427 592 2488 647">
     <span class='ocr_line' id='line_1_29' title="bbox 1427 592 2488 647; baseline 0.004 -16"><span class='ocrx_word' id='word_1_149' title='bbox 1427 595 1517 632; x_wconf 89' lang='lat' dir='ltr'>nihil</span> <span class='ocrx_word' id='word_1_150' title='bbox 1545 592 1748 644; x_wconf 86' lang='lat' dir='ltr'>prohibet&#39;</span> <span class='ocrx_word' id='word_1_151' title='bbox 1740 608 1778 632; x_wconf 82' lang='lat' dir='ltr'>in</span> <span class='ocrx_word' id='word_1_152' title='bbox 1798 596 1926 645; x_wconf 90' lang='lat' dir='ltr'>aliquo</span> <span class='ocrx_word' id='word_1_153' title='bbox 1947 609 2084 644; x_wconf 91' lang='lat' dir='ltr'>genere</span> <span class='ocrx_word' id='word_1_154' title='bbox 2105 610 2187 634; x_wconf 93' lang='lat' dir='ltr'>esse</span> <span class='ocrx_word' id='word_1_155' title='bbox 2213 598 2379 646; x_wconf 88' lang='lat' dir='ltr'>aliquam</span> <span class='ocrx_word' id='word_1_156' title='bbox 2404 611 2488 647; x_wconf 93' lang='lat' dir='ltr'>spe-</span> 
     </span>
    </p>
   </div>
   <div class='ocr_carea' id='block_1_19' title="bbox 361 648 2489 811">
    <p class='ocr_par' dir='ltr' id='par_1_19' title="bbox 361 648 2489 800">
     <span class='ocr_line' id='line_1_30' title="bbox 1398 648 2488 700; baseline 0.004 -16"><span class='ocrx_word' id='word_1_157' title='bbox 1398 663 1400 699; x_wconf 54' lang='lat'><em>]</em></span> <span class='ocrx_word' id='word_1_158' title='bbox 1427 648 1524 684; x_wconf 90' lang='lat' dir='ltr'>ciem</span> <span class='ocrx_word' id='word_1_159' title='bbox 1553 660 1652 696; x_wconf 93' lang='lat' dir='ltr'>quae</span> <span class='ocrx_word' id='word_1_160' title='bbox 1685 648 1893 697; x_wconf 88' lang='lat' dir='ltr'>aliqualiter</span> <span class='ocrx_word' id='word_1_161' title='bbox 1920 658 2097 698; x_wconf 89' lang='lat' dir='ltr'>operetur</span> <span class='ocrx_word' id='word_1_162' title='bbox 2124 651 2162 687; x_wconf 93' lang='lat' dir='ltr'>in</span> <span class='ocrx_word' id='word_1_163' title='bbox 2195 651 2375 688; x_wconf 91' lang='lat' dir='ltr'>omnibus</span> <span class='ocrx_word' id='word_1_164' title='bbox 2404 664 2488 700; x_wconf 91' lang='lat' dir='ltr'>spe-</span> 
     </span>
     <span class='ocr_line' id='line_1_31' title="bbox 1398 701 2489 752; baseline 0.004 -15"><span class='ocrx_word' id='word_1_165' title='bbox 1398 704 1400 716; x_wconf 70' lang='lat'><em>*</em></span> <span class='ocrx_word' id='word_1_166' title='bbox 1427 701 1555 737; x_wconf 94' lang='lat' dir='ltr'>ciebus</span> <span class='ocrx_word' id='word_1_167' title='bbox 1575 701 1747 738; x_wconf 90' lang='lat' dir='ltr'>eiusdem</span> <span class='ocrx_word' id='word_1_168' title='bbox 1767 702 1931 749; x_wconf 89' lang='lat' dir='ltr'>generis;</span> <span class='ocrx_word' id='word_1_169' title='bbox 1951 702 2047 739; x_wconf 89' lang='lat' dir='ltr'>sicut</span> <span class='ocrx_word' id='word_1_170' title='bbox 2062 704 2119 739; x_wconf 95' lang='lat' dir='ltr'>sol</span> <span class='ocrx_word' id='word_1_171' title='bbox 2139 703 2348 752; x_wconf 89' lang='lat' dir='ltr'>aliqualiter</span> <span class='ocrx_word' id='word_1_172' title='bbox 2366 704 2489 741; x_wconf 87' lang='lat' dir='ltr'>influit</span> 
     </span>
     <span class='ocr_line' id='line_1_32' title="bbox 361 751 1400 811; baseline 0 -22"><span class='ocrx_word' id='word_1_173' title='bbox 361 754 420 789; x_wconf 84' lang='lat' dir='ltr'>An</span> <span class='ocrx_word' id='word_1_174' title='bbox 450 764 587 790; x_wconf 68' lang='lat' dir='ltr'>ptumum</span> <span class='ocrx_word' id='word_1_175' title='bbox 619 763 718 790; x_wconf 81' lang='lat' dir='ltr'>ERGO</span> <span class='ocrx_word' id='word_1_176' title='bbox 754 763 940 789; x_wconf 70' lang='lat' dir='ltr'>monimum</span> <span class='ocrx_word' id='word_1_177' title='bbox 969 751 1075 811; x_wconf 83' lang='lat' dir='ltr'>quod</span> <span class='ocrx_word' id='word_1_178' title='bbox 1112 752 1174 788; x_wconf 93' lang='lat' dir='ltr'>illa</span> <span class='ocrx_word' id='word_1_179' title='bbox 1202 752 1371 789; x_wconf 89' lang='lat' dir='ltr'>definitio</span> <span class='ocrx_word' id='word_1_180' title='bbox 1398 751 1400 761; x_wconf 62' lang='lat'><strong><em>³</em></strong></span> 
     </span>
    </p>
   </div>
   <div class='ocr_carea' id='block_1_20' title="bbox 308 804 1372 851">
    <p class='ocr_par' dir='ltr' id='par_1_20' title="bbox 308 795 1400 851">
     <span class='ocr_line' id='line_1_33' title="bbox 308 804 1372 851; baseline 0 -9"><span class='ocrx_word' id='word_1_181' title='bbox 308 817 388 842; x_wconf 90' lang='lat' dir='ltr'>non</span> <span class='ocrx_word' id='word_1_182' title='bbox 412 805 522 842; x_wconf 90' lang='lat' dir='ltr'>datur</span> <span class='ocrx_word' id='word_1_183' title='bbox 541 805 588 842; x_wconf 90' lang='lat' dir='ltr'>de</span> <span class='ocrx_word' id='word_1_184' title='bbox 607 805 747 842; x_wconf 89' lang='lat' dir='ltr'>virtute</span> <span class='ocrx_word' id='word_1_185' title='bbox 770 804 809 842; x_wconf 91' lang='lat' dir='ltr'>in</span> <span class='ocrx_word' id='word_1_186' title='bbox 837 805 1046 851; x_wconf 86' lang='lat' dir='ltr'>communi,</span> <span class='ocrx_word' id='word_1_187' title='bbox 1071 805 1138 841; x_wconf 91' lang='lat' dir='ltr'>sed</span> <span class='ocrx_word' id='word_1_188' title='bbox 1164 805 1211 841; x_wconf 93' lang='lat' dir='ltr'>de</span> <span class='ocrx_word' id='word_1_189' title='bbox 1234 806 1372 842; x_wconf 88' lang='lat' dir='ltr'>virtute</span> 
     </span>
    </p>
   </div>
   <div class='ocr_carea' id='block_1_21' title="bbox 1426 753 2488 908">
    <p class='ocr_par' dir='ltr' id='par_1_21' title="bbox 1426 753 2488 908">
     <span class='ocr_line' id='line_1_34' title="bbox 1426 753 1829 802; baseline 0.002 -12"><span class='ocrx_word' id='word_1_190' title='bbox 1426 753 1464 791; x_wconf 92' lang='lat' dir='ltr'>in</span> <span class='ocrx_word' id='word_1_191' title='bbox 1493 754 1625 790; x_wconf 90' lang='lat' dir='ltr'>omnia</span> <span class='ocrx_word' id='word_1_192' title='bbox 1653 766 1829 802; x_wconf 87' lang='lat' dir='ltr'>corpora.</span> 
     </span>
     <span class='ocr_line' id='line_1_35' title="bbox 1478 808 2488 857; baseline 0.004 -15"><span class='ocrx_word' id='word_1_193' title='bbox 1478 808 1537 843; x_wconf 80' lang='lat' dir='ltr'>An</span> <span class='ocrx_word' id='word_1_194' title='bbox 1551 818 1712 843; x_wconf 74' lang='lat' dir='ltr'>TER-rium</span> <span class='ocrx_word' id='word_1_195' title='bbox 1731 818 1916 844; x_wconf 66' lang='lat' dir='ltr'>memnon</span> <span class='ocrx_word' id='word_1_196' title='bbox 1936 808 2041 856; x_wconf 93' lang='lat' dir='ltr'>quod</span> <span class='ocrx_word' id='word_1_197' title='bbox 2060 808 2211 855; x_wconf 88' lang='lat' dir='ltr'>agibilia</span> <span class='ocrx_word' id='word_1_198' title='bbox 2229 817 2317 846; x_wconf 91' lang='lat' dir='ltr'>sunt</span> <span class='ocrx_word' id='word_1_199' title='bbox 2331 810 2488 857; x_wconf 90' lang='lat' dir='ltr'>quidem</span> 
     </span>
     <span class='ocr_line' id='line_1_36' title="bbox 1426 859 2488 908; baseline 0.004 -13"><span class='ocrx_word' id='word_1_200' title='bbox 1426 859 1583 895; x_wconf 90' lang='lat' dir='ltr'>materia</span> <span class='ocrx_word' id='word_1_201' title='bbox 1597 859 1821 907; x_wconf 88' lang='lat' dir='ltr'>prudentiae</span> <span class='ocrx_word' id='word_1_202' title='bbox 1841 861 2053 897; x_wconf 90' lang='lat' dir='ltr'>secundum</span> <span class='ocrx_word' id='word_1_203' title='bbox 2069 861 2174 908; x_wconf 93' lang='lat' dir='ltr'>quod</span> <span class='ocrx_word' id='word_1_204' title='bbox 2194 869 2282 899; x_wconf 91' lang='lat' dir='ltr'>sunt</span> <span class='ocrx_word' id='word_1_205' title='bbox 2295 863 2488 899; x_wconf 90' lang='lat' dir='ltr'>obiectum</span> 
     </span>
    </p>
   </div>
   <div class='ocr_carea' id='block_1_22' title="bbox 1398 907 2489 1014">
    <p class='ocr_par' dir='ltr' id='par_1_22' title="bbox 1398 907 2489 1014">
     <span class='ocr_line' id='line_1_37' title="bbox 1399 907 2489 958; baseline 0.002 -8"><span class='ocrx_word' id='word_1_206' title='bbox 1399 947 1400 950; x_wconf 74' lang='grc'>,</span> <span class='ocrx_word' id='word_1_207' title='bbox 1399 907 1590 958; x_wconf 91' lang='lat' dir='ltr'>rationis,</span> <span class='ocrx_word' id='word_1_208' title='bbox 1602 911 1742 948; x_wconf 90' lang='lat' dir='ltr'>scilicet</span> <span class='ocrx_word' id='word_1_209' title='bbox 1756 913 1827 949; x_wconf 87' lang='lat' dir='ltr'>sub</span> <span class='ocrx_word' id='word_1_210' title='bbox 1843 913 1988 950; x_wconf 91' lang='lat' dir='ltr'>ratione</span> <span class='ocrx_word' id='word_1_211' title='bbox 2003 913 2097 950; x_wconf 90' lang='lat' dir='ltr'>veri.</span> <span class='ocrx_word' id='word_1_212' title='bbox 2115 915 2212 950; x_wconf 90' lang='lat' dir='ltr'>Sunt</span> <span class='ocrx_word' id='word_1_213' title='bbox 2227 922 2354 951; x_wconf 89' lang='lat' dir='ltr'>autem</span> <span class='ocrx_word' id='word_1_214' title='bbox 2370 923 2489 952; x_wconf 91' lang='lat' dir='ltr'>mate-</span> 
     </span>
     <span class='ocr_line' id='line_1_38' title="bbox 1398 963 2489 1014; baseline 0.005 -15"><span class='ocrx_word' id='word_1_215' title='bbox 1398 977 1400 1004; x_wconf 56' lang='grc' dir='ltr'><strong>ς</strong></span> <span class='ocrx_word' id='word_1_216' title='bbox 1426 963 1480 1000; x_wconf 89' lang='lat' dir='ltr'>ria</span> <span class='ocrx_word' id='word_1_217' title='bbox 1500 964 1702 1001; x_wconf 90' lang='lat' dir='ltr'>moralium</span> <span class='ocrx_word' id='word_1_218' title='bbox 1721 964 1905 1002; x_wconf 85' lang='lat' dir='ltr'>virtutum</span> <span class='ocrx_word' id='word_1_219' title='bbox 1921 966 2135 1003; x_wconf 89' lang='lat' dir='ltr'>secundum</span> <span class='ocrx_word' id='word_1_220' title='bbox 2155 967 2260 1014; x_wconf 93' lang='lat' dir='ltr'>quod</span> <span class='ocrx_word' id='word_1_221' title='bbox 2280 976 2366 1005; x_wconf 90' lang='lat' dir='ltr'>sunt</span> <span class='ocrx_word' id='word_1_222' title='bbox 2385 968 2489 1005; x_wconf 87' lang='lat' dir='ltr'>obie-</span> 
     </span>
    </p>
   </div>
   <div class='ocr_carea' id='block_1_23' title="bbox 308 1010 2487 1065">
    <p class='ocr_par' dir='ltr' id='par_1_23' title="bbox 308 1010 2487 1065">
     <span class='ocr_line' id='line_1_39' title="bbox 308 1010 2487 1065; baseline 0.003 -12"><span class='ocrx_word' id='word_1_223' title='bbox 308 1016 521 1054; x_wconf 91' lang='lat' dir='ltr'>subiectum</span> <span class='ocrx_word' id='word_1_224' title='bbox 560 1024 616 1053; x_wconf 90' lang='lat' dir='ltr'>est</span> <span class='ocrx_word' id='word_1_225' title='bbox 642 1015 786 1063; x_wconf 91' lang='lat' dir='ltr'>aliquid</span> <span class='ocrx_word' id='word_1_226' title='bbox 821 1015 1050 1064; x_wconf 90' lang='lat' dir='ltr'>participans</span> <span class='ocrx_word' id='word_1_227' title='bbox 1079 1015 1225 1052; x_wconf 89' lang='lat' dir='ltr'>ratione</span> <span class='ocrx_word' id='word_1_228' title='bbox 1252 1020 1284 1062; x_wconf 66' lang='grc' dir='ltr'>Ἰ,</span> <span class='ocrx_word' id='word_1_229' title='bbox 1323 1016 1372 1052; x_wconf 87' lang='lat' dir='ltr'>ita</span> <span class='ocrx_word' id='word_1_230' title='bbox 1398 1010 1401 1062; x_wconf 55' lang='lat'>1</span> <span class='ocrx_word' id='word_1_231' title='bbox 1426 1023 1528 1052; x_wconf 89' lang='lat' dir='ltr'>ctum</span> <span class='ocrx_word' id='word_1_232' title='bbox 1547 1016 1695 1053; x_wconf 86' lang='lat' dir='ltr'>virtutis</span> <span class='ocrx_word' id='word_1_233' title='bbox 1709 1018 1952 1065; x_wconf 86' lang='lat' dir='ltr'>appetitivae,</span> <span class='ocrx_word' id='word_1_234' title='bbox 1974 1019 2113 1056; x_wconf 89' lang='lat' dir='ltr'>scilicet</span> <span class='ocrx_word' id='word_1_235' title='bbox 2131 1020 2202 1056; x_wconf 94' lang='lat' dir='ltr'>sub</span> <span class='ocrx_word' id='word_1_236' title='bbox 2224 1020 2370 1058; x_wconf 89' lang='lat' dir='ltr'>ratione</span> <span class='ocrx_word' id='word_1_237' title='bbox 2385 1022 2487 1061; x_wconf 91' lang='lat' dir='ltr'>boni.</span> 
     </span>
    </p>
   </div>
   <div class='ocr_carea' id='block_1_24' title="bbox 358 1127 778 1162">
    <p class='ocr_par' dir='ltr' id='par_1_24' title="bbox 358 1127 778 1162">
     <span class='ocr_line' id='line_1_40' title="bbox 358 1127 778 1162; baseline -0.002 -9"><span class='ocrx_word' id='word_1_238' title='bbox 358 1128 386 1162; x_wconf 85' lang='grc' dir='ltr'>γ)</span> <span class='ocrx_word' id='word_1_239' title='bbox 405 1128 522 1153; x_wconf 75' lang='lat' dir='ltr'>ratione.</span> <span class='ocrx_word' id='word_1_240' title='bbox 539 1140 560 1147; x_wconf 89' lang='lat'>·-</span> <span class='ocrx_word' id='word_1_241' title='bbox 577 1128 711 1153; x_wconf 72' lang='lat' dir='ltr'>rationem</span> <span class='ocrx_word' id='word_1_242' title='bbox 731 1127 778 1152; x_wconf 74' lang='lat' dir='ltr'>Px.</span> 
     </span>
    </p>
   </div>
   <div class='ocr_carea' id='block_1_25' title="bbox 977 1198 1817 1233">
    <p class='ocr_par' dir='ltr' id='par_1_25' title="bbox 977 1198 1817 1233">
     <span class='ocr_line' id='line_1_41' title="bbox 977 1198 1817 1233; baseline 0.002 -2"><span class='ocrx_word' id='word_1_243' title='bbox 977 1198 1313 1231; x_wconf 74' lang='lat' dir='ltr'>Commentaria</span> <span class='ocrx_word' id='word_1_244' title='bbox 1336 1199 1590 1233; x_wconf 77' lang='lat' dir='ltr'>cardinalis</span> <span class='ocrx_word' id='word_1_245' title='bbox 1612 1199 1817 1233; x_wconf 72' lang='lat' dir='ltr'>Caietam</span> 
     </span>
    </p>
   </div>
   <div class='ocr_carea' id='block_1_26' title="bbox 305 1268 1375 1793">
    <p class='ocr_par' dir='ltr' id='par_1_26' title="bbox 306 1268 1374 1574">
     <span class='ocr_line' id='line_1_42' title="bbox 337 1268 1372 1311; baseline -0.002 -8.913"><span class='ocrx_word' id='word_1_246' title='bbox 337 1270 514 1303; x_wconf 72' lang='lat' dir='ltr'>narticulo</span> <span class='ocrx_word' id='word_1_247' title='bbox 502 1269 662 1311; x_wconf 73' lang='lat' dir='ltr'>quinto,</span> <span class='ocrx_word' id='word_1_248' title='bbox 696 1268 730 1299; x_wconf 92' lang='lat' dir='ltr'>in</span> <span class='ocrx_word' id='word_1_249' title='bbox 757 1269 966 1310; x_wconf 86' lang='lat' dir='ltr'>responsione</span> <span class='ocrx_word' id='word_1_250' title='bbox 1000 1270 1040 1300; x_wconf 88' lang='lat' dir='ltr'>ad</span> <span class='ocrx_word' id='word_1_251' title='bbox 1063 1270 1209 1306; x_wconf 88' lang='lat' dir='ltr'>tertium,</span> <span class='ocrx_word' id='word_1_252' title='bbox 1238 1270 1372 1300; x_wconf 90' lang='lat' dir='ltr'>dubium</span> 
     </span>
     <span class='ocr_line' id='line_1_43' title="bbox 310 1281 1374 1356; baseline -0.003 -9"><span class='ocrx_word' id='word_1_253' title='bbox 310 1281 491 1352; x_wconf 63' lang='lat' dir='ltr'>Ioeeumtj</span> <span class='ocrx_word' id='word_1_254' title='bbox 508 1313 584 1356; x_wconf 84' lang='lat' dir='ltr'>quia</span> <span class='ocrx_word' id='word_1_255' title='bbox 605 1313 657 1344; x_wconf 84' lang='lat' dir='ltr'>hic</span> <span class='ocrx_word' id='word_1_256' title='bbox 672 1313 806 1353; x_wconf 92' lang='lat' dir='ltr'>ponitur</span> <span class='ocrx_word' id='word_1_257' title='bbox 821 1313 995 1344; x_wconf 89' lang='lat' dir='ltr'>differentia</span> <span class='ocrx_word' id='word_1_258' title='bbox 1018 1314 1101 1344; x_wconf 89' lang='lat' dir='ltr'>inter</span> <span class='ocrx_word' id='word_1_259' title='bbox 1123 1314 1327 1355; x_wconf 84' lang='lat' dir='ltr'>prudentiam</span> <span class='ocrx_word' id='word_1_260' title='bbox 1343 1320 1374 1344; x_wconf 91' lang='lat' dir='ltr'>et</span> 
     </span>
     <span class='ocr_line' id='line_1_44' title="bbox 306 1358 1374 1399; baseline -0.004 -6"><span class='ocrx_word' id='word_1_261' title='bbox 306 1359 462 1392; x_wconf 72' lang='lat' dir='ltr'>moralem</span> <span class='ocrx_word' id='word_1_262' title='bbox 483 1358 633 1391; x_wconf 82' lang='lat' dir='ltr'>virtutem</span> <span class='ocrx_word' id='word_1_263' title='bbox 655 1367 693 1388; x_wconf 88' lang='lat' dir='ltr'>ex</span> <span class='ocrx_word' id='word_1_264' title='bbox 710 1365 799 1399; x_wconf 88' lang='lat' dir='ltr'>parte</span> <span class='ocrx_word' id='word_1_265' title='bbox 823 1358 955 1389; x_wconf 89' lang='lat' dir='ltr'>rationis</span> <span class='ocrx_word' id='word_1_266' title='bbox 978 1358 1132 1395; x_wconf 87' lang='lat' dir='ltr'>formalis,</span> <span class='ocrx_word' id='word_1_267' title='bbox 1157 1359 1234 1399; x_wconf 87' lang='lat' dir='ltr'>quia</span> <span class='ocrx_word' id='word_1_268' title='bbox 1256 1358 1374 1389; x_wconf 88' lang='lat' dir='ltr'>scilicet</span> 
     </span>
     <span class='ocr_line' id='line_1_45' title="bbox 306 1402 1374 1446; baseline -0.004 -10"><span class='ocrx_word' id='word_1_269' title='bbox 306 1404 420 1446; x_wconf 83' lang='lat' dir='ltr'>agibile</span> <span class='ocrx_word' id='word_1_270' title='bbox 443 1410 490 1435; x_wconf 87' lang='lat' dir='ltr'>est</span> <span class='ocrx_word' id='word_1_271' title='bbox 512 1402 675 1435; x_wconf 89' lang='lat' dir='ltr'>obiectum</span> <span class='ocrx_word' id='word_1_272' title='bbox 696 1403 884 1442; x_wconf 88' lang='lat' dir='ltr'>prudentiae</span> <span class='ocrx_word' id='word_1_273' title='bbox 911 1403 969 1433; x_wconf 90' lang='lat' dir='ltr'>sub</span> <span class='ocrx_word' id='word_1_274' title='bbox 993 1402 1115 1433; x_wconf 86' lang='lat' dir='ltr'>ratione</span> <span class='ocrx_word' id='word_1_275' title='bbox 1138 1403 1219 1440; x_wconf 88' lang='lat' dir='ltr'>veri,</span> <span class='ocrx_word' id='word_1_276' title='bbox 1243 1402 1374 1433; x_wconf 88' lang='lat' dir='ltr'>moralis</span> 
     </span>
     <span class='ocr_line' id='line_1_46' title="bbox 306 1446 1374 1487; baseline -0.003 -6"><span class='ocrx_word' id='word_1_277' title='bbox 306 1455 414 1481; x_wconf 87' lang='lat' dir='ltr'>autem</span> <span class='ocrx_word' id='word_1_278' title='bbox 431 1447 556 1479; x_wconf 85' lang='lat' dir='ltr'>virtutis</span> <span class='ocrx_word' id='word_1_279' title='bbox 579 1446 638 1477; x_wconf 90' lang='lat' dir='ltr'>sub</span> <span class='ocrx_word' id='word_1_280' title='bbox 657 1446 778 1478; x_wconf 80' lang='lat' dir='ltr'>ratione</span> <span class='ocrx_word' id='word_1_281' title='bbox 802 1447 896 1478; x_wconf 92' lang='lat' dir='ltr'>boni:</span> <span class='ocrx_word' id='word_1_282' title='bbox 921 1447 955 1477; x_wconf 90' lang='lat' dir='ltr'>in</span> <span class='ocrx_word' id='word_1_283' title='bbox 973 1447 1175 1487; x_wconf 87' lang='lat' dir='ltr'>praecedenti</span> <span class='ocrx_word' id='word_1_284' title='bbox 1198 1454 1308 1478; x_wconf 87' lang='lat' dir='ltr'>autem</span> <span class='ocrx_word' id='word_1_285' title='bbox 1327 1456 1374 1477; x_wconf 86' lang='lat' dir='ltr'>ar-</span> 
     </span>
     <span class='ocr_line' id='line_1_47' title="bbox 306 1491 1374 1532; baseline -0.004 -7"><span class='ocrx_word' id='word_1_286' title='bbox 306 1493 406 1525; x_wconf 74' lang='lat' dir='ltr'>riculo</span> <span class='ocrx_word' id='word_1_287' title='bbox 429 1493 550 1524; x_wconf 86' lang='lat' dir='ltr'>dictum</span> <span class='ocrx_word' id='word_1_288' title='bbox 573 1497 620 1522; x_wconf 85' lang='lat' dir='ltr'>est</span> <span class='ocrx_word' id='word_1_289' title='bbox 641 1492 731 1532; x_wconf 90' lang='lat' dir='ltr'>quod</span> <span class='ocrx_word' id='word_1_290' title='bbox 754 1491 923 1532; x_wconf 86' lang='lat' dir='ltr'>prudentia</span> <span class='ocrx_word' id='word_1_291' title='bbox 946 1491 1072 1531; x_wconf 86' lang='lat' dir='ltr'>respicit</span> <span class='ocrx_word' id='word_1_292' title='bbox 1095 1492 1220 1522; x_wconf 86' lang='lat' dir='ltr'>bonurn</span> <span class='ocrx_word' id='word_1_293' title='bbox 1244 1492 1303 1522; x_wconf 92' lang='lat' dir='ltr'>sub</span> <span class='ocrx_word' id='word_1_294' title='bbox 1326 1501 1374 1521; x_wconf 89' lang='lat' dir='ltr'>ra-</span> 
     </span>
     <span class='ocr_line' id='line_1_48' title="bbox 306 1533 1053 1574; baseline -0.005 -4"><span class='ocrx_word' id='word_1_295' title='bbox 306 1538 394 1570; x_wconf 82' lang='lat' dir='ltr'>tione</span> <span class='ocrx_word' id='word_1_296' title='bbox 416 1536 504 1568; x_wconf 86' lang='lat' dir='ltr'>boni.</span> <span class='ocrx_word' id='word_1_297' title='bbox 528 1535 706 1574; x_wconf 88' lang='lat' dir='ltr'>Quomodo</span> <span class='ocrx_word' id='word_1_298' title='bbox 730 1542 814 1566; x_wconf 88' lang='lat' dir='ltr'>stant</span> <span class='ocrx_word' id='word_1_299' title='bbox 835 1536 912 1566; x_wconf 86' lang='lat' dir='ltr'>haec</span> <span class='ocrx_word' id='word_1_300' title='bbox 937 1533 1053 1566; x_wconf 87' lang='lat' dir='ltr'>simul?</span> 
     </span>
    </p>

    <p class='ocr_par' dir='ltr' id='par_1_27' title="bbox 305 1576 1375 1793">
     <span class='ocr_line' id='line_1_49' title="bbox 363 1576 1375 1630; baseline -0.003 -17"><span class='ocrx_word' id='word_1_301' title='bbox 363 1582 416 1613; x_wconf 87' lang='lat' dir='ltr'>Ad</span> <span class='ocrx_word' id='word_1_302' title='bbox 437 1580 500 1612; x_wconf 89' lang='lat' dir='ltr'>hoc</span> <span class='ocrx_word' id='word_1_303' title='bbox 534 1580 649 1612; x_wconf 86' lang='lat' dir='ltr'>dicitur</span> <span class='ocrx_word' id='word_1_304' title='bbox 670 1580 760 1621; x_wconf 93' lang='lat' dir='ltr'>quod</span> <span class='ocrx_word' id='word_1_305' title='bbox 794 1579 963 1620; x_wconf 90' lang='lat' dir='ltr'>prudentia</span> <span class='ocrx_word' id='word_1_306' title='bbox 993 1580 1088 1610; x_wconf 88' lang='lat' dir='ltr'>habet</span> <span class='ocrx_word' id='word_1_307' title='bbox 1114 1576 1305 1630; x_wconf 76' lang='lat' dir='ltr'>utrumque:</span> <span class='ocrx_word' id='word_1_308' title='bbox 1345 1587 1375 1610; x_wconf 91' lang='lat' dir='ltr'>et</span> 
     </span>
     <span class='ocr_line' id='line_1_50' title="bbox 307 1623 1375 1669; baseline -0.003 -12"><span class='ocrx_word' id='word_1_309' title='bbox 307 1625 397 1669; x_wconf 90' lang='lat' dir='ltr'>quod</span> <span class='ocrx_word' id='word_1_310' title='bbox 418 1624 546 1667; x_wconf 85' lang='lat' dir='ltr'>respicit</span> <span class='ocrx_word' id='word_1_311' title='bbox 566 1634 680 1656; x_wconf 88' lang='lat' dir='ltr'>verum</span> <span class='ocrx_word' id='word_1_312' title='bbox 702 1630 739 1655; x_wconf 93' lang='lat' dir='ltr'>ut</span> <span class='ocrx_word' id='word_1_313' title='bbox 753 1634 874 1661; x_wconf 88' lang='lat' dir='ltr'>verum,</span> <span class='ocrx_word' id='word_1_314' title='bbox 899 1632 930 1656; x_wconf 88' lang='lat' dir='ltr'>et</span> <span class='ocrx_word' id='word_1_315' title='bbox 949 1631 1117 1665; x_wconf 87' lang='lat' dir='ltr'>propterea</span> <span class='ocrx_word' id='word_1_316' title='bbox 1140 1624 1272 1665; x_wconf 90' lang='lat' dir='ltr'>ponitur</span> <span class='ocrx_word' id='word_1_317' title='bbox 1294 1623 1375 1655; x_wconf 90' lang='lat' dir='ltr'>inter</span> 
     </span>
     <span class='ocr_line' id='line_1_51' title="bbox 305 1668 1374 1719; baseline -0.004 -16"><span class='ocrx_word' id='word_1_318' title='bbox 305 1669 532 1703; x_wconf 80' lang='lat' dir='ltr'>intellectuales</span> <span class='ocrx_word' id='word_1_319' title='bbox 550 1669 699 1706; x_wconf 88' lang='lat' dir='ltr'>virtutes;</span> <span class='ocrx_word' id='word_1_320' title='bbox 724 1675 755 1700; x_wconf 87' lang='lat' dir='ltr'>et</span> <span class='ocrx_word' id='word_1_321' title='bbox 772 1668 899 1709; x_wconf 88' lang='lat' dir='ltr'>respicit</span> <span class='ocrx_word' id='word_1_322' title='bbox 921 1679 1033 1700; x_wconf 90' lang='lat' dir='ltr'>verum</span> <span class='ocrx_word' id='word_1_323' title='bbox 1050 1675 1086 1700; x_wconf 91' lang='lat' dir='ltr'>ut</span> <span class='ocrx_word' id='word_1_324' title='bbox 1099 1669 1235 1705; x_wconf 87' lang='lat' dir='ltr'>bonum,</span> <span class='ocrx_word' id='word_1_325' title='bbox 1255 1675 1286 1699; x_wconf 89' lang='lat' dir='ltr'>et</span> <span class='ocrx_word' id='word_1_326' title='bbox 1299 1678 1374 1719; x_wconf 81' lang='lat' dir='ltr'>pro-</span> 
     </span>
     <span class='ocr_line' id='line_1_52' title="bbox 306 1713 1375 1756; baseline -0.004 -9"><span class='ocrx_word' id='word_1_327' title='bbox 306 1722 415 1756; x_wconf 77' lang='lat' dir='ltr'>pterea</span> <span class='ocrx_word' id='word_1_328' title='bbox 430 1719 679 1746; x_wconf 81' lang='lat' dir='ltr'>connumeratur</span> <span class='ocrx_word' id='word_1_329' title='bbox 692 1713 862 1744; x_wconf 90' lang='lat' dir='ltr'>virtutibus</span> <span class='ocrx_word' id='word_1_330' title='bbox 878 1713 1063 1750; x_wconf 83' lang='lat' dir='ltr'>moralibus,</span> <span class='ocrx_word' id='word_1_331' title='bbox 1079 1720 1111 1744; x_wconf 92' lang='lat' dir='ltr'>et</span> <span class='ocrx_word' id='word_1_332' title='bbox 1125 1713 1256 1754; x_wconf 89' lang='lat' dir='ltr'>ponitur</span> <span class='ocrx_word' id='word_1_333' title='bbox 1271 1713 1375 1752; x_wconf 88' lang='lat' dir='ltr'>prima</span> 
     </span>
     <span class='ocr_line' id='line_1_53' title="bbox 305 1756 1374 1793; baseline -0.005 -1"><span class='ocrx_word' id='word_1_334' title='bbox 305 1758 404 1793; x_wconf 81' lang='lat' dir='ltr'>virtus</span> <span class='ocrx_word' id='word_1_335' title='bbox 427 1757 603 1790; x_wconf 82' lang='lat' dir='ltr'>cardinalis.</span> <span class='ocrx_word' id='word_1_336' title='bbox 625 1757 668 1788; x_wconf 92' lang='lat' dir='ltr'>Et</span> <span class='ocrx_word' id='word_1_337' title='bbox 690 1767 730 1788; x_wconf 91' lang='lat' dir='ltr'>ne</span> <span class='ocrx_word' id='word_1_338' title='bbox 749 1758 828 1788; x_wconf 91' lang='lat' dir='ltr'>duas</span> <span class='ocrx_word' id='word_1_339' title='bbox 851 1757 989 1788; x_wconf 87' lang='lat' dir='ltr'>rationes</span> <span class='ocrx_word' id='word_1_340' title='bbox 1011 1757 1162 1788; x_wconf 82' lang='lat' dir='ltr'>formales</span> <span class='ocrx_word' id='word_1_341' title='bbox 1177 1757 1233 1787; x_wconf 88' lang='lat' dir='ltr'>uni</span> <span class='ocrx_word' id='word_1_342' title='bbox 1254 1756 1374 1788; x_wconf 87' lang='lat' dir='ltr'>habitui</span> 
     </span>
    </p>
   </div>
   <div class='ocr_carea' id='block_1_27' title="bbox 1423 1271 2492 1753">
    <p class='ocr_par' dir='ltr' id='par_1_28' title="bbox 1423 1271 2492 1753">
     <span class='ocr_line' id='line_1_54' title="bbox 1425 1271 2490 1315; baseline 0.006 -15"><span class='ocrx_word' id='word_1_343' title='bbox 1425 1271 1542 1301; x_wconf 84' lang='lat' dir='ltr'>tribuas</span> <span class='ocrx_word' id='word_1_344' title='bbox 1559 1281 1638 1311; x_wconf 91' lang='lat' dir='ltr'>quas</span> <span class='ocrx_word' id='word_1_345' title='bbox 1651 1271 1706 1301; x_wconf 91' lang='lat' dir='ltr'>uni</span> <span class='ocrx_word' id='word_1_346' title='bbox 1718 1271 1879 1311; x_wconf 86' lang='lat' dir='ltr'>potentiae</span> <span class='ocrx_word' id='word_1_347' title='bbox 1894 1281 1959 1302; x_wconf 89' lang='lat' dir='ltr'>non</span> <span class='ocrx_word' id='word_1_348' title='bbox 1972 1271 2044 1302; x_wconf 87' lang='lat' dir='ltr'>licet</span> <span class='ocrx_word' id='word_1_349' title='bbox 2059 1272 2206 1312; x_wconf 91' lang='lat' dir='ltr'>tribuere,</span> <span class='ocrx_word' id='word_1_350' title='bbox 2222 1281 2385 1305; x_wconf 86' lang='lat' dir='ltr'>memento</span> <span class='ocrx_word' id='word_1_351' title='bbox 2401 1276 2490 1315; x_wconf 90' lang='lat' dir='ltr'>quod</span> 
     </span>
     <span class='ocr_line' id='line_1_55' title="bbox 1423 1315 2489 1358; baseline 0.005 -14"><span class='ocrx_word' id='word_1_352' title='bbox 1423 1325 1490 1345; x_wconf 91' lang='lat' dir='ltr'>non</span> <span class='ocrx_word' id='word_1_353' title='bbox 1513 1315 1692 1345; x_wconf 90' lang='lat' dir='ltr'>secundum</span> <span class='ocrx_word' id='word_1_354' title='bbox 1715 1315 1801 1346; x_wconf 88' lang='lat' dir='ltr'>idern</span> <span class='ocrx_word' id='word_1_355' title='bbox 1824 1315 1901 1346; x_wconf 86' lang='lat' dir='ltr'>haec</span> <span class='ocrx_word' id='word_1_356' title='bbox 1924 1315 2139 1347; x_wconf 88' lang='lat' dir='ltr'>verificantur:</span> <span class='ocrx_word' id='word_1_357' title='bbox 2174 1317 2229 1347; x_wconf 93' lang='lat' dir='ltr'>sed</span> <span class='ocrx_word' id='word_1_358' title='bbox 2253 1319 2420 1358; x_wconf 88' lang='lat' dir='ltr'>prudentia</span> <span class='ocrx_word' id='word_1_359' title='bbox 2443 1330 2489 1350; x_wconf 90' lang='lat' dir='ltr'>se-</span> 
     </span>
     <span class='ocr_line' id='line_1_56' title="bbox 1423 1359 2490 1410; baseline 0.005 -21"><span class='ocrx_word' id='word_1_360' title='bbox 1423 1359 1567 1389; x_wconf 88' lang='lat' dir='ltr'>cundum</span> <span class='ocrx_word' id='word_1_361' title='bbox 1579 1359 1795 1400; x_wconf 86' lang='lat' dir='ltr'>cognitionem</span> <span class='ocrx_word' id='word_1_362' title='bbox 1807 1360 1936 1410; x_wconf 85' lang='lat' dir='ltr'>respicit</span> <span class='ocrx_word' id='word_1_363' title='bbox 1951 1370 2073 1397; x_wconf 85' lang='lat' dir='ltr'>verum,</span> <span class='ocrx_word' id='word_1_364' title='bbox 2093 1362 2270 1392; x_wconf 88' lang='lat' dir='ltr'>secundum</span> <span class='ocrx_word' id='word_1_365' title='bbox 2285 1370 2490 1404; x_wconf 88' lang='lat' dir='ltr'>praeceptum</span> 
     </span>
     <span class='ocr_line' id='line_1_57' title="bbox 1423 1403 2490 1447; baseline 0.005 -14"><span class='ocrx_word' id='word_1_366' title='bbox 1423 1413 1479 1434; x_wconf 90' lang='lat' dir='ltr'>seu</span> <span class='ocrx_word' id='word_1_367' title='bbox 1511 1403 1758 1444; x_wconf 82' lang='lat' dir='ltr'>applicationem</span> <span class='ocrx_word' id='word_1_368' title='bbox 1787 1404 1914 1444; x_wconf 89' lang='lat' dir='ltr'>respicit</span> <span class='ocrx_word' id='word_1_369' title='bbox 1941 1405 2076 1436; x_wconf 92' lang='lat' dir='ltr'>bonum.</span> <span class='ocrx_word' id='word_1_370' title='bbox 2114 1405 2155 1436; x_wconf 91' lang='lat' dir='ltr'>Et</span> <span class='ocrx_word' id='word_1_371' title='bbox 2181 1406 2324 1437; x_wconf 89' lang='lat' dir='ltr'>similiter</span> <span class='ocrx_word' id='word_1_372' title='bbox 2353 1408 2490 1447; x_wconf 89' lang='lat' dir='ltr'>pruden-</span> 
     </span>
     <span class='ocr_line' id='line_1_58' title="bbox 1425 1447 2488 1490; baseline 0.005 -13"><span class='ocrx_word' id='word_1_373' title='bbox 1425 1447 1468 1478; x_wconf 91' lang='lat' dir='ltr'>tia</span> <span class='ocrx_word' id='word_1_374' title='bbox 1485 1448 1663 1478; x_wconf 87' lang='lat' dir='ltr'>secundum</span> <span class='ocrx_word' id='word_1_375' title='bbox 1686 1447 1719 1477; x_wconf 92' lang='lat' dir='ltr'>id</span> <span class='ocrx_word' id='word_1_376' title='bbox 1742 1449 1831 1488; x_wconf 92' lang='lat' dir='ltr'>quod</span> <span class='ocrx_word' id='word_1_377' title='bbox 1854 1448 1949 1479; x_wconf 90' lang='lat' dir='ltr'>habet</span> <span class='ocrx_word' id='word_1_378' title='bbox 1973 1458 2009 1479; x_wconf 86' lang='lat' dir='ltr'>ex</span> <span class='ocrx_word' id='word_1_379' title='bbox 2032 1449 2193 1480; x_wconf 89' lang='lat' dir='ltr'>intellectu</span> <span class='ocrx_word' id='word_1_380' title='bbox 2213 1450 2339 1490; x_wconf 90' lang='lat' dir='ltr'>respicit</span> <span class='ocrx_word' id='word_1_381' title='bbox 2361 1461 2488 1482; x_wconf 90' lang='lat' dir='ltr'>verum:</span> 
     </span>
     <span class='ocr_line' id='line_1_59' title="bbox 1425 1491 2492 1534; baseline 0.006 -13"><span class='ocrx_word' id='word_1_382' title='bbox 1425 1492 1602 1522; x_wconf 90' lang='lat' dir='ltr'>secundum</span> <span class='ocrx_word' id='word_1_383' title='bbox 1625 1491 1657 1521; x_wconf 92' lang='lat' dir='ltr'>id</span> <span class='ocrx_word' id='word_1_384' title='bbox 1678 1492 1767 1532; x_wconf 92' lang='lat' dir='ltr'>quod</span> <span class='ocrx_word' id='word_1_385' title='bbox 1790 1492 1885 1523; x_wconf 82' lang='lat' dir='ltr'>habet</span> <span class='ocrx_word' id='word_1_386' title='bbox 1906 1503 1943 1523; x_wconf 83' lang='lat' dir='ltr'>ex</span> <span class='ocrx_word' id='word_1_387' title='bbox 1959 1493 2101 1533; x_wconf 89' lang='lat' dir='ltr'>appetitu</span> <span class='ocrx_word' id='word_1_388' title='bbox 2125 1494 2251 1534; x_wconf 88' lang='lat' dir='ltr'>respicit</span> <span class='ocrx_word' id='word_1_389' title='bbox 2273 1495 2405 1526; x_wconf 87' lang='lat' dir='ltr'>bonum.</span> <span class='ocrx_word' id='word_1_390' title='bbox 2434 1496 2492 1527; x_wconf 91' lang='lat' dir='ltr'>Est</span> 
     </span>
     <span class='ocr_line' id='line_1_60' title="bbox 1425 1535 2491 1578; baseline 0.005 -13"><span class='ocrx_word' id='word_1_391' title='bbox 1425 1535 1510 1566; x_wconf 89' lang='lat' dir='ltr'>enirn</span> <span class='ocrx_word' id='word_1_392' title='bbox 1534 1535 1685 1576; x_wconf 86' lang='lat' dir='ltr'>perfectio</span> <span class='ocrx_word' id='word_1_393' title='bbox 1709 1536 1887 1567; x_wconf 90' lang='lat' dir='ltr'>intellectus</span> <span class='ocrx_word' id='word_1_394' title='bbox 1910 1544 1946 1567; x_wconf 89' lang='lat' dir='ltr'>ut</span> <span class='ocrx_word' id='word_1_395' title='bbox 1969 1537 2076 1568; x_wconf 90' lang='lat' dir='ltr'>subest</span> <span class='ocrx_word' id='word_1_396' title='bbox 2099 1538 2253 1578; x_wconf 88' lang='lat' dir='ltr'>appetitui</span> <span class='ocrx_word' id='word_1_397' title='bbox 2276 1545 2381 1569; x_wconf 86' lang='lat' dir='ltr'>recto:</span> <span class='ocrx_word' id='word_1_398' title='bbox 2406 1550 2491 1570; x_wconf 88' lang='lat' dir='ltr'>com—</span> 
     </span>
     <span class='ocr_line' id='line_1_61' title="bbox 1425 1580 2489 1622; baseline 0.004 -12"><span class='ocrx_word' id='word_1_399' title='bbox 1425 1590 1523 1610; x_wconf 90' lang='lat' dir='ltr'>mune</span> <span class='ocrx_word' id='word_1_400' title='bbox 1539 1586 1587 1610; x_wconf 89' lang='lat' dir='ltr'>est</span> <span class='ocrx_word' id='word_1_401' title='bbox 1601 1587 1709 1610; x_wconf 89' lang='lat' dir='ltr'>autern</span> <span class='ocrx_word' id='word_1_402' title='bbox 1733 1580 1946 1611; x_wconf 87' lang='lat' dir='ltr'>subordinatis</span> <span class='ocrx_word' id='word_1_403' title='bbox 1962 1591 2056 1621; x_wconf 85' lang='lat' dir='ltr'>posse</span> <span class='ocrx_word' id='word_1_404' title='bbox 2079 1581 2192 1613; x_wconf 89' lang='lat' dir='ltr'>habere</span> <span class='ocrx_word' id='word_1_405' title='bbox 2217 1583 2322 1622; x_wconf 88' lang='lat' dir='ltr'>plures</span> <span class='ocrx_word' id='word_1_406' title='bbox 2342 1583 2489 1615; x_wconf 87' lang='lat' dir='ltr'>rationes.</span> 
     </span>
     <span class='ocr_line' id='line_1_62' title="bbox 1425 1623 2492 1666; baseline 0.005 -12"><span class='ocrx_word' id='word_1_407' title='bbox 1425 1623 1557 1664; x_wconf 89' lang='lat' dir='ltr'>Optime</span> <span class='ocrx_word' id='word_1_408' title='bbox 1580 1634 1655 1664; x_wconf 85' lang='lat' dir='ltr'>ergo</span> <span class='ocrx_word' id='word_1_409' title='bbox 1679 1624 1783 1664; x_wconf 85' lang='lat' dir='ltr'>posita</span> <span class='ocrx_word' id='word_1_410' title='bbox 1806 1631 1853 1656; x_wconf 87' lang='lat' dir='ltr'>est</span> <span class='ocrx_word' id='word_1_411' title='bbox 1869 1624 2040 1656; x_wconf 84' lang='lat' dir='ltr'>differentia</span> <span class='ocrx_word' id='word_1_412' title='bbox 2054 1625 2135 1656; x_wconf 90' lang='lat' dir='ltr'>inter</span> <span class='ocrx_word' id='word_1_413' title='bbox 2157 1627 2358 1666; x_wconf 90' lang='lat' dir='ltr'>prudentiam</span> <span class='ocrx_word' id='word_1_414' title='bbox 2378 1635 2408 1658; x_wconf 92' lang='lat' dir='ltr'>et</span> <span class='ocrx_word' id='word_1_415' title='bbox 2424 1638 2492 1659; x_wconf 91' lang='lat' dir='ltr'>mo-</span> 
     </span>
     <span class='ocr_line' id='line_1_63' title="bbox 1426 1668 2491 1711; baseline 0.005 -13"><span class='ocrx_word' id='word_1_416' title='bbox 1426 1668 1523 1699; x_wconf 86' lang='lat' dir='ltr'>ralem</span> <span class='ocrx_word' id='word_1_417' title='bbox 1538 1668 1688 1699; x_wconf 88' lang='lat' dir='ltr'>virtutem</span> <span class='ocrx_word' id='word_1_418' title='bbox 1705 1669 1780 1709; x_wconf 87' lang='lat' dir='ltr'>quia</span> <span class='ocrx_word' id='word_1_419' title='bbox 1798 1669 1852 1699; x_wconf 89' lang='lat' dir='ltr'>illa</span> <span class='ocrx_word' id='word_1_420' title='bbox 1867 1669 1942 1706; x_wconf 86' lang='lat' dir='ltr'>veri,</span> <span class='ocrx_word' id='word_1_421' title='bbox 1964 1669 2023 1700; x_wconf 90' lang='lat' dir='ltr'>ista</span> <span class='ocrx_word' id='word_1_422' title='bbox 2039 1670 2125 1701; x_wconf 93' lang='lat' dir='ltr'>boni.</span> <span class='ocrx_word' id='word_1_423' title='bbox 2157 1671 2269 1711; x_wconf 88' lang='lat' dir='ltr'>Neque</span> <span class='ocrx_word' id='word_1_424' title='bbox 2285 1671 2368 1702; x_wconf 89' lang='lat' dir='ltr'>enim</span> <span class='ocrx_word' id='word_1_425' title='bbox 2387 1673 2491 1703; x_wconf 86' lang='lat' dir='ltr'>obstat</span> 
     </span>
     <span class='ocr_line' id='line_1_64' title="bbox 1426 1712 2311 1753; baseline 0.003 -10"><span class='ocrx_word' id='word_1_426' title='bbox 1426 1713 1516 1753; x_wconf 92' lang='lat' dir='ltr'>quod</span> <span class='ocrx_word' id='word_1_427' title='bbox 1538 1712 1591 1743; x_wconf 89' lang='lat' dir='ltr'>illa</span> <span class='ocrx_word' id='word_1_428' title='bbox 1614 1713 1691 1744; x_wconf 91' lang='lat' dir='ltr'>boni</span> <span class='ocrx_word' id='word_1_429' title='bbox 1713 1720 1744 1744; x_wconf 91' lang='lat' dir='ltr'>et</span> <span class='ocrx_word' id='word_1_430' title='bbox 1766 1713 1840 1750; x_wconf 88' lang='lat' dir='ltr'>veri,</span> <span class='ocrx_word' id='word_1_431' title='bbox 1864 1713 1924 1744; x_wconf 90' lang='lat' dir='ltr'>ista</span> <span class='ocrx_word' id='word_1_432' title='bbox 1946 1721 2054 1745; x_wconf 87' lang='lat' dir='ltr'>autern</span> <span class='ocrx_word' id='word_1_433' title='bbox 2077 1715 2154 1745; x_wconf 93' lang='lat' dir='ltr'>boni</span> <span class='ocrx_word' id='word_1_434' title='bbox 2178 1722 2311 1746; x_wconf 82' lang='lat' dir='ltr'>tantum.</span> 
     </span>
    </p>
   </div>
   <div class='ocr_carea' id='block_1_28' title="bbox 661 1892 2136 2008">
    <p class='ocr_par' dir='ltr' id='par_1_29' title="bbox 661 1892 2136 2008">
     <span class='ocr_line' id='line_1_65' title="bbox 1121 1892 1690 1934; baseline -0.002 0"><span class='ocrx_word' id='word_1_435' title='bbox 1121 1892 1441 1934; x_wconf 87' lang='lat' dir='ltr'>ARTICULUS</span> <span class='ocrx_word' id='word_1_436' title='bbox 1481 1892 1690 1933; x_wconf 89' lang='lat' dir='ltr'>SEXTUS</span> 
     </span>
     <span class='ocr_line' id='line_1_66' title="bbox 661 1969 2136 2008; baseline -0.001 0"><span class='ocrx_word' id='word_1_437' title='bbox 661 1976 819 2008; x_wconf 86' lang='lat' dir='ltr'><strong>UTRUM</strong></span> <span class='ocrx_word' id='word_1_438' title='bbox 841 1969 1092 2008; x_wconf 81' lang='lat' dir='ltr'>PRUDENTIA</span> <span class='ocrx_word' id='word_1_439' title='bbox 1115 1976 1419 2007; x_wconf 83' lang='lat' dir='ltr'><strong>PRAESTITUAT</strong></span> <span class='ocrx_word' id='word_1_440' title='bbox 1443 1975 1576 2006; x_wconf 83' lang='lat' dir='ltr'>FINEM</span> <span class='ocrx_word' id='word_1_441' title='bbox 1600 1975 1863 2006; x_wconf 74' lang='lat' dir='ltr'>vmrurissus</span> <span class='ocrx_word' id='word_1_442' title='bbox 1887 1974 2136 2006; x_wconf 76' lang='lat' dir='ltr'>MORALfflus</span> 
     </span>
    </p>
   </div>
   <div class='ocr_carea' id='block_1_29' title="bbox 699 2044 2103 2079">
    <p class='ocr_par' dir='ltr' id='par_1_30' title="bbox 699 2044 2103 2079">
     <span class='ocr_line' id='line_1_67' title="bbox 699 2044 2103 2079; baseline -0.001 -8"><span class='ocrx_word' id='word_1_443' title='bbox 699 2047 722 2071; x_wconf 79' lang='lat'>1⁸</span> <span class='ocrx_word' id='word_1_444' title='bbox 741 2046 798 2077; x_wconf 78' lang='lat'>11⁸⁰,</span> <span class='ocrx_word' id='word_1_445' title='bbox 817 2053 863 2079; x_wconf 88' lang='lat' dir='ltr'>qu.</span> <span class='ocrx_word' id='word_1_446' title='bbox 881 2053 948 2075; x_wconf 78' lang='lat' dir='ltr'>var.</span> <span class='ocrx_word' id='word_1_447' title='bbox 966 2051 1013 2071; x_wconf 79' lang='lat' dir='ltr'>art.</span> <span class='ocrx_word' id='word_1_448' title='bbox 1034 2045 1058 2076; x_wconf 81' lang='lat'>3,</span> <span class='ocrx_word' id='word_1_449' title='bbox 1077 2046 1110 2071; x_wconf 87' lang='lat' dir='ltr'>ad</span> <span class='ocrx_word' id='word_1_450' title='bbox 1130 2045 1160 2077; x_wconf 86' lang='lat'>3;</span> <span class='ocrx_word' id='word_1_451' title='bbox 1179 2046 1211 2070; x_wconf 89' lang='lat' dir='ltr'>ul</span> <span class='ocrx_word' id='word_1_452' title='bbox 1230 2046 1314 2075; x_wconf 67' lang='lat' dir='ltr'>Sem„</span> <span class='ocrx_word' id='word_1_453' title='bbox 1334 2045 1394 2070; x_wconf 84' lang='lat' dir='ltr'>dist.</span> <span class='ocrx_word' id='word_1_454' title='bbox 1412 2052 1497 2076; x_wconf 78' lang='lat' dir='ltr'>mur,</span> <span class='ocrx_word' id='word_1_455' title='bbox 1511 2053 1557 2078; x_wconf 91' lang='lat' dir='ltr'>qu.</span> <span class='ocrx_word' id='word_1_456' title='bbox 1575 2052 1603 2074; x_wconf 88' lang='grc' dir='ltr'>ιι,</span> <span class='ocrx_word' id='word_1_457' title='bbox 1622 2050 1669 2069; x_wconf 90' lang='lat' dir='ltr'>art.</span> <span class='ocrx_word' id='word_1_458' title='bbox 1691 2044 1718 2075; x_wconf 87' lang='lat'>3;</span> <span class='ocrx_word' id='word_1_459' title='bbox 1737 2045 1780 2070; x_wconf 83' lang='lat' dir='ltr'>De</span> <span class='ocrx_word' id='word_1_460' title='bbox 1798 2045 1887 2075; x_wconf 85' lang='lat' dir='ltr'>Verit.,</span> <span class='ocrx_word' id='word_1_461' title='bbox 1903 2053 1948 2078; x_wconf 90' lang='lat' dir='ltr'>qu.</span> <span class='ocrx_word' id='word_1_462' title='bbox 1965 2053 1990 2075; x_wconf 85' lang='lat' dir='ltr'>v,</span> <span class='ocrx_word' id='word_1_463' title='bbox 2009 2050 2058 2070; x_wconf 80' lang='lat' dir='ltr'>art.</span> <span class='ocrx_word' id='word_1_464' title='bbox 2080 2053 2103 2070; x_wconf 88' lang='lat'>1.</span> 
     </span>
    </p>
   </div>
   <div class='ocr_carea' id='block_1_30' title="bbox 519 2107 1372 2156">
    <p class='ocr_par' dir='ltr' id='par_1_31' title="bbox 519 2107 1372 2156">
     <span class='ocr_line' id='line_1_68' title="bbox 519 2107 1372 2156; baseline -0.002 -10"><span class='ocrx_word' id='word_1_465' title='bbox 519 2121 543 2146; x_wconf 83' lang='lat' dir='ltr'>n</span> <span class='ocrx_word' id='word_1_466' title='bbox 565 2119 707 2146; x_wconf 68' lang='lat' dir='ltr'>513wa</span> <span class='ocrx_word' id='word_1_467' title='bbox 735 2120 789 2146; x_wconf 77' lang='lat' dir='ltr'>stc</span> <span class='ocrx_word' id='word_1_468' title='bbox 816 2119 1059 2145; x_wconf 81' lang='lat' dir='ltr'>PROCEDtTUR.</span> <span class='ocrx_word' id='word_1_469' title='bbox 1078 2107 1239 2145; x_wconf 90' lang='lat' dir='ltr'>Videtur</span> <span class='ocrx_word' id='word_1_470' title='bbox 1266 2107 1372 2156; x_wconf 91' lang='lat' dir='ltr'>quod</span> 
     </span>
    </p>
   </div>
   <div class='ocr_carea' id='block_1_31' title="bbox 308 2115 518 2304">
    <p class='ocr_par' dir='ltr' id='par_1_32' title="bbox 308 2115 518 2304">
     <span class='ocr_line' id='line_1_69' title="bbox 308 2115 518 2304; baseline 0 0"><span class='ocrx_word' id='word_1_471' title='bbox 308 2115 518 2304; x_wconf 95' lang='lat' dir='ltr'>  </span> 
     </span>
    </p>
   </div>
   <div class='ocr_carea' id='block_1_32' title="bbox 1479 2107 2488 2167">
    <p class='ocr_par' dir='ltr' id='par_1_33' title="bbox 1479 2107 2488 2167">
     <span class='ocr_line' id='line_1_70' title="bbox 1479 2107 2488 2167; baseline 0.003 -24"><span class='ocrx_word' id='word_1_472' title='bbox 1479 2107 1553 2144; x_wconf 83' lang='lat' dir='ltr'>SED</span> <span class='ocrx_word' id='word_1_473' title='bbox 1574 2118 1721 2144; x_wconf 78' lang='lat' dir='ltr'>CONTRA</span> <span class='ocrx_word' id='word_1_474' title='bbox 1747 2118 1814 2144; x_wconf 83' lang='lat' dir='ltr'>EST</span> <span class='ocrx_word' id='word_1_475' title='bbox 1833 2107 1938 2155; x_wconf 92' lang='lat' dir='ltr'>quod</span> <span class='ocrx_word' id='word_1_476' title='bbox 1965 2107 2223 2167; x_wconf 83' lang='lat' dir='ltr'>Philosophus</span> <span class='ocrx_word' id='word_1_477' title='bbox 2252 2108 2351 2156; x_wconf 89' lang='lat' dir='ltr'>dicit,</span> <span class='ocrx_word' id='word_1_478' title='bbox 2380 2109 2419 2146; x_wconf 92' lang='lat' dir='ltr'>in</span> <span class='ocrx_word' id='word_1_479' title='bbox 2437 2110 2488 2146; x_wconf 93' lang='lat' dir='ltr'>VI</span> 
     </span>
    </p>
   </div>
   <div class='ocr_carea' id='block_1_33' title="bbox 519 2159 2526 2211">
    <p class='ocr_par' dir='ltr' id='par_1_34' title="bbox 519 2159 2526 2211">
     <span class='ocr_line' id='line_1_71' title="bbox 519 2159 2526 2211; baseline 0 -12"><span class='ocrx_word' id='word_1_480' title='bbox 519 2162 718 2211; x_wconf 87' lang='lat' dir='ltr'>prudentia</span> <span class='ocrx_word' id='word_1_481' title='bbox 755 2161 975 2210; x_wconf 84' lang='lat' dir='ltr'>praestimat</span> <span class='ocrx_word' id='word_1_482' title='bbox 1011 2161 1132 2198; x_wconf 91' lang='lat' dir='ltr'>finem</span> <span class='ocrx_word' id='word_1_483' title='bbox 1169 2161 1372 2198; x_wconf 91' lang='lat' dir='ltr'>virtutibus</span> <span class='ocrx_word' id='word_1_484' title='bbox 1423 2160 1544 2196; x_wconf 79' lang='lat' dir='ltr'>Ethic.</span> <span class='ocrx_word' id='word_1_485' title='bbox 1564 2159 1604 2206; x_wconf 84' lang='lat'>*,</span> <span class='ocrx_word' id='word_1_486' title='bbox 1642 2160 1748 2208; x_wconf 92' lang='lat' dir='ltr'>quod</span> <span class='ocrx_word' id='word_1_487' title='bbox 1784 2160 1904 2196; x_wconf 77' lang='lat' dir='ltr'>virtus</span> <span class='ocrx_word' id='word_1_488' title='bbox 1938 2160 2093 2197; x_wconf 83' lang='lat' dir='ltr'>moralis</span> <span class='ocrx_word' id='word_1_489' title='bbox 2129 2161 2368 2198; x_wconf 87' lang='lat' dir='ltr'>intentionem</span> <span class='ocrx_word' id='word_1_490' title='bbox 2394 2164 2490 2210; x_wconf 83' lang='lat' dir='ltr'>finis</span> <span class='ocrx_word' id='word_1_491' title='bbox 2518 2180 2526 2189; x_wconf 88' lang='lat'><strong>·</strong></span> 
     </span>
    </p>
   </div>
   <div class='ocr_carea' id='block_1_34' title="bbox 327 2201 2528 2295">
    <p class='ocr_par' dir='ltr' id='par_1_35' title="bbox 327 2201 2528 2295">
     <span class='ocr_line' id='line_1_72' title="bbox 327 2201 2528 2295; baseline -0 -42"><span class='ocrx_word' id='word_1_492' title='bbox 327 2220 362 2270; x_wconf 32' lang='grc' dir='ltr'>ἒ,</span> <span class='ocrx_word' id='word_1_493' title='bbox 365 2232 453 2295; x_wconf 58' lang='lat'>3⁷,</span> <span class='ocrx_word' id='word_1_494' title='bbox 457 2201 499 2255; x_wconf 58' lang='lat' dir='ltr'>&#39;ff‘</span> <span class='ocrx_word' id='word_1_495' title='bbox 519 2215 740 2252; x_wconf 82' lang='lat' dir='ltr'>moralibus.</span> <span class='ocrx_word' id='word_1_496' title='bbox 771 2215 871 2251; x_wconf 92' lang='lat' dir='ltr'>Cum</span> <span class='ocrx_word' id='word_1_497' title='bbox 903 2214 1004 2251; x_wconf 90' lang='lat' dir='ltr'>enim</span> <span class='ocrx_word' id='word_1_498' title='bbox 1032 2214 1233 2262; x_wconf 90' lang='lat' dir='ltr'>prudentia</span> <span class='ocrx_word' id='word_1_499' title='bbox 1261 2214 1307 2250; x_wconf 90' lang='lat' dir='ltr'>sit</span> <span class='ocrx_word' id='word_1_500' title='bbox 1334 2213 1374 2250; x_wconf 90' lang='lat' dir='ltr'>in</span> <span class='ocrx_word' id='word_1_501' title='bbox 1414 2213 1517 2260; x_wconf 87' lang='lat' dir='ltr'>facit</span> <span class='ocrx_word' id='word_1_502' title='bbox 1533 2219 1686 2258; x_wconf 84' lang='lat' dir='ltr'>rectam,</span> <span class='ocrx_word' id='word_1_503' title='bbox 1701 2213 1904 2260; x_wconf 81' lang='lat' dir='ltr'>prudentia</span> <span class='ocrx_word' id='word_1_504' title='bbox 1924 2218 2048 2249; x_wconf 86' lang='lat' dir='ltr'>autem</span> <span class='ocrx_word' id='word_1_505' title='bbox 2068 2225 2166 2261; x_wconf 85' lang='lat' dir='ltr'>quae</span> <span class='ocrx_word' id='word_1_506' title='bbox 2183 2214 2234 2250; x_wconf 84' lang='lat' dir='ltr'>ad</span> <span class='ocrx_word' id='word_1_507' title='bbox 2250 2215 2359 2252; x_wconf 83' lang='lat' dir='ltr'>hanc.</span> <span class='ocrx_word' id='word_1_508' title='bbox 2387 2216 2528 2263; x_wconf 68' lang='lat' dir='ltr'>Ergo*</span> 
     </span>
    </p>
   </div>
   <div class='ocr_carea' id='block_1_35' title="bbox 414 2261 1372 2315">
    <p class='ocr_par' dir='ltr' id='par_1_36' title="bbox 414 2261 1372 2315">
     <span class='ocr_line' id='line_1_73' title="bbox 414 2261 1372 2315; baseline -0.001 -10.968"><span class='ocrx_word' id='word_1_509' title='bbox 414 2265 461 2297; x_wconf 47' lang='grc' dir='ltr'>θ’)</span> <span class='ocrx_word' id='word_1_510' title='bbox 476 2261 507 2301; x_wconf 47' lang='lat' dir='ltr'>*x</span> <span class='ocrx_word' id='word_1_511' title='bbox 521 2268 678 2315; x_wconf 86' lang='lat' dir='ltr'>ratione,</span> <span class='ocrx_word' id='word_1_512' title='bbox 697 2267 818 2304; x_wconf 90' lang='lat' dir='ltr'>virtus</span> <span class='ocrx_word' id='word_1_513' title='bbox 845 2272 974 2304; x_wconf 85' lang='lat' dir='ltr'>autem</span> <span class='ocrx_word' id='word_1_514' title='bbox 1002 2266 1157 2304; x_wconf 89' lang='lat' dir='ltr'>moralis</span> <span class='ocrx_word' id='word_1_515' title='bbox 1186 2267 1224 2303; x_wconf 90' lang='lat' dir='ltr'>in</span> <span class='ocrx_word' id='word_1_516' title='bbox 1247 2267 1286 2303; x_wconf 89' lang='lat' dir='ltr'>vi</span> <span class='ocrx_word' id='word_1_517' title='bbox 1306 2279 1372 2315; x_wconf 90' lang='lat' dir='ltr'>ap-</span> 
     </span>
    </p>
   </div>
   <div class='ocr_carea' id='block_1_36' title="bbox 286 2298 1375 3536">
    <p class='ocr_par' dir='ltr' id='par_1_37' title="bbox 286 2298 1373 2569">
     <span class='ocr_line' id='line_1_74' title="bbox 307 2298 1372 2369; baseline -0.001 -12"><span class='ocrx_word' id='word_1_518' title='bbox 307 2298 476 2369; x_wconf 82' lang='lat' dir='ltr'>petitiva‚</span> <span class='ocrx_word' id='word_1_519' title='bbox 501 2320 649 2359; x_wconf 89' lang='lat' dir='ltr'>videtur</span> <span class='ocrx_word' id='word_1_520' title='bbox 667 2320 773 2368; x_wconf 88' lang='lat' dir='ltr'>quod</span> <span class='ocrx_word' id='word_1_521' title='bbox 801 2321 876 2357; x_wconf 88' lang='lat' dir='ltr'>hoc</span> <span class='ocrx_word' id='word_1_522' title='bbox 903 2319 1022 2357; x_wconf 90' lang='lat' dir='ltr'>modo</span> <span class='ocrx_word' id='word_1_523' title='bbox 1051 2332 1091 2357; x_wconf 90' lang='lat' dir='ltr'>se</span> <span class='ocrx_word' id='word_1_524' title='bbox 1119 2321 1259 2357; x_wconf 87' lang='lat' dir='ltr'>habeat</span> <span class='ocrx_word' id='word_1_525' title='bbox 1285 2332 1372 2368; x_wconf 90' lang='lat' dir='ltr'>pru-</span> 
     </span>
     <span class='ocr_line' id='line_1_75' title="bbox 309 2373 1371 2411; baseline -0.002 0"><span class='ocrx_word' id='word_1_526' title='bbox 309 2373 437 2411; x_wconf 89' lang='lat' dir='ltr'>dentia</span> <span class='ocrx_word' id='word_1_527' title='bbox 464 2373 514 2411; x_wconf 91' lang='lat' dir='ltr'>ad</span> <span class='ocrx_word' id='word_1_528' title='bbox 540 2373 719 2411; x_wconf 87' lang='lat' dir='ltr'>virtutem</span> <span class='ocrx_word' id='word_1_529' title='bbox 748 2373 935 2410; x_wconf 87' lang='lat' dir='ltr'>moralem</span> <span class='ocrx_word' id='word_1_530' title='bbox 965 2373 1060 2410; x_wconf 88' lang='lat' dir='ltr'>sicut</span> <span class='ocrx_word' id='word_1_531' title='bbox 1086 2373 1181 2410; x_wconf 91' lang='lat' dir='ltr'>ratio</span> <span class='ocrx_word' id='word_1_532' title='bbox 1217 2373 1266 2410; x_wconf 91' lang='lat' dir='ltr'>ad</span> <span class='ocrx_word' id='word_1_533' title='bbox 1293 2373 1371 2409; x_wconf 89' lang='lat' dir='ltr'>vim</span> 
     </span>
     <span class='ocr_line' id='line_1_76' title="bbox 309 2425 1372 2475; baseline -0.002 -11"><span class='ocrx_word' id='word_1_534' title='bbox 309 2426 568 2475; x_wconf 84' lang='lat' dir='ltr'>appetitivam.</span> <span class='ocrx_word' id='word_1_535' title='bbox 599 2427 676 2463; x_wconf 91' lang='lat' dir='ltr'>Sed</span> <span class='ocrx_word' id='word_1_536' title='bbox 695 2425 790 2462; x_wconf 91' lang='lat' dir='ltr'>ratio</span> <span class='ocrx_word' id='word_1_537' title='bbox 809 2426 1018 2474; x_wconf 88' lang='lat' dir='ltr'>praestituit</span> <span class='ocrx_word' id='word_1_538' title='bbox 1035 2426 1155 2462; x_wconf 89' lang='lat' dir='ltr'>finem</span> <span class='ocrx_word' id='word_1_539' title='bbox 1179 2426 1372 2474; x_wconf 86' lang='lat' dir='ltr'>potentiae</span> 
     </span>
     <span class='ocr_line' id='line_1_77' title="bbox 286 2478 1373 2528; baseline -0.002 -12"><span class='ocrx_word' id='word_1_540' title='bbox 286 2513 291 2515; x_wconf 17' lang='grc' dir='ltr'>ι</span> <span class='ocrx_word' id='word_1_541' title='bbox 309 2479 551 2528; x_wconf 86' lang='lat' dir='ltr'>appetitivae.</span> <span class='ocrx_word' id='word_1_542' title='bbox 581 2480 683 2527; x_wconf 89' lang='lat' dir='ltr'>Ergo</span> <span class='ocrx_word' id='word_1_543' title='bbox 703 2479 906 2527; x_wconf 86' lang='lat' dir='ltr'>prudentia</span> <span class='ocrx_word' id='word_1_544' title='bbox 926 2479 1136 2527; x_wconf 90' lang='lat' dir='ltr'>praestituit</span> <span class='ocrx_word' id='word_1_545' title='bbox 1162 2479 1280 2515; x_wconf 89' lang='lat' dir='ltr'>finem</span> <span class='ocrx_word' id='word_1_546' title='bbox 1299 2478 1373 2514; x_wconf 92' lang='lat' dir='ltr'>vir-</span> 
     </span>
     <span class='ocr_line' id='line_1_78' title="bbox 309 2532 702 2569; baseline 0 0"><span class='ocrx_word' id='word_1_547' title='bbox 309 2532 452 2569; x_wconf 84' lang='lat' dir='ltr'>tutibus</span> <span class='ocrx_word' id='word_1_548' title='bbox 481 2532 702 2569; x_wconf 88' lang='lat' dir='ltr'>moralibus.</span> 
     </span>
    </p>

    <p class='ocr_par' dir='ltr' id='par_1_38' title="bbox 311 2583 1375 3208">
     <span class='ocr_line' id='line_1_79' title="bbox 366 2583 1373 2632; baseline -0.003 -10"><span class='ocrx_word' id='word_1_549' title='bbox 366 2597 401 2622; x_wconf 88' lang='lat'>2.</span> <span class='ocrx_word' id='word_1_550' title='bbox 430 2586 675 2632; x_wconf 73' lang='lat' dir='ltr'>PRAETEREA,</span> <span class='ocrx_word' id='word_1_551' title='bbox 712 2585 831 2622; x_wconf 90' lang='lat' dir='ltr'>homo</span> <span class='ocrx_word' id='word_1_552' title='bbox 860 2583 1007 2621; x_wconf 88' lang='lat' dir='ltr'>excedit</span> <span class='ocrx_word' id='word_1_553' title='bbox 1043 2596 1103 2620; x_wconf 92' lang='lat' dir='ltr'>res</span> <span class='ocrx_word' id='word_1_554' title='bbox 1139 2583 1373 2620; x_wconf 89' lang='lat' dir='ltr'>irrationales</span> 
     </span>
     <span class='ocr_line' id='line_1_80' title="bbox 311 2636 1374 2684; baseline -0.004 -8"><span class='ocrx_word' id='word_1_555' title='bbox 311 2638 526 2677; x_wconf 91' lang='lat' dir='ltr'>secundum</span> <span class='ocrx_word' id='word_1_556' title='bbox 555 2638 753 2684; x_wconf 90' lang='lat' dir='ltr'>rationem,</span> <span class='ocrx_word' id='word_1_557' title='bbox 783 2637 851 2674; x_wconf 92' lang='lat' dir='ltr'>sed</span> <span class='ocrx_word' id='word_1_558' title='bbox 879 2636 1090 2674; x_wconf 88' lang='lat' dir='ltr'>secundum</span> <span class='ocrx_word' id='word_1_559' title='bbox 1119 2636 1190 2673; x_wconf 90' lang='lat' dir='ltr'>alia</span> <span class='ocrx_word' id='word_1_560' title='bbox 1214 2649 1301 2673; x_wconf 93' lang='lat' dir='ltr'>cum</span> <span class='ocrx_word' id='word_1_561' title='bbox 1321 2636 1374 2672; x_wconf 92' lang='lat' dir='ltr'>eis</span> 
     </span>
     <span class='ocr_line' id='line_1_81' title="bbox 312 2689 1374 2739; baseline -0.003 -10"><span class='ocrx_word' id='word_1_562' title='bbox 312 2692 579 2729; x_wconf 76' lang='lat' dir='ltr'>communicat:</span> <span class='ocrx_word' id='word_1_563' title='bbox 610 2691 673 2728; x_wconf 91' lang='lat' dir='ltr'>Sic</span> <span class='ocrx_word' id='word_1_564' title='bbox 699 2690 810 2739; x_wconf 88' lang='lat' dir='ltr'>igitur</span> <span class='ocrx_word' id='word_1_565' title='bbox 829 2703 869 2727; x_wconf 93' lang='lat' dir='ltr'>se</span> <span class='ocrx_word' id='word_1_566' title='bbox 888 2691 1031 2727; x_wconf 91' lang='lat' dir='ltr'>habent</span> <span class='ocrx_word' id='word_1_567' title='bbox 1049 2689 1143 2726; x_wconf 90' lang='lat' dir='ltr'>aliae</span> <span class='ocrx_word' id='word_1_568' title='bbox 1161 2698 1287 2738; x_wconf 91' lang='lat' dir='ltr'>partes</span> <span class='ocrx_word' id='word_1_569' title='bbox 1305 2690 1374 2726; x_wconf 91' lang='lat' dir='ltr'>ho-</span> 
     </span>
     <span class='ocr_line' id='line_1_82' title="bbox 313 2743 1373 2782; baseline -0.003 0"><span class='ocrx_word' id='word_1_570' title='bbox 313 2744 425 2782; x_wconf 89' lang='lat' dir='ltr'>minis</span> <span class='ocrx_word' id='word_1_571' title='bbox 445 2745 494 2782; x_wconf 92' lang='lat' dir='ltr'>ad</span> <span class='ocrx_word' id='word_1_572' title='bbox 513 2744 698 2782; x_wconf 89' lang='lat' dir='ltr'>rationem</span> <span class='ocrx_word' id='word_1_573' title='bbox 727 2744 822 2780; x_wconf 87' lang='lat' dir='ltr'>sicut</span> <span class='ocrx_word' id='word_1_574' title='bbox 849 2756 890 2780; x_wconf 91' lang='lat' dir='ltr'>se</span> <span class='ocrx_word' id='word_1_575' title='bbox 909 2744 1024 2780; x_wconf 89' lang='lat' dir='ltr'>habet</span> <span class='ocrx_word' id='word_1_576' title='bbox 1050 2743 1171 2779; x_wconf 90' lang='lat' dir='ltr'>homo</span> <span class='ocrx_word' id='word_1_577' title='bbox 1199 2743 1248 2779; x_wconf 91' lang='lat' dir='ltr'>ad</span> <span class='ocrx_word' id='word_1_578' title='bbox 1271 2755 1373 2779; x_wconf 91' lang='lat' dir='ltr'>crea-</span> 
     </span>
     <span class='ocr_line' id='line_1_83' title="bbox 311 2795 1374 2837; baseline -0.005 -1"><span class='ocrx_word' id='word_1_579' title='bbox 311 2806 415 2837; x_wconf 89' lang='lat' dir='ltr'>turas</span> <span class='ocrx_word' id='word_1_580' title='bbox 443 2798 688 2835; x_wconf 88' lang='lat' dir='ltr'>irrationales.</span> <span class='ocrx_word' id='word_1_581' title='bbox 738 2797 814 2834; x_wconf 91' lang='lat' dir='ltr'>Sed</span> <span class='ocrx_word' id='word_1_582' title='bbox 842 2797 962 2833; x_wconf 90' lang='lat' dir='ltr'>homo</span> <span class='ocrx_word' id='word_1_583' title='bbox 991 2803 1047 2833; x_wconf 91' lang='lat' dir='ltr'>est</span> <span class='ocrx_word' id='word_1_584' title='bbox 1073 2795 1160 2832; x_wconf 91' lang='lat' dir='ltr'>finis</span> <span class='ocrx_word' id='word_1_585' title='bbox 1189 2803 1374 2832; x_wconf 90' lang='lat' dir='ltr'>creatura-</span> 
     </span>
     <span class='ocr_line' id='line_1_84' title="bbox 314 2847 1373 2897; baseline -0.005 -7"><span class='ocrx_word' id='word_1_586' title='bbox 314 2864 398 2890; x_wconf 90' lang='lat' dir='ltr'>rum</span> <span class='ocrx_word' id='word_1_587' title='bbox 427 2850 700 2888; x_wconf 88' lang='lat' dir='ltr'>irrationalium</span> <span class='ocrx_word' id='word_1_588' title='bbox 727 2858 769 2887; x_wconf 87' lang='grc' dir='ltr'>ιιι</span> <span class='ocrx_word' id='word_1_589' title='bbox 787 2849 922 2888; x_wconf 90' lang='lat' dir='ltr'>dicitur</span> <span class='ocrx_word' id='word_1_590' title='bbox 948 2849 987 2886; x_wconf 92' lang='lat' dir='ltr'>in</span> <span class='ocrx_word' id='word_1_591' title='bbox 1015 2851 1029 2886; x_wconf 96' lang='grc' dir='ltr'>Ι</span> <span class='ocrx_word' id='word_1_592' title='bbox 1057 2849 1198 2886; x_wconf 87' lang='lat' dir='ltr'>Politic.</span> <span class='ocrx_word' id='word_1_593' title='bbox 1218 2847 1240 2870; x_wconf 76' lang='lat'>&#39;¹‘</span> <span class='ocrx_word' id='word_1_594' title='bbox 1271 2849 1373 2897; x_wconf 89' lang='lat' dir='ltr'>Ergo</span> 
     </span>
     <span class='ocr_line' id='line_1_85' title="bbox 313 2901 1375 2952; baseline -0.005 -9"><span class='ocrx_word' id='word_1_595' title='bbox 313 2916 450 2943; x_wconf 87' lang='lat' dir='ltr'>ornnes</span> <span class='ocrx_word' id='word_1_596' title='bbox 478 2904 572 2942; x_wconf 89' lang='lat' dir='ltr'>aliae</span> <span class='ocrx_word' id='word_1_597' title='bbox 601 2911 727 2952; x_wconf 89' lang='lat' dir='ltr'>partes</span> <span class='ocrx_word' id='word_1_598' title='bbox 754 2902 921 2940; x_wconf 90' lang='lat' dir='ltr'>hominis</span> <span class='ocrx_word' id='word_1_599' title='bbox 949 2901 1172 2939; x_wconf 91' lang='lat' dir='ltr'>ordinantur</span> <span class='ocrx_word' id='word_1_600' title='bbox 1191 2902 1239 2939; x_wconf 92' lang='lat' dir='ltr'>ad</span> <span class='ocrx_word' id='word_1_601' title='bbox 1263 2902 1375 2939; x_wconf 79' lang='lat' dir='ltr'>ratio-</span> 
     </span>
     <span class='ocr_line' id='line_1_86' title="bbox 313 2955 1373 3004; baseline -0.005 -8"><span class='ocrx_word' id='word_1_602' title='bbox 313 2970 404 2996; x_wconf 90' lang='lat' dir='ltr'>nem</span> <span class='ocrx_word' id='word_1_603' title='bbox 424 2957 519 2995; x_wconf 89' lang='lat' dir='ltr'>sicut</span> <span class='ocrx_word' id='word_1_604' title='bbox 537 2957 586 2994; x_wconf 93' lang='lat' dir='ltr'>ad</span> <span class='ocrx_word' id='word_1_605' title='bbox 606 2957 738 2994; x_wconf 89' lang='lat' dir='ltr'>finem.</span> <span class='ocrx_word' id='word_1_606' title='bbox 768 2956 845 2993; x_wconf 93' lang='lat' dir='ltr'>Sed</span> <span class='ocrx_word' id='word_1_607' title='bbox 865 2955 1066 3004; x_wconf 89' lang='lat' dir='ltr'>prudentia</span> <span class='ocrx_word' id='word_1_608' title='bbox 1086 2963 1141 2991; x_wconf 89' lang='lat' dir='ltr'>est</span> <span class='ocrx_word' id='word_1_609' title='bbox 1159 2962 1259 2992; x_wconf 88' lang='lat' dir='ltr'>recta</span> <span class='ocrx_word' id='word_1_610' title='bbox 1279 2955 1373 2992; x_wconf 91' lang='lat' dir='ltr'>ratio</span> 
     </span>
     <span class='ocr_line' id='line_1_87' title="bbox 313 3008 1375 3060; baseline -0.004 -11"><span class='ocrx_word' id='word_1_611' title='bbox 313 3010 519 3060; x_wconf 86' lang='lat' dir='ltr'>agibilium,</span> <span class='ocrx_word' id='word_1_612' title='bbox 549 3018 590 3047; x_wconf 89' lang='lat' dir='ltr'>ut</span> <span class='ocrx_word' id='word_1_613' title='bbox 617 3010 759 3047; x_wconf 89' lang='lat' dir='ltr'>dictum</span> <span class='ocrx_word' id='word_1_614' title='bbox 790 3016 846 3046; x_wconf 94' lang='lat' dir='ltr'>est</span> <span class='ocrx_word' id='word_1_615' title='bbox 862 3008 894 3046; x_wconf 82' lang='grc'>*.</span> <span class='ocrx_word' id='word_1_616' title='bbox 932 3009 1034 3056; x_wconf 89' lang='lat' dir='ltr'>Ergo</span> <span class='ocrx_word' id='word_1_617' title='bbox 1069 3008 1200 3045; x_wconf 89' lang='lat' dir='ltr'>omnia</span> <span class='ocrx_word' id='word_1_618' title='bbox 1227 3008 1375 3056; x_wconf 86' lang='lat' dir='ltr'>agibilia</span> 
     </span>
     <span class='ocr_line' id='line_1_88' title="bbox 313 3061 1374 3111; baseline -0.003 -10"><span class='ocrx_word' id='word_1_619' title='bbox 313 3062 537 3102; x_wconf 90' lang='lat' dir='ltr'>ordinantur</span> <span class='ocrx_word' id='word_1_620' title='bbox 564 3063 613 3100; x_wconf 88' lang='lat' dir='ltr'>ad</span> <span class='ocrx_word' id='word_1_621' title='bbox 640 3061 883 3111; x_wconf 90' lang='lat' dir='ltr'>prudentiam</span> <span class='ocrx_word' id='word_1_622' title='bbox 912 3061 1005 3098; x_wconf 89' lang='lat' dir='ltr'>sicut</span> <span class='ocrx_word' id='word_1_623' title='bbox 1033 3061 1081 3098; x_wconf 92' lang='lat' dir='ltr'>ad</span> <span class='ocrx_word' id='word_1_624' title='bbox 1109 3062 1239 3098; x_wconf 90' lang='lat' dir='ltr'>finem.</span> <span class='ocrx_word' id='word_1_625' title='bbox 1289 3063 1374 3110; x_wconf 90' lang='lat' dir='ltr'>Ipsa</span> 
     </span>
     <span class='ocr_line' id='line_1_89' title="bbox 314 3114 1374 3166; baseline -0.004 -12"><span class='ocrx_word' id='word_1_626' title='bbox 314 3129 404 3165; x_wconf 84' lang='lat' dir='ltr'>ergo</span> <span class='ocrx_word' id='word_1_627' title='bbox 441 3116 650 3166; x_wconf 89' lang='lat' dir='ltr'>praestituit</span> <span class='ocrx_word' id='word_1_628' title='bbox 683 3115 803 3163; x_wconf 87' lang='lat' dir='ltr'>finem</span> <span class='ocrx_word' id='word_1_629' title='bbox 841 3115 1018 3152; x_wconf 91' lang='lat' dir='ltr'>omnibus</span> <span class='ocrx_word' id='word_1_630' title='bbox 1054 3114 1254 3151; x_wconf 90' lang='lat' dir='ltr'>virtutibus</span> <span class='ocrx_word' id='word_1_631' title='bbox 1291 3127 1374 3151; x_wconf 89' lang='lat' dir='ltr'>mo-</span> 
     </span>
     <span class='ocr_line' id='line_1_90' title="bbox 313 3169 466 3208; baseline -0.013 0"><span class='ocrx_word' id='word_1_632' title='bbox 313 3169 466 3208; x_wconf 78' lang='lat' dir='ltr'>ratibus.</span> 
     </span>
    </p>

    <p class='ocr_par' dir='ltr' id='par_1_39' title="bbox 312 3219 1375 3536">
     <span class='ocr_line' id='line_1_91' title="bbox 369 3219 1374 3270; baseline -0.004 -10"><span class='ocrx_word' id='word_1_633' title='bbox 369 3224 404 3260; x_wconf 92' lang='lat'>3.</span> <span class='ocrx_word' id='word_1_634' title='bbox 433 3223 680 3268; x_wconf 54' lang='lat' dir='ltr'>Pata-mum,</span> <span class='ocrx_word' id='word_1_635' title='bbox 709 3221 905 3270; x_wconf 90' lang='lat' dir='ltr'>proprium</span> <span class='ocrx_word' id='word_1_636' title='bbox 935 3229 992 3257; x_wconf 91' lang='lat' dir='ltr'>est</span> <span class='ocrx_word' id='word_1_637' title='bbox 1017 3220 1163 3257; x_wconf 88' lang='lat' dir='ltr'>virtutis</span> <span class='ocrx_word' id='word_1_638' title='bbox 1189 3220 1252 3256; x_wconf 90' lang='lat' dir='ltr'>vel</span> <span class='ocrx_word' id='word_1_639' title='bbox 1286 3219 1374 3256; x_wconf 88' lang='lat' dir='ltr'>artis</span> 
     </span>
     <span class='ocr_line' id='line_1_92' title="bbox 313 3272 1375 3326; baseline -0.004 -14"><span class='ocrx_word' id='word_1_640' title='bbox 313 3288 381 3313; x_wconf 90' lang='lat' dir='ltr'>seu</span> <span class='ocrx_word' id='word_1_641' title='bbox 399 3274 589 3326; x_wconf 90' lang='lat' dir='ltr'>potentiae</span> <span class='ocrx_word' id='word_1_642' title='bbox 609 3274 659 3311; x_wconf 85' lang='lat' dir='ltr'>ad</span> <span class='ocrx_word' id='word_1_643' title='bbox 677 3285 793 3324; x_wconf 88' lang='lat' dir='ltr'>quam</span> <span class='ocrx_word' id='word_1_644' title='bbox 826 3273 986 3323; x_wconf 85' lang='lat' dir='ltr'>pertinet</span> <span class='ocrx_word' id='word_1_645' title='bbox 1003 3273 1090 3310; x_wconf 93' lang='lat' dir='ltr'>finis</span> <span class='ocrx_word' id='word_1_646' title='bbox 1108 3280 1149 3309; x_wconf 92' lang='lat' dir='ltr'>ut</span> <span class='ocrx_word' id='word_1_647' title='bbox 1167 3272 1375 3321; x_wconf 90' lang='lat' dir='ltr'>praecipiat</span> 
     </span>
     <span class='ocr_line' id='line_1_93' title="bbox 313 3325 1373 3375; baseline -0.003 -10"><span class='ocrx_word' id='word_1_648' title='bbox 313 3329 393 3366; x_wconf 91' lang='lat' dir='ltr'>aliis</span> <span class='ocrx_word' id='word_1_649' title='bbox 419 3327 620 3366; x_wconf 89' lang='lat' dir='ltr'>virtutibus</span> <span class='ocrx_word' id='word_1_650' title='bbox 647 3339 716 3364; x_wconf 92' lang='lat' dir='ltr'>seu</span> <span class='ocrx_word' id='word_1_651' title='bbox 743 3326 885 3364; x_wconf 91' lang='lat' dir='ltr'>artibus</span> <span class='ocrx_word' id='word_1_652' title='bbox 913 3326 962 3364; x_wconf 90' lang='lat' dir='ltr'>ad</span> <span class='ocrx_word' id='word_1_653' title='bbox 991 3338 1086 3374; x_wconf 92' lang='lat' dir='ltr'>quas</span> <span class='ocrx_word' id='word_1_654' title='bbox 1113 3325 1300 3375; x_wconf 88' lang='lat' dir='ltr'>pertinent</span> <span class='ocrx_word' id='word_1_655' title='bbox 1330 3337 1373 3362; x_wconf 91' lang='lat' dir='ltr'>ea</span> 
     </span>
     <span class='ocr_line' id='line_1_94' title="bbox 313 3378 1372 3438; baseline -0.004 -19"><span class='ocrx_word' id='word_1_656' title='bbox 313 3394 413 3430; x_wconf 88' lang='lat' dir='ltr'>quae</span> <span class='ocrx_word' id='word_1_657' title='bbox 442 3389 528 3419; x_wconf 87' lang='lat' dir='ltr'>sunt</span> <span class='ocrx_word' id='word_1_658' title='bbox 556 3380 606 3418; x_wconf 90' lang='lat' dir='ltr'>ad</span> <span class='ocrx_word' id='word_1_659' title='bbox 632 3381 764 3418; x_wconf 90' lang='lat' dir='ltr'>finem.</span> <span class='ocrx_word' id='word_1_660' title='bbox 799 3379 876 3418; x_wconf 91' lang='lat' dir='ltr'>Sed</span> <span class='ocrx_word' id='word_1_661' title='bbox 903 3379 1103 3429; x_wconf 89' lang='lat' dir='ltr'>prudentia</span> <span class='ocrx_word' id='word_1_662' title='bbox 1132 3378 1297 3438; x_wconf 92' lang='lat' dir='ltr'>disponit</span> <span class='ocrx_word' id='word_1_663' title='bbox 1325 3378 1372 3415; x_wconf 92' lang='lat' dir='ltr'>de</span> 
     </span>
     <span class='ocr_line' id='line_1_95' title="bbox 313 3432 1371 3482; baseline -0.005 -10"><span class='ocrx_word' id='word_1_664' title='bbox 313 3435 392 3472; x_wconf 87' lang='lat' dir='ltr'>aliis</span> <span class='ocrx_word' id='word_1_665' title='bbox 418 3434 618 3471; x_wconf 87' lang='lat' dir='ltr'>virtutibus</span> <span class='ocrx_word' id='word_1_666' title='bbox 645 3433 854 3470; x_wconf 90' lang='lat' dir='ltr'>moralibus</span> <span class='ocrx_word' id='word_1_667' title='bbox 883 3441 920 3470; x_wconf 88' lang='lat' dir='ltr'>et</span> <span class='ocrx_word' id='word_1_668' title='bbox 947 3432 1129 3482; x_wconf 91' lang='lat' dir='ltr'>praecipit</span> <span class='ocrx_word' id='word_1_669' title='bbox 1157 3432 1221 3468; x_wconf 91' lang='lat' dir='ltr'>eis.</span> <span class='ocrx_word' id='word_1_670' title='bbox 1270 3432 1371 3479; x_wconf 88' lang='lat' dir='ltr'>Ergo</span> 
     </span>
     <span class='ocr_line' id='line_1_96' title="bbox 312 3486 761 3536; baseline -0.002 -12"><span class='ocrx_word' id='word_1_671' title='bbox 312 3487 520 3536; x_wconf 87' lang='lat' dir='ltr'>praestituit</span> <span class='ocrx_word' id='word_1_672' title='bbox 549 3486 602 3524; x_wconf 93' lang='lat' dir='ltr'>eis</span> <span class='ocrx_word' id='word_1_673' title='bbox 630 3487 761 3523; x_wconf 90' lang='lat' dir='ltr'>finem.</span> 
     </span>
    </p>
   </div>
   <div class='ocr_carea' id='block_1_37' title="bbox 454 3555 996 3582">
    <p class='ocr_par' dir='ltr' id='par_1_40' title="bbox 454 3555 996 3582">
     <span class='ocr_line' id='line_1_97' title="bbox 454 3555 996 3582; baseline 0.002 -1"><span class='ocrx_word' id='word_1_674' title='bbox 454 3557 564 3582; x_wconf 65' lang='lat' dir='ltr'>Summa</span> <span class='ocrx_word' id='word_1_675' title='bbox 583 3556 684 3581; x_wconf 68' lang='lat' dir='ltr'>Timor..</span> <span class='ocrx_word' id='word_1_676' title='bbox 703 3556 735 3581; x_wconf 93' lang='lat' dir='ltr'>D.</span> <span class='ocrx_word' id='word_1_677' title='bbox 747 3555 861 3580; x_wconf 61' lang='lat' dir='ltr'>Tnomr:</span> <span class='ocrx_word' id='word_1_678' title='bbox 879 3555 912 3581; x_wconf 91' lang='lat' dir='ltr'>T.</span> <span class='ocrx_word' id='word_1_679' title='bbox 927 3557 958 3580; x_wconf 90' lang='lat' dir='ltr'>V.</span> <span class='ocrx_word' id='word_1_680' title='bbox 991 3579 996 3582; x_wconf 85' lang='lat'>.</span> 
     </span>
    </p>
   </div>
   <div class='ocr_carea' id='block_1_38' title="bbox 308 2304 518 2316">
    <p class='ocr_par' dir='ltr' id='par_1_41' title="bbox 308 2304 518 2316">
     <span class='ocr_line' id='line_1_98' title="bbox 308 2304 518 2316; baseline 0 1740"><span class='ocrx_word' id='word_1_681' title='bbox 308 2304 518 2316; x_wconf 95' lang='lat' dir='ltr'> </span> 
     </span>
    </p>
   </div>
   <div class='ocr_carea' id='block_1_39' title="bbox 1424 2266 2490 3109">
    <p class='ocr_par' dir='ltr' id='par_1_42' title="bbox 1424 2266 2490 2420">
     <span class='ocr_line' id='line_1_99' title="bbox 1426 2266 2489 2314; baseline 0.003 -12"><span class='ocrx_word' id='word_1_682' title='bbox 1426 2266 1472 2302; x_wconf 90' lang='lat' dir='ltr'>ad</span> <span class='ocrx_word' id='word_1_683' title='bbox 1505 2266 1748 2314; x_wconf 88' lang='lat' dir='ltr'>prudentiam</span> <span class='ocrx_word' id='word_1_684' title='bbox 1784 2277 1862 2302; x_wconf 92' lang='lat' dir='ltr'>non</span> <span class='ocrx_word' id='word_1_685' title='bbox 1890 2266 2052 2314; x_wconf 90' lang='lat' dir='ltr'>pertinet</span> <span class='ocrx_word' id='word_1_686' title='bbox 2088 2267 2334 2314; x_wconf 89' lang='lat' dir='ltr'>praestituere</span> <span class='ocrx_word' id='word_1_687' title='bbox 2370 2269 2489 2305; x_wconf 89' lang='lat' dir='ltr'>finem</span> 
     </span>
     <span class='ocr_line' id='line_1_100' title="bbox 1424 2318 2490 2369; baseline 0.003 -14"><span class='ocrx_word' id='word_1_688' title='bbox 1424 2318 1626 2355; x_wconf 90' lang='lat' dir='ltr'>virtutibus</span> <span class='ocrx_word' id='word_1_689' title='bbox 1646 2319 1867 2365; x_wconf 85' lang='lat' dir='ltr'>moralibus,</span> <span class='ocrx_word' id='word_1_690' title='bbox 1898 2318 1966 2355; x_wconf 92' lang='lat' dir='ltr'>sed</span> <span class='ocrx_word' id='word_1_691' title='bbox 1994 2320 2119 2355; x_wconf 89' lang='lat' dir='ltr'>solum</span> <span class='ocrx_word' id='word_1_692' title='bbox 2141 2319 2341 2369; x_wconf 92' lang='lat' dir='ltr'>disponere</span> <span class='ocrx_word' id='word_1_693' title='bbox 2362 2321 2408 2358; x_wconf 94' lang='lat' dir='ltr'>de</span> <span class='ocrx_word' id='word_1_694' title='bbox 2433 2322 2490 2358; x_wconf 90' lang='lat' dir='ltr'>his</span> 
     </span>
     <span class='ocr_line' id='line_1_101' title="bbox 1427 2371 1914 2420; baseline 0 -12"><span class='ocrx_word' id='word_1_695' title='bbox 1427 2384 1524 2420; x_wconf 91' lang='lat' dir='ltr'>quae</span> <span class='ocrx_word' id='word_1_696' title='bbox 1553 2379 1641 2409; x_wconf 90' lang='lat' dir='ltr'>sunt</span> <span class='ocrx_word' id='word_1_697' title='bbox 1669 2371 1718 2408; x_wconf 91' lang='lat' dir='ltr'>ad</span> <span class='ocrx_word' id='word_1_698' title='bbox 1745 2372 1879 2408; x_wconf 91' lang='lat' dir='ltr'>finem.</span> <span class='ocrx_word' id='word_1_699' title='bbox 1912 2391 1914 2394; x_wconf 91' lang='lat'>·</span> 
     </span>
    </p>

    <p class='ocr_par' dir='ltr' id='par_1_43' title="bbox 1425 2425 2490 3109">
     <span class='ocr_line' id='line_1_102' title="bbox 1479 2425 2490 2472; baseline 0.002 -11"><span class='ocrx_word' id='word_1_700' title='bbox 1479 2426 1706 2462; x_wconf 66' lang='lat' dir='ltr'>Responnsso</span> <span class='ocrx_word' id='word_1_701' title='bbox 1735 2436 1920 2462; x_wconf 78' lang='lat' dir='ltr'>mCENDUM</span> <span class='ocrx_word' id='word_1_702' title='bbox 1947 2426 2052 2472; x_wconf 91' lang='lat' dir='ltr'>quod</span> <span class='ocrx_word' id='word_1_703' title='bbox 2081 2425 2168 2462; x_wconf 86' lang='lat' dir='ltr'>finis</span> <span class='ocrx_word' id='word_1_704' title='bbox 2195 2425 2379 2463; x_wconf 90' lang='lat' dir='ltr'>virtutum</span> <span class='ocrx_word' id='word_1_705' title='bbox 2408 2439 2490 2463; x_wconf 91' lang='lat' dir='ltr'>mo-</span> 
     </span>
     <span class='ocr_line' id='line_1_103' title="bbox 1427 2477 2488 2516; baseline 0.003 -3"><span class='ocrx_word' id='word_1_706' title='bbox 1427 2477 1560 2513; x_wconf 91' lang='lat' dir='ltr'>ralium</span> <span class='ocrx_word' id='word_1_707' title='bbox 1604 2485 1660 2514; x_wconf 89' lang='lat' dir='ltr'>est</span> <span class='ocrx_word' id='word_1_708' title='bbox 1701 2478 1849 2513; x_wconf 91' lang='lat' dir='ltr'>bonum</span> <span class='ocrx_word' id='word_1_709' title='bbox 1890 2478 2117 2515; x_wconf 90' lang='lat' dir='ltr'>humanum.</span> <span class='ocrx_word' id='word_1_710' title='bbox 2165 2479 2318 2515; x_wconf 90' lang='lat' dir='ltr'>Bonum</span> <span class='ocrx_word' id='word_1_711' title='bbox 2361 2487 2488 2516; x_wconf 87' lang='lat' dir='ltr'>autem</span> 
     </span>
     <span class='ocr_line' id='line_1_104' title="bbox 1425 2529 2488 2577; baseline 0.002 -11"><span class='ocrx_word' id='word_1_712' title='bbox 1425 2529 1618 2566; x_wconf 90' lang='lat' dir='ltr'>humanae</span> <span class='ocrx_word' id='word_1_713' title='bbox 1655 2529 1804 2566; x_wconf 91' lang='lat' dir='ltr'>animae</span> <span class='ocrx_word' id='word_1_714' title='bbox 1833 2537 1888 2565; x_wconf 91' lang='lat' dir='ltr'>est</span> <span class='ocrx_word' id='word_1_715' title='bbox 1916 2531 2129 2567; x_wconf 89' lang='lat' dir='ltr'>secundum</span> <span class='ocrx_word' id='word_1_716' title='bbox 2166 2531 2350 2568; x_wconf 87' lang='lat' dir='ltr'>rationem</span> <span class='ocrx_word' id='word_1_717' title='bbox 2386 2545 2488 2577; x_wconf 86' lang='lat' dir='ltr'>esse;</span> 
     </span>
     <span class='ocr_line' id='line_1_105' title="bbox 1426 2581 2490 2632; baseline 0.002 -13"><span class='ocrx_word' id='word_1_718' title='bbox 1426 2590 1467 2619; x_wconf 92' lang='lat' dir='ltr'>ut</span> <span class='ocrx_word' id='word_1_719' title='bbox 1494 2590 1597 2632; x_wconf 90' lang='lat' dir='ltr'>patet</span> <span class='ocrx_word' id='word_1_720' title='bbox 1623 2595 1692 2631; x_wconf 93' lang='lat' dir='ltr'>per</span> <span class='ocrx_word' id='word_1_721' title='bbox 1720 2581 1962 2630; x_wconf 87' lang='lat' dir='ltr'>Dionysium,</span> <span class='ocrx_word' id='word_1_722' title='bbox 1993 2594 2029 2618; x_wconf 93' lang='lat' dir='ltr'>1v</span> <span class='ocrx_word' id='word_1_723' title='bbox 2048 2595 2130 2631; x_wconf 89' lang='lat' dir='ltr'>cap.</span> <span class='ocrx_word' id='word_1_724' title='bbox 2155 2583 2200 2619; x_wconf 90' lang='lat' dir='ltr'>de</span> <span class='ocrx_word' id='word_1_725' title='bbox 2218 2585 2305 2620; x_wconf 81' lang='lat' dir='ltr'>Div.</span> <span class='ocrx_word' id='word_1_726' title='bbox 2331 2586 2447 2622; x_wconf 90' lang='lat' dir='ltr'>Nom.</span> <span class='ocrx_word' id='word_1_727' title='bbox 2469 2585 2490 2606; x_wconf 70' lang='lat'>²¹²</span> 
     </span>
     <span class='ocr_line' id='line_1_106' title="bbox 1427 2635 2488 2682; baseline 0.002 -9"><span class='ocrx_word' id='word_1_728' title='bbox 1427 2636 1539 2674; x_wconf 92' lang='lat' dir='ltr'>Unde</span> <span class='ocrx_word' id='word_1_729' title='bbox 1567 2648 1722 2672; x_wconf 89' lang='lat' dir='ltr'>necesse</span> <span class='ocrx_word' id='word_1_730' title='bbox 1751 2643 1806 2671; x_wconf 90' lang='lat' dir='ltr'>est</span> <span class='ocrx_word' id='word_1_731' title='bbox 1825 2635 1931 2682; x_wconf 89' lang='lat' dir='ltr'>quod</span> <span class='ocrx_word' id='word_1_732' title='bbox 1958 2635 2055 2672; x_wconf 89' lang='lat' dir='ltr'>fines</span> <span class='ocrx_word' id='word_1_733' title='bbox 2083 2636 2286 2673; x_wconf 90' lang='lat' dir='ltr'>moralium</span> <span class='ocrx_word' id='word_1_734' title='bbox 2305 2637 2488 2675; x_wconf 86' lang='lat' dir='ltr'>virtutum</span> 
     </span>
     <span class='ocr_line' id='line_1_107' title="bbox 1426 2688 2489 2738; baseline 0.001 -12"><span class='ocrx_word' id='word_1_735' title='bbox 1426 2689 1680 2738; x_wconf 86' lang='lat' dir='ltr'>praeexistant</span> <span class='ocrx_word' id='word_1_736' title='bbox 1711 2688 1750 2724; x_wconf 91' lang='lat' dir='ltr'>in</span> <span class='ocrx_word' id='word_1_737' title='bbox 1778 2688 1934 2725; x_wconf 90' lang='lat' dir='ltr'>ratione.</span> <span class='ocrx_word' id='word_1_738' title='bbox 1983 2688 2086 2725; x_wconf 91' lang='lat' dir='ltr'>Sicut</span> <span class='ocrx_word' id='word_1_739' title='bbox 2113 2696 2242 2726; x_wconf 90' lang='lat' dir='ltr'>autem</span> <span class='ocrx_word' id='word_1_740' title='bbox 2276 2690 2313 2726; x_wconf 90' lang='lat' dir='ltr'>in</span> <span class='ocrx_word' id='word_1_741' title='bbox 2343 2690 2489 2728; x_wconf 90' lang='lat' dir='ltr'>ratione</span> 
     </span>
     <span class='ocr_line' id='line_1_108' title="bbox 1428 2741 2487 2791; baseline 0.001 -12"><span class='ocrx_word' id='word_1_742' title='bbox 1428 2741 1658 2790; x_wconf 89' lang='lat' dir='ltr'>speculativa</span> <span class='ocrx_word' id='word_1_743' title='bbox 1694 2749 1781 2777; x_wconf 92' lang='lat' dir='ltr'>sunt</span> <span class='ocrx_word' id='word_1_744' title='bbox 1817 2741 2007 2788; x_wconf 87' lang='lat' dir='ltr'>quaedam</span> <span class='ocrx_word' id='word_1_745' title='bbox 2046 2748 2087 2777; x_wconf 91' lang='lat' dir='ltr'>ut</span> <span class='ocrx_word' id='word_1_746' title='bbox 2123 2743 2340 2779; x_wconf 89' lang='lat' dir='ltr'>naturaliter</span> <span class='ocrx_word' id='word_1_747' title='bbox 2377 2751 2487 2791; x_wconf 89' lang='lat' dir='ltr'>nota,</span> 
     </span>
     <span class='ocr_line' id='line_1_109' title="bbox 1428 2794 2490 2845; baseline 0.001 -13"><span class='ocrx_word' id='word_1_748' title='bbox 1428 2807 1592 2845; x_wconf 89' lang='lat' dir='ltr'>quorum</span> <span class='ocrx_word' id='word_1_749' title='bbox 1629 2802 1685 2831; x_wconf 87' lang='lat' dir='ltr'>est</span> <span class='ocrx_word' id='word_1_750' title='bbox 1715 2794 1944 2839; x_wconf 87' lang='lat' dir='ltr'>intellectus;</span> <span class='ocrx_word' id='word_1_751' title='bbox 1992 2802 2028 2830; x_wconf 93' lang='lat' dir='ltr'>et</span> <span class='ocrx_word' id='word_1_752' title='bbox 2063 2795 2254 2842; x_wconf 89' lang='lat' dir='ltr'>quaedam</span> <span class='ocrx_word' id='word_1_753' title='bbox 2284 2808 2381 2844; x_wconf 91' lang='lat' dir='ltr'>quae</span> <span class='ocrx_word' id='word_1_754' title='bbox 2419 2809 2490 2845; x_wconf 94' lang='lat' dir='ltr'>per</span> 
     </span>
     <span class='ocr_line' id='line_1_110' title="bbox 1427 2846 2489 2896; baseline 0.002 -12"><span class='ocrx_word' id='word_1_755' title='bbox 1427 2848 1489 2885; x_wconf 92' lang='lat' dir='ltr'>illa</span> <span class='ocrx_word' id='word_1_756' title='bbox 1512 2848 1762 2893; x_wconf 90' lang='lat' dir='ltr'>innotescunt,</span> <span class='ocrx_word' id='word_1_757' title='bbox 1784 2846 1924 2883; x_wconf 91' lang='lat' dir='ltr'>scilicet</span> <span class='ocrx_word' id='word_1_758' title='bbox 1948 2847 2224 2894; x_wconf 89' lang='lat' dir='ltr'>conclusiones,</span> <span class='ocrx_word' id='word_1_759' title='bbox 2246 2860 2409 2896; x_wconf 89' lang='lat' dir='ltr'>quarum</span> <span class='ocrx_word' id='word_1_760' title='bbox 2433 2858 2489 2886; x_wconf 91' lang='lat' dir='ltr'>est</span> 
     </span>
     <span class='ocr_line' id='line_1_111' title="bbox 1428 2900 2488 2950; baseline 0.001 -12"><span class='ocrx_word' id='word_1_761' title='bbox 1428 2901 1598 2938; x_wconf 83' lang='lat' dir='ltr'>scientia:</span> <span class='ocrx_word' id='word_1_762' title='bbox 1624 2900 1674 2936; x_wconf 90' lang='lat' dir='ltr'>ita</span> <span class='ocrx_word' id='word_1_763' title='bbox 1692 2900 1731 2936; x_wconf 89' lang='lat' dir='ltr'>in</span> <span class='ocrx_word' id='word_1_764' title='bbox 1750 2900 1895 2936; x_wconf 90' lang='lat' dir='ltr'>ratione</span> <span class='ocrx_word' id='word_1_765' title='bbox 1914 2900 2080 2948; x_wconf 90' lang='lat' dir='ltr'>practica</span> <span class='ocrx_word' id='word_1_766' title='bbox 2097 2901 2354 2949; x_wconf 86' lang='lat' dir='ltr'>praeexistunt</span> <span class='ocrx_word' id='word_1_767' title='bbox 2373 2914 2488 2950; x_wconf 90' lang='lat' dir='ltr'>quae—</span> 
     </span>
     <span class='ocr_line' id='line_1_112' title="bbox 1428 2952 2489 3002; baseline 0.001 -11"><span class='ocrx_word' id='word_1_768' title='bbox 1428 2954 1517 2991; x_wconf 89' lang='lat' dir='ltr'>dam</span> <span class='ocrx_word' id='word_1_769' title='bbox 1545 2961 1588 2990; x_wconf 92' lang='lat' dir='ltr'>ut</span> <span class='ocrx_word' id='word_1_770' title='bbox 1614 2953 1797 3002; x_wconf 90' lang='lat' dir='ltr'>principia</span> <span class='ocrx_word' id='word_1_771' title='bbox 1824 2952 2040 2990; x_wconf 89' lang='lat' dir='ltr'>naturaliter</span> <span class='ocrx_word' id='word_1_772' title='bbox 2067 2961 2174 3001; x_wconf 87' lang='lat' dir='ltr'>nota,</span> <span class='ocrx_word' id='word_1_773' title='bbox 2205 2961 2240 2990; x_wconf 92' lang='lat' dir='ltr'>et</span> <span class='ocrx_word' id='word_1_774' title='bbox 2267 2954 2489 2992; x_wconf 90' lang='lat' dir='ltr'>huiusmodi</span> 
     </span>
     <span class='ocr_line' id='line_1_113' title="bbox 1428 3005 2490 3054; baseline 0.001 -10"><span class='ocrx_word' id='word_1_775' title='bbox 1428 3015 1514 3044; x_wconf 91' lang='lat' dir='ltr'>sunt</span> <span class='ocrx_word' id='word_1_776' title='bbox 1532 3008 1628 3044; x_wconf 89' lang='lat' dir='ltr'>fines</span> <span class='ocrx_word' id='word_1_777' title='bbox 1645 3006 1828 3042; x_wconf 91' lang='lat' dir='ltr'>virtutum</span> <span class='ocrx_word' id='word_1_778' title='bbox 1852 3005 2069 3052; x_wconf 84' lang='lat' dir='ltr'>moralium,</span> <span class='ocrx_word' id='word_1_779' title='bbox 2090 3006 2179 3054; x_wconf 93' lang='lat' dir='ltr'>quia</span> <span class='ocrx_word' id='word_1_780' title='bbox 2201 3007 2288 3044; x_wconf 89' lang='lat' dir='ltr'>finis</span> <span class='ocrx_word' id='word_1_781' title='bbox 2314 3020 2356 3044; x_wconf 89' lang='lat' dir='ltr'>se</span> <span class='ocrx_word' id='word_1_782' title='bbox 2374 3009 2490 3045; x_wconf 91' lang='lat' dir='ltr'>habet</span> 
     </span>
     <span class='ocr_line' id='line_1_114' title="bbox 1427 3058 2487 3109; baseline 0.001 -12"><span class='ocrx_word' id='word_1_783' title='bbox 1427 3060 1466 3098; x_wconf 92' lang='lat' dir='ltr'>in</span> <span class='ocrx_word' id='word_1_784' title='bbox 1499 3059 1754 3108; x_wconf 91' lang='lat' dir='ltr'>operabilibus</span> <span class='ocrx_word' id='word_1_785' title='bbox 1787 3058 1883 3095; x_wconf 90' lang='lat' dir='ltr'>sicut</span> <span class='ocrx_word' id='word_1_786' title='bbox 1909 3058 2135 3108; x_wconf 91' lang='lat' dir='ltr'>principium</span> <span class='ocrx_word' id='word_1_787' title='bbox 2168 3059 2206 3096; x_wconf 90' lang='lat' dir='ltr'>in</span> <span class='ocrx_word' id='word_1_788' title='bbox 2234 3061 2487 3109; x_wconf 88' lang='lat' dir='ltr'>speculativis,</span> 
     </span>
    </p>
   </div>
   <div class='ocr_carea' id='block_1_40' title="bbox 1426 3111 2679 3214">
    <p class='ocr_par' dir='ltr' id='par_1_44' title="bbox 1426 3111 2679 3214">
     <span class='ocr_line' id='line_1_115' title="bbox 1426 3111 2679 3162; baseline 0.001 -12"><span class='ocrx_word' id='word_1_789' title='bbox 1426 3121 1467 3150; x_wconf 92' lang='lat' dir='ltr'>ut</span> <span class='ocrx_word' id='word_1_790' title='bbox 1495 3125 1610 3162; x_wconf 87' lang='lat' dir='ltr'>supra</span> <span class='ocrx_word' id='word_1_791' title='bbox 1628 3111 1648 3134; x_wconf 75' lang='lat'>&#39;¹‘</span> <span class='ocrx_word' id='word_1_792' title='bbox 1675 3111 1847 3148; x_wconf 88' lang='lat' dir='ltr'>habitum</span> <span class='ocrx_word' id='word_1_793' title='bbox 1876 3118 1950 3158; x_wconf 92' lang='lat' dir='ltr'>est;</span> <span class='ocrx_word' id='word_1_794' title='bbox 1981 3119 2017 3148; x_wconf 90' lang='lat' dir='ltr'>et</span> <span class='ocrx_word' id='word_1_795' title='bbox 2045 3112 2235 3160; x_wconf 88' lang='lat' dir='ltr'>quaedam</span> <span class='ocrx_word' id='word_1_796' title='bbox 2261 3121 2347 3150; x_wconf 92' lang='lat' dir='ltr'>sunt</span> <span class='ocrx_word' id='word_1_797' title='bbox 2373 3114 2412 3150; x_wconf 91' lang='lat' dir='ltr'>in</span> <span class='ocrx_word' id='word_1_798' title='bbox 2432 3127 2488 3150; x_wconf 89' lang='lat' dir='ltr'>ra·</span> <span class='ocrx_word' id='word_1_799' title='bbox 2517 3131 2526 3140; x_wconf 87' lang='lat'><strong>·</strong></span> <span class='ocrx_word' id='word_1_800' title='bbox 2557 3137 2569 3151; x_wconf 77' lang='lat' dir='ltr'>u</span> <span class='ocrx_word' id='word_1_801' title='bbox 2600 3137 2613 3150; x_wconf 71' lang='lat' dir='ltr'>x</span> <span class='ocrx_word' id='word_1_802' title='bbox 2656 3136 2679 3151; x_wconf 63' lang='grc' dir='ltr'><strong>π</strong></span> 
     </span>
     <span class='ocr_line' id='line_1_116' title="bbox 1426 3163 2609 3214; baseline 0.001 -11"><span class='ocrx_word' id='word_1_803' title='bbox 1426 3166 1530 3203; x_wconf 93' lang='lat' dir='ltr'>tione</span> <span class='ocrx_word' id='word_1_804' title='bbox 1557 3165 1721 3214; x_wconf 89' lang='lat' dir='ltr'>practica</span> <span class='ocrx_word' id='word_1_805' title='bbox 1740 3171 1781 3200; x_wconf 89' lang='lat' dir='ltr'>ut</span> <span class='ocrx_word' id='word_1_806' title='bbox 1807 3163 2081 3211; x_wconf 90' lang='lat' dir='ltr'>conclusiones,</span> <span class='ocrx_word' id='word_1_807' title='bbox 2112 3173 2148 3201; x_wconf 93' lang='lat' dir='ltr'>et</span> <span class='ocrx_word' id='word_1_808' title='bbox 2165 3165 2383 3203; x_wconf 90' lang='lat' dir='ltr'>huiusmodi</span> <span class='ocrx_word' id='word_1_809' title='bbox 2403 3174 2489 3204; x_wconf 90' lang='lat' dir='ltr'>sunt</span> <span class='ocrx_word' id='word_1_810' title='bbox 2516 3163 2565 3204; x_wconf 54' lang='grc' dir='ltr'>μ’</span> <span class='ocrx_word' id='word_1_811' title='bbox 2599 3190 2609 3204; x_wconf 69' lang='lat' dir='ltr'>r</span> 
     </span>
    </p>
   </div>
   <div class='ocr_carea' id='block_1_41' title="bbox 1426 3217 2488 3479">
    <p class='ocr_par' dir='ltr' id='par_1_45' title="bbox 1426 3217 2488 3479">
     <span class='ocr_line' id='line_1_117' title="bbox 1429 3217 2487 3267; baseline 0 -11"><span class='ocrx_word' id='word_1_812' title='bbox 1429 3232 1474 3256; x_wconf 88' lang='lat' dir='ltr'>ea</span> <span class='ocrx_word' id='word_1_813' title='bbox 1502 3230 1600 3267; x_wconf 91' lang='lat' dir='ltr'>quae</span> <span class='ocrx_word' id='word_1_814' title='bbox 1628 3226 1715 3255; x_wconf 93' lang='lat' dir='ltr'>sunt</span> <span class='ocrx_word' id='word_1_815' title='bbox 1741 3217 1791 3254; x_wconf 88' lang='lat' dir='ltr'>ad</span> <span class='ocrx_word' id='word_1_816' title='bbox 1818 3217 1950 3264; x_wconf 87' lang='lat' dir='ltr'>finem,</span> <span class='ocrx_word' id='word_1_817' title='bbox 1979 3217 2017 3254; x_wconf 91' lang='lat' dir='ltr'>in</span> <span class='ocrx_word' id='word_1_818' title='bbox 2045 3230 2144 3267; x_wconf 92' lang='lat' dir='ltr'>quae</span> <span class='ocrx_word' id='word_1_819' title='bbox 2173 3219 2418 3267; x_wconf 90' lang='lat' dir='ltr'>pervenimus</span> <span class='ocrx_word' id='word_1_820' title='bbox 2442 3232 2487 3256; x_wconf 89' lang='lat' dir='ltr'>ex</span> 
     </span>
     <span class='ocr_line' id='line_1_118' title="bbox 1427 3270 2488 3321; baseline 0.001 -13"><span class='ocrx_word' id='word_1_821' title='bbox 1427 3272 1516 3321; x_wconf 87' lang='lat' dir='ltr'>ipsis</span> <span class='ocrx_word' id='word_1_822' title='bbox 1543 3271 1695 3308; x_wconf 90' lang='lat' dir='ltr'>finibus.</span> <span class='ocrx_word' id='word_1_823' title='bbox 1725 3271 1774 3306; x_wconf 92' lang='lat' dir='ltr'>Et</span> <span class='ocrx_word' id='word_1_824' title='bbox 1800 3270 1941 3307; x_wconf 85' lang='lat' dir='ltr'>horum</span> <span class='ocrx_word' id='word_1_825' title='bbox 1970 3279 2026 3307; x_wconf 90' lang='lat' dir='ltr'>est</span> <span class='ocrx_word' id='word_1_826' title='bbox 2052 3271 2263 3319; x_wconf 88' lang='lat' dir='ltr'>prudentia,</span> <span class='ocrx_word' id='word_1_827' title='bbox 2294 3272 2488 3321; x_wconf 91' lang='lat' dir='ltr'>applicans</span> 
     </span>
     <span class='ocr_line' id='line_1_119' title="bbox 1426 3322 2487 3372; baseline 0 -10"><span class='ocrx_word' id='word_1_828' title='bbox 1426 3323 1654 3362; x_wconf 90' lang='lat' dir='ltr'>universalia</span> <span class='ocrx_word' id='word_1_829' title='bbox 1681 3322 1865 3372; x_wconf 88' lang='lat' dir='ltr'>principia</span> <span class='ocrx_word' id='word_1_830' title='bbox 1885 3323 1934 3360; x_wconf 89' lang='lat' dir='ltr'>ad</span> <span class='ocrx_word' id='word_1_831' title='bbox 1961 3323 2204 3372; x_wconf 89' lang='lat' dir='ltr'>particulares</span> <span class='ocrx_word' id='word_1_832' title='bbox 2224 3324 2487 3362; x_wconf 88' lang='lat' dir='ltr'>conclusiones</span> 
     </span>
     <span class='ocr_line' id='line_1_120' title="bbox 1428 3375 2488 3426; baseline 0 -12"><span class='ocrx_word' id='word_1_833' title='bbox 1428 3376 1691 3426; x_wconf 90' lang='lat' dir='ltr'>operabilium.</span> <span class='ocrx_word' id='word_1_834' title='bbox 1722 3377 1771 3412; x_wconf 92' lang='lat' dir='ltr'>Et</span> <span class='ocrx_word' id='word_1_835' title='bbox 1788 3375 1875 3413; x_wconf 92' lang='lat' dir='ltr'>ideo</span> <span class='ocrx_word' id='word_1_836' title='bbox 1899 3376 1946 3413; x_wconf 90' lang='lat' dir='ltr'>ad</span> <span class='ocrx_word' id='word_1_837' title='bbox 1966 3376 2205 3424; x_wconf 88' lang='lat' dir='ltr'>prudentiam</span> <span class='ocrx_word' id='word_1_838' title='bbox 2231 3389 2307 3414; x_wconf 91' lang='lat' dir='ltr'>non</span> <span class='ocrx_word' id='word_1_839' title='bbox 2327 3378 2488 3426; x_wconf 91' lang='lat' dir='ltr'>pertinet</span> 
     </span>
     <span class='ocr_line' id='line_1_121' title="bbox 1426 3428 2486 3479; baseline 0 -12"><span class='ocrx_word' id='word_1_840' title='bbox 1426 3430 1672 3479; x_wconf 88' lang='lat' dir='ltr'>praestituere</span> <span class='ocrx_word' id='word_1_841' title='bbox 1691 3428 1810 3466; x_wconf 86' lang='lat' dir='ltr'>finem</span> <span class='ocrx_word' id='word_1_842' title='bbox 1824 3429 2022 3466; x_wconf 87' lang='lat' dir='ltr'>virtutibus</span> <span class='ocrx_word' id='word_1_843' title='bbox 2041 3430 2260 3477; x_wconf 75' lang='lat' dir='ltr'>moralibus,</span> <span class='ocrx_word' id='word_1_844' title='bbox 2278 3431 2345 3468; x_wconf 92' lang='lat' dir='ltr'>sed</span> <span class='ocrx_word' id='word_1_845' title='bbox 2361 3431 2486 3468; x_wconf 91' lang='lat' dir='ltr'>solum</span> 
     </span>
    </p>
   </div>
   <div class='ocr_carea' id='block_1_42' title="bbox 1398 3482 2266 3531">
    <p class='ocr_par' dir='ltr' id='par_1_46' title="bbox 1398 3482 2266 3531">
     <span class='ocr_line' id='line_1_122' title="bbox 1398 3482 2266 3531; baseline 0 -11"><span class='ocrx_word' id='word_1_846' title='bbox 1398 3509 1400 3526; x_wconf 83' lang='grc'>,</span> <span class='ocrx_word' id='word_1_847' title='bbox 1428 3484 1629 3531; x_wconf 89' lang='lat' dir='ltr'>disponere</span> <span class='ocrx_word' id='word_1_848' title='bbox 1658 3482 1706 3519; x_wconf 92' lang='lat' dir='ltr'>de</span> <span class='ocrx_word' id='word_1_849' title='bbox 1734 3482 1791 3518; x_wconf 90' lang='lat' dir='ltr'>his</span> <span class='ocrx_word' id='word_1_850' title='bbox 1821 3494 1917 3530; x_wconf 92' lang='lat' dir='ltr'>quae</span> <span class='ocrx_word' id='word_1_851' title='bbox 1947 3490 2032 3518; x_wconf 87' lang='lat' dir='ltr'>sunt</span> <span class='ocrx_word' id='word_1_852' title='bbox 2060 3482 2108 3518; x_wconf 91' lang='lat' dir='ltr'>ad</span> <span class='ocrx_word' id='word_1_853' title='bbox 2136 3482 2266 3520; x_wconf 90' lang='lat' dir='ltr'>finem.</span> 
     </span>
    </p>
   </div>
   <div class='ocr_carea' id='block_1_43' title="bbox 2311 3552 2344 3584">
    <p class='ocr_par' dir='ltr' id='par_1_47' title="bbox 2311 3552 2344 3584">
     <span class='ocr_line' id='line_1_123' title="bbox 2311 3552 2344 3584; baseline 0 -7"><span class='ocrx_word' id='word_1_854' title='bbox 2311 3552 2344 3584; x_wconf 84' lang='lat'>45</span> 
     </span>
    </p>
   </div>
   <div class='ocr_carea' id='block_1_44' title="bbox 2518 2185 2727 2227">
    <p class='ocr_par' dir='ltr' id='par_1_48' title="bbox 2518 2185 2727 2227">
     <span class='ocr_line' id='line_1_124' title="bbox 2518 2185 2727 2227; baseline 0.005 -1.142"><span class='ocrx_word' id='word_1_855' title='bbox 2518 2185 2727 2227; x_wconf 62' lang='lat' dir='ltr'>-s.pT&#39;li‘¹1&#39;e&#39;.x&lt;¹:¹t]</span> 
     </span>
    </p>
   </div>
   <div class='ocr_carea' id='block_1_45' title="bbox 2518 2599 2726 2622">
    <p class='ocr_par' dir='ltr' id='par_1_49' title="bbox 2518 2599 2726 2622">
     <span class='ocr_line' id='line_1_125' title="bbox 2518 2599 2726 2622; baseline 0 -1"><span class='ocrx_word' id='word_1_856' title='bbox 2518 2601 2526 2609; x_wconf 78' lang='lat'>⁸</span> <span class='ocrx_word' id='word_1_857' title='bbox 2534 2599 2726 2622; x_wconf 75' lang='lat' dir='ltr'>S.Th.1ect.xx11.</span> 
     </span>
    </p>
   </div>
  </div>
 </body>
</html>
