<?xml version="1.0" encoding="UTF-8"?>
<!DOCTYPE html PUBLIC "-//W3C//DTD XHTML 1.0 Transitional//EN"
    "http://www.w3.org/TR/xhtml1/DTD/xhtml1-transitional.dtd">
<html xmlns="http://www.w3.org/1999/xhtml" xml:lang="en" lang="en">
 <head>
  <title>
</title>
<meta http-equiv="Content-Type" content="text/html;charset=utf-8" />
  <meta name='ocr-system' content='tesseract 3.04.00' />
  <meta name='ocr-capabilities' content='ocr_page ocr_carea ocr_par ocr_line ocrx_word'/>
</head>
<body>
  <div class='ocr_page' id='page_1' title='image "./operaomniaiussui08thom_0352.png"; bbox 0 0 2892 4056; ppageno 0'>
   <div class='ocr_carea' id='block_1_1' title="bbox 185 332 394 379">
    <p class='ocr_par' dir='ltr' id='par_1_1' title="bbox 185 332 394 379">
     <span class='ocr_line' id='line_1_1' title="bbox 185 332 394 353; baseline -0.005 0"><span class='ocrx_word' id='word_1_1' title='bbox 185 334 194 341; x_wconf 81' lang='lat'>⁸</span> <span class='ocrx_word' id='word_1_2' title='bbox 206 332 260 353; x_wconf 89' lang='lat' dir='ltr'>Ord.</span> <span class='ocrx_word' id='word_1_3' title='bbox 273 332 314 352; x_wconf 85' lang='lat' dir='ltr'>sub</span> <span class='ocrx_word' id='word_1_4' title='bbox 330 338 394 352; x_wconf 89' lang='lat' dir='ltr'>nom.</span> 
     </span>
     <span class='ocr_line' id='line_1_2' title="bbox 186 359 278 379; baseline 0 0"><span class='ocrx_word' id='word_1_5' title='bbox 186 359 278 379; x_wconf 39' lang='lat' dir='ltr'>Bedaeff</span> 
     </span>
    </p>
   </div>
   <div class='ocr_carea' id='block_1_2' title="bbox 182 706 392 760">
    <p class='ocr_par' dir='ltr' id='par_1_2' title="bbox 182 706 392 760">
     <span class='ocr_line' id='line_1_3' title="bbox 185 706 392 733; baseline 0 -6"><span class='ocrx_word' id='word_1_6' title='bbox 185 707 249 727; x_wconf 83' lang='lat' dir='ltr'>&#39;Loc.</span> <span class='ocrx_word' id='word_1_7' title='bbox 259 706 326 727; x_wconf 82' lang='lat' dir='ltr'>cit.in</span> <span class='ocrx_word' id='word_1_8' title='bbox 337 712 392 733; x_wconf 85' lang='lat' dir='ltr'>arg.,</span> 
     </span>
     <span class='ocr_line' id='line_1_4' title="bbox 182 739 286 760; baseline 0 -6"><span class='ocrx_word' id='word_1_9' title='bbox 182 739 241 754; x_wconf 76' lang='lat' dir='ltr'>vers.</span> <span class='ocrx_word' id='word_1_10' title='bbox 257 739 286 760; x_wconf 84' lang='lat'>¹7·</span> 
     </span>
    </p>
   </div>
   <div class='ocr_carea' id='block_1_3' title="bbox 182 912 381 933">
    <p class='ocr_par' dir='ltr' id='par_1_3' title="bbox 182 912 381 933">
     <span class='ocr_line' id='line_1_5' title="bbox 182 912 381 933; baseline -0.005 0"><span class='ocrx_word' id='word_1_11' title='bbox 182 913 192 923; x_wconf 68' lang='lat'>⁸</span> <span class='ocrx_word' id='word_1_12' title='bbox 206 912 263 933; x_wconf 85' lang='lat' dir='ltr'>Ibid.</span> <span class='ocrx_word' id='word_1_13' title='bbox 278 918 338 933; x_wconf 86' lang='lat' dir='ltr'>vers.</span> <span class='ocrx_word' id='word_1_14' title='bbox 352 912 381 933; x_wconf 81' lang='lat'>18.</span> 
     </span>
    </p>
   </div>
   <div class='ocr_carea' id='block_1_4' title="bbox 178 2658 390 2739">
    <p class='ocr_par' dir='ltr' id='par_1_4' title="bbox 178 2658 390 2739">
     <span class='ocr_line' id='line_1_6' title="bbox 178 2658 390 2680; baseline -0.005 0"><span class='ocrx_word' id='word_1_15' title='bbox 178 2659 189 2668; x_wconf 77' lang='lat'>⁸</span> <span class='ocrx_word' id='word_1_16' title='bbox 209 2658 243 2680; x_wconf 88' lang='lat' dir='ltr'>Cf.</span> <span class='ocrx_word' id='word_1_17' title='bbox 259 2658 390 2680; x_wconf 80' lang='lat' dir='ltr'>Comment.</span> 
     </span>
     <span class='ocr_line' id='line_1_7' title="bbox 180 2685 390 2712; baseline 0 -6"><span class='ocrx_word' id='word_1_18' title='bbox 180 2685 251 2706; x_wconf 81' lang='lat' dir='ltr'>Caiet.</span> <span class='ocrx_word' id='word_1_19' title='bbox 273 2688 326 2712; x_wconf 83' lang='lat' dir='ltr'>post</span> <span class='ocrx_word' id='word_1_20' title='bbox 349 2688 390 2706; x_wconf 81' lang='lat' dir='ltr'>art.</span> 
     </span>
     <span class='ocr_line' id='line_1_8' title="bbox 180 2711 319 2739; baseline 0 -7"><span class='ocrx_word' id='word_1_21' title='bbox 180 2717 263 2739; x_wconf 58' lang='lat' dir='ltr'>praem,</span> <span class='ocrx_word' id='word_1_22' title='bbox 279 2711 319 2732; x_wconf 81' lang='lat' dir='ltr'>fin.</span> 
     </span>
    </p>
   </div>
   <div class='ocr_carea' id='block_1_5' title="bbox 178 2808 307 2836">
    <p class='ocr_par' dir='ltr' id='par_1_5' title="bbox 178 2808 307 2836">
     <span class='ocr_line' id='line_1_9' title="bbox 178 2808 307 2836; baseline 0 -8"><span class='ocrx_word' id='word_1_23' title='bbox 178 2810 187 2819; x_wconf 75' lang='lat'>⁸</span> <span class='ocrx_word' id='word_1_24' title='bbox 204 2808 271 2830; x_wconf 83' lang='lat' dir='ltr'>Vers.</span> <span class='ocrx_word' id='word_1_25' title='bbox 286 2814 307 2836; x_wconf 85' lang='lat'>3.</span> 
     </span>
    </p>
   </div>
   <div class='ocr_carea' id='block_1_6' title="bbox 182 3186 392 3240">
    <p class='ocr_par' dir='ltr' id='par_1_6' title="bbox 182 3186 392 3240">
     <span class='ocr_line' id='line_1_10' title="bbox 183 3186 391 3217; baseline -0.014 -8"><span class='ocrx_word' id='word_1_26' title='bbox 183 3189 192 3196; x_wconf 79' lang='lat'>⁸</span> <span class='ocrx_word' id='word_1_27' title='bbox 214 3187 270 3217; x_wconf 80' lang='lat' dir='ltr'>Cap.</span> <span class='ocrx_word' id='word_1_28' title='bbox 293 3192 345 3213; x_wconf 80' lang='lat' dir='ltr'>xiv,</span> <span class='ocrx_word' id='word_1_29' title='bbox 363 3186 391 3207; x_wconf 84' lang='lat' dir='ltr'>al.</span> 
     </span>
     <span class='ocr_line' id='line_1_11' title="bbox 182 3216 392 3240; baseline -0.005 -6"><span class='ocrx_word' id='word_1_30' title='bbox 182 3219 268 3240; x_wconf 80' lang='lat' dir='ltr'>xv11,1n</span> <span class='ocrx_word' id='word_1_31' title='bbox 276 3216 320 3235; x_wconf 81' lang='lat' dir='ltr'>vet.</span> <span class='ocrx_word' id='word_1_32' title='bbox 329 3218 392 3234; x_wconf 82' lang='lat' dir='ltr'>xxxi.</span> 
     </span>
    </p>
   </div>
   <div class='ocr_carea' id='block_1_7' title="bbox 424 199 499 244">
    <p class='ocr_par' dir='ltr' id='par_1_7' title="bbox 424 199 499 244">
     <span class='ocr_line' id='line_1_12' title="bbox 424 199 499 244; baseline -0.013 -9"><span class='ocrx_word' id='word_1_33' title='bbox 424 199 499 244; x_wconf 89' lang='lat'>304</span> 
     </span>
    </p>
   </div>
   <div class='ocr_carea' id='block_1_8' title="bbox 417 274 1483 1113">
    <p class='ocr_par' dir='ltr' id='par_1_8' title="bbox 421 274 1482 428">
     <span class='ocr_line' id='line_1_13' title="bbox 421 274 1482 322; baseline 0 -12"><span class='ocrx_word' id='word_1_34' title='bbox 421 275 598 321; x_wconf 90' lang='lat' dir='ltr'>honoris;</span> <span class='ocrx_word' id='word_1_35' title='bbox 638 275 811 312; x_wconf 92' lang='lat' dir='ltr'>nondum</span> <span class='ocrx_word' id='word_1_36' title='bbox 841 274 943 311; x_wconf 90' lang='lat' dir='ltr'>enim</span> <span class='ocrx_word' id='word_1_37' title='bbox 980 281 1083 310; x_wconf 88' lang='lat' dir='ltr'>erant</span> <span class='ocrx_word' id='word_1_38' title='bbox 1116 274 1347 322; x_wconf 83' lang='lat' dir='ltr'>spirituales,</span> <span class='ocrx_word' id='word_1_39' title='bbox 1387 274 1482 310; x_wconf 90' lang='lat' dir='ltr'>sicut</span> 
     </span>
     <span class='ocr_line' id='line_1_14' title="bbox 422 326 1482 364; baseline -0.002 0"><span class='ocrx_word' id='word_1_40' title='bbox 422 328 558 364; x_wconf 91' lang='lat' dir='ltr'>Glossa</span> <span class='ocrx_word' id='word_1_41' title='bbox 577 327 597 349; x_wconf 64' lang='lat'>*⁶</span> <span class='ocrx_word' id='word_1_42' title='bbox 614 328 756 364; x_wconf 87' lang='lat' dir='ltr'>ibidem</span> <span class='ocrx_word' id='word_1_43' title='bbox 783 327 880 364; x_wconf 91' lang='lat' dir='ltr'>dicit.</span> <span class='ocrx_word' id='word_1_44' title='bbox 911 326 1021 363; x_wconf 89' lang='lat' dir='ltr'>Unde</span> <span class='ocrx_word' id='word_1_45' title='bbox 1042 333 1076 362; x_wconf 94' lang='lat' dir='ltr'>et</span> <span class='ocrx_word' id='word_1_46' title='bbox 1096 326 1285 363; x_wconf 88' lang='lat' dir='ltr'>Dominus</span> <span class='ocrx_word' id='word_1_47' title='bbox 1306 338 1372 363; x_wconf 89' lang='lat' dir='ltr'>eos</span> <span class='ocrx_word' id='word_1_48' title='bbox 1393 339 1482 363; x_wconf 93' lang='lat' dir='ltr'>con-</span> 
     </span>
     <span class='ocr_line' id='line_1_15' title="bbox 421 379 899 428; baseline -0.002 -12"><span class='ocrx_word' id='word_1_49' title='bbox 421 388 626 428; x_wconf 84' lang='lat' dir='ltr'>sequenter</span> <span class='ocrx_word' id='word_1_50' title='bbox 654 379 899 428; x_wconf 90' lang='lat' dir='ltr'><strong>compescuit.</strong></span> 
     </span>
    </p>

    <p class='ocr_par' dir='ltr' id='par_1_9' title="bbox 418 429 1482 1008">
     <span class='ocr_line' id='line_1_16' title="bbox 473 429 1482 480; baseline -0.003 -10"><span class='ocrx_word' id='word_1_51' title='bbox 473 435 531 469; x_wconf 77' lang='lat' dir='ltr'>An</span> <span class='ocrx_word' id='word_1_52' title='bbox 560 444 749 470; x_wconf 77' lang='lat' dir='ltr'>SECUNDUM</span> <span class='ocrx_word' id='word_1_53' title='bbox 780 443 962 468; x_wconf 83' lang='lat' dir='ltr'>DICENDUM</span> <span class='ocrx_word' id='word_1_54' title='bbox 1000 429 1104 480; x_wconf 90' lang='lat' dir='ltr'>quod</span> <span class='ocrx_word' id='word_1_55' title='bbox 1133 430 1183 467; x_wconf 87' lang='lat' dir='ltr'>illi</span> <span class='ocrx_word' id='word_1_56' title='bbox 1221 430 1285 479; x_wconf 87' lang='lat' dir='ltr'>qui</span> <span class='ocrx_word' id='word_1_57' title='bbox 1318 443 1363 467; x_wconf 86' lang='lat' dir='ltr'>ex</span> <span class='ocrx_word' id='word_1_58' title='bbox 1392 443 1482 468; x_wconf 92' lang='lat' dir='ltr'>con-</span> 
     </span>
     <span class='ocr_line' id='line_1_17' title="bbox 421 483 1482 532; baseline -0.002 -10"><span class='ocrx_word' id='word_1_59' title='bbox 421 486 588 522; x_wconf 85' lang='lat' dir='ltr'>tentione</span> <span class='ocrx_word' id='word_1_60' title='bbox 627 485 820 521; x_wconf 84' lang='lat' dir='ltr'>Christum</span> <span class='ocrx_word' id='word_1_61' title='bbox 853 483 1126 532; x_wconf 82' lang='lat' dir='ltr'>praedicabant</span> <span class='ocrx_word' id='word_1_62' title='bbox 1168 483 1482 532; x_wconf 86' lang='lat' dir='ltr'>reprehensibiles</span> 
     </span>
     <span class='ocr_line' id='line_1_18' title="bbox 422 536 1481 586; baseline -0.002 -12"><span class='ocrx_word' id='word_1_63' title='bbox 422 546 547 574; x_wconf 86' lang='lat' dir='ltr'>erant:</span> <span class='ocrx_word' id='word_1_64' title='bbox 576 537 664 586; x_wconf 91' lang='lat' dir='ltr'>quia</span> <span class='ocrx_word' id='word_1_65' title='bbox 685 536 861 585; x_wconf 87' lang='lat' dir='ltr'>quamvis</span> <span class='ocrx_word' id='word_1_66' title='bbox 890 548 968 572; x_wconf 92' lang='lat' dir='ltr'>non</span> <span class='ocrx_word' id='word_1_67' title='bbox 993 536 1263 584; x_wconf 89' lang='lat' dir='ltr'>impugnarent</span> <span class='ocrx_word' id='word_1_68' title='bbox 1280 536 1481 573; x_wconf 91' lang='lat' dir='ltr'>veritatem</span> 
     </span>
     <span class='ocr_line' id='line_1_19' title="bbox 420 589 1482 637; baseline -0.002 -10"><span class='ocrx_word' id='word_1_69' title='bbox 420 591 522 636; x_wconf 91' lang='lat' dir='ltr'>fidei,</span> <span class='ocrx_word' id='word_1_70' title='bbox 544 591 611 626; x_wconf 91' lang='lat' dir='ltr'>sed</span> <span class='ocrx_word' id='word_1_71' title='bbox 633 602 718 626; x_wconf 90' lang='lat' dir='ltr'>eam</span> <span class='ocrx_word' id='word_1_72' title='bbox 746 589 1019 637; x_wconf 88' lang='lat' dir='ltr'>praedicarent,</span> <span class='ocrx_word' id='word_1_73' title='bbox 1050 589 1326 636; x_wconf 86' lang='lat' dir='ltr'>impugnabant</span> <span class='ocrx_word' id='word_1_74' title='bbox 1353 597 1482 625; x_wconf 90' lang='lat' dir='ltr'>tamen</span> 
     </span>
     <span class='ocr_line' id='line_1_20' title="bbox 419 642 1482 690; baseline -0.002 -11"><span class='ocrx_word' id='word_1_75' title='bbox 419 644 617 680; x_wconf 84' lang='lat' dir='ltr'>veritatem</span> <span class='ocrx_word' id='word_1_76' title='bbox 659 650 845 689; x_wconf 91' lang='lat' dir='ltr'>quantum</span> <span class='ocrx_word' id='word_1_77' title='bbox 884 642 933 678; x_wconf 90' lang='lat' dir='ltr'>ad</span> <span class='ocrx_word' id='word_1_78' title='bbox 971 642 1046 677; x_wconf 93' lang='lat' dir='ltr'>hoc</span> <span class='ocrx_word' id='word_1_79' title='bbox 1083 642 1188 688; x_wconf 93' lang='lat' dir='ltr'>quod</span> <span class='ocrx_word' id='word_1_80' title='bbox 1224 642 1411 690; x_wconf 89' lang='lat' dir='ltr'>putabant</span> <span class='ocrx_word' id='word_1_81' title='bbox 1443 653 1482 678; x_wconf 84' lang='lat' dir='ltr'>se</span> 
     </span>
     <span class='ocr_line' id='line_1_21' title="bbox 418 693 1482 742; baseline -0.002 -10"><span class='ocrx_word' id='word_1_82' title='bbox 418 696 598 732; x_wconf 84' lang='lat' dir='ltr'>suscitare</span> <span class='ocrx_word' id='word_1_83' title='bbox 630 705 847 741; x_wconf 82' lang='lat' dir='ltr'>pressuram</span> <span class='ocrx_word' id='word_1_84' title='bbox 876 693 896 715; x_wconf 71' lang='lat'>&#39;¹‘</span> <span class='ocrx_word' id='word_1_85' title='bbox 928 695 1116 742; x_wconf 93' lang='lat' dir='ltr'>Apostolo</span> <span class='ocrx_word' id='word_1_86' title='bbox 1153 694 1353 731; x_wconf 85' lang='lat' dir='ltr'>veritatem</span> <span class='ocrx_word' id='word_1_87' title='bbox 1390 694 1482 731; x_wconf 88' lang='lat' dir='ltr'>fidei</span> 
     </span>
     <span class='ocr_line' id='line_1_22' title="bbox 418 747 1481 797; baseline -0.002 -12"><span class='ocrx_word' id='word_1_88' title='bbox 418 747 661 797; x_wconf 87' lang='lat' dir='ltr'>praedicanti.</span> <span class='ocrx_word' id='word_1_89' title='bbox 700 747 810 784; x_wconf 88' lang='lat' dir='ltr'>Unde</span> <span class='ocrx_word' id='word_1_90' title='bbox 848 747 1056 795; x_wconf 91' lang='lat' dir='ltr'>Apostolus</span> <span class='ocrx_word' id='word_1_91' title='bbox 1089 758 1167 783; x_wconf 91' lang='lat' dir='ltr'>non</span> <span class='ocrx_word' id='word_1_92' title='bbox 1205 747 1396 794; x_wconf 88' lang='lat' dir='ltr'>gaudebat</span> <span class='ocrx_word' id='word_1_93' title='bbox 1435 747 1481 783; x_wconf 90' lang='lat' dir='ltr'>de</span> 
     </span>
     <span class='ocr_line' id='line_1_23' title="bbox 420 799 1482 848; baseline -0.002 -10"><span class='ocrx_word' id='word_1_94' title='bbox 420 813 554 838; x_wconf 90' lang='lat' dir='ltr'>eorum</span> <span class='ocrx_word' id='word_1_95' title='bbox 593 799 856 846; x_wconf 80' lang='lat' dir='ltr'>contentione,</span> <span class='ocrx_word' id='word_1_96' title='bbox 893 799 958 836; x_wconf 90' lang='lat' dir='ltr'>sed</span> <span class='ocrx_word' id='word_1_97' title='bbox 999 800 1046 836; x_wconf 91' lang='lat' dir='ltr'>de</span> <span class='ocrx_word' id='word_1_98' title='bbox 1075 800 1199 836; x_wconf 89' lang='lat' dir='ltr'>fructu</span> <span class='ocrx_word' id='word_1_99' title='bbox 1232 799 1296 848; x_wconf 90' lang='lat' dir='ltr'>qui</span> <span class='ocrx_word' id='word_1_100' title='bbox 1328 812 1372 836; x_wconf 89' lang='lat' dir='ltr'>ex</span> <span class='ocrx_word' id='word_1_101' title='bbox 1406 801 1482 836; x_wconf 94' lang='lat' dir='ltr'>hoc</span> 
     </span>
     <span class='ocr_line' id='line_1_24' title="bbox 418 852 1482 902; baseline -0.001 -12"><span class='ocrx_word' id='word_1_102' title='bbox 418 852 688 902; x_wconf 80' lang='lat' dir='ltr'>proveniebat,</span> <span class='ocrx_word' id='word_1_103' title='bbox 724 852 864 889; x_wconf 87' lang='lat' dir='ltr'>scilicet</span> <span class='ocrx_word' id='word_1_104' title='bbox 893 853 994 900; x_wconf 88' lang='lat' dir='ltr'>quod</span> <span class='ocrx_word' id='word_1_105' title='bbox 1028 853 1195 889; x_wconf 82' lang='lat' dir='ltr'>Christus</span> <span class='ocrx_word' id='word_1_106' title='bbox 1231 852 1482 890; x_wconf 88' lang='lat' dir='ltr'>annuntiaba-</span> 
     </span>
     <span class='ocr_line' id='line_1_25' title="bbox 418 905 1482 954; baseline -0.001 -11"><span class='ocrx_word' id='word_1_107' title='bbox 418 913 479 943; x_wconf 85' lang='lat' dir='ltr'>tur</span> <span class='ocrx_word' id='word_1_108' title='bbox 497 906 536 942; x_wconf 64' lang='grc' dir='ltr'>*ε</span> <span class='ocrx_word' id='word_1_109' title='bbox 567 906 655 954; x_wconf 91' lang='lat' dir='ltr'>quia</span> <span class='ocrx_word' id='word_1_110' title='bbox 684 917 729 941; x_wconf 84' lang='lat' dir='ltr'>ex</span> <span class='ocrx_word' id='word_1_111' title='bbox 758 905 870 942; x_wconf 86' lang='lat' dir='ltr'>malis</span> <span class='ocrx_word' id='word_1_112' title='bbox 890 905 1004 941; x_wconf 91' lang='lat' dir='ltr'>etiam</span> <span class='ocrx_word' id='word_1_113' title='bbox 1034 905 1323 942; x_wconf 89' lang='lat' dir='ltr'>occasionaliter</span> <span class='ocrx_word' id='word_1_114' title='bbox 1351 907 1482 942; x_wconf 92' lang='lat' dir='ltr'>subse-</span> 
     </span>
     <span class='ocr_line' id='line_1_26' title="bbox 419 959 728 1008; baseline -0.003 -13"><span class='ocrx_word' id='word_1_115' title='bbox 419 967 586 1008; x_wconf 90' lang='lat' dir='ltr'>quuntur</span> <span class='ocrx_word' id='word_1_116' title='bbox 615 959 728 994; x_wconf 90' lang='lat' dir='ltr'>bona.</span> 
     </span>
    </p>

    <p class='ocr_par' dir='ltr' id='par_1_10' title="bbox 417 1011 1483 1113">
     <span class='ocr_line' id='line_1_27' title="bbox 471 1011 1483 1060; baseline 0 -12"><span class='ocrx_word' id='word_1_117' title='bbox 471 1014 529 1048; x_wconf 83' lang='lat' dir='ltr'>An</span> <span class='ocrx_word' id='word_1_118' title='bbox 545 1023 706 1048; x_wconf 77' lang='lat' dir='ltr'>TERTIUM</span> <span class='ocrx_word' id='word_1_119' title='bbox 726 1022 910 1047; x_wconf 82' lang='lat' dir='ltr'>mcENDUM</span> <span class='ocrx_word' id='word_1_120' title='bbox 940 1011 1044 1058; x_wconf 88' lang='lat' dir='ltr'>quod</span> <span class='ocrx_word' id='word_1_121' title='bbox 1073 1011 1284 1048; x_wconf 87' lang='lat' dir='ltr'>secundum</span> <span class='ocrx_word' id='word_1_122' title='bbox 1314 1012 1483 1060; x_wconf 91' lang='lat' dir='ltr'>comple-</span> 
     </span>
     <span class='ocr_line' id='line_1_28' title="bbox 417 1063 1481 1113; baseline 0.001 -13"><span class='ocrx_word' id='word_1_123' title='bbox 417 1072 494 1101; x_wconf 90' lang='lat' dir='ltr'>tam</span> <span class='ocrx_word' id='word_1_124' title='bbox 524 1064 712 1101; x_wconf 86' lang='lat' dir='ltr'>rationem</span> <span class='ocrx_word' id='word_1_125' title='bbox 743 1063 1013 1111; x_wconf 90' lang='lat' dir='ltr'>contentionis,</span> <span class='ocrx_word' id='word_1_126' title='bbox 1052 1072 1166 1112; x_wconf 91' lang='lat' dir='ltr'>prout</span> <span class='ocrx_word' id='word_1_127' title='bbox 1195 1072 1251 1101; x_wconf 91' lang='lat' dir='ltr'>est</span> <span class='ocrx_word' id='word_1_128' title='bbox 1280 1073 1481 1113; x_wconf 88' lang='lat' dir='ltr'>peccatum</span> 
     </span>
    </p>
   </div>
   <div class='ocr_carea' id='block_1_9' title="bbox 468 1184 920 1220">
    <p class='ocr_par' dir='ltr' id='par_1_11' title="bbox 468 1184 920 1220">
     <span class='ocr_line' id='line_1_29' title="bbox 468 1184 920 1220; baseline -0.002 -10"><span class='ocrx_word' id='word_1_129' title='bbox 468 1185 492 1220; x_wconf 87' lang='grc' dir='ltr'>ζ)</span> <span class='ocrx_word' id='word_1_130' title='bbox 512 1185 664 1218; x_wconf 84' lang='lat' dir='ltr'>exquirere.</span> <span class='ocrx_word' id='word_1_131' title='bbox 683 1198 700 1203; x_wconf 97' lang='lat'><em>-</em></span> <span class='ocrx_word' id='word_1_132' title='bbox 720 1185 855 1216; x_wconf 82' lang='lat' dir='ltr'>inquirere</span> <span class='ocrx_word' id='word_1_133' title='bbox 874 1184 920 1209; x_wconf 78' lang='lat' dir='ltr'>Pa.</span> 
     </span>
    </p>
   </div>
   <div class='ocr_carea' id='block_1_10' title="bbox 1506 285 1511 1106">
    <p class='ocr_par' dir='ltr' id='par_1_12' title="bbox 1506 285 1511 1106">
     <span class='ocr_line' id='line_1_30' title="bbox 1506 285 1511 1106; baseline 0 0"><span class='ocrx_word' id='word_1_134' title='bbox 1506 285 1511 1106; x_wconf 95' lang='lat' dir='ltr'> </span> 
     </span>
    </p>
   </div>
   <div class='ocr_carea' id='block_1_11' title="bbox 1060 195 1954 243">
    <p class='ocr_par' dir='ltr' id='par_1_13' title="bbox 1060 195 1954 243">
     <span class='ocr_line' id='line_1_31' title="bbox 1060 195 1954 243; baseline -0.001 -10"><span class='ocrx_word' id='word_1_135' title='bbox 1060 197 1325 243; x_wconf 89' lang='lat' dir='ltr'>QUAESTIO</span> <span class='ocrx_word' id='word_1_136' title='bbox 1355 197 1567 243; x_wconf 82' lang='lat' dir='ltr'>XXXVIII,</span> <span class='ocrx_word' id='word_1_137' title='bbox 1597 195 1892 233; x_wconf 88' lang='lat' dir='ltr'>ARTICULUS</span> <span class='ocrx_word' id='word_1_138' title='bbox 1923 198 1954 232; x_wconf 93' lang='lat' dir='ltr'>II</span> 
     </span>
    </p>
   </div>
   <div class='ocr_carea' id='block_1_12' title="bbox 1532 272 2603 1102">
    <p class='ocr_par' dir='ltr' id='par_1_14' title="bbox 1532 272 2603 743">
     <span class='ocr_line' id='line_1_32' title="bbox 1534 272 2597 324; baseline 0.001 -14"><span class='ocrx_word' id='word_1_139' title='bbox 1534 273 1715 319; x_wconf 89' lang='lat' dir='ltr'>mortale,</span> <span class='ocrx_word' id='word_1_140' title='bbox 1754 273 1815 308; x_wconf 91' lang='lat' dir='ltr'>ille</span> <span class='ocrx_word' id='word_1_141' title='bbox 1844 272 1882 308; x_wconf 88' lang='lat' dir='ltr'>in</span> <span class='ocrx_word' id='word_1_142' title='bbox 1911 272 2049 310; x_wconf 91' lang='lat' dir='ltr'>iudicio</span> <span class='ocrx_word' id='word_1_143' title='bbox 2079 274 2273 310; x_wconf 89' lang='lat' dir='ltr'>contendit</span> <span class='ocrx_word' id='word_1_144' title='bbox 2306 274 2371 323; x_wconf 91' lang='lat' dir='ltr'>qui</span> <span class='ocrx_word' id='word_1_145' title='bbox 2398 274 2597 324; x_wconf 87' lang='lat' dir='ltr'>impugnat</span> 
     </span>
     <span class='ocr_line' id='line_1_33' title="bbox 1532 324 2603 374; baseline 0.002 -12"><span class='ocrx_word' id='word_1_146' title='bbox 1532 325 1734 362; x_wconf 88' lang='lat' dir='ltr'>veritatem</span> <span class='ocrx_word' id='word_1_147' title='bbox 1763 324 1946 361; x_wconf 86' lang='lat' dir='ltr'>iustitiae:</span> <span class='ocrx_word' id='word_1_148' title='bbox 1983 332 2020 361; x_wconf 94' lang='lat' dir='ltr'>et</span> <span class='ocrx_word' id='word_1_149' title='bbox 2047 325 2084 361; x_wconf 91' lang='lat' dir='ltr'>in</span> <span class='ocrx_word' id='word_1_150' title='bbox 2114 326 2367 374; x_wconf 88' lang='lat' dir='ltr'>disputatione</span> <span class='ocrx_word' id='word_1_151' title='bbox 2403 327 2603 369; x_wconf 38' lang='lat' dir='ltr'>contendit,</span> 
     </span>
     <span class='ocr_line' id='line_1_34' title="bbox 1534 377 2598 426; baseline 0.003 -12"><span class='ocrx_word' id='word_1_152' title='bbox 1534 378 1599 426; x_wconf 86' lang='lat' dir='ltr'>qui</span> <span class='ocrx_word' id='word_1_153' title='bbox 1627 377 1787 414; x_wconf 89' lang='lat' dir='ltr'>intendit</span> <span class='ocrx_word' id='word_1_154' title='bbox 1820 377 2046 426; x_wconf 77' lang='lat' dir='ltr'>impugnare</span> <span class='ocrx_word' id='word_1_155' title='bbox 2076 378 2274 415; x_wconf 84' lang='lat' dir='ltr'>veritatem</span> <span class='ocrx_word' id='word_1_156' title='bbox 2304 379 2509 416; x_wconf 90' lang='lat' dir='ltr'>doctrinae.</span> <span class='ocrx_word' id='word_1_157' title='bbox 2548 380 2598 417; x_wconf 91' lang='lat' dir='ltr'>Et</span> 
     </span>
     <span class='ocr_line' id='line_1_35' title="bbox 1534 430 2597 469; baseline 0.002 -2"><span class='ocrx_word' id='word_1_158' title='bbox 1534 430 1747 467; x_wconf 89' lang='lat' dir='ltr'>secundum</span> <span class='ocrx_word' id='word_1_159' title='bbox 1777 430 1851 466; x_wconf 93' lang='lat' dir='ltr'>hoc</span> <span class='ocrx_word' id='word_1_160' title='bbox 1880 430 2066 467; x_wconf 91' lang='lat' dir='ltr'>Catholici</span> <span class='ocrx_word' id='word_1_161' title='bbox 2094 441 2173 467; x_wconf 93' lang='lat' dir='ltr'>non</span> <span class='ocrx_word' id='word_1_162' title='bbox 2202 431 2437 468; x_wconf 85' lang='lat' dir='ltr'>contendunt</span> <span class='ocrx_word' id='word_1_163' title='bbox 2466 440 2597 469; x_wconf 91' lang='lat' dir='ltr'>contra</span> 
     </span>
     <span class='ocr_line' id='line_1_36' title="bbox 1533 482 2597 531; baseline 0.002 -11"><span class='ocrx_word' id='word_1_164' title='bbox 1533 483 1757 530; x_wconf 89' lang='lat' dir='ltr'>haereticos,</span> <span class='ocrx_word' id='word_1_165' title='bbox 1787 482 1856 519; x_wconf 89' lang='lat' dir='ltr'>sed</span> <span class='ocrx_word' id='word_1_166' title='bbox 1882 483 2009 531; x_wconf 89' lang='lat' dir='ltr'>potius</span> <span class='ocrx_word' id='word_1_167' title='bbox 2040 495 2058 518; x_wconf 90' lang='lat' dir='ltr'>e</span> <span class='ocrx_word' id='word_1_168' title='bbox 2088 495 2288 520; x_wconf 91' lang='lat' dir='ltr'>converso.</span> <span class='ocrx_word' id='word_1_169' title='bbox 2319 485 2359 520; x_wconf 91' lang='lat' dir='ltr'>Si</span> <span class='ocrx_word' id='word_1_170' title='bbox 2387 492 2516 521; x_wconf 89' lang='lat' dir='ltr'>autern</span> <span class='ocrx_word' id='word_1_171' title='bbox 2537 497 2597 522; x_wconf 89' lang='lat' dir='ltr'>ac-</span> 
     </span>
     <span class='ocr_line' id='line_1_37' title="bbox 1535 535 2597 585; baseline 0.003 -14"><span class='ocrx_word' id='word_1_172' title='bbox 1535 535 1694 584; x_wconf 89' lang='lat' dir='ltr'>cipiatur</span> <span class='ocrx_word' id='word_1_173' title='bbox 1723 537 1914 572; x_wconf 91' lang='lat' dir='ltr'>contentio</span> <span class='ocrx_word' id='word_1_174' title='bbox 1943 536 1982 572; x_wconf 91' lang='lat' dir='ltr'>in</span> <span class='ocrx_word' id='word_1_175' title='bbox 2011 535 2150 572; x_wconf 90' lang='lat' dir='ltr'>iudicio</span> <span class='ocrx_word' id='word_1_176' title='bbox 2174 536 2237 572; x_wconf 91' lang='lat' dir='ltr'>vel</span> <span class='ocrx_word' id='word_1_177' title='bbox 2266 535 2518 585; x_wconf 91' lang='lat' dir='ltr'>disputatione</span> <span class='ocrx_word' id='word_1_178' title='bbox 2539 550 2597 574; x_wconf 91' lang='lat' dir='ltr'>se-</span> 
     </span>
     <span class='ocr_line' id='line_1_38' title="bbox 1535 588 2597 637; baseline 0.003 -13"><span class='ocrx_word' id='word_1_179' title='bbox 1535 588 1707 625; x_wconf 90' lang='lat' dir='ltr'>cundum</span> <span class='ocrx_word' id='word_1_180' title='bbox 1725 588 1986 637; x_wconf 88' lang='lat' dir='ltr'>imperfectam</span> <span class='ocrx_word' id='word_1_181' title='bbox 2008 588 2208 635; x_wconf 91' lang='lat' dir='ltr'>rationem,</span> <span class='ocrx_word' id='word_1_182' title='bbox 2226 588 2365 626; x_wconf 89' lang='lat' dir='ltr'>scilicet</span> <span class='ocrx_word' id='word_1_183' title='bbox 2383 590 2597 627; x_wconf 89' lang='lat' dir='ltr'>secundum</span> 
     </span>
     <span class='ocr_line' id='line_1_39' title="bbox 1535 641 2595 690; baseline 0.002 -13"><span class='ocrx_word' id='word_1_184' title='bbox 1535 642 1638 689; x_wconf 93' lang='lat' dir='ltr'>quod</span> <span class='ocrx_word' id='word_1_185' title='bbox 1667 642 1845 689; x_wconf 88' lang='lat' dir='ltr'>importat</span> <span class='ocrx_word' id='word_1_186' title='bbox 1873 641 2067 690; x_wconf 90' lang='lat' dir='ltr'>quandam</span> <span class='ocrx_word' id='word_1_187' title='bbox 2097 641 2346 678; x_wconf 88' lang='lat' dir='ltr'>acrimoniam</span> <span class='ocrx_word' id='word_1_188' title='bbox 2376 642 2595 690; x_wconf 91' lang='lat' dir='ltr'>locutionis,</span> 
     </span>
     <span class='ocr_line' id='line_1_40' title="bbox 1534 694 2391 743; baseline 0 -13"><span class='ocrx_word' id='word_1_189' title='bbox 1534 694 1588 730; x_wconf 88' lang='lat' dir='ltr'>sic</span> <span class='ocrx_word' id='word_1_190' title='bbox 1616 705 1694 730; x_wconf 92' lang='lat' dir='ltr'>non</span> <span class='ocrx_word' id='word_1_191' title='bbox 1723 705 1877 742; x_wconf 90' lang='lat' dir='ltr'>semper</span> <span class='ocrx_word' id='word_1_192' title='bbox 1905 702 1961 730; x_wconf 92' lang='lat' dir='ltr'>est</span> <span class='ocrx_word' id='word_1_193' title='bbox 1988 701 2189 743; x_wconf 91' lang='lat' dir='ltr'>peccatum</span> <span class='ocrx_word' id='word_1_194' title='bbox 2219 694 2391 730; x_wconf 77' lang='lat' dir='ltr'>mortale.</span> 
     </span>
    </p>

    <p class='ocr_par' dir='ltr' id='par_1_15' title="bbox 1533 746 2599 1102">
     <span class='ocr_line' id='line_1_41' title="bbox 1587 746 2597 795; baseline 0.001 -12"><span class='ocrx_word' id='word_1_195' title='bbox 1587 748 1646 783; x_wconf 84' lang='lat' dir='ltr'>AD</span> <span class='ocrx_word' id='word_1_196' title='bbox 1667 758 1839 789; x_wconf 83' lang='lat' dir='ltr'><strong>QUARTUM</strong></span> <span class='ocrx_word' id='word_1_197' title='bbox 1854 757 2037 784; x_wconf 79' lang='lat' dir='ltr'>otcENDUM</span> <span class='ocrx_word' id='word_1_198' title='bbox 2066 747 2170 795; x_wconf 91' lang='lat' dir='ltr'>quod</span> <span class='ocrx_word' id='word_1_199' title='bbox 2199 746 2390 784; x_wconf 91' lang='lat' dir='ltr'>contentio</span> <span class='ocrx_word' id='word_1_200' title='bbox 2410 747 2461 784; x_wconf 91' lang='lat' dir='ltr'>ibi</span> <span class='ocrx_word' id='word_1_201' title='bbox 2480 746 2597 784; x_wconf 84' lang='lat' dir='ltr'>sumi-</span> 
     </span>
     <span class='ocr_line' id='line_1_42' title="bbox 1533 799 2597 848; baseline 0.001 -12"><span class='ocrx_word' id='word_1_202' title='bbox 1533 807 1594 836; x_wconf 89' lang='lat' dir='ltr'>tur</span> <span class='ocrx_word' id='word_1_203' title='bbox 1623 799 1878 836; x_wconf 90' lang='lat' dir='ltr'>communiter</span> <span class='ocrx_word' id='word_1_204' title='bbox 1904 812 1975 848; x_wconf 80' lang='lat' dir='ltr'>pro</span> <span class='ocrx_word' id='word_1_205' title='bbox 2005 799 2271 848; x_wconf 90' lang='lat' dir='ltr'>disputatione.</span> <span class='ocrx_word' id='word_1_206' title='bbox 2310 800 2466 836; x_wconf 87' lang='lat' dir='ltr'>Dixerat</span> <span class='ocrx_word' id='word_1_207' title='bbox 2493 800 2597 837; x_wconf 88' lang='lat' dir='ltr'>enim</span> 
     </span>
     <span class='ocr_line' id='line_1_43' title="bbox 1535 852 2598 902; baseline 0 -13"><span class='ocrx_word' id='word_1_208' title='bbox 1535 852 1616 899; x_wconf 91' lang='lat' dir='ltr'>Iob,</span> <span class='ocrx_word' id='word_1_209' title='bbox 1631 863 1693 889; x_wconf 83' lang='lat' dir='ltr'>xm</span> <span class='ocrx_word' id='word_1_210' title='bbox 1710 864 1791 901; x_wconf 87' lang='lat' dir='ltr'>cap.</span> <span class='ocrx_word' id='word_1_211' title='bbox 1808 852 1844 889; x_wconf 72' lang='lat'>³³⁸:</span> <span class='ocrx_word' id='word_1_212' title='bbox 1865 853 1928 889; x_wconf 88' lang='lat' dir='ltr'>Ad</span> <span class='ocrx_word' id='word_1_213' title='bbox 1946 853 2240 902; x_wconf 84' lang='lat' dir='ltr'>Omnipotentem</span> <span class='ocrx_word' id='word_1_214' title='bbox 2259 853 2406 901; x_wconf 86' lang='lat' dir='ltr'>loquar,</span> <span class='ocrx_word' id='word_1_215' title='bbox 2423 858 2460 889; x_wconf 88' lang='lat' dir='ltr'>et</span> <span class='ocrx_word' id='word_1_216' title='bbox 2474 853 2598 900; x_wconf 85' lang='lat' dir='ltr'>dispu-</span> 
     </span>
     <span class='ocr_line' id='line_1_44' title="bbox 1534 906 2596 954; baseline 0 -12"><span class='ocrx_word' id='word_1_217' title='bbox 1534 911 1616 942; x_wconf 89' lang='lat' dir='ltr'>tare</span> <span class='ocrx_word' id='word_1_218' title='bbox 1634 917 1720 942; x_wconf 87' lang='lat' dir='ltr'>cum</span> <span class='ocrx_word' id='word_1_219' title='bbox 1741 906 1822 942; x_wconf 87' lang='lat' dir='ltr'>Deo</span> <span class='ocrx_word' id='word_1_220' title='bbox 1841 906 1968 954; x_wconf 85' lang='lat' dir='ltr'>cupio.-</span> <span class='ocrx_word' id='word_1_221' title='bbox 1997 918 2075 942; x_wconf 91' lang='lat' dir='ltr'>non</span> <span class='ocrx_word' id='word_1_222' title='bbox 2099 914 2228 942; x_wconf 91' lang='lat' dir='ltr'>tamen</span> <span class='ocrx_word' id='word_1_223' title='bbox 2253 906 2453 943; x_wconf 90' lang='lat' dir='ltr'>intendens</span> <span class='ocrx_word' id='word_1_224' title='bbox 2472 917 2596 954; x_wconf 91' lang='lat' dir='ltr'>neque</span> 
     </span>
     <span class='ocr_line' id='line_1_45' title="bbox 1533 957 2598 1007; baseline 0 -12"><span class='ocrx_word' id='word_1_225' title='bbox 1533 958 1733 995; x_wconf 88' lang='lat' dir='ltr'>veritatem</span> <span class='ocrx_word' id='word_1_226' title='bbox 1753 958 1990 1007; x_wconf 87' lang='lat' dir='ltr'>impugnare,</span> <span class='ocrx_word' id='word_1_227' title='bbox 2007 959 2075 996; x_wconf 93' lang='lat' dir='ltr'>sed</span> <span class='ocrx_word' id='word_1_228' title='bbox 2095 959 2292 1007; x_wconf 86' lang='lat' dir='ltr'>exquirere</span> <span class='ocrx_word' id='word_1_229' title='bbox 2307 957 2335 1005; x_wconf 72' lang='grc' dir='ltr'>ζ;</span> <span class='ocrx_word' id='word_1_230' title='bbox 2353 971 2479 1006; x_wconf 88' lang='lat' dir='ltr'>neque</span> <span class='ocrx_word' id='word_1_231' title='bbox 2499 958 2598 995; x_wconf 87' lang='lat' dir='ltr'>eirca</span> 
     </span>
     <span class='ocr_line' id='line_1_46' title="bbox 1533 1011 2599 1060; baseline 0 -12"><span class='ocrx_word' id='word_1_232' title='bbox 1533 1012 1633 1048; x_wconf 89' lang='lat' dir='ltr'>hanc</span> <span class='ocrx_word' id='word_1_233' title='bbox 1651 1012 1936 1060; x_wconf 90' lang='lat' dir='ltr'>inquisitionem</span> <span class='ocrx_word' id='word_1_234' title='bbox 1957 1012 2084 1060; x_wconf 92' lang='lat' dir='ltr'>aliqua</span> <span class='ocrx_word' id='word_1_235' title='bbox 2103 1011 2384 1049; x_wconf 88' lang='lat' dir='ltr'>inordinatione</span> <span class='ocrx_word' id='word_1_236' title='bbox 2399 1012 2461 1049; x_wconf 87' lang='lat' dir='ltr'>vel</span> <span class='ocrx_word' id='word_1_237' title='bbox 2482 1011 2599 1048; x_wconf 90' lang='lat' dir='ltr'>animi</span> 
     </span>
     <span class='ocr_line' id='line_1_47' title="bbox 1533 1064 1826 1102; baseline -0.003 0"><span class='ocrx_word' id='word_1_238' title='bbox 1533 1065 1596 1102; x_wconf 90' lang='lat' dir='ltr'>vel</span> <span class='ocrx_word' id='word_1_239' title='bbox 1624 1064 1732 1102; x_wconf 84' lang='lat' dir='ltr'>vocis</span> <span class='ocrx_word' id='word_1_240' title='bbox 1762 1065 1826 1101; x_wconf 90' lang='lat' dir='ltr'>uti.</span> 
     </span>
    </p>
   </div>
   <div class='ocr_carea' id='block_1_13' title="bbox 1090 1272 1924 1305">
    <p class='ocr_par' dir='ltr' id='par_1_16' title="bbox 1090 1272 1924 1305">
     <span class='ocr_line' id='line_1_48' title="bbox 1090 1272 1924 1305; baseline 0 -1"><span class='ocrx_word' id='word_1_241' title='bbox 1090 1272 1425 1304; x_wconf 72' lang='lat' dir='ltr'>Commentario.</span> <span class='ocrx_word' id='word_1_242' title='bbox 1447 1272 1700 1304; x_wconf 74' lang='lat' dir='ltr'>Car-dinalis</span> <span class='ocrx_word' id='word_1_243' title='bbox 1722 1272 1924 1305; x_wconf 76' lang='lat' dir='ltr'>Caietam</span> 
     </span>
    </p>
   </div>
   <div class='ocr_carea' id='block_1_14' title="bbox 421 1357 1496 1431">
    <p class='ocr_par' dir='ltr' id='par_1_17' title="bbox 421 1357 1496 1431">
     <span class='ocr_line' id='line_1_49' title="bbox 421 1357 1496 1431; baseline 0 -44"><span class='ocrx_word' id='word_1_244' title='bbox 421 1367 467 1431; x_wconf 77' lang='lat' dir='ltr'>IN</span> <span class='ocrx_word' id='word_1_245' title='bbox 490 1358 596 1398; x_wconf 88' lang='lat' dir='ltr'>primo</span> <span class='ocrx_word' id='word_1_246' title='bbox 627 1357 759 1388; x_wconf 85' lang='lat' dir='ltr'>articulo</span> <span class='ocrx_word' id='word_1_247' title='bbox 789 1357 984 1397; x_wconf 87' lang='lat' dir='ltr'>quaestionis</span> <span class='ocrx_word' id='word_1_248' title='bbox 1014 1357 1325 1397; x_wconf 85' lang='lat' dir='ltr'>trigesimaeoctavae</span> <span class='ocrx_word' id='word_1_249' title='bbox 1355 1358 1496 1387; x_wconf 79' lang='lat' dir='ltr'>adverte</span> 
     </span>
    </p>
   </div>
   <div class='ocr_carea' id='block_1_15' title="bbox 414 1401 1482 2286">
    <p class='ocr_par' dir='ltr' id='par_1_18' title="bbox 414 1401 1482 2019">
     <span class='ocr_line' id='line_1_50' title="bbox 448 1401 1481 1442; baseline -0.001 -10"><span class='ocrx_word' id='word_1_250' title='bbox 448 1402 538 1442; x_wconf 89' lang='lat' dir='ltr'>quod</span> <span class='ocrx_word' id='word_1_251' title='bbox 560 1401 694 1432; x_wconf 89' lang='lat' dir='ltr'>intentio</span> <span class='ocrx_word' id='word_1_252' title='bbox 718 1401 880 1442; x_wconf 87' lang='lat' dir='ltr'>tripliciter</span> <span class='ocrx_word' id='word_1_253' title='bbox 902 1408 1008 1442; x_wconf 91' lang='lat' dir='ltr'>potest</span> <span class='ocrx_word' id='word_1_254' title='bbox 1031 1401 1103 1432; x_wconf 88' lang='lat' dir='ltr'>ferri</span> <span class='ocrx_word' id='word_1_255' title='bbox 1127 1402 1166 1432; x_wconf 90' lang='lat' dir='ltr'>ad</span> <span class='ocrx_word' id='word_1_256' title='bbox 1190 1401 1354 1432; x_wconf 88' lang='lat' dir='ltr'>veritatem</span> <span class='ocrx_word' id='word_1_257' title='bbox 1377 1401 1481 1441; x_wconf 89' lang='lat' dir='ltr'>impu—</span> 
     </span>
     <span class='ocr_line' id='line_1_51' title="bbox 415 1445 1481 1487; baseline 0 -11"><span class='ocrx_word' id='word_1_258' title='bbox 415 1447 584 1487; x_wconf 84' lang='lat' dir='ltr'>gnandam,</span> <span class='ocrx_word' id='word_1_259' title='bbox 610 1446 691 1477; x_wconf 90' lang='lat' dir='ltr'>sicut</span> <span class='ocrx_word' id='word_1_260' title='bbox 714 1453 744 1476; x_wconf 89' lang='lat' dir='ltr'>et</span> <span class='ocrx_word' id='word_1_261' title='bbox 767 1446 846 1476; x_wconf 86' lang='lat' dir='ltr'>alios</span> <span class='ocrx_word' id='word_1_262' title='bbox 869 1445 963 1476; x_wconf 83' lang='lat' dir='ltr'>fines:</span> <span class='ocrx_word' id='word_1_263' title='bbox 989 1445 1106 1477; x_wconf 89' lang='lat' dir='ltr'>scilicet</span> <span class='ocrx_word' id='word_1_264' title='bbox 1129 1446 1339 1482; x_wconf 81' lang='lat' dir='ltr'>materialiter,</span> <span class='ocrx_word' id='word_1_265' title='bbox 1363 1446 1481 1476; x_wconf 82' lang='lat' dir='ltr'>forma-</span> 
     </span>
     <span class='ocr_line' id='line_1_52' title="bbox 414 1489 1480 1531; baseline 0.001 -11"><span class='ocrx_word' id='word_1_266' title='bbox 414 1491 493 1528; x_wconf 87' lang='lat' dir='ltr'>liter,</span> <span class='ocrx_word' id='word_1_267' title='bbox 519 1497 549 1521; x_wconf 90' lang='lat' dir='ltr'>et</span> <span class='ocrx_word' id='word_1_268' title='bbox 570 1490 753 1521; x_wconf 79' lang='lat' dir='ltr'>virtualiter.</span> <span class='ocrx_word' id='word_1_269' title='bbox 784 1490 986 1521; x_wconf 86' lang='lat' dir='ltr'>Materialiter</span> <span class='ocrx_word' id='word_1_270' title='bbox 1008 1491 1140 1531; x_wconf 85' lang='lat' dir='ltr'>quidem</span> <span class='ocrx_word' id='word_1_271' title='bbox 1162 1497 1304 1527; x_wconf 85' lang='lat' dir='ltr'>tantum,</span> <span class='ocrx_word' id='word_1_272' title='bbox 1329 1499 1404 1521; x_wconf 88' lang='lat' dir='ltr'>cum</span> <span class='ocrx_word' id='word_1_273' title='bbox 1427 1489 1480 1520; x_wconf 81' lang='lat' dir='ltr'>ali-</span> 
     </span>
     <span class='ocr_line' id='line_1_53' title="bbox 416 1534 1481 1576; baseline -0.002 -10"><span class='ocrx_word' id='word_1_274' title='bbox 416 1537 488 1576; x_wconf 89' lang='lat' dir='ltr'>quis</span> <span class='ocrx_word' id='word_1_275' title='bbox 510 1536 679 1576; x_wconf 88' lang='lat' dir='ltr'>impugnat</span> <span class='ocrx_word' id='word_1_276' title='bbox 702 1534 834 1575; x_wconf 88' lang='lat' dir='ltr'>quidem</span> <span class='ocrx_word' id='word_1_277' title='bbox 856 1535 1030 1571; x_wconf 84' lang='lat' dir='ltr'>veritatem,</span> <span class='ocrx_word' id='word_1_278' title='bbox 1055 1536 1111 1566; x_wconf 86' lang='lat' dir='ltr'>sed</span> <span class='ocrx_word' id='word_1_279' title='bbox 1133 1544 1200 1566; x_wconf 90' lang='lat' dir='ltr'>non</span> <span class='ocrx_word' id='word_1_280' title='bbox 1224 1542 1260 1566; x_wconf 91' lang='lat' dir='ltr'>ut</span> <span class='ocrx_word' id='word_1_281' title='bbox 1282 1544 1353 1565; x_wconf 80' lang='lat' dir='ltr'>eam</span> <span class='ocrx_word' id='word_1_282' title='bbox 1375 1535 1481 1574; x_wconf 88' lang='lat' dir='ltr'>impu—</span> 
     </span>
     <span class='ocr_line' id='line_1_54' title="bbox 416 1579 1480 1620; baseline -0.001 -10"><span class='ocrx_word' id='word_1_283' title='bbox 416 1587 500 1620; x_wconf 87' lang='lat' dir='ltr'>gnet,</span> <span class='ocrx_word' id='word_1_284' title='bbox 525 1581 580 1610; x_wconf 88' lang='lat' dir='ltr'>sed</span> <span class='ocrx_word' id='word_1_285' title='bbox 604 1580 653 1610; x_wconf 89' lang='lat' dir='ltr'>vel</span> <span class='ocrx_word' id='word_1_286' title='bbox 675 1579 857 1610; x_wconf 81' lang='lat' dir='ltr'>tentationis</span> <span class='ocrx_word' id='word_1_287' title='bbox 886 1579 936 1610; x_wconf 85' lang='lat' dir='ltr'>vel</span> <span class='ocrx_word' id='word_1_288' title='bbox 960 1580 1096 1610; x_wconf 88' lang='lat' dir='ltr'>exercitii</span> <span class='ocrx_word' id='word_1_289' title='bbox 1126 1580 1236 1619; x_wconf 84' lang='lat' dir='ltr'>gratia.</span> <span class='ocrx_word' id='word_1_290' title='bbox 1266 1579 1308 1610; x_wconf 92' lang='lat' dir='ltr'>Et</span> <span class='ocrx_word' id='word_1_291' title='bbox 1329 1580 1391 1610; x_wconf 85' lang='lat' dir='ltr'>hoc</span> <span class='ocrx_word' id='word_1_292' title='bbox 1414 1588 1480 1609; x_wconf 90' lang='lat' dir='ltr'>non</span> 
     </span>
     <span class='ocr_line' id='line_1_55' title="bbox 416 1623 1481 1665; baseline -0.001 -10"><span class='ocrx_word' id='word_1_293' title='bbox 416 1625 551 1665; x_wconf 89' lang='lat' dir='ltr'>pertinet</span> <span class='ocrx_word' id='word_1_294' title='bbox 574 1625 613 1654; x_wconf 89' lang='lat' dir='ltr'>ad</span> <span class='ocrx_word' id='word_1_295' title='bbox 632 1623 880 1659; x_wconf 89' lang='lat' dir='ltr'>contentionem,</span> <span class='ocrx_word' id='word_1_296' title='bbox 898 1623 988 1654; x_wconf 89' lang='lat' dir='ltr'>cuius</span> <span class='ocrx_word' id='word_1_297' title='bbox 1012 1631 1058 1654; x_wconf 90' lang='lat' dir='ltr'>est</span> <span class='ocrx_word' id='word_1_298' title='bbox 1072 1624 1237 1654; x_wconf 86' lang='lat' dir='ltr'>veritatem</span> <span class='ocrx_word' id='word_1_299' title='bbox 1259 1624 1339 1654; x_wconf 89' lang='lat' dir='ltr'>velle</span> <span class='ocrx_word' id='word_1_300' title='bbox 1355 1623 1481 1663; x_wconf 87' lang='lat' dir='ltr'>suppri-</span> 
     </span>
     <span class='ocr_line' id='line_1_56' title="bbox 417 1667 1481 1709; baseline -0.002 -10"><span class='ocrx_word' id='word_1_301' title='bbox 417 1679 511 1699; x_wconf 89' lang='lat' dir='ltr'>mere.</span> <span class='ocrx_word' id='word_1_302' title='bbox 536 1686 557 1691; x_wconf 94' lang='lat'><em>-</em></span> <span class='ocrx_word' id='word_1_303' title='bbox 581 1668 768 1698; x_wconf 90' lang='lat' dir='ltr'>Formaliter</span> <span class='ocrx_word' id='word_1_304' title='bbox 797 1678 882 1704; x_wconf 89' lang='lat' dir='ltr'>vero,</span> <span class='ocrx_word' id='word_1_305' title='bbox 915 1678 989 1698; x_wconf 90' lang='lat' dir='ltr'>cum</span> <span class='ocrx_word' id='word_1_306' title='bbox 1009 1667 1121 1709; x_wconf 85' lang='lat' dir='ltr'>aliquis</span> <span class='ocrx_word' id='word_1_307' title='bbox 1155 1669 1318 1708; x_wconf 86' lang='lat' dir='ltr'>cognoscit</span> <span class='ocrx_word' id='word_1_308' title='bbox 1340 1667 1481 1708; x_wconf 85' lang='lat' dir='ltr'>aliquam</span> 
     </span>
     <span class='ocr_line' id='line_1_57' title="bbox 414 1711 1482 1753; baseline -0.001 -10"><span class='ocrx_word' id='word_1_309' title='bbox 414 1714 587 1748; x_wconf 86' lang='lat' dir='ltr'>veritatem,</span> <span class='ocrx_word' id='word_1_310' title='bbox 612 1720 643 1743; x_wconf 89' lang='lat' dir='ltr'>et</span> <span class='ocrx_word' id='word_1_311' title='bbox 666 1713 705 1742; x_wconf 89' lang='lat' dir='ltr'>ad</span> <span class='ocrx_word' id='word_1_312' title='bbox 721 1712 782 1742; x_wconf 92' lang='lat' dir='ltr'>hoc</span> <span class='ocrx_word' id='word_1_313' title='bbox 801 1712 902 1743; x_wconf 90' lang='lat' dir='ltr'>tendit</span> <span class='ocrx_word' id='word_1_314' title='bbox 924 1719 960 1742; x_wconf 93' lang='lat' dir='ltr'>ut</span> <span class='ocrx_word' id='word_1_315' title='bbox 975 1720 1046 1742; x_wconf 88' lang='lat' dir='ltr'>eam</span> <span class='ocrx_word' id='word_1_316' title='bbox 1068 1713 1246 1753; x_wconf 87' lang='lat' dir='ltr'>impugnet.</span> <span class='ocrx_word' id='word_1_317' title='bbox 1264 1730 1283 1734; x_wconf 94' lang='lat'><em>—</em></span> <span class='ocrx_word' id='word_1_318' title='bbox 1299 1711 1482 1742; x_wconf 87' lang='lat' dir='ltr'>Virtualiter</span> 
     </span>
     <span class='ocr_line' id='line_1_58' title="bbox 416 1756 1480 1797; baseline -0.001 -9"><span class='ocrx_word' id='word_1_319' title='bbox 416 1765 532 1794; x_wconf 89' lang='lat' dir='ltr'>autem,</span> <span class='ocrx_word' id='word_1_320' title='bbox 550 1767 624 1787; x_wconf 91' lang='lat' dir='ltr'>cum</span> <span class='ocrx_word' id='word_1_321' title='bbox 639 1757 754 1797; x_wconf 85' lang='lat' dir='ltr'>aliquis</span> <span class='ocrx_word' id='word_1_322' title='bbox 770 1756 813 1786; x_wconf 88' lang='lat' dir='ltr'>sic</span> <span class='ocrx_word' id='word_1_323' title='bbox 830 1763 939 1787; x_wconf 82' lang='lat' dir='ltr'>contra</span> <span class='ocrx_word' id='word_1_324' title='bbox 954 1757 1060 1796; x_wconf 86' lang='lat' dir='ltr'>aliqua</span> <span class='ocrx_word' id='word_1_325' title='bbox 1075 1756 1238 1797; x_wconf 81' lang='lat' dir='ltr'>proposita</span> <span class='ocrx_word' id='word_1_326' title='bbox 1254 1757 1389 1787; x_wconf 90' lang='lat' dir='ltr'>intendit</span> <span class='ocrx_word' id='word_1_327' title='bbox 1405 1766 1480 1796; x_wconf 89' lang='lat' dir='ltr'>pro-</span> 
     </span>
     <span class='ocr_line' id='line_1_59' title="bbox 415 1801 1481 1841; baseline -0.002 -8"><span class='ocrx_word' id='word_1_328' title='bbox 415 1803 524 1833; x_wconf 88' lang='lat' dir='ltr'>cedere</span> <span class='ocrx_word' id='word_1_329' title='bbox 548 1808 583 1832; x_wconf 90' lang='lat' dir='ltr'>ut</span> <span class='ocrx_word' id='word_1_330' title='bbox 611 1811 677 1830; x_wconf 87' lang='lat' dir='ltr'>non</span> <span class='ocrx_word' id='word_1_331' title='bbox 701 1801 740 1831; x_wconf 87' lang='lat' dir='ltr'>sit</span> <span class='ocrx_word' id='word_1_332' title='bbox 772 1801 830 1830; x_wconf 87' lang='lat' dir='ltr'>sibi</span> <span class='ocrx_word' id='word_1_333' title='bbox 855 1810 947 1831; x_wconf 89' lang='lat' dir='ltr'>curae</span> <span class='ocrx_word' id='word_1_334' title='bbox 978 1810 1018 1831; x_wconf 85' lang='lat' dir='ltr'>an</span> <span class='ocrx_word' id='word_1_335' title='bbox 1042 1810 1114 1831; x_wconf 84' lang='lat' dir='ltr'>vera</span> <span class='ocrx_word' id='word_1_336' title='bbox 1138 1801 1200 1832; x_wconf 82' lang='lat' dir='ltr'>sint</span> <span class='ocrx_word' id='word_1_337' title='bbox 1222 1801 1271 1831; x_wconf 87' lang='lat' dir='ltr'>vel</span> <span class='ocrx_word' id='word_1_338' title='bbox 1295 1801 1371 1831; x_wconf 80' lang='lat' dir='ltr'>falsa</span> <span class='ocrx_word' id='word_1_339' title='bbox 1398 1810 1481 1841; x_wconf 83' lang='lat' dir='ltr'>quae</span> 
     </span>
     <span class='ocr_line' id='line_1_60' title="bbox 414 1845 1482 1888; baseline -0.001 -11"><span class='ocrx_word' id='word_1_340' title='bbox 414 1847 602 1888; x_wconf 88' lang='lat' dir='ltr'>impugnare</span> <span class='ocrx_word' id='word_1_341' title='bbox 626 1845 787 1885; x_wconf 87' lang='lat' dir='ltr'>proponit.</span> <span class='ocrx_word' id='word_1_342' title='bbox 812 1845 900 1875; x_wconf 89' lang='lat' dir='ltr'>Haec</span> <span class='ocrx_word' id='word_1_343' title='bbox 923 1845 1010 1876; x_wconf 87' lang='lat' dir='ltr'>enim</span> <span class='ocrx_word' id='word_1_344' title='bbox 1033 1845 1167 1876; x_wconf 87' lang='lat' dir='ltr'>intentio</span> <span class='ocrx_word' id='word_1_345' title='bbox 1199 1852 1303 1876; x_wconf 81' lang='lat' dir='ltr'>tantae</span> <span class='ocrx_word' id='word_1_346' title='bbox 1328 1845 1482 1876; x_wconf 83' lang='lat' dir='ltr'>efficaciae</span> 
     </span>
     <span class='ocr_line' id='line_1_61' title="bbox 415 1889 1481 1931; baseline -0.002 -9"><span class='ocrx_word' id='word_1_347' title='bbox 415 1899 462 1922; x_wconf 91' lang='lat' dir='ltr'>est</span> <span class='ocrx_word' id='word_1_348' title='bbox 485 1898 519 1922; x_wconf 91' lang='lat' dir='ltr'>ut</span> <span class='ocrx_word' id='word_1_349' title='bbox 542 1890 637 1921; x_wconf 85' lang='lat' dir='ltr'>etiarn</span> <span class='ocrx_word' id='word_1_350' title='bbox 660 1890 699 1920; x_wconf 91' lang='lat' dir='ltr'>ad</span> <span class='ocrx_word' id='word_1_351' title='bbox 722 1889 825 1929; x_wconf 82' lang='lat' dir='ltr'>ipsam</span> <span class='ocrx_word' id='word_1_352' title='bbox 848 1890 1011 1920; x_wconf 82' lang='lat' dir='ltr'>veritatem</span> <span class='ocrx_word' id='word_1_353' title='bbox 1042 1890 1296 1931; x_wconf 83' lang='lat' dir='ltr'>impugnandam</span> <span class='ocrx_word' id='word_1_354' title='bbox 1319 1900 1352 1920; x_wconf 91' lang='lat' dir='ltr'>se</span> <span class='ocrx_word' id='word_1_355' title='bbox 1377 1897 1481 1920; x_wconf 86' lang='lat' dir='ltr'>exten-</span> 
     </span>
     <span class='ocr_line' id='line_1_62' title="bbox 415 1933 1480 1975; baseline -0.001 -9"><span class='ocrx_word' id='word_1_356' title='bbox 415 1936 484 1966; x_wconf 86' lang='lat' dir='ltr'>dat:</span> <span class='ocrx_word' id='word_1_357' title='bbox 510 1934 666 1966; x_wconf 86' lang='lat' dir='ltr'>clauditur</span> <span class='ocrx_word' id='word_1_358' title='bbox 694 1934 780 1964; x_wconf 90' lang='lat' dir='ltr'>enirn</span> <span class='ocrx_word' id='word_1_359' title='bbox 809 1934 842 1963; x_wconf 91' lang='lat' dir='ltr'>in</span> <span class='ocrx_word' id='word_1_360' title='bbox 866 1934 986 1964; x_wconf 87' lang='lat' dir='ltr'>intenta</span> <span class='ocrx_word' id='word_1_361' title='bbox 1008 1934 1252 1975; x_wconf 83' lang='lat' dir='ltr'>impugnatione</span> <span class='ocrx_word' id='word_1_362' title='bbox 1282 1933 1378 1965; x_wconf 91' lang='lat' dir='ltr'>etiam</span> <span class='ocrx_word' id='word_1_363' title='bbox 1401 1934 1480 1965; x_wconf 89' lang='lat' dir='ltr'>veri-</span> 
     </span>
     <span class='ocr_line' id='line_1_63' title="bbox 415 1978 898 2019; baseline -0.006 -8"><span class='ocrx_word' id='word_1_364' title='bbox 415 1980 487 2011; x_wconf 84' lang='lat' dir='ltr'>tatis</span> <span class='ocrx_word' id='word_1_365' title='bbox 510 1978 719 2019; x_wconf 85' lang='lat' dir='ltr'>impugnatio,</span> <span class='ocrx_word' id='word_1_366' title='bbox 746 1985 780 2008; x_wconf 92' lang='lat' dir='ltr'>ut</span> <span class='ocrx_word' id='word_1_367' title='bbox 803 1985 898 2018; x_wconf 90' lang='lat' dir='ltr'>patet.</span> 
     </span>
    </p>

    <p class='ocr_par' dir='ltr' id='par_1_19' title="bbox 415 2021 1481 2286">
     <span class='ocr_line' id='line_1_64' title="bbox 470 2021 1480 2054; baseline -0.001 0"><span class='ocrx_word' id='word_1_368' title='bbox 470 2024 511 2054; x_wconf 89' lang='lat' dir='ltr'>Et</span> <span class='ocrx_word' id='word_1_369' title='bbox 533 2024 581 2054; x_wconf 91' lang='lat' dir='ltr'>his</span> <span class='ocrx_word' id='word_1_370' title='bbox 605 2024 732 2054; x_wconf 86' lang='lat' dir='ltr'>duobus</span> <span class='ocrx_word' id='word_1_371' title='bbox 748 2022 853 2053; x_wconf 82' lang='lat' dir='ltr'>modis</span> <span class='ocrx_word' id='word_1_372' title='bbox 877 2022 1039 2053; x_wconf 88' lang='lat' dir='ltr'>contentio</span> <span class='ocrx_word' id='word_1_373' title='bbox 1062 2022 1163 2053; x_wconf 86' lang='lat' dir='ltr'>tendit</span> <span class='ocrx_word' id='word_1_374' title='bbox 1179 2023 1218 2052; x_wconf 90' lang='lat' dir='ltr'>ad</span> <span class='ocrx_word' id='word_1_375' title='bbox 1241 2021 1406 2054; x_wconf 85' lang='lat' dir='ltr'>veritatem</span> <span class='ocrx_word' id='word_1_376' title='bbox 1421 2023 1480 2053; x_wconf 89' lang='lat' dir='ltr'>im-</span> 
     </span>
     <span class='ocr_line' id='line_1_65' title="bbox 415 2067 1481 2109; baseline 0 -10"><span class='ocrx_word' id='word_1_377' title='bbox 415 2069 636 2109; x_wconf 86' lang='lat' dir='ltr'>pugnandam,</span> <span class='ocrx_word' id='word_1_378' title='bbox 663 2074 693 2098; x_wconf 94' lang='lat' dir='ltr'>et</span> <span class='ocrx_word' id='word_1_379' title='bbox 715 2068 809 2098; x_wconf 87' lang='lat' dir='ltr'>habet</span> <span class='ocrx_word' id='word_1_380' title='bbox 831 2067 1002 2107; x_wconf 86' lang='lat' dir='ltr'>perfectam</span> <span class='ocrx_word' id='word_1_381' title='bbox 1034 2067 1190 2098; x_wconf 83' lang='lat' dir='ltr'>rationem</span> <span class='ocrx_word' id='word_1_382' title='bbox 1214 2067 1427 2098; x_wconf 83' lang='lat' dir='ltr'>contentionis</span> <span class='ocrx_word' id='word_1_383' title='bbox 1450 2075 1481 2099; x_wconf 89' lang='lat' dir='ltr'>et</span> 
     </span>
     <span class='ocr_line' id='line_1_66' title="bbox 415 2111 1480 2153; baseline 0 -10"><span class='ocrx_word' id='word_1_384' title='bbox 415 2113 534 2153; x_wconf 87' lang='lat' dir='ltr'>peccati</span> <span class='ocrx_word' id='word_1_385' title='bbox 557 2112 709 2142; x_wconf 84' lang='lat' dir='ltr'>mortalis.</span> <span class='ocrx_word' id='word_1_386' title='bbox 735 2112 774 2142; x_wconf 91' lang='lat' dir='ltr'>Et</span> <span class='ocrx_word' id='word_1_387' title='bbox 798 2119 844 2142; x_wconf 90' lang='lat' dir='ltr'>est</span> <span class='ocrx_word' id='word_1_388' title='bbox 859 2122 963 2142; x_wconf 89' lang='lat' dir='ltr'>sermo</span> <span class='ocrx_word' id='word_1_389' title='bbox 988 2112 1026 2142; x_wconf 87' lang='lat' dir='ltr'>de</span> <span class='ocrx_word' id='word_1_390' title='bbox 1049 2112 1178 2142; x_wconf 85' lang='lat' dir='ltr'>veritate</span> <span class='ocrx_word' id='word_1_391' title='bbox 1194 2122 1260 2142; x_wconf 91' lang='lat' dir='ltr'>non</span> <span class='ocrx_word' id='word_1_392' title='bbox 1283 2113 1391 2142; x_wconf 81' lang='lat' dir='ltr'>solum</span> <span class='ocrx_word' id='word_1_393' title='bbox 1407 2111 1480 2143; x_wconf 86' lang='lat' dir='ltr'>fidei</span> 
     </span>
     <span class='ocr_line' id='line_1_67' title="bbox 415 2156 1479 2196; baseline -0.001 -8"><span class='ocrx_word' id='word_1_394' title='bbox 415 2164 446 2188; x_wconf 92' lang='lat' dir='ltr'>et</span> <span class='ocrx_word' id='word_1_395' title='bbox 468 2157 590 2194; x_wconf 89' lang='lat' dir='ltr'>morali,</span> <span class='ocrx_word' id='word_1_396' title='bbox 611 2157 666 2186; x_wconf 90' lang='lat' dir='ltr'>sed</span> <span class='ocrx_word' id='word_1_397' title='bbox 689 2157 785 2187; x_wconf 80' lang='lat' dir='ltr'>etiam</span> <span class='ocrx_word' id='word_1_398' title='bbox 807 2163 968 2196; x_wconf 85' lang='lat' dir='ltr'>spectante</span> <span class='ocrx_word' id='word_1_399' title='bbox 983 2157 1024 2186; x_wconf 84' lang='lat' dir='ltr'>ad</span> <span class='ocrx_word' id='word_1_400' title='bbox 1047 2156 1273 2196; x_wconf 82' lang='lat' dir='ltr'>perfectionem</span> <span class='ocrx_word' id='word_1_401' title='bbox 1290 2157 1479 2193; x_wconf 90' lang='lat' dir='ltr'>intellectus,</span> 
     </span>
     <span class='ocr_line' id='line_1_68' title="bbox 415 2200 1480 2242; baseline -0.001 -10"><span class='ocrx_word' id='word_1_402' title='bbox 415 2209 450 2232; x_wconf 94' lang='lat' dir='ltr'>ut</span> <span class='ocrx_word' id='word_1_403' title='bbox 466 2209 540 2233; x_wconf 92' lang='lat' dir='ltr'>sunt</span> <span class='ocrx_word' id='word_1_404' title='bbox 555 2201 699 2232; x_wconf 91' lang='lat' dir='ltr'>veritates</span> <span class='ocrx_word' id='word_1_405' title='bbox 721 2201 925 2237; x_wconf 86' lang='lat' dir='ltr'>universales;</span> <span class='ocrx_word' id='word_1_406' title='bbox 951 2207 981 2231; x_wconf 90' lang='lat' dir='ltr'>et</span> <span class='ocrx_word' id='word_1_407' title='bbox 997 2201 1035 2231; x_wconf 89' lang='lat' dir='ltr'>de</span> <span class='ocrx_word' id='word_1_408' title='bbox 1050 2201 1179 2232; x_wconf 88' lang='lat' dir='ltr'>veritate</span> <span class='ocrx_word' id='word_1_409' title='bbox 1195 2201 1228 2231; x_wconf 91' lang='lat' dir='ltr'>in</span> <span class='ocrx_word' id='word_1_410' title='bbox 1244 2200 1394 2242; x_wconf 82' lang='lat' dir='ltr'>singulari</span> <span class='ocrx_word' id='word_1_411' title='bbox 1411 2211 1480 2242; x_wconf 91' lang='lat' dir='ltr'>spe-</span> 
     </span>
     <span class='ocr_line' id='line_1_69' title="bbox 415 2245 1478 2286; baseline -0.001 -9"><span class='ocrx_word' id='word_1_412' title='bbox 415 2253 517 2277; x_wconf 87' lang='lat' dir='ltr'>ctante</span> <span class='ocrx_word' id='word_1_413' title='bbox 541 2247 580 2276; x_wconf 92' lang='lat' dir='ltr'>ad</span> <span class='ocrx_word' id='word_1_414' title='bbox 603 2247 727 2276; x_wconf 92' lang='lat' dir='ltr'>bonum</span> <span class='ocrx_word' id='word_1_415' title='bbox 751 2245 799 2276; x_wconf 91' lang='lat' dir='ltr'>vel</span> <span class='ocrx_word' id='word_1_416' title='bbox 822 2246 945 2276; x_wconf 86' lang='lat' dir='ltr'>malum</span> <span class='ocrx_word' id='word_1_417' title='bbox 968 2245 1115 2285; x_wconf 84' lang='lat' dir='ltr'>proximi,</span> <span class='ocrx_word' id='word_1_418' title='bbox 1141 2252 1176 2276; x_wconf 93' lang='lat' dir='ltr'>ut</span> <span class='ocrx_word' id='word_1_419' title='bbox 1199 2250 1285 2286; x_wconf 87' lang='lat' dir='ltr'>patet</span> <span class='ocrx_word' id='word_1_420' title='bbox 1308 2245 1340 2276; x_wconf 90' lang='lat' dir='ltr'>in</span> <span class='ocrx_word' id='word_1_421' title='bbox 1359 2245 1478 2276; x_wconf 91' lang='lat' dir='ltr'>iudicio</span> 
     </span>
    </p>
   </div>
   <div class='ocr_carea' id='block_1_16' title="bbox 1505 1373 1508 2259">
    <p class='ocr_par' dir='ltr' id='par_1_20' title="bbox 1505 1373 1508 2259">
     <span class='ocr_line' id='line_1_70' title="bbox 1505 1373 1508 2259; baseline 0 0"><span class='ocrx_word' id='word_1_422' title='bbox 1505 1373 1508 2259; x_wconf 95' lang='lat' dir='ltr'> </span> 
     </span>
    </p>
   </div>
   <div class='ocr_carea' id='block_1_17' title="bbox 1531 1357 2601 1586">
    <p class='ocr_par' dir='ltr' id='par_1_21' title="bbox 1531 1357 2601 1576">
     <span class='ocr_line' id='line_1_71' title="bbox 1532 1357 2600 1399; baseline 0.002 -11"><span class='ocrx_word' id='word_1_423' title='bbox 1532 1365 1562 1389; x_wconf 90' lang='lat' dir='ltr'>et</span> <span class='ocrx_word' id='word_1_424' title='bbox 1585 1358 1680 1396; x_wconf 88' lang='lat' dir='ltr'>fama,</span> <span class='ocrx_word' id='word_1_425' title='bbox 1706 1366 1764 1390; x_wconf 91' lang='lat' dir='ltr'>etc.</span> <span class='ocrx_word' id='word_1_426' title='bbox 1789 1358 1822 1390; x_wconf 91' lang='lat' dir='ltr'>Si</span> <span class='ocrx_word' id='word_1_427' title='bbox 1846 1358 1932 1389; x_wconf 88' lang='lat' dir='ltr'>enim</span> <span class='ocrx_word' id='word_1_428' title='bbox 1957 1358 2161 1389; x_wconf 86' lang='lat' dir='ltr'>contenderet</span> <span class='ocrx_word' id='word_1_429' title='bbox 2183 1358 2256 1399; x_wconf 82' lang='lat' dir='ltr'>quis</span> <span class='ocrx_word' id='word_1_430' title='bbox 2278 1358 2368 1399; x_wconf 89' lang='lat' dir='ltr'>quod</span> <span class='ocrx_word' id='word_1_431' title='bbox 2391 1357 2512 1390; x_wconf 75' lang='lat' dir='ltr'>festuca</span> <span class='ocrx_word' id='word_1_432' title='bbox 2529 1366 2600 1397; x_wconf 64' lang='lat' dir='ltr'>‚nno</span> 
     </span>
     <span class='ocr_line' id='line_1_72' title="bbox 1531 1401 2601 1452; baseline 0.003 -20"><span class='ocrx_word' id='word_1_433' title='bbox 1531 1410 1596 1433; x_wconf 90' lang='lat' dir='ltr'>erat</span> <span class='ocrx_word' id='word_1_434' title='bbox 1618 1403 1651 1433; x_wconf 90' lang='lat' dir='ltr'>in</span> <span class='ocrx_word' id='word_1_435' title='bbox 1675 1410 1765 1439; x_wconf 86' lang='lat' dir='ltr'>terra,</span> <span class='ocrx_word' id='word_1_436' title='bbox 1790 1413 1857 1433; x_wconf 90' lang='lat' dir='ltr'>non</span> <span class='ocrx_word' id='word_1_437' title='bbox 1880 1410 2023 1443; x_wconf 83' lang='lat' dir='ltr'>peccaret</span> <span class='ocrx_word' id='word_1_438' title='bbox 2045 1402 2229 1439; x_wconf 87' lang='lat' dir='ltr'>mortaliter,</span> <span class='ocrx_word' id='word_1_439' title='bbox 2244 1409 2374 1444; x_wconf 89' lang='lat' dir='ltr'>propter</span> <span class='ocrx_word' id='word_1_440' title='bbox 2388 1401 2601 1452; x_wconf 69' lang='lat' dir='ltr'>imperfectio-</span> 
     </span>
     <span class='ocr_line' id='line_1_73' title="bbox 1531 1443 2601 1498; baseline 0.001 -21"><span class='ocrx_word' id='word_1_441' title='bbox 1531 1456 1606 1477; x_wconf 89' lang='lat' dir='ltr'>nem</span> <span class='ocrx_word' id='word_1_442' title='bbox 1629 1447 1787 1484; x_wconf 82' lang='lat' dir='ltr'>materiae,</span> <span class='ocrx_word' id='word_1_443' title='bbox 1812 1447 1929 1478; x_wconf 87' lang='lat' dir='ltr'>scilicet</span> <span class='ocrx_word' id='word_1_444' title='bbox 1951 1446 2088 1478; x_wconf 85' lang='lat' dir='ltr'>veritatis</span> <span class='ocrx_word' id='word_1_445' title='bbox 2111 1446 2326 1498; x_wconf 83' lang='lat' dir='ltr'>impugnatae,</span> <span class='ocrx_word' id='word_1_446' title='bbox 2347 1446 2502 1488; x_wconf 84' lang='lat' dir='ltr'>quoniam</span> <span class='ocrx_word' id='word_1_447' title='bbox 2521 1443 2601 1478; x_wconf 84' lang='lat' dir='ltr'>nihil</span> 
     </span>
     <span class='ocr_line' id='line_1_74' title="bbox 1532 1489 2599 1522; baseline -0.001 0"><span class='ocrx_word' id='word_1_448' title='bbox 1532 1491 1626 1522; x_wconf 82' lang='lat' dir='ltr'>refert</span> <span class='ocrx_word' id='word_1_449' title='bbox 1657 1502 1698 1522; x_wconf 84' lang='lat' dir='ltr'>an</span> <span class='ocrx_word' id='word_1_450' title='bbox 1722 1491 1765 1522; x_wconf 89' lang='lat' dir='ltr'>sic</span> <span class='ocrx_word' id='word_1_451' title='bbox 1797 1492 1847 1522; x_wconf 89' lang='lat' dir='ltr'>vel</span> <span class='ocrx_word' id='word_1_452' title='bbox 1877 1492 1965 1522; x_wconf 78' lang='lat' dir='ltr'>aliter</span> <span class='ocrx_word' id='word_1_453' title='bbox 1995 1491 2102 1522; x_wconf 86' lang='lat' dir='ltr'>fuerit.</span> <span class='ocrx_word' id='word_1_454' title='bbox 2136 1491 2218 1522; x_wconf 91' lang='lat' dir='ltr'>sicut</span> <span class='ocrx_word' id='word_1_455' title='bbox 2247 1501 2305 1522; x_wconf 89' lang='lat' dir='ltr'>nec</span> <span class='ocrx_word' id='word_1_456' title='bbox 2337 1489 2543 1521; x_wconf 83' lang='lat' dir='ltr'>mendacium</span> <span class='ocrx_word' id='word_1_457' title='bbox 2564 1490 2599 1522; x_wconf 82' lang='lat' dir='ltr'>in</span> 
     </span>
     <span class='ocr_line' id='line_1_75' title="bbox 1532 1535 2600 1586; baseline 0 -20"><span class='ocrx_word' id='word_1_458' title='bbox 1532 1535 1720 1566; x_wconf 84' lang='lat' dir='ltr'>huiusmodi</span> <span class='ocrx_word' id='word_1_459' title='bbox 1750 1542 1830 1566; x_wconf 85' lang='lat' dir='ltr'>esset</span> <span class='ocrx_word' id='word_1_460' title='bbox 1853 1535 2086 1586; x_wconf 74' lang='lat' dir='ltr'>perniciosum,</span> <span class='ocrx_word' id='word_1_461' title='bbox 2115 1541 2246 1576; x_wconf 80' lang='lat' dir='ltr'>propter</span> <span class='ocrx_word' id='word_1_462' title='bbox 2268 1535 2403 1566; x_wconf 76' lang='lat' dir='ltr'>eandem</span> <span class='ocrx_word' id='word_1_463' title='bbox 2431 1535 2600 1572; x_wconf 75' lang='lat' dir='ltr'>rationem,</span> 
     </span>
    </p>
   </div>
   <div class='ocr_carea' id='block_1_18' title="bbox 1506 1580 2130 1621">
    <p class='ocr_par' dir='ltr' id='par_1_22' title="bbox 1506 1580 2130 1621">
     <span class='ocr_line' id='line_1_76' title="bbox 1506 1580 2130 1621; baseline -0.002 -10"><span class='ocrx_word' id='word_1_464' title='bbox 1506 1609 1508 1617; x_wconf 25' lang='grc' dir='ltr'><em>Α</em></span> <span class='ocrx_word' id='word_1_465' title='bbox 1532 1580 1651 1611; x_wconf 77' lang='lat' dir='ltr'>scilicet</span> <span class='ocrx_word' id='word_1_466' title='bbox 1672 1580 1948 1621; x_wconf 84' lang='lat' dir='ltr'>imperfectionem</span> <span class='ocrx_word' id='word_1_467' title='bbox 1971 1580 2130 1611; x_wconf 82' lang='lat' dir='ltr'>materiae.</span> 
     </span>
    </p>
   </div>
   <div class='ocr_carea' id='block_1_19' title="bbox 1530 1622 2603 2243">
    <p class='ocr_par' dir='ltr' id='par_1_23' title="bbox 1530 1622 2603 2153">
     <span class='ocr_line' id='line_1_77' title="bbox 1587 1622 2600 1665; baseline -0.001 -10"><span class='ocrx_word' id='word_1_468' title='bbox 1587 1625 1628 1655; x_wconf 93' lang='lat' dir='ltr'>Et</span> <span class='ocrx_word' id='word_1_469' title='bbox 1650 1624 1729 1655; x_wconf 87' lang='lat' dir='ltr'>scito</span> <span class='ocrx_word' id='word_1_470' title='bbox 1760 1625 1850 1665; x_wconf 92' lang='lat' dir='ltr'>quod</span> <span class='ocrx_word' id='word_1_471' title='bbox 1878 1625 1938 1655; x_wconf 86' lang='lat' dir='ltr'>hac</span> <span class='ocrx_word' id='word_1_472' title='bbox 1961 1624 2163 1655; x_wconf 83' lang='lat' dir='ltr'>distinctione</span> <span class='ocrx_word' id='word_1_473' title='bbox 2191 1624 2238 1654; x_wconf 90' lang='lat' dir='ltr'>uti</span> <span class='ocrx_word' id='word_1_474' title='bbox 2261 1630 2353 1665; x_wconf 86' lang='lat' dir='ltr'>potes</span> <span class='ocrx_word' id='word_1_475' title='bbox 2381 1624 2414 1654; x_wconf 89' lang='lat' dir='ltr'>in</span> <span class='ocrx_word' id='word_1_476' title='bbox 2442 1622 2600 1655; x_wconf 77' lang='lat' dir='ltr'>similibus</span> 
     </span>
     <span class='ocr_line' id='line_1_78' title="bbox 1532 1666 2600 1711; baseline -0.001 -12"><span class='ocrx_word' id='word_1_477' title='bbox 1532 1668 1626 1705; x_wconf 87' lang='lat' dir='ltr'>vitiis,</span> <span class='ocrx_word' id='word_1_478' title='bbox 1650 1669 1683 1699; x_wconf 91' lang='lat' dir='ltr'>in</span> <span class='ocrx_word' id='word_1_479' title='bbox 1707 1668 1824 1710; x_wconf 90' lang='lat' dir='ltr'>quibus</span> <span class='ocrx_word' id='word_1_480' title='bbox 1847 1669 1886 1699; x_wconf 90' lang='lat' dir='ltr'>de</span> <span class='ocrx_word' id='word_1_481' title='bbox 1908 1669 2032 1700; x_wconf 90' lang='lat' dir='ltr'>intento</span> <span class='ocrx_word' id='word_1_482' title='bbox 2060 1668 2122 1699; x_wconf 90' lang='lat' dir='ltr'>fine</span> <span class='ocrx_word' id='word_1_483' title='bbox 2147 1668 2259 1709; x_wconf 86' lang='lat' dir='ltr'>agitur.</span> <span class='ocrx_word' id='word_1_484' title='bbox 2290 1668 2331 1699; x_wconf 92' lang='lat' dir='ltr'>Et</span> <span class='ocrx_word' id='word_1_485' title='bbox 2353 1666 2379 1698; x_wconf 85' lang='lat' dir='ltr'>si</span> <span class='ocrx_word' id='word_1_486' title='bbox 2403 1677 2473 1699; x_wconf 83' lang='lat' dir='ltr'>eam</span> <span class='ocrx_word' id='word_1_487' title='bbox 2497 1667 2600 1711; x_wconf 77' lang='lat' dir='ltr'>appli-</span> 
     </span>
     <span class='ocr_line' id='line_1_79' title="bbox 1533 1711 2600 1753; baseline -0.001 -10"><span class='ocrx_word' id='word_1_488' title='bbox 1533 1713 1628 1749; x_wconf 86' lang='lat' dir='ltr'>cabis,</span> <span class='ocrx_word' id='word_1_489' title='bbox 1653 1714 1753 1744; x_wconf 83' lang='lat' dir='ltr'>multa</span> <span class='ocrx_word' id='word_1_490' title='bbox 1776 1720 1903 1753; x_wconf 88' lang='lat' dir='ltr'>peccata</span> <span class='ocrx_word' id='word_1_491' title='bbox 1927 1713 2093 1749; x_wconf 71' lang='lat' dir='ltr'>discernes,</span> <span class='ocrx_word' id='word_1_492' title='bbox 2114 1723 2154 1743; x_wconf 90' lang='lat' dir='ltr'>an</span> <span class='ocrx_word' id='word_1_493' title='bbox 2178 1713 2240 1743; x_wconf 89' lang='lat' dir='ltr'>sint</span> <span class='ocrx_word' id='word_1_494' title='bbox 2262 1711 2395 1743; x_wconf 84' lang='lat' dir='ltr'>venialia</span> <span class='ocrx_word' id='word_1_495' title='bbox 2418 1723 2458 1742; x_wconf 91' lang='lat' dir='ltr'>an</span> <span class='ocrx_word' id='word_1_496' title='bbox 2481 1719 2600 1751; x_wconf 80' lang='lat' dir='ltr'>morta-</span> 
     </span>
     <span class='ocr_line' id='line_1_80' title="bbox 1532 1756 2601 1798; baseline 0.001 -11"><span class='ocrx_word' id='word_1_497' title='bbox 1532 1757 1587 1787; x_wconf 80' lang='lat' dir='ltr'>lia:</span> <span class='ocrx_word' id='word_1_498' title='bbox 1614 1764 1649 1788; x_wconf 93' lang='lat' dir='ltr'>ut</span> <span class='ocrx_word' id='word_1_499' title='bbox 1671 1763 1757 1798; x_wconf 78' lang='lat' dir='ltr'>patet</span> <span class='ocrx_word' id='word_1_500' title='bbox 1779 1758 1812 1787; x_wconf 85' lang='lat' dir='ltr'>in</span> <span class='ocrx_word' id='word_1_501' title='bbox 1836 1757 2039 1793; x_wconf 78' lang='lat' dir='ltr'>detractione,</span> <span class='ocrx_word' id='word_1_502' title='bbox 2064 1757 2267 1794; x_wconf 82' lang='lat' dir='ltr'>contumelia,</span> <span class='ocrx_word' id='word_1_503' title='bbox 2291 1756 2470 1791; x_wconf 82' lang='lat' dir='ltr'>mendacio,</span> <span class='ocrx_word' id='word_1_504' title='bbox 2495 1765 2601 1788; x_wconf 85' lang='lat' dir='ltr'>susur-</span> 
     </span>
     <span class='ocr_line' id='line_1_81' title="bbox 1533 1801 2600 1842; baseline 0.002 -10"><span class='ocrx_word' id='word_1_505' title='bbox 1533 1802 1671 1838; x_wconf 88' lang='lat' dir='ltr'>ratione,</span> <span class='ocrx_word' id='word_1_506' title='bbox 1696 1801 1852 1832; x_wconf 84' lang='lat' dir='ltr'>discordia</span> <span class='ocrx_word' id='word_1_507' title='bbox 1882 1809 1913 1832; x_wconf 90' lang='lat' dir='ltr'>et</span> <span class='ocrx_word' id='word_1_508' title='bbox 1935 1802 2102 1832; x_wconf 86' lang='lat' dir='ltr'>similibus.</span> <span class='ocrx_word' id='word_1_509' title='bbox 2134 1802 2169 1831; x_wconf 89' lang='lat' dir='ltr'>ln</span> <span class='ocrx_word' id='word_1_510' title='bbox 2193 1802 2242 1832; x_wconf 80' lang='lat' dir='ltr'>his</span> <span class='ocrx_word' id='word_1_511' title='bbox 2270 1801 2357 1831; x_wconf 83' lang='lat' dir='ltr'>enirn</span> <span class='ocrx_word' id='word_1_512' title='bbox 2380 1801 2510 1842; x_wconf 82' lang='lat' dir='ltr'>quando</span> <span class='ocrx_word' id='word_1_513' title='bbox 2532 1808 2600 1834; x_wconf 63' lang='lat' dir='ltr'>mu·</span> 
     </span>
     <span class='ocr_line' id='line_1_82' title="bbox 1531 1845 2599 1887; baseline 0.001 -11"><span class='ocrx_word' id='word_1_514' title='bbox 1531 1847 1600 1876; x_wconf 84' lang='lat' dir='ltr'>lum</span> <span class='ocrx_word' id='word_1_515' title='bbox 1625 1847 1716 1887; x_wconf 90' lang='lat' dir='ltr'>quod</span> <span class='ocrx_word' id='word_1_516' title='bbox 1739 1853 1785 1877; x_wconf 84' lang='lat' dir='ltr'>est</span> <span class='ocrx_word' id='word_1_517' title='bbox 1807 1846 1927 1886; x_wconf 85' lang='lat' dir='ltr'>peccati</span> <span class='ocrx_word' id='word_1_518' title='bbox 1958 1845 2030 1876; x_wconf 88' lang='lat' dir='ltr'>finis</span> <span class='ocrx_word' id='word_1_519' title='bbox 2061 1856 2126 1878; x_wconf 88' lang='lat' dir='ltr'>non</span> <span class='ocrx_word' id='word_1_520' title='bbox 2150 1852 2198 1877; x_wconf 81' lang='lat' dir='ltr'>est</span> <span class='ocrx_word' id='word_1_521' title='bbox 2220 1845 2396 1876; x_wconf 79' lang='lat' dir='ltr'>formaliter</span> <span class='ocrx_word' id='word_1_522' title='bbox 2422 1846 2599 1883; x_wconf 78' lang='lat' dir='ltr'>intentum3</span> 
     </span>
     <span class='ocr_line' id='line_1_83' title="bbox 1532 1890 2602 1923; baseline 0.002 -2"><span class='ocrx_word' id='word_1_523' title='bbox 1532 1901 1591 1921; x_wconf 91' lang='lat' dir='ltr'>nec</span> <span class='ocrx_word' id='word_1_524' title='bbox 1613 1890 1657 1921; x_wconf 86' lang='lat' dir='ltr'>ita</span> <span class='ocrx_word' id='word_1_525' title='bbox 1681 1890 1763 1922; x_wconf 89' lang='lat' dir='ltr'>cadit</span> <span class='ocrx_word' id='word_1_526' title='bbox 1786 1891 1844 1921; x_wconf 89' lang='lat' dir='ltr'>sub</span> <span class='ocrx_word' id='word_1_527' title='bbox 1868 1890 2046 1921; x_wconf 88' lang='lat' dir='ltr'>intentione</span> <span class='ocrx_word' id='word_1_528' title='bbox 2071 1898 2106 1922; x_wconf 92' lang='lat' dir='ltr'>ut</span> <span class='ocrx_word' id='word_1_529' title='bbox 2128 1900 2195 1921; x_wconf 88' lang='lat' dir='ltr'>non</span> <span class='ocrx_word' id='word_1_530' title='bbox 2219 1890 2260 1921; x_wconf 87' lang='lat' dir='ltr'>sit</span> <span class='ocrx_word' id='word_1_531' title='bbox 2282 1890 2328 1920; x_wconf 89' lang='lat' dir='ltr'>illi</span> <span class='ocrx_word' id='word_1_532' title='bbox 2351 1897 2444 1920; x_wconf 86' lang='lat' dir='ltr'>curae</span> <span class='ocrx_word' id='word_1_533' title='bbox 2468 1900 2508 1921; x_wconf 84' lang='lat' dir='ltr'>an</span> <span class='ocrx_word' id='word_1_534' title='bbox 2531 1898 2602 1923; x_wconf 75' lang='lat' dir='ltr'>eve-</span> 
     </span>
     <span class='ocr_line' id='line_1_84' title="bbox 1533 1933 2601 1987; baseline 0.002 -22"><span class='ocrx_word' id='word_1_535' title='bbox 1533 1935 1704 1966; x_wconf 75' lang='lat' dir='ltr'>niat1non</span> <span class='ocrx_word' id='word_1_536' title='bbox 1735 1942 1782 1965; x_wconf 89' lang='lat' dir='ltr'>est</span> <span class='ocrx_word' id='word_1_537' title='bbox 1804 1935 1938 1966; x_wconf 89' lang='lat' dir='ltr'>mortale</span> <span class='ocrx_word' id='word_1_538' title='bbox 1967 1942 2147 1976; x_wconf 87' lang='lat' dir='ltr'>peccatum.</span> <span class='ocrx_word' id='word_1_539' title='bbox 2179 1933 2267 1966; x_wconf 85' lang='lat' dir='ltr'>Sicut</span> <span class='ocrx_word' id='word_1_540' title='bbox 2289 1934 2374 1966; x_wconf 87' lang='lat' dir='ltr'>enim</span> <span class='ocrx_word' id='word_1_541' title='bbox 2405 1935 2601 1987; x_wconf 60' lang='lat' dir='ltr'>contendens</span> 
     </span>
     <span class='ocr_line' id='line_1_85' title="bbox 1533 1976 2603 2020; baseline 0 -10"><span class='ocrx_word' id='word_1_542' title='bbox 1533 1981 1652 2020; x_wconf 87' lang='lat' dir='ltr'>absque</span> <span class='ocrx_word' id='word_1_543' title='bbox 1682 1979 1857 2010; x_wconf 88' lang='lat' dir='ltr'>intentione</span> <span class='ocrx_word' id='word_1_544' title='bbox 1888 1979 2099 2020; x_wconf 79' lang='lat' dir='ltr'>impugnandi</span> <span class='ocrx_word' id='word_1_545' title='bbox 2127 1979 2300 2016; x_wconf 79' lang='lat' dir='ltr'>veritatem,</span> <span class='ocrx_word' id='word_1_546' title='bbox 2334 1985 2400 2009; x_wconf 87' lang='lat' dir='ltr'>tam</span> <span class='ocrx_word' id='word_1_547' title='bbox 2427 1976 2603 2010; x_wconf 79' lang='lat' dir='ltr'>formaliter</span> 
     </span>
     <span class='ocr_line' id='line_1_86' title="bbox 1532 2015 2602 2065; baseline 0.002 -11"><span class='ocrx_word' id='word_1_548' title='bbox 1532 2033 1631 2065; x_wconf 88' lang='lat' dir='ltr'>quam</span> <span class='ocrx_word' id='word_1_549' title='bbox 1652 2023 1836 2060; x_wconf 77' lang='lat' dir='ltr'>virtualiter,</span> <span class='ocrx_word' id='word_1_550' title='bbox 1861 2030 2027 2055; x_wconf 87' lang='lat' dir='ltr'>excusatur</span> <span class='ocrx_word' id='word_1_551' title='bbox 2050 2024 2075 2054; x_wconf 88' lang='lat' dir='ltr'>si</span> <span class='ocrx_word' id='word_1_552' title='bbox 2098 2023 2236 2054; x_wconf 81' lang='lat' dir='ltr'>veritatis</span> <span class='ocrx_word' id='word_1_553' title='bbox 2258 2023 2303 2053; x_wconf 92' lang='lat' dir='ltr'>im</span> <span class='ocrx_word' id='word_1_554' title='bbox 2329 2023 2459 2064; x_wconf 76' lang='lat' dir='ltr'>ugnatio</span> <span class='ocrx_word' id='word_1_555' title='bbox 2478 2015 2602 2056; x_wconf 57' lang='lat' dir='ltr'>eventii</span> 
     </span>
     <span class='ocr_line' id='line_1_87' title="bbox 1530 2067 2599 2109; baseline 0.001 -10"><span class='ocrx_word' id='word_1_556' title='bbox 1530 2076 1653 2109; x_wconf 83' lang='lat' dir='ltr'>praeter</span> <span class='ocrx_word' id='word_1_557' title='bbox 1675 2076 1767 2099; x_wconf 82' lang='lat' dir='ltr'>suam</span> <span class='ocrx_word' id='word_1_558' title='bbox 1789 2068 2016 2105; x_wconf 70' lang='lat' dir='ltr'>intentionem:</span> <span class='ocrx_word' id='word_1_559' title='bbox 2041 2068 2083 2100; x_wconf 76' lang='lat' dir='ltr'>ita</span> <span class='ocrx_word' id='word_1_560' title='bbox 2099 2068 2131 2103; x_wconf 89' lang='lat' dir='ltr'>in</span> <span class='ocrx_word' id='word_1_561' title='bbox 2152 2069 2229 2104; x_wconf 84' lang='lat' dir='ltr'>aliis,</span> <span class='ocrx_word' id='word_1_562' title='bbox 2247 2068 2272 2098; x_wconf 85' lang='lat' dir='ltr'>si</span> <span class='ocrx_word' id='word_1_563' title='bbox 2331 2067 2465 2108; x_wconf 79' lang='lat' dir='ltr'>nigrario</span> <span class='ocrx_word' id='word_1_564' title='bbox 2484 2067 2599 2105; x_wconf 73' lang='lat' dir='ltr'>famae,</span> 
     </span>
     <span class='ocr_line' id='line_1_88' title="bbox 1531 2113 2486 2153; baseline 0 -10"><span class='ocrx_word' id='word_1_565' title='bbox 1531 2113 1558 2144; x_wconf 83' lang='lat' dir='ltr'>si</span> <span class='ocrx_word' id='word_1_566' title='bbox 1580 2113 1736 2144; x_wconf 80' lang='lat' dir='ltr'>damnum</span> <span class='ocrx_word' id='word_1_567' title='bbox 1759 2113 1946 2149; x_wconf 84' lang='lat' dir='ltr'>intellectus,</span> <span class='ocrx_word' id='word_1_568' title='bbox 1970 2113 2145 2149; x_wconf 83' lang='lat' dir='ltr'>inimicitia,</span> <span class='ocrx_word' id='word_1_569' title='bbox 2170 2121 2240 2149; x_wconf 80' lang='lat' dir='ltr'>etc..</span> <span class='ocrx_word' id='word_1_570' title='bbox 2263 2119 2486 2153; x_wconf 75' lang='lat' dir='ltr'>consequatur.</span> 
     </span>
    </p>

    <p class='ocr_par' dir='ltr' id='par_1_24' title="bbox 1532 2157 2599 2243">
     <span class='ocr_line' id='line_1_89' title="bbox 1588 2157 2599 2195; baseline 0.001 -8"><span class='ocrx_word' id='word_1_571' title='bbox 1588 2158 1623 2187; x_wconf 87' lang='lat' dir='ltr'>In</span> <span class='ocrx_word' id='word_1_572' title='bbox 1645 2158 1788 2188; x_wconf 84' lang='lat' dir='ltr'>secundo</span> <span class='ocrx_word' id='word_1_573' title='bbox 1817 2164 1925 2188; x_wconf 86' lang='lat' dir='ltr'>autem</span> <span class='ocrx_word' id='word_1_574' title='bbox 1956 2157 2090 2191; x_wconf 85' lang='lat' dir='ltr'>articulo</span> <span class='ocrx_word' id='word_1_575' title='bbox 2113 2157 2191 2188; x_wconf 87' lang='lat' dir='ltr'>nihil</span> <span class='ocrx_word' id='word_1_576' title='bbox 2219 2157 2356 2189; x_wconf 75' lang='lat' dir='ltr'>occurrit</span> <span class='ocrx_word' id='word_1_577' title='bbox 2384 2157 2599 2195; x_wconf 70' lang='lat' dir='ltr'>scribendum,</span> 
     </span>
     <span class='ocr_line' id='line_1_90' title="bbox 1532 2201 2437 2243; baseline 0.001 -11"><span class='ocrx_word' id='word_1_578' title='bbox 1532 2209 1655 2243; x_wconf 88' lang='lat' dir='ltr'>praeter</span> <span class='ocrx_word' id='word_1_579' title='bbox 1677 2201 1766 2242; x_wconf 89' lang='lat' dir='ltr'>prius</span> <span class='ocrx_word' id='word_1_580' title='bbox 1790 2202 1904 2242; x_wconf 89' lang='lat' dir='ltr'>scripta</span> <span class='ocrx_word' id='word_1_581' title='bbox 1927 2202 1960 2232; x_wconf 88' lang='lat' dir='ltr'>in</span> <span class='ocrx_word' id='word_1_582' title='bbox 1984 2201 2170 2243; x_wconf 89' lang='lat' dir='ltr'>quaestione</span> <span class='ocrx_word' id='word_1_583' title='bbox 2193 2201 2393 2242; x_wconf 88' lang='lat' dir='ltr'>praecedenti</span> <span class='ocrx_word' id='word_1_584' title='bbox 2408 2201 2437 2233; x_wconf 90' lang='grc'>*.</span> 
     </span>
    </p>
   </div>
   <div class='ocr_carea' id='block_1_20' title="bbox 978 2379 2026 2524">
    <p class='ocr_par' dir='ltr' id='par_1_25' title="bbox 978 2379 2026 2524">
     <span class='ocr_line' id='line_1_91' title="bbox 1192 2379 1838 2442; baseline -0.002 -1"><span class='ocrx_word' id='word_1_585' title='bbox 1192 2399 1508 2442; x_wconf 68' lang='lat' dir='ltr'>Aartcutus</span> <span class='ocrx_word' id='word_1_586' title='bbox 1539 2379 1838 2442; x_wconf 78' lang='lat' dir='ltr'>SECUNDUS</span> 
     </span>
     <span class='ocr_line' id='line_1_92' title="bbox 978 2491 2026 2524; baseline -0.001 -1"><span class='ocrx_word' id='word_1_587' title='bbox 978 2492 1134 2523; x_wconf 89' lang='lat' dir='ltr'><strong>UTRUM</strong></span> <span class='ocrx_word' id='word_1_588' title='bbox 1158 2492 1416 2524; x_wconf 86' lang='lat' dir='ltr'>CONTENTIO</span> <span class='ocrx_word' id='word_1_589' title='bbox 1440 2492 1507 2523; x_wconf 91' lang='lat' dir='ltr'>SIT</span> <span class='ocrx_word' id='word_1_590' title='bbox 1530 2492 1644 2523; x_wconf 84' lang='lat' dir='ltr'>FILIA</span> <span class='ocrx_word' id='word_1_591' title='bbox 1669 2491 1810 2522; x_wconf 83' lang='lat' dir='ltr'>INANIS</span> <span class='ocrx_word' id='word_1_592' title='bbox 1835 2491 2026 2522; x_wconf 82' lang='lat' dir='ltr'>GLORIAE</span> 
     </span>
    </p>
   </div>
   <div class='ocr_carea' id='block_1_21' title="bbox 1121 2569 1887 2605">
    <p class='ocr_par' dir='ltr' id='par_1_26' title="bbox 1121 2569 1887 2605">
     <span class='ocr_line' id='line_1_93' title="bbox 1121 2569 1887 2605; baseline -0.001 -9"><span class='ocrx_word' id='word_1_593' title='bbox 1121 2571 1195 2604; x_wconf 83' lang='lat' dir='ltr'>lnfra,</span> <span class='ocrx_word' id='word_1_594' title='bbox 1215 2580 1259 2605; x_wconf 90' lang='lat' dir='ltr'>qu.</span> <span class='ocrx_word' id='word_1_595' title='bbox 1279 2579 1372 2603; x_wconf 76' lang='lat' dir='ltr'>cxxxix,</span> <span class='ocrx_word' id='word_1_596' title='bbox 1391 2576 1439 2596; x_wconf 80' lang='lat' dir='ltr'>art.</span> <span class='ocrx_word' id='word_1_597' title='bbox 1460 2569 1490 2602; x_wconf 84' lang='lat'>5;</span> <span class='ocrx_word' id='word_1_598' title='bbox 1511 2571 1552 2596; x_wconf 82' lang='lat' dir='ltr'>De</span> <span class='ocrx_word' id='word_1_599' title='bbox 1571 2569 1655 2600; x_wconf 83' lang='lat' dir='ltr'>Malo,</span> <span class='ocrx_word' id='word_1_600' title='bbox 1675 2579 1721 2604; x_wconf 89' lang='lat' dir='ltr'>qu.</span> <span class='ocrx_word' id='word_1_601' title='bbox 1741 2579 1774 2602; x_wconf 86' lang='lat' dir='ltr'>rx,</span> <span class='ocrx_word' id='word_1_602' title='bbox 1795 2575 1841 2596; x_wconf 80' lang='lat' dir='ltr'>art.</span> <span class='ocrx_word' id='word_1_603' title='bbox 1864 2569 1887 2596; x_wconf 89' lang='lat'>3.</span> 
     </span>
    </p>
   </div>
   <div class='ocr_carea' id='block_1_22' title="bbox 475 2643 1482 2757">
    <p class='ocr_par' dir='ltr' id='par_1_27' title="bbox 475 2643 1482 2744">
     <span class='ocr_line' id='line_1_94' title="bbox 532 2643 1482 2698; baseline -0.002 -16"><span class='ocrx_word' id='word_1_604' title='bbox 532 2683 542 2695; x_wconf 13' lang='grc' dir='ltr'>,Ἰ</span> <span class='ocrx_word' id='word_1_605' title='bbox 550 2677 575 2698; x_wconf 20' lang='grc' dir='ltr'>,ἦ</span> <span class='ocrx_word' id='word_1_606' title='bbox 626 2657 648 2682; x_wconf 83' lang='lat' dir='ltr'>D</span> <span class='ocrx_word' id='word_1_607' title='bbox 659 2656 849 2681; x_wconf 79' lang='lat' dir='ltr'><strong>SECUNDUM</strong></span> <span class='ocrx_word' id='word_1_608' title='bbox 863 2656 916 2681; x_wconf 77' lang='lat' dir='ltr'>stc</span> <span class='ocrx_word' id='word_1_609' title='bbox 927 2656 1157 2681; x_wconf 72' lang='lat' dir='ltr'>Paocnnrrua</span> <span class='ocrx_word' id='word_1_610' title='bbox 1166 2644 1186 2666; x_wconf 70' lang='lat'>³¹⁸</span> <span class='ocrx_word' id='word_1_611' title='bbox 1189 2644 1367 2681; x_wconf 88' lang='lat' dir='ltr'>.Videtur</span> <span class='ocrx_word' id='word_1_612' title='bbox 1376 2643 1482 2691; x_wconf 90' lang='lat' dir='ltr'>quod</span> 
     </span>
     <span class='ocr_line' id='line_1_95' title="bbox 475 2696 1480 2757; baseline -0.001 -23"><span class='ocrx_word' id='word_1_613' title='bbox 475 2696 490 2717; x_wconf 67' lang='lat'><em>³</em></span> <span class='ocrx_word' id='word_1_614' title='bbox 541 2698 600 2731; x_wconf 46' lang='lat'>¹²5³,</span> <span class='ocrx_word' id='word_1_615' title='bbox 629 2698 821 2756; x_wconf 77' lang='lat' dir='ltr'>contentio</span> <span class='ocrx_word' id='word_1_616' title='bbox 861 2709 939 2757; x_wconf 82' lang='lat' dir='ltr'>non</span> <span class='ocrx_word' id='word_1_617' title='bbox 977 2697 1024 2734; x_wconf 84' lang='lat' dir='ltr'>sit</span> <span class='ocrx_word' id='word_1_618' title='bbox 1050 2698 1130 2757; x_wconf 77' lang='lat' dir='ltr'>filia</span> <span class='ocrx_word' id='word_1_619' title='bbox 1166 2697 1290 2734; x_wconf 84' lang='lat' dir='ltr'>inanis</span> <span class='ocrx_word' id='word_1_620' title='bbox 1326 2697 1480 2744; x_wconf 86' lang='lat' dir='ltr'>gloriae.</span> 
     </span>
    </p>
   </div>
   <div class='ocr_carea' id='block_1_23' title="bbox 417 2652 626 2850">
    <p class='ocr_par' dir='ltr' id='par_1_28' title="bbox 417 2652 626 2850">
     <span class='ocr_line' id='line_1_96' title="bbox 417 2652 626 2850; baseline 0 -135"><span class='ocrx_word' id='word_1_621' title='bbox 417 2652 626 2850; x_wconf 95' lang='lat' dir='ltr'>  </span> 
     </span>
    </p>
   </div>
   <div class='ocr_carea' id='block_1_24' title="bbox 416 2856 1482 3381">
    <p class='ocr_par' dir='ltr' id='par_1_29' title="bbox 416 2856 1482 3053">
     <span class='ocr_line' id='line_1_97' title="bbox 416 2856 1482 2906; baseline 0 -14"><span class='ocrx_word' id='word_1_622' title='bbox 416 2857 463 2892; x_wconf 85' lang='lat' dir='ltr'>sit</span> <span class='ocrx_word' id='word_1_623' title='bbox 498 2857 594 2892; x_wconf 84' lang='lat' dir='ltr'>inter</span> <span class='ocrx_word' id='word_1_624' title='bbox 619 2868 686 2894; x_wconf 77' lang='lat' dir='ltr'>vos</span> <span class='ocrx_word' id='word_1_625' title='bbox 718 2857 816 2906; x_wconf 68' lang='lat' dir='ltr'>zelus</span> <span class='ocrx_word' id='word_1_626' title='bbox 847 2862 884 2893; x_wconf 85' lang='lat' dir='ltr'>et</span> <span class='ocrx_word' id='word_1_627' title='bbox 917 2858 1120 2902; x_wconf 83' lang='lat' dir='ltr'>contentio,</span> <span class='ocrx_word' id='word_1_628' title='bbox 1158 2868 1282 2893; x_wconf 85' lang='lat' dir='ltr'>nonne</span> <span class='ocrx_word' id='word_1_629' title='bbox 1309 2856 1482 2893; x_wconf 82' lang='lat' dir='ltr'>carnales</span> 
     </span>
     <span class='ocr_line' id='line_1_98' title="bbox 417 2909 1480 2954; baseline 0 -9"><span class='ocrx_word' id='word_1_630' title='bbox 417 2909 519 2954; x_wconf 86' lang='lat' dir='ltr'>estis,</span> <span class='ocrx_word' id='word_1_631' title='bbox 555 2915 591 2945; x_wconf 91' lang='lat' dir='ltr'>et</span> <span class='ocrx_word' id='word_1_632' title='bbox 624 2911 828 2947; x_wconf 82' lang='lat' dir='ltr'>secundum</span> <span class='ocrx_word' id='word_1_633' title='bbox 866 2911 1055 2947; x_wconf 85' lang='lat' dir='ltr'>hominem</span> <span class='ocrx_word' id='word_1_634' title='bbox 1093 2909 1329 2947; x_wconf 81' lang='lat' dir='ltr'>ambulatis?</span> <span class='ocrx_word' id='word_1_635' title='bbox 1364 2909 1480 2946; x_wconf 87' lang='lat' dir='ltr'>Zelus</span> 
     </span>
     <span class='ocr_line' id='line_1_99' title="bbox 417 2961 1481 3011; baseline 0 -13"><span class='ocrx_word' id='word_1_636' title='bbox 417 2970 546 2998; x_wconf 89' lang='lat' dir='ltr'>autem</span> <span class='ocrx_word' id='word_1_637' title='bbox 566 2961 614 2998; x_wconf 92' lang='lat' dir='ltr'>ad</span> <span class='ocrx_word' id='word_1_638' title='bbox 634 2963 815 3000; x_wconf 83' lang='lat' dir='ltr'>invidiam</span> <span class='ocrx_word' id='word_1_639' title='bbox 836 2964 1008 3011; x_wconf 90' lang='lat' dir='ltr'>pertinet.</span> <span class='ocrx_word' id='word_1_640' title='bbox 1029 2964 1132 3011; x_wconf 86' lang='lat' dir='ltr'>Ergo</span> <span class='ocrx_word' id='word_1_641' title='bbox 1153 2962 1345 2999; x_wconf 81' lang='lat' dir='ltr'>contentio</span> <span class='ocrx_word' id='word_1_642' title='bbox 1361 2962 1481 3010; x_wconf 84' lang='lat' dir='ltr'>magis</span> 
     </span>
     <span class='ocr_line' id='line_1_100' title="bbox 418 3014 792 3053; baseline 0.008 -3"><span class='ocrx_word' id='word_1_643' title='bbox 418 3027 464 3051; x_wconf 87' lang='lat' dir='ltr'>ex</span> <span class='ocrx_word' id='word_1_644' title='bbox 492 3014 636 3052; x_wconf 87' lang='lat' dir='ltr'>invidia</span> <span class='ocrx_word' id='word_1_645' title='bbox 663 3016 792 3053; x_wconf 87' lang='lat' dir='ltr'>oritur.</span> 
     </span>
    </p>

    <p class='ocr_par' dir='ltr' id='par_1_30' title="bbox 419 3068 1481 3264">
     <span class='ocr_line' id='line_1_101' title="bbox 473 3068 1479 3116; baseline 0 -13"><span class='ocrx_word' id='word_1_646' title='bbox 473 3079 508 3104; x_wconf 88' lang='lat'>2.</span> <span class='ocrx_word' id='word_1_647' title='bbox 539 3068 775 3116; x_wconf 70' lang='lat' dir='ltr'>PRAETEREA,</span> <span class='ocrx_word' id='word_1_648' title='bbox 802 3069 991 3105; x_wconf 88' lang='lat' dir='ltr'>contentio</span> <span class='ocrx_word' id='word_1_649' title='bbox 1012 3081 1100 3106; x_wconf 90' lang='lat' dir='ltr'>curn</span> <span class='ocrx_word' id='word_1_650' title='bbox 1121 3069 1290 3105; x_wconf 86' lang='lat' dir='ltr'>clamore</span> <span class='ocrx_word' id='word_1_651' title='bbox 1309 3068 1479 3116; x_wconf 86' lang='lat' dir='ltr'>quodam</span> 
     </span>
     <span class='ocr_line' id='line_1_102' title="bbox 420 3121 1481 3170; baseline 0.001 -13"><span class='ocrx_word' id='word_1_652' title='bbox 420 3128 486 3158; x_wconf 90' lang='lat' dir='ltr'>est.</span> <span class='ocrx_word' id='word_1_653' title='bbox 518 3121 595 3158; x_wconf 90' lang='lat' dir='ltr'>Sed</span> <span class='ocrx_word' id='word_1_654' title='bbox 624 3122 768 3158; x_wconf 89' lang='lat' dir='ltr'>clamor</span> <span class='ocrx_word' id='word_1_655' title='bbox 794 3134 842 3158; x_wconf 90' lang='lat' dir='ltr'>ex</span> <span class='ocrx_word' id='word_1_656' title='bbox 869 3122 924 3158; x_wconf 89' lang='lat' dir='ltr'>ira</span> <span class='ocrx_word' id='word_1_657' title='bbox 952 3122 1089 3167; x_wconf 82' lang='lat' dir='ltr'>oritur3</span> <span class='ocrx_word' id='word_1_658' title='bbox 1118 3129 1161 3158; x_wconf 90' lang='lat' dir='ltr'>ut</span> <span class='ocrx_word' id='word_1_659' title='bbox 1178 3128 1282 3170; x_wconf 84' lang='lat' dir='ltr'>patet</span> <span class='ocrx_word' id='word_1_660' title='bbox 1299 3132 1370 3169; x_wconf 91' lang='lat' dir='ltr'>per</span> <span class='ocrx_word' id='word_1_661' title='bbox 1388 3121 1481 3158; x_wconf 89' lang='lat' dir='ltr'>Gre-</span> 
     </span>
     <span class='ocr_line' id='line_1_103' title="bbox 419 3173 1479 3222; baseline 0 -11"><span class='ocrx_word' id='word_1_662' title='bbox 419 3173 588 3222; x_wconf 70' lang='lat' dir='ltr'>gotium,</span> <span class='ocrx_word' id='word_1_663' title='bbox 623 3175 747 3211; x_wconf 92' lang='lat' dir='ltr'>XXXI</span> <span class='ocrx_word' id='word_1_664' title='bbox 776 3175 920 3211; x_wconf 87' lang='lat' dir='ltr'>Moral.</span> <span class='ocrx_word' id='word_1_665' title='bbox 941 3174 961 3196; x_wconf 75' lang='lat'>’¹‘</span> <span class='ocrx_word' id='word_1_666' title='bbox 998 3176 1100 3222; x_wconf 90' lang='lat' dir='ltr'>Ergo</span> <span class='ocrx_word' id='word_1_667' title='bbox 1138 3175 1252 3211; x_wconf 89' lang='lat' dir='ltr'>etiarn</span> <span class='ocrx_word' id='word_1_668' title='bbox 1288 3173 1479 3211; x_wconf 87' lang='lat' dir='ltr'>contentio</span> 
     </span>
     <span class='ocr_line' id='line_1_104' title="bbox 420 3228 706 3264; baseline 0.003 -1"><span class='ocrx_word' id='word_1_669' title='bbox 420 3234 538 3263; x_wconf 84' lang='lat' dir='ltr'>oritur</span> <span class='ocrx_word' id='word_1_670' title='bbox 566 3239 612 3263; x_wconf 87' lang='lat' dir='ltr'>ex</span> <span class='ocrx_word' id='word_1_671' title='bbox 640 3228 706 3264; x_wconf 82' lang='lat' dir='ltr'>ira.</span> 
     </span>
    </p>

    <p class='ocr_par' dir='ltr' id='par_1_31' title="bbox 419 3279 1480 3381">
     <span class='ocr_line' id='line_1_105' title="bbox 474 3279 1480 3328; baseline 0 -12"><span class='ocrx_word' id='word_1_672' title='bbox 474 3280 509 3316; x_wconf 86' lang='lat'>3.</span> <span class='ocrx_word' id='word_1_673' title='bbox 538 3281 780 3326; x_wconf 77' lang='lat' dir='ltr'>PRAETEREA,</span> <span class='ocrx_word' id='word_1_674' title='bbox 810 3280 906 3316; x_wconf 91' lang='lat' dir='ltr'>inter</span> <span class='ocrx_word' id='word_1_675' title='bbox 943 3280 1015 3316; x_wconf 90' lang='lat' dir='ltr'>alia</span> <span class='ocrx_word' id='word_1_676' title='bbox 1051 3280 1204 3316; x_wconf 87' lang='lat' dir='ltr'>scientia</span> <span class='ocrx_word' id='word_1_677' title='bbox 1233 3279 1437 3328; x_wconf 90' lang='lat' dir='ltr'>praecipue</span> <span class='ocrx_word' id='word_1_678' title='bbox 1463 3285 1480 3300; x_wconf 75' lang='lat'>‘²</span> 
     </span>
     <span class='ocr_line' id='line_1_106' title="bbox 419 3331 1478 3381; baseline -0.001 -12"><span class='ocrx_word' id='word_1_679' title='bbox 419 3332 569 3370; x_wconf 90' lang='lat' dir='ltr'>videtur</span> <span class='ocrx_word' id='word_1_680' title='bbox 598 3345 679 3370; x_wconf 91' lang='lat' dir='ltr'>esse</span> <span class='ocrx_word' id='word_1_681' title='bbox 709 3333 867 3370; x_wconf 90' lang='lat' dir='ltr'>materia</span> <span class='ocrx_word' id='word_1_682' title='bbox 895 3333 1095 3381; x_wconf 89' lang='lat' dir='ltr'>superbiae</span> <span class='ocrx_word' id='word_1_683' title='bbox 1115 3340 1151 3369; x_wconf 89' lang='lat' dir='ltr'>et</span> <span class='ocrx_word' id='word_1_684' title='bbox 1170 3332 1291 3369; x_wconf 87' lang='lat' dir='ltr'>inanis</span> <span class='ocrx_word' id='word_1_685' title='bbox 1317 3331 1478 3380; x_wconf 83' lang='lat' dir='ltr'>gloriae:</span> 
     </span>
    </p>
   </div>
   <div class='ocr_carea' id='block_1_25' title="bbox 473 3455 834 3487">
    <p class='ocr_par' dir='ltr' id='par_1_32' title="bbox 473 3455 834 3487">
     <span class='ocr_line' id='line_1_107' title="bbox 473 3455 834 3487; baseline 0.003 -9"><span class='ocrx_word' id='word_1_686' title='bbox 473 3455 500 3486; x_wconf 83' lang='grc' dir='ltr'>α)</span> <span class='ocrx_word' id='word_1_687' title='bbox 517 3455 669 3487; x_wconf 80' lang='lat' dir='ltr'>praecipue.</span> <span class='ocrx_word' id='word_1_688' title='bbox 687 3468 704 3473; x_wconf 81' lang='lat'>-</span> <span class='ocrx_word' id='word_1_689' title='bbox 724 3455 787 3480; x_wconf 92' lang='lat' dir='ltr'>Om.</span> <span class='ocrx_word' id='word_1_690' title='bbox 805 3455 834 3479; x_wconf 85' lang='lat' dir='ltr'>P.</span> 
     </span>
    </p>
   </div>
   <div class='ocr_carea' id='block_1_26' title="bbox 1506 2662 1509 3520">
    <p class='ocr_par' dir='ltr' id='par_1_33' title="bbox 1506 2662 1509 3520">
     <span class='ocr_line' id='line_1_108' title="bbox 1506 2662 1509 3520; baseline 0 0"><span class='ocrx_word' id='word_1_691' title='bbox 1506 2662 1509 3520; x_wconf 95' lang='lat' dir='ltr'> </span> 
     </span>
    </p>
   </div>
   <div class='ocr_carea' id='block_1_27' title="bbox 1532 2603 2635 3381">
    <p class='ocr_par' dir='ltr' id='par_1_34' title="bbox 1533 2603 2635 2850">
     <span class='ocr_line' id='line_1_109' title="bbox 1534 2603 2635 2702; baseline 0.001 -22"><span class='ocrx_word' id='word_1_692' title='bbox 1534 2643 1749 2680; x_wconf 86' lang='lat' dir='ltr'>secundum</span> <span class='ocrx_word' id='word_1_693' title='bbox 1770 2643 1862 2680; x_wconf 88' lang='lat' dir='ltr'>illud</span> <span class='ocrx_word' id='word_1_694' title='bbox 1879 2645 1891 2680; x_wconf 93' lang='lat' dir='ltr'>l</span> <span class='ocrx_word' id='word_1_695' title='bbox 1908 2644 1961 2680; x_wconf 83' lang='lat' dir='ltr'>ad</span> <span class='ocrx_word' id='word_1_696' title='bbox 1973 2644 2061 2680; x_wconf 91' lang='lat' dir='ltr'>Cor.</span> <span class='ocrx_word' id='word_1_697' title='bbox 2077 2642 2190 2680; x_wconf 73' lang='lat' dir='ltr'>vm*:</span> <span class='ocrx_word' id='word_1_698' title='bbox 2210 2643 2373 2680; x_wconf 79' lang='lat' dir='ltr'>Scientia</span> <span class='ocrx_word' id='word_1_699' title='bbox 2388 2643 2504 2702; x_wconf 76' lang='lat' dir='ltr'>inflat.</span> <span class='ocrx_word' id='word_1_700' title='bbox 2521 2603 2635 2681; x_wconf 76' lang='lat' dir='ltr'>Sed·</span> 
     </span>
     <span class='ocr_line' id='line_1_110' title="bbox 1534 2696 2598 2745; baseline 0 -12"><span class='ocrx_word' id='word_1_701' title='bbox 1534 2697 1727 2734; x_wconf 87' lang='lat' dir='ltr'>contentio</span> <span class='ocrx_word' id='word_1_702' title='bbox 1743 2696 1922 2745; x_wconf 88' lang='lat' dir='ltr'>provenit</span> <span class='ocrx_word' id='word_1_703' title='bbox 1939 2697 2166 2744; x_wconf 87' lang='lat' dir='ltr'>plerumque</span> <span class='ocrx_word' id='word_1_704' title='bbox 2183 2706 2228 2733; x_wconf 86' lang='lat' dir='ltr'>ex</span> <span class='ocrx_word' id='word_1_705' title='bbox 2243 2696 2392 2733; x_wconf 74' lang='lat' dir='ltr'>defectu</span> <span class='ocrx_word' id='word_1_706' title='bbox 2408 2696 2598 2744; x_wconf 85' lang='lat' dir='ltr'>scientiae,</span> 
     </span>
     <span class='ocr_line' id='line_1_111' title="bbox 1533 2749 2597 2798; baseline 0.001 -12"><span class='ocrx_word' id='word_1_707' title='bbox 1533 2762 1604 2798; x_wconf 89' lang='lat' dir='ltr'>per</span> <span class='ocrx_word' id='word_1_708' title='bbox 1631 2761 1747 2798; x_wconf 86' lang='lat' dir='ltr'>quarn</span> <span class='ocrx_word' id='word_1_709' title='bbox 1775 2749 1916 2786; x_wconf 86' lang='lat' dir='ltr'>veritas</span> <span class='ocrx_word' id='word_1_710' title='bbox 1945 2749 2206 2796; x_wconf 85' lang='lat' dir='ltr'>cognoscitur,</span> <span class='ocrx_word' id='word_1_711' title='bbox 2235 2760 2314 2786; x_wconf 90' lang='lat' dir='ltr'>non</span> <span class='ocrx_word' id='word_1_712' title='bbox 2342 2749 2597 2798; x_wconf 66' lang='lat' dir='ltr'>impugnatur.</span> 
     </span>
     <span class='ocr_line' id='line_1_112' title="bbox 1534 2800 2489 2850; baseline -0.001 -11"><span class='ocrx_word' id='word_1_713' title='bbox 1534 2804 1636 2850; x_wconf 81' lang='lat' dir='ltr'>Ergo</span> <span class='ocrx_word' id='word_1_714' title='bbox 1667 2803 1859 2839; x_wconf 86' lang='lat' dir='ltr'>contentio</span> <span class='ocrx_word' id='word_1_715' title='bbox 1888 2812 1967 2839; x_wconf 90' lang='lat' dir='ltr'>non</span> <span class='ocrx_word' id='word_1_716' title='bbox 1995 2810 2052 2838; x_wconf 84' lang='lat' dir='ltr'>est</span> <span class='ocrx_word' id='word_1_717' title='bbox 2079 2801 2157 2838; x_wconf 89' lang='lat' dir='ltr'>filia</span> <span class='ocrx_word' id='word_1_718' title='bbox 2186 2800 2309 2838; x_wconf 82' lang='lat' dir='ltr'>inanis</span> <span class='ocrx_word' id='word_1_719' title='bbox 2336 2801 2489 2849; x_wconf 71' lang='lat' dir='ltr'>gloriae.</span> 
     </span>
    </p>

    <p class='ocr_par' dir='ltr' id='par_1_35' title="bbox 1532 2854 2598 2945">
     <span class='ocr_line' id='line_1_113' title="bbox 1587 2854 2598 2903; baseline -0.001 -11"><span class='ocrx_word' id='word_1_720' title='bbox 1587 2857 1663 2892; x_wconf 80' lang='lat' dir='ltr'>SED</span> <span class='ocrx_word' id='word_1_721' title='bbox 1682 2866 1830 2892; x_wconf 76' lang='lat' dir='ltr'>CONTRA</span> <span class='ocrx_word' id='word_1_722' title='bbox 1846 2866 1914 2892; x_wconf 72' lang='lat' dir='ltr'>es’r</span> <span class='ocrx_word' id='word_1_723' title='bbox 1933 2854 2137 2892; x_wconf 81' lang='lat' dir='ltr'>auctoritas</span> <span class='ocrx_word' id='word_1_724' title='bbox 2156 2854 2341 2903; x_wconf 83' lang='lat' dir='ltr'>Gregorii,</span> <span class='ocrx_word' id='word_1_725' title='bbox 2363 2856 2489 2891; x_wconf 89' lang='lat' dir='ltr'>XXXI</span> <span class='ocrx_word' id='word_1_726' title='bbox 2508 2856 2598 2897; x_wconf 69' lang='lat' dir='ltr'>Mb·</span> 
     </span>
     <span class='ocr_line' id='line_1_114' title="bbox 1532 2907 1644 2945; baseline 0 0"><span class='ocrx_word' id='word_1_727' title='bbox 1532 2908 1604 2945; x_wconf 85' lang='lat' dir='ltr'>ral.</span> <span class='ocrx_word' id='word_1_728' title='bbox 1624 2907 1644 2930; x_wconf 64' lang='lat'>³²</span> 
     </span>
    </p>

    <p class='ocr_par' dir='ltr' id='par_1_36' title="bbox 1532 2959 2634 3381">
     <span class='ocr_line' id='line_1_115' title="bbox 1587 2959 2634 3009; baseline 0 -11"><span class='ocrx_word' id='word_1_729' title='bbox 1587 2962 1813 2998; x_wconf 71' lang='lat' dir='ltr'>Rr-:srormm</span> <span class='ocrx_word' id='word_1_730' title='bbox 1833 2971 2018 2998; x_wconf 64' lang='lat' dir='ltr'>meantum</span> <span class='ocrx_word' id='word_1_731' title='bbox 2033 2960 2151 3009; x_wconf 93' lang='lat' dir='ltr'>quod,</span> <span class='ocrx_word' id='word_1_732' title='bbox 2172 2959 2268 2998; x_wconf 80' lang='lat' dir='ltr'>sicut</span> <span class='ocrx_word' id='word_1_733' title='bbox 2286 2971 2401 3009; x_wconf 84' lang='lat' dir='ltr'>supra</span> <span class='ocrx_word' id='word_1_734' title='bbox 2414 2960 2436 2982; x_wconf 77' lang='lat'>&#39;⁸⁸</span> <span class='ocrx_word' id='word_1_735' title='bbox 2448 2960 2597 2998; x_wconf 68' lang='lat' dir='ltr'>dicmur</span> <span class='ocrx_word' id='word_1_736' title='bbox 2624 2980 2634 2990; x_wconf 86' lang='lat'><strong>·</strong></span> 
     </span>
     <span class='ocr_line' id='line_1_116' title="bbox 1532 3013 2598 3062; baseline -0.001 -11"><span class='ocrx_word' id='word_1_737' title='bbox 1532 3023 1599 3060; x_wconf 84' lang='lat' dir='ltr'>est,</span> <span class='ocrx_word' id='word_1_738' title='bbox 1622 3014 1811 3051; x_wconf 80' lang='lat' dir='ltr'>discordia</span> <span class='ocrx_word' id='word_1_739' title='bbox 1831 3022 1887 3051; x_wconf 87' lang='lat' dir='ltr'>est</span> <span class='ocrx_word' id='word_1_740' title='bbox 1906 3013 1984 3050; x_wconf 90' lang='lat' dir='ltr'>filia</span> <span class='ocrx_word' id='word_1_741' title='bbox 2002 3013 2124 3050; x_wconf 84' lang='lat' dir='ltr'>inanis</span> <span class='ocrx_word' id='word_1_742' title='bbox 2148 3013 2305 3062; x_wconf 84' lang='lat' dir='ltr'>gloriae,</span> <span class='ocrx_word' id='word_1_743' title='bbox 2327 3024 2374 3050; x_wconf 90' lang='lat' dir='ltr'>eo</span> <span class='ocrx_word' id='word_1_744' title='bbox 2397 3014 2503 3062; x_wconf 89' lang='lat' dir='ltr'>quod</span> <span class='ocrx_word' id='word_1_745' title='bbox 2523 3013 2598 3052; x_wconf 76' lang='lat' dir='ltr'>dis-</span> 
     </span>
     <span class='ocr_line' id='line_1_117' title="bbox 1534 3064 2599 3115; baseline 0 -11"><span class='ocrx_word' id='word_1_746' title='bbox 1534 3067 1775 3104; x_wconf 91' lang='lat' dir='ltr'>cordantium</span> <span class='ocrx_word' id='word_1_747' title='bbox 1813 3074 1974 3114; x_wconf 90' lang='lat' dir='ltr'>uterque</span> <span class='ocrx_word' id='word_1_748' title='bbox 2011 3067 2048 3103; x_wconf 91' lang='lat' dir='ltr'>in</span> <span class='ocrx_word' id='word_1_749' title='bbox 2086 3079 2158 3103; x_wconf 90' lang='lat' dir='ltr'>suo</span> <span class='ocrx_word' id='word_1_750' title='bbox 2191 3066 2348 3115; x_wconf 86' lang='lat' dir='ltr'>proprio</span> <span class='ocrx_word' id='word_1_751' title='bbox 2377 3064 2392 3095; x_wconf 69' lang='grc' dir='ltr'>β</span> <span class='ocrx_word' id='word_1_752' title='bbox 2430 3074 2522 3114; x_wconf 75' lang='lat' dir='ltr'>stat,</span> <span class='ocrx_word' id='word_1_753' title='bbox 2554 3073 2599 3104; x_wconf 65' lang='grc' dir='ltr'><strong>α</strong></span> 
     </span>
     <span class='ocr_line' id='line_1_118' title="bbox 1532 3119 2598 3168; baseline -0.001 -11"><span class='ocrx_word' id='word_1_754' title='bbox 1532 3133 1630 3157; x_wconf 87' lang='lat' dir='ltr'>unus</span> <span class='ocrx_word' id='word_1_755' title='bbox 1658 3120 1764 3157; x_wconf 87' lang='lat' dir='ltr'>alteri</span> <span class='ocrx_word' id='word_1_756' title='bbox 1790 3130 1870 3157; x_wconf 88' lang='lat' dir='ltr'>non</span> <span class='ocrx_word' id='word_1_757' title='bbox 1899 3119 2124 3168; x_wconf 82' lang='lat' dir='ltr'>acquiescit3</span> <span class='ocrx_word' id='word_1_758' title='bbox 2153 3119 2353 3168; x_wconf 86' lang='lat' dir='ltr'>proprium</span> <span class='ocrx_word' id='word_1_759' title='bbox 2381 3127 2513 3156; x_wconf 79' lang='lat' dir='ltr'>autem</span> <span class='ocrx_word' id='word_1_760' title='bbox 2535 3131 2598 3156; x_wconf 90' lang='lat' dir='ltr'>su—</span> 
     </span>
     <span class='ocr_line' id='line_1_119' title="bbox 1532 3171 2598 3222; baseline -0.001 -12"><span class='ocrx_word' id='word_1_761' title='bbox 1532 3173 1689 3222; x_wconf 83' lang='lat' dir='ltr'>perbiae</span> <span class='ocrx_word' id='word_1_762' title='bbox 1718 3181 1774 3210; x_wconf 84' lang='lat' dir='ltr'>est</span> <span class='ocrx_word' id='word_1_763' title='bbox 1801 3181 1838 3210; x_wconf 87' lang='lat' dir='ltr'>et</span> <span class='ocrx_word' id='word_1_764' title='bbox 1864 3172 1987 3210; x_wconf 87' lang='lat' dir='ltr'>inanis</span> <span class='ocrx_word' id='word_1_765' title='bbox 2015 3171 2157 3220; x_wconf 76' lang='lat' dir='ltr'>gloriae</span> <span class='ocrx_word' id='word_1_766' title='bbox 2189 3172 2384 3222; x_wconf 87' lang='lat' dir='ltr'>propriam</span> <span class='ocrx_word' id='word_1_767' title='bbox 2414 3172 2598 3210; x_wconf 57' lang='lat' dir='ltr'>excelles»</span> 
     </span>
     <span class='ocr_line' id='line_1_120' title="bbox 1533 3224 2599 3275; baseline -0.001 -12"><span class='ocrx_word' id='word_1_768' title='bbox 1533 3227 1624 3263; x_wconf 85' lang='lat' dir='ltr'>tiam</span> <span class='ocrx_word' id='word_1_769' title='bbox 1653 3236 1850 3275; x_wconf 82' lang='lat' dir='ltr'>quaerere.</span> <span class='ocrx_word' id='word_1_770' title='bbox 1890 3225 1994 3262; x_wconf 91' lang='lat' dir='ltr'>Sicut</span> <span class='ocrx_word' id='word_1_771' title='bbox 2025 3233 2154 3263; x_wconf 81' lang='lat' dir='ltr'>autem</span> <span class='ocrx_word' id='word_1_772' title='bbox 2190 3225 2450 3263; x_wconf 78' lang='lat' dir='ltr'>discordantes</span> <span class='ocrx_word' id='word_1_773' title='bbox 2481 3224 2599 3275; x_wconf 70' lang='lat' dir='ltr'>aliqui</span> 
     </span>
     <span class='ocr_line' id='line_1_121' title="bbox 1534 3278 2596 3327; baseline -0.002 -11"><span class='ocrx_word' id='word_1_774' title='bbox 1534 3287 1621 3316; x_wconf 91' lang='lat' dir='ltr'>sunt</span> <span class='ocrx_word' id='word_1_775' title='bbox 1649 3292 1694 3316; x_wconf 87' lang='lat' dir='ltr'>ex</span> <span class='ocrx_word' id='word_1_776' title='bbox 1720 3281 1796 3316; x_wconf 92' lang='lat' dir='ltr'>hoc</span> <span class='ocrx_word' id='word_1_777' title='bbox 1823 3279 1928 3327; x_wconf 92' lang='lat' dir='ltr'>quod</span> <span class='ocrx_word' id='word_1_778' title='bbox 1964 3286 2062 3315; x_wconf 90' lang='lat' dir='ltr'>stant</span> <span class='ocrx_word' id='word_1_779' title='bbox 2100 3279 2215 3315; x_wconf 89' lang='lat' dir='ltr'>corde</span> <span class='ocrx_word' id='word_1_780' title='bbox 2254 3278 2290 3315; x_wconf 93' lang='lat' dir='ltr'>in</span> <span class='ocrx_word' id='word_1_781' title='bbox 2329 3278 2511 3327; x_wconf 84' lang='lat' dir='ltr'>propriiS‚</span> <span class='ocrx_word' id='word_1_782' title='bbox 2545 3278 2596 3315; x_wconf 90' lang='lat' dir='ltr'>ita</span> 
     </span>
     <span class='ocr_line' id='line_1_122' title="bbox 1535 3330 2596 3381; baseline -0.001 -13"><span class='ocrx_word' id='word_1_783' title='bbox 1535 3333 1809 3369; x_wconf 88' lang='lat' dir='ltr'>contendentes</span> <span class='ocrx_word' id='word_1_784' title='bbox 1837 3339 1923 3368; x_wconf 89' lang='lat' dir='ltr'>sunt</span> <span class='ocrx_word' id='word_1_785' title='bbox 1950 3331 2066 3380; x_wconf 85' lang='lat' dir='ltr'>aliqui</span> <span class='ocrx_word' id='word_1_786' title='bbox 2089 3343 2135 3368; x_wconf 88' lang='lat' dir='ltr'>ex</span> <span class='ocrx_word' id='word_1_787' title='bbox 2158 3332 2233 3368; x_wconf 90' lang='lat' dir='ltr'>hoc</span> <span class='ocrx_word' id='word_1_788' title='bbox 2262 3332 2366 3380; x_wconf 90' lang='lat' dir='ltr'>quod</span> <span class='ocrx_word' id='word_1_789' title='bbox 2393 3330 2596 3381; x_wconf 85' lang='lat' dir='ltr'>unusquis-</span> 
     </span>
    </p>
   </div>
   <div class='ocr_carea' id='block_1_28' title="bbox 1535 3451 2596 3514">
    <p class='ocr_par' dir='ltr' id='par_1_37' title="bbox 1535 3451 2596 3514">
     <span class='ocr_line' id='line_1_123' title="bbox 1551 3451 2596 3513; baseline -0.002 -35"><span class='ocrx_word' id='word_1_790' title='bbox 1551 3452 1613 3513; x_wconf 64' lang='lat' dir='ltr'>ddp)</span> <span class='ocrx_word' id='word_1_791' title='bbox 1633 3459 1681 3478; x_wconf 80' lang='lat' dir='ltr'>suo</span> <span class='ocrx_word' id='word_1_792' title='bbox 1695 3453 1819 3486; x_wconf 72' lang='lat' dir='ltr'>proprio.</span> <span class='ocrx_word' id='word_1_793' title='bbox 1831 3466 1850 3472; x_wconf 89' lang='lat'>-</span> <span class='ocrx_word' id='word_1_794' title='bbox 1862 3461 1910 3480; x_wconf 81' lang='lat' dir='ltr'>suo</span> <span class='ocrx_word' id='word_1_795' title='bbox 1919 3453 2060 3487; x_wconf 73' lang='lat' dir='ltr'>proposito</span> <span class='ocrx_word' id='word_1_796' title='bbox 2079 3461 2119 3483; x_wconf 77' lang='lat' dir='ltr'>sn.</span> <span class='ocrx_word' id='word_1_797' title='bbox 2129 3460 2206 3479; x_wconf 71' lang='lat' dir='ltr'>sensu</span> <span class='ocrx_word' id='word_1_798' title='bbox 2221 3453 2336 3486; x_wconf 66' lang='lat' dir='ltr'>propr-{0</span> <span class='ocrx_word' id='word_1_799' title='bbox 2348 3452 2403 3482; x_wconf 67' lang='lat' dir='ltr'>Pa:</span> <span class='ocrx_word' id='word_1_800' title='bbox 2418 3457 2481 3486; x_wconf 74' lang='lat' dir='ltr'>post</span> <span class='ocrx_word' id='word_1_801' title='bbox 2491 3453 2547 3477; x_wconf 72' lang='lat' dir='ltr'>sm</span> <span class='ocrx_word' id='word_1_802' title='bbox 2560 3451 2596 3476; x_wconf 80' lang='lat' dir='ltr'>sC</span> 
     </span>
     <span class='ocr_line' id='line_1_124' title="bbox 1535 3494 1710 3514; baseline 0.006 -1"><span class='ocrx_word' id='word_1_803' title='bbox 1535 3497 1549 3513; x_wconf 83' lang='lat' dir='ltr'>a</span> <span class='ocrx_word' id='word_1_804' title='bbox 1586 3494 1604 3513; x_wconf 75' lang='lat' dir='ltr'>rt</span> <span class='ocrx_word' id='word_1_805' title='bbox 1622 3495 1710 3514; x_wconf 81' lang='lat' dir='ltr'>sensu.</span> 
     </span>
    </p>
   </div>
   <div class='ocr_carea' id='block_1_29' title="bbox 2881 3 2892 645">
    <p class='ocr_par' dir='ltr' id='par_1_38' title="bbox 2881 3 2892 645">
     <span class='ocr_line' id='line_1_125' title="bbox 2881 3 2892 645; textangle 90"><span class='ocrx_word' id='word_1_806' title='bbox 2888 631 2892 645; x_wconf 68' lang='grc'>,-</span> <span class='ocrx_word' id='word_1_807' title='bbox 2882 125 2892 616; x_wconf 68' lang='lat' dir='ltr'>.-.——-..—-———-——-—-.—o.</span> <span class='ocrx_word' id='word_1_808' title='bbox 2881 3 2892 116; x_wconf 45' lang='lat' dir='ltr'>mnu-r.</span> 
     </span>
    </p>
   </div>
   <div class='ocr_carea' id='block_1_30' title="bbox 2621 859 2750 891">
    <p class='ocr_par' dir='ltr' id='par_1_39' title="bbox 2621 859 2750 891">
     <span class='ocr_line' id='line_1_126' title="bbox 2621 859 2750 891; baseline 0 -9"><span class='ocrx_word' id='word_1_809' title='bbox 2621 860 2633 871; x_wconf 74' lang='lat'>⁸</span> <span class='ocrx_word' id='word_1_810' title='bbox 2647 859 2715 891; x_wconf 68' lang='lat' dir='ltr'>Yers.</span> <span class='ocrx_word' id='word_1_811' title='bbox 2729 866 2750 890; x_wconf 82' lang='lat'>³·</span> 
     </span>
    </p>
   </div>
   <div class='ocr_carea' id='block_1_31' title="bbox 2535 2174 2838 2251">
    <p class='ocr_par' dir='ltr' id='par_1_40' title="bbox 2535 2174 2838 2251">
     <span class='ocr_line' id='line_1_127' title="bbox 2625 2174 2838 2219; baseline 0 -4"><span class='ocrx_word' id='word_1_812' title='bbox 2625 2193 2636 2204; x_wconf 72' lang='lat'>⁸</span> <span class='ocrx_word' id='word_1_813' title='bbox 2651 2193 2703 2215; x_wconf 77' lang='lat' dir='ltr'>Art.</span> <span class='ocrx_word' id='word_1_814' title='bbox 2718 2174 2745 2219; x_wconf 54' lang='grc' dir='ltr'>ἑ,</span> <span class='ocrx_word' id='word_1_815' title='bbox 2766 2192 2838 2215; x_wconf 79' lang='lat' dir='ltr'>eom-</span> 
     </span>
     <span class='ocr_line' id='line_1_128' title="bbox 2535 2222 2697 2251; baseline 0 -10"><span class='ocrx_word' id='word_1_816' title='bbox 2535 2230 2537 2232; x_wconf 97' lang='lat'>·</span> <span class='ocrx_word' id='word_1_817' title='bbox 2571 2228 2590 2251; x_wconf 48' lang='lat' dir='ltr'>v,</span> <span class='ocrx_word' id='word_1_818' title='bbox 2626 2222 2697 2241; x_wconf 78' lang='lat' dir='ltr'>ment.</span> 
     </span>
    </p>
   </div>
   <div class='ocr_carea' id='block_1_32' title="bbox 2624 2657 2749 2680">
    <p class='ocr_par' dir='ltr' id='par_1_41' title="bbox 2624 2657 2749 2680">
     <span class='ocr_line' id='line_1_129' title="bbox 2624 2657 2749 2680; baseline 0.02 -2.5"><span class='ocrx_word' id='word_1_819' title='bbox 2624 2657 2719 2680; x_wconf 61' lang='lat' dir='ltr'>’verm</span> <span class='ocrx_word' id='word_1_820' title='bbox 2733 2664 2749 2680; x_wconf 86' lang='lat' dir='ltr'>r.</span> 
     </span>
    </p>
   </div>
   <div class='ocr_carea' id='block_1_33' title="bbox 2623 2923 2758 2946">
    <p class='ocr_par' dir='ltr' id='par_1_42' title="bbox 2623 2923 2758 2946">
     <span class='ocr_line' id='line_1_130' title="bbox 2623 2923 2758 2946; baseline 0.015 -2"><span class='ocrx_word' id='word_1_821' title='bbox 2623 2923 2632 2932; x_wconf 81' lang='lat'><strong>¹</strong></span> <span class='ocrx_word' id='word_1_822' title='bbox 2647 2923 2704 2945; x_wconf 85' lang='lat' dir='ltr'>Loe.</span> <span class='ocrx_word' id='word_1_823' title='bbox 2719 2923 2758 2946; x_wconf 75' lang='lat' dir='ltr'>eit.</span> 
     </span>
    </p>
   </div>
   <div class='ocr_carea' id='block_1_34' title="bbox 2622 2979 2821 3028">
    <p class='ocr_par' dir='ltr' id='par_1_43' title="bbox 2622 2979 2821 3028">
     <span class='ocr_line' id='line_1_131' title="bbox 2655 2979 2821 3008; baseline 0 -6"><span class='ocrx_word' id='word_1_824' title='bbox 2655 2979 2704 3008; x_wconf 89' lang='lat' dir='ltr'>Qu.</span> <span class='ocrx_word' id='word_1_825' title='bbox 2726 2985 2806 3002; x_wconf 74' lang='lat' dir='ltr'>xxxvii</span> <span class='ocrx_word' id='word_1_826' title='bbox 2815 2996 2821 3008; x_wconf 86' lang='lat'>,</span> 
     </span>
     <span class='ocr_line' id='line_1_132' title="bbox 2622 3010 2702 3028; baseline 0 0"><span class='ocrx_word' id='word_1_827' title='bbox 2622 3010 2666 3028; x_wconf 75' lang='lat' dir='ltr'>nrt.</span> <span class='ocrx_word' id='word_1_828' title='bbox 2680 3012 2702 3028; x_wconf 71' lang='grc' dir='ltr'>ι.</span> 
     </span>
    </p>
   </div>
  </div>
 </body>
</html>
