2892 4056
91 405 100 415 ⁹
116 404 149 425 Cf
168 379 225 424 1211
243 403 298 425 Cor.

91 435 139 457 cap.
149 435 192 455 vni,
199 435 259 451 vers.
266 436 299 451 ιο.

90 682 100 692 ·
115 680 179 701 Vers.
195 685 228 701 22.

90 885 125 908 ⁸¹⁸
130 886 299 914 11⁸“.qu.1,xxv,

88 917 298 941 art.2.3;qu.1.xxx‚

1011 130 1277 176 QUAESTIO
1307 131 1445 177 XLIII,
1475 131 1771 168 ARTICULUS
1802 133 1815 167 Ι

328 206 568 243 rectitudine:
597 206 664 243 sed
693 207 800 254 quod
827 207 941 244 habet
961 207 1123 255 aliquem
1155 206 1386 244 rectitudinis

328 259 528 305 defectum,
558 259 620 296 vel
649 259 737 307 quia
758 267 813 296 est
841 260 1053 297 secundum
1073 272 1113 296 se
1133 261 1290 307 malum,
1317 259 1386 296 sic-

326 318 367 347 ut
393 318 549 359 peccata
568 310 600 357 ζ;
629 312 691 348 vel
723 312 811 360 quia
844 313 958 350 habet
985 312 1150 361 speciem
1171 313 1272 360 mali,
1293 312 1388 349 sicut

327 375 415 400 cum
436 364 570 412 aliquis
589 365 777 401 recumbit
791 365 830 401 in
849 365 965 402 idolio
985 365 1045 401 ⁷⁸³⁸.
1076 365 1264 412 Quamvis
1284 364 1387 401 enim

325 417 400 452 hoc
437 418 650 454 secundum
679 429 719 453 se
749 430 827 454 non
863 418 908 454 sit
935 425 1156 465 peccatum,
1195 418 1226 454 si
1253 417 1388 466 aliquis

325 470 400 505 hoc
428 481 506 505 non
534 477 711 518 corrupta
740 470 946 507 intentione
979 469 1104 515 facian
1134 477 1262 506 tamen
1300 470 1388 519 quia

325 522 440 558 habet
469 522 662 570 quandam
691 523 859 572 speciem
879 520 892 543 ⁰
919 523 982 559 vel
1010 521 1294 559 similitudinem
1322 534 1388 559 ve-

326 573 530 611 nerationis
559 574 828 624 idoli‚-potest
855 574 960 612 alteri
996 575 1182 622 praebere
1221 575 1389 612 occasio-

325 638 415 664 nem
458 627 602 665 ruinae.
645 628 694 664 Et
733 627 822 665 ideo
862 627 1072 675 Apostolus
1109 636 1265 674 monet,
1295 629 1309 664 l
1338 628 1390 664 ad

330 681 455 717 Thess.
484 692 507 717 v
532 680 574 717 *z
601 681 662 718 Ab
690 681 796 717 omni
819 680 941 727 specie
967 680 1070 716 mala
1097 680 1277 716 abstinete
1308 692 1386 717 vos.

326 733 375 769 Et
403 732 490 769 ideo
520 732 794 770 convenienter
829 731 965 769 dicitur
1000 733 1124 768 minus
1161 738 1319 778 rectum,
1348 739 1390 769 ut

326 785 703 834 comprehendantur
737 793 814 822 tam
842 784 904 820 illa
932 796 1031 831 quae
1060 792 1148 821 sunt
1176 786 1387 822 secundum

326 850 367 874 se
395 846 563 887 peccata,
585 850 701 887 quarn
730 837 790 874 illa
809 849 907 886 quae
935 837 1078 873 habent
1097 837 1264 885 speciem
1285 838 1387 874 mali.

378 892 436 927 AD
464 899 624 928 ‘marum
652 901 837 927 DICENDUM
857 889 974 937 quod,
995 889 1092 926 sicut
1111 901 1226 937 supra
1243 889 1264 910 ’¹‘
1281 889 1388 926 habi-

325 951 407 980 turn
438 950 504 990 est,
525 943 615 980 nihil
644 949 770 991 potest
790 954 873 978 esse
893 941 1041 978 homini
1061 941 1254 978 sufficiens
1275 954 1390 978 causa

325 996 490 1044 peccati,
529 995 634 1043 quod
663 1003 719 1031 est
747 994 950 1043 spiritualis
978 995 1106 1041 ruina,
1136 994 1207 1030 nisi
1234 994 1389 1043 propria

324 1050 513 1085 voluntas.
534 1049 583 1084 Et
601 1048 688 1084 ideo
710 1047 808 1086 dicta
826 1048 889 1084 vel
908 1048 1006 1084 facta
1024 1053 1032 1068 ²
1052 1046 1202 1084 alterius
1221 1047 1388 1084 hominis

323 1107 484 1149 possunt
512 1113 593 1137 esse
622 1101 748 1137 solum
778 1113 892 1137 causa
920 1100 1155 1149 imperfecta,
1181 1099 1390 1149 aliqualiter

324 1154 508 1191 inducens
545 1153 592 1190 ad
621 1153 784 1190 ruinam.
819 1154 868 1190 Et
895 1162 1052 1202 propter
1087 1154 1162 1189 hoc
1190 1165 1268 1189 non
1298 1153 1387 1190 dici-
1413 1187 1415 1203 ÷

323 1213 395 1254 tur,
424 1207 519 1244 dans
547 1218 702 1243 causam
730 1207 881 1243 ruinae:
909 1206 989 1252 sed,
1017 1207 1112 1242 dans
1139 1206 1387 1252 occasionem,

324 1259 429 1310 quod
458 1259 645 1308 significat
664 1271 819 1296 causam
838 1259 1114 1308 imperfectam,
1135 1266 1172 1295 et
1190 1271 1269 1295 non
1288 1271 1388 1296 sern-

322 1310 568 1362 per'causam
587 1324 656 1362 per
674 1311 862 1349 accidens.
884 1333 907 1340 -
926 1312 976 1348 Et
994 1319 1122 1348 tamen
1141 1311 1232 1348 nihil
1260 1311 1388 1360 prohi-

323 1365 389 1403 bet
415 1365 454 1402 in
482 1365 713 1415 quibusdam
743 1364 1027 1402 definitionibus
1051 1370 1067 1386 ²
1094 1364 1187 1412 poni
1215 1364 1254 1401 id
1282 1365 1388 1414 quod

325 1426 381 1456 est
407 1431 477 1467 per
495 1417 685 1463 accidens,
715 1417 804 1466 quia
826 1417 865 1454 id
885 1418 990 1465 quod
1010 1424 1067 1453 est
1094 1417 1307 1454 secundum
1327 1430 1387 1454 ac-

325 1470 454 1510 cidens
479 1470 547 1508 uni
581 1477 708 1519 potest
733 1481 804 1519 per
830 1482 870 1506 se
904 1469 1008 1506 alteri
1037 1468 1264 1506 convenire:
1294 1469 1390 1506 sicut

322 1523 363 1571 in
390 1523 612 1562 definitione
643 1523 819 1560 fortunae
856 1522 1011 1571 ponitur
1045 1534 1160 1559 causa
1195 1534 1266 1570 per
1293 1522 1389 1559 acci-

198 1628 205 1640 ,
324 1575 432 1624 dens,
462 1576 499 1614 in
518 1574 532 1598 '-
561 1577 593 1612 II
622 1575 770 1623 Physic.
791 1575 811 1597 ’¹‘

375 1631 434 1667 An
464 1639 637 1672 QUARTUM
656 1639 839 1666 memnon
858 1627 965 1676 quod
993 1627 1136 1665 dictum
1155 1627 1218 1664 vel
1246 1627 1388 1664 factum

321 1682 474 1721 alterius
509 1688 636 1731 potest
664 1693 745 1718 esse
775 1681 880 1718 alteri
910 1693 1024 1718 causa
1052 1679 1237 1729 peccandi
1266 1680 1390 1728 dupli-

323 1735 431 1772 citer:
459 1747 540 1772 uno
569 1733 707 1780 modo,
735 1746 805 1782 per
832 1746 894 1779 se;
923 1733 997 1770 alio
1027 1733 1167 1781 modo,
1197 1745 1265 1781 per
1293 1733 1389 1770 acci-

324 1787 430 1826 dens.
459 1789 534 1825 Per
562 1800 603 1824 se
632 1787 800 1835 quidem,
831 1787 987 1835 quando
1017 1786 1151 1835 aliquis
1179 1799 1250 1823 suo
1285 1786 1388 1822 malo

321 1836 444 1879 verbo
471 1841 534 1878 vel
563 1840 662 1878 facto
683 1839 842 1877 intendit
861 1839 978 1877 aliurn
999 1839 1048 1876 ad
1075 1839 1316 1888 peccandum
1336 1838 1390 1875 in-

323 1893 480 1939 ducere;
517 1893 599 1940 vel,
639 1893 753 1930 etiam
791 1892 822 1929 si
859 1892 941 1941 ipse
975 1893 1050 1930 hoc
1086 1905 1166 1930 non
1202 1892 1389 1938 intendat,

374 2014 400 2048 ζ)
414 2018 536 2048 peccata.
554 2027 573 2033 —
586 2017 727 2046 peccatum
747 2014 795 2039 Pa.

375 2052 402 2082 η)
422 2049 514 2075 idolio.
532 2063 551 2068 —
569 2049 640 2075 idolo
659 2049 787 2081 PGKLpR
807 2054 833 2074 et
851 2057 876 2079 a,
897 2049 958 2075 dolo
978 2050 1010 2074 D.

375 2083 400 2118 0)
417 2085 538 2118 speciem.
559 2098 574 2104 -
594 2084 659 2109 mali
677 2085 775 2109 addunt
794 2084 841 2109 Pa.

375 2121 394 2153 ι)
407 2121 495 2155 sacta.
511 2133 531 2140 -
549 2121 590 2145 vel
608 2119 751 2151 concupita
770 2120 840 2144 addit
859 2119 905 2144 Pa.

374 2156 400 2188 ι)
419 2155 625 2189 definitionibus.
643 2169 662 2174 -
680 2155 742 2180 Om.
761 2154 1058 2179 ABCDEFGHKana.

2421 134 2494 170 323

1439 207 1565 256 ipsum
1585 214 1603 236 μ
1621 209 1761 245 factum
1783 216 1838 245 est
1856 209 1928 245 tale
1949 208 2054 256 quod
2074 208 2121 245 de
2141 208 2198 244 sui
2223 209 2367 245 ratione
2388 211 2503 246 habet

1440 268 1480 297 ut
1508 261 1555 297 sit
1582 260 1820 298 inductivum
1841 261 1890 297 ad
1916 262 2169 309 peccandum,
2189 269 2281 310 puta
2305 262 2411 310 quod
2439 262 2502 298 ali-

1440 313 1524 361 quis
1552 313 1703 361 publice
1741 313 1827 350 facit
1854 321 2054 362 peccatum
2085 314 2148 350 vel
2177 314 2283 362 quod
2314 315 2430 350 habet
2458 314 2504 350 si-

1439 365 1693 403 militudinem
1722 367 1877 414 peccati.
1907 367 1956 403 Et
1983 374 2073 403 tunc
2103 366 2163 402 ille
2191 366 2256 415 qui
2281 366 2504 403 huiusmodi

1439 426 1567 455 aetum
1586 418 1673 454 facit
1696 419 1851 467 proprie
1877 419 1940 455 dat
1960 418 2203 456 occasionem
2226 419 2376 455 ruinae:
2402 419 2504 455 unde

1439 479 1601 508 vocatur
1618 472 1838 508 scandalum
1858 472 2034 508 activum.
2052 493 2076 499 -
2091 473 2165 508 Per
2184 471 2360 508 accidens
2375 479 2503 508 autern

1440 523 1594 571 aliquod
1609 529 1622 544 ’¹
1639 524 1805 561 verbum
1825 525 1887 560 vel
1906 525 2048 560 facturn
2067 524 2181 560 unius
2197 532 2252 561 est
2270 525 2373 561 alteri
2392 535 2506 560 causa

1439 576 1636 626 peccandi,
1659 577 1813 624 quando
1835 577 1950 613 etiam
1969 584 2120 626 praeter
2137 577 2386 614 intentionem
2416 588 2506 625 ope-

1440 629 1566 675 rantis,
1584 636 1621 665 et
1635 638 1785 678 praeter
1814 629 2074 666 conditionem
2095 629 2233 678 operis,
2250 629 2385 677 aliquis
2406 629 2506 666 male

1441 682 1644 730 dispositus
1673 694 1719 718 ex
1746 682 1970 719 huiusmodi
1990 694 2107 731 opere
2131 680 2323 719 inducitur
2350 682 2399 719 ad
2418 694 2506 730 pec-

1442 734 1631 771 candum:
1651 742 1743 782 puta
1764 747 1850 771 curn
1872 735 2006 784 aliquis
2035 735 2180 772 invidet
2199 735 2310 772 bonis
2330 735 2505 771 aliorum.

1441 788 1490 823 Et
1521 795 1612 823 tunc
1639 787 1699 823 ille
1727 787 1793 835 qui
1830 787 1918 824 facit
1954 787 2173 825 huiusmodi
2203 795 2330 824 actum
2360 795 2506 824 rectum

1440 851 1519 875 non
1548 840 1611 876 dat
1630 839 1887 886 occasionem,
1909 847 2095 888 quantum
2115 840 2154 877 in
2175 853 2214 877 se
2236 848 2304 886 est,
2325 840 2392 877 sed
2413 839 2507 876 alius

1441 891 1555 927 sumit
1575 891 1836 928 occasionem:
1857 892 2071 929 secundum
2091 892 2182 929 illud
2201 893 2252 930 ad
2268 894 2380 930 Rom.
2401 905 2450 929 vn
2469 892 2505 929 *ε

1446 943 1650 980 Occasione
1685 949 1810 980 autem
1839 950 2013 992 accepta,
2044 953 2112 981 etc.
2148 946 2196 981 Et
2224 945 2310 982 ideo
2349 947 2423 982 hoc
2453 953 2508 981 est

1439 995 1659 1032 scandalum
1692 997 1887 1044 passivum
1925 997 2006 1033 sine
2046 997 2189 1033 activo:
2228 998 2316 1046 quia
2353 998 2411 1034 ille
2441 998 2507 1045 qui

1441 1055 1542 1085 recte
1571 1048 1656 1095 agit,
1686 1056 1873 1097 quantum
1902 1058 1958 1085 est
1987 1050 2034 1086 de
2063 1062 2115 1095 se,
2145 1063 2223 1086 non
2253 1051 2316 1087 dat
2340 1051 2508 1087 occasio-

1441 1113 1531 1138 nem
1561 1101 1692 1137 ruinae
1721 1114 1839 1149 quarn
1868 1102 1962 1139 alter
1988 1102 2139 1150 patitur.

1494 1154 1740 1203 Quandoque
1770 1166 1860 1202 ergo
1891 1155 2072 1202 contingit
2101 1155 2207 1203 quod
2236 1163 2272 1192 et
2291 1154 2366 1192 sitE
2396 1156 2506 1192 simul

1440 1206 1665 1243 scandalum
1685 1207 1852 1244 activum
1877 1207 1921 1244 ·in
1940 1220 2018 1244 uno
2040 1215 2077 1244 et
2094 1209 2292 1256 passivum
2312 1209 2350 1244 in
2372 1209 2506 1245 altero:

1439 1267 1532 1309 puta
1561 1272 1649 1296 curn
1678 1260 1728 1296 ad
1755 1260 2017 1298 inductionem
2046 1261 2160 1297 unius
2189 1261 2283 1298 alius
2311 1269 2455 1309 peccat,
2483 1282 2507 1288 -

1441 1312 1687 1360 Quandoque
1727 1325 1823 1349 vero
1862 1320 1918 1349 est
1955 1313 2180 1350 scandalum
2217 1314 2387 1350 activum
2425 1314 2507 1351 sine

1438 1364 1612 1414 passivo:
1641 1373 1735 1413 puta
1755 1377 1845 1403 cum
1866 1365 2001 1414 aliquis
2028 1366 2171 1403 inducit
2189 1367 2311 1404 verbo
2325 1368 2388 1403 vel
2407 1367 2506 1403 facto

1440 1417 1557 1454 alium
1595 1417 1644 1454 ad
1679 1419 1941 1466 peccandum,
1979 1425 2015 1455 et
2051 1419 2111 1455 ille
2140 1431 2219 1456 non
2257 1419 2454 1456 consentit.
2482 1440 2506 1447 -

1439 1469 1686 1517 Quandoque
1713 1482 1809 1507 vero
1839 1478 1896 1506 est
1932 1471 2155 1508 scandalum
2191 1472 2390 1520 passivum
2425 1472 2506 1508 sine

1440 1522 1578 1568 activo,
1600 1522 1697 1558 sicut
1725 1522 1801 1559 iarn
1831 1523 1974 1559 dictum
2005 1531 2071 1560 est.

1492 1576 1551 1611 AD
1581 1586 1745 1617 QUINTUM
1766 1587 1952 1612 DlCENDuM
1981 1576 2087 1624 quod
2107 1576 2308 1623 infirmitas
2336 1576 2509 1613 nominat

1439 1627 1783 1676 promptitudinem
1823 1629 1873 1665 ad
1906 1629 2147 1675 scandalum3
2185 1629 2342 1679 offensio
2380 1637 2508 1666 autem

1440 1681 1615 1717 nominat
1644 1681 1946 1728 indignationem
1977 1682 2134 1719 alicuius
2164 1689 2296 1719 contra
2325 1695 2414 1719 eum
2444 1682 2508 1730 qui

1439 1741 1584 1782 peccat,
1615 1745 1713 1781 quae
1741 1741 1867 1782 potest
1896 1746 1978 1770 esse
2007 1735 2239 1784 quandoque
2269 1735 2349 1772 sine
2379 1735 2505 1780 ruina;

1439 1786 1661 1823 scandalum
1699 1794 1828 1823 autem
1864 1786 2046 1836 importat
2081 1787 2204 1836 ipsam
2232 1787 2505 1837 impactionem

1441 1839 1490 1876 ad
1519 1838 1683 1876 ruinam.

1492 2012 1520 2046 λ)
1540 2014 1576 2038 in.
1594 2027 1614 2033 —-
1632 2018 1661 2038 ut
1677 2017 1755 2046 patet
1774 2015 1821 2039 Pa.

1472 2084 1478 2089 .
1494 2049 1524 2090 μὶ
1542 2049 1673 2089 ipsum..-
1685 2052 1717 2090 'et
1737 2050 1822 2081 ipsum
1849 2048 1898 2089 Pq.
1916 2063 1938 2090 ''.
1954 2050 2004 2073 Pro
2030 2053 2059 2074 ut
2077 2050 2125 2078 sit,
2145 2050 2218 2082 quod
2239 2050 2275 2074 sit
2293 2050 2345 2078 Pa;
2364 2057 2412 2082 pro
2435 2049 2507 2081 quod

1439 2085 1950 2152 as¹43>¹³211253u¹5>¹513¹⁴f3fss’sspssf'ffl.
1969 2085 2111 2145 {iic-5¹11?

1494 2152 1517 2186 ξ)
1537 2157 1563 2179 et
1582 2154 1624 2179 sit.
1642 2168 1660 2173 -
1679 2155 1759 2179 etiam
1779 2155 1833 2179 sint
1851 2156 1869 2185 1,
1889 2155 1970 2180 etiam
1989 2155 2025 2179 sit
2045 2155 2091 2184 PK,
2111 2158 2136 2179 et
2155 2155 2188 2179 H.

995 2233 1329 2267 commentaria
1352 2232 1603 2265 Cardinalis
1625 2233 1826 2266 Caietam

353 2323 373 2344 Ν
396 2312 592 2354 quaestionis
616 2312 985 2353 quadragesimaetertiae
1014 2313 1125 2353 primis
1154 2319 1293 2353 quatuor
1316 2312 1387 2342 arti—

326 2325 432 2388 Iculis
456 2356 554 2387 dubia
577 2356 643 2386 duo
668 2363 854 2386 occurrunt:
878 2356 1031 2396 primum,
1051 2356 1250 2396 simpliciter;
1274 2365 1385 2386 secun-

323 2402 418 2438 dum,
449 2401 488 2430 ad
511 2400 692 2436 hominem,
718 2403 893 2430 Auctorem
920 2400 1045 2431 scilicet.
1077 2400 1220 2430 Primum
1251 2399 1385 2430 dubium

322 2453 382 2476 est:
408 2444 586 2482 Quomodo
610 2443 787 2475 verificatur
803 2444 892 2484 quod
914 2444 1064 2474 inducere
1087 2444 1227 2484 aliquem
1251 2445 1290 2474 ad
1314 2453 1387 2483 pcc-

323 2490 462 2520 candum
484 2496 530 2519 est
553 2486 758 2519 scandalum?
781 2488 814 2518 Si
837 2488 923 2518 enim
945 2488 1008 2518 hoc
1026 2488 1203 2519 verificatur
1227 2494 1262 2518 ut
1285 2494 1386 2523 sonat,

323 2533 467 2574 sequitur
490 2532 579 2573 quod
606 2542 784 2572 provocans
808 2532 974 2562 mulierem
998 2532 1038 2562 ad
1063 2532 1254 2563 adulterium
1278 2538 1387 2571 peccat

322 2584 453 2618 peccato
485 2577 639 2612 scandali;
671 2582 701 2606 et
724 2576 868 2606 similiter
897 2576 1051 2607 inducens
1082 2576 1180 2606 alium
1211 2577 1249 2606 ad
1281 2575 1386 2606 furan-

323 2622 412 2657 dum,
436 2629 494 2652 etc.
518 2621 591 2651 Hoc
614 2627 722 2650 autem
745 2620 911 2650 communi
939 2620 1035 2650 animi
1061 2620 1263 2660 conceptioni
1287 2619 1386 2649 disso-

321 2676 396 2696 nare
419 2671 593 2706 apparet.-
617 2665 649 2695 Si
673 2671 781 2694 autern
798 2664 830 2694 in
846 2665 955 2704 aliquo
973 2664 1153 2704 particulari
1177 2674 1271 2694 sensu
1295 2664 1386 2694 intel-

320 2709 439 2750 ligitur,
463 2716 591 2749 oportet
615 2708 781 2748 explanare
804 2708 907 2739 illum.

377 2753 561 2785 Secundum
591 2759 699 2783 autem
729 2752 864 2783 dubium
895 2759 957 2788 est,
982 2752 1058 2793 quia
1080 2755 1203 2783 Auctor
1224 2751 1257 2782 in
1281 2751 1386 2792 primo

321 2797 464 2834 articulo,
489 2797 522 2828 in
545 2807 627 2836 resp.
651 2797 691 2827 ad
713 2806 744 2836 4,
769 2796 862 2836 ponit
883 2796 973 2837 quod
989 2806 1082 2826 causa
1104 2806 1160 2836 per
1183 2806 1215 2826 se
1234 2795 1387 2826 inducens

321 2841 362 2872 ad
384 2847 550 2882 peccatum
581 2847 628 2871 est
650 2850 717 2871 non
740 2841 848 2871 solum
870 2840 1003 2871 intentio
1033 2840 1208 2880 operantis,
1233 2840 1287 2870 sed
1311 2850 1387 2880 ope-

321 2885 364 2916 ris
379 2885 530 2922 conditio,
543 2884 619 2915 mali
633 2885 684 2915 vel
699 2884 842 2915 habentis
858 2884 997 2925 speciem
1013 2884 1098 2915 mali.
1122 2885 1158 2914 In
1172 2883 1265 2914 tertio
1280 2891 1387 2914 autem

322 2929 455 2960 articulo
471 2928 564 2970 ponit
586 2935 711 2960 tantum
735 2939 791 2968 per
812 2939 845 2959 se
868 2929 1007 2959 activum
1023 2929 1208 2959 scandalum
1231 2937 1268 2958 ex
1286 2927 1386 2958 inten-

323 2973 409 3004 tione
425 2972 600 3013 operantis;
625 2979 656 3003 et
670 2973 760 3013 quod
782 2983 819 3003 ex
834 2979 946 3003 natura
960 2972 1033 3004 facti
1048 2979 1172 3003 tantum
1199 2972 1387 3003 scandalizat

322 3017 415 3058 ponit
437 3017 518 3048 inter
537 3026 593 3057 per
615 3016 770 3047 accidens.
795 3017 972 3054 Quomodo
996 3023 1080 3047 stant
1101 3016 1160 3047 ista
1182 3017 1247 3046 duo
1270 3014 1389 3047 simul?

378 3060 416 3091 11.
441 3061 491 3091 Ad
515 3060 656 3101 primum
679 3060 796 3091 horum
820 3060 934 3091 dicitur
957 3060 1046 3101 quod
1074 3061 1169 3091 verba
1198 3060 1276 3090 haec
1298 3060 1387 3091 intel-

322 3105 465 3144 liguntur
487 3104 677 3141 formaliter,
701 3104 830 3144 proprie
858 3105 1023 3145 loquendo
1047 3105 1086 3134 de
1109 3104 1257 3134 scandalo
1282 3111 1318 3135 ut
1341 3111 1387 3135 est

323 3148 457 3189 speciale
484 3155 663 3189 peccatum.
693 3148 739 3179 Ita
763 3148 852 3189 quod
881 3148 970 3179 aliud
999 3154 1045 3178 est
1067 3148 1216 3178 inducere
1246 3147 1285 3178 ad
1309 3158 1384 3179 con-

323 3202 453 3223 sensum
476 3192 509 3223 in
524 3192 586 3223 hoc
608 3193 659 3223 vel
681 3191 737 3222 ino
758 3199 844 3223 actu:
869 3198 900 3223 et
915 3191 1001 3222 aliud
1024 3199 1070 3223 est
1084 3191 1234 3223 inducere
1252 3192 1291 3222 ad
1314 3202 1385 3232 pec-

323 3242 441 3267 catum.
466 3236 531 3274 Qui
554 3236 639 3267 enim
663 3243 816 3276 provocat
838 3242 868 3266 et
886 3236 1008 3267 inducit
1030 3236 1169 3276 aliquem
1193 3236 1232 3266 ad
1252 3245 1383 3267 consen-

323 3290 396 3310 sum
419 3280 653 3316 fornicationis,
678 3280 770 3316 furti‚
801 3280 946 3311 adulterii
969 3286 1000 3311 et
1021 3279 1226 3316 huiusmodi,
1252 3287 1288 3311 ut
1310 3290 1384 3311 con-

323 3324 461 3355 sentiens
490 3325 628 3355 incurrat
656 3325 779 3355 malum
803 3324 931 3364 culpae,
957 3324 1008 3355 hic
1031 3324 1158 3364 proprie
1181 3331 1291 3364 peccat
1313 3334 1384 3364 pec-

324 3375 393 3399 cato
417 3368 570 3399 scandali:
595 3368 671 3409 quia
693 3368 828 3399 intendit
850 3368 965 3399 directe
989 3375 1220 3399 nocumentum
1243 3368 1382 3405 animae,

323 3413 414 3443 cuius
437 3412 623 3453 oppositum
647 3413 762 3444 directe
785 3412 919 3443 intendit
943 3412 1093 3443 correctio
1117 3412 1266 3448 fraterna,
1292 3419 1327 3443 ut
1350 3412 1382 3442 in

1436 2312 1539 2342 littera
1554 2312 1572 2331 *
1588 2312 1712 2343 dicitur.
1738 2312 1803 2350 Qui
1819 2319 1928 2343 autem
1944 2320 2099 2352 provocat
2114 2313 2164 2343 vel
2186 2312 2309 2343 inducit
2324 2319 2360 2343 ut
2375 2313 2504 2353 implea—

1437 2363 1490 2387 tur
1518 2357 1668 2386 voluntas
1696 2367 1753 2387 sua
1781 2357 1831 2387 vel
1861 2357 2005 2392 alterius;
2031 2364 2076 2393 et,
2100 2356 2250 2393 breviter,
2279 2367 2345 2387 non
2375 2364 2505 2397 propter

1437 2400 1523 2430 hunc
1546 2399 1645 2430 finem
1669 2407 1705 2430 ut
1726 2401 1868 2431 incurrat
1891 2401 2014 2431 malum
2034 2401 2162 2441 culpae;
2187 2411 2253 2431 non
2277 2402 2416 2431 scandali
2432 2411 2503 2441 pec-

1438 2451 1509 2475 cato
1533 2444 1661 2484 speciali
1684 2451 1804 2483 peccat,
1834 2445 1889 2474 sed
1912 2451 2032 2485 spectat
2054 2455 2114 2475 sua
2137 2445 2280 2476 inductio
2304 2445 2344 2475 ad
2366 2446 2504 2485 speciem

1438 2488 1558 2528 peccati
1580 2488 1620 2517 ad
1643 2488 1732 2528 quod
1757 2495 1920 2528 provocat,
1945 2495 2022 2528 puta
2046 2489 2120 2519 furti
2143 2489 2169 2518 si
2185 2489 2306 2519 furtum
2329 2489 2449 2525 suadet,
2475 2496 2505 2520 et

1439 2531 1482 2562 sic
1507 2531 1545 2562 de
1569 2531 1647 2562 aliis.

1493 2575 1544 2605 Ad
1574 2575 1752 2606 secundum
1782 2581 1890 2605 autem
1919 2575 2033 2606 dicitur
2059 2576 2148 2616 quod
2179 2576 2266 2605 nulla
2299 2576 2503 2607 contrarietas

1439 2626 1486 2650 est
1500 2619 1582 2649 inter
1605 2619 1688 2649 dicta
1703 2619 1834 2649 litterae.
1866 2619 1951 2656 Quia
1964 2619 1997 2649 in
2013 2619 2118 2659 primo
2134 2619 2266 2650 articulo
2283 2630 2339 2659 per
2354 2630 2386 2650 se
2403 2626 2433 2650 et
2449 2631 2505 2660 per

1438 2663 1582 2694 accidens
1605 2664 1722 2694 cadunt
1745 2673 1840 2703 super
1856 2673 1983 2693 causare
2006 2671 2171 2703 peccatum
2195 2664 2338 2694 alterius:
2363 2664 2395 2693 in
2410 2664 2502 2694 tertio

1438 2714 1547 2738 autem
1570 2707 1702 2738 articulo
1727 2717 1783 2747 per
1805 2717 1837 2737 se
1861 2714 1892 2737 et
1914 2717 1970 2747 per
1992 2707 2135 2738 accidens
2158 2708 2275 2739 cadunt
2297 2718 2392 2748 super
2415 2718 2502 2739 scan-

1439 2752 1583 2782 dalizare.
1614 2751 1655 2782 Et
1678 2751 1746 2781 vult
1775 2754 1898 2782 Auctor
1926 2752 2016 2792 quod
2038 2762 2094 2792 per
2117 2761 2150 2781 se
2178 2762 2306 2782 causare
2336 2759 2502 2792 peccatum

1438 2795 1566 2827 alterius
1582 2795 1786 2835 distinguitur
1809 2795 1842 2825 in
1858 2805 1915 2835 per
1938 2806 1970 2826 se
1987 2802 2016 2826 et
2039 2806 2095 2836 per
2117 2795 2261 2826 accidens
2280 2795 2500 2826 scandalizare.

1439 2840 1486 2870 Ita
1508 2839 1597 2880 quod
1614 2839 1719 2869 omnis
1734 2839 1960 2876 scandalizans,
1978 2839 2042 2870 sive
2065 2849 2121 2880 per
2140 2849 2172 2869 se
2189 2839 2253 2870 sive
2269 2850 2324 2880 per
2347 2839 2501 2876 accidens,

1439 2884 1492 2915 dat
1515 2894 1571 2923 per
1594 2893 1626 2913 se
1643 2883 1851 2913 occasionem
1866 2883 1999 2924 peccati:
2024 2890 2055 2914 et
2077 2884 2109 2914 in
2129 2883 2190 2914 hoc
2214 2894 2279 2914 non
2300 2883 2502 2923 distinguitur

1439 2928 1655 2958 scandalizans
1686 2937 1742 2967 per
1763 2927 1908 2958 accidens
1931 2938 1949 2958 a
1972 2928 2202 2958 scandalizante
2231 2938 2288 2968 per
2310 2938 2359 2963 se,
2391 2928 2446 2958 sed
2468 2927 2500 2957 in

1438 2972 1501 3003 hoc
1524 2972 1614 3012 quod
1637 2971 1853 3002 scandalizans
1877 2981 1933 3011 per
1955 2982 1988 3002 se
2011 2972 2112 3002 tendit
2131 2972 2169 3002 ad
2194 2971 2254 3002 hoc
2278 2980 2314 3003 ut
2337 2972 2415 3002 alter
2430 2982 2501 3012 pec-

1439 3023 1499 3052 cet;
1523 3016 1738 3046 scandalizans
1754 3025 1829 3046 vero
1853 3025 1908 3056 per
1922 3015 2066 3046 accidens
2089 3026 2155 3046 non
2179 3016 2219 3046 ad
2233 3016 2296 3046 hoc
2319 3016 2428 3051 tendit,
2446 3016 2500 3046 sed

1439 3067 1546 3091 tamen
1570 3059 1710 3090 conditio
1735 3059 1840 3100 operis
1864 3059 1929 3096 sui,
1955 3059 2030 3090 mali
2052 3060 2103 3090 vel
2125 3060 2303 3090 secundum
2333 3059 2408 3090 mali
2431 3069 2499 3099 spe-

1439 3104 1530 3140 ciem,
1555 3104 1594 3134 ad
1618 3104 1679 3134 hoc
1703 3104 1818 3139 tendit,
1844 3110 1875 3134 et
1898 3114 2033 3144 operans
2058 3105 2095 3134 de
2119 3104 2180 3134 hoc
2204 3114 2270 3134 non
2295 3111 2400 3140 curat,
2425 3113 2499 3134 suae

1438 3148 1569 3188 cupiens
1593 3147 1769 3178 satisfacere
1791 3147 1958 3179 voluntati.
1982 3148 2071 3178 Patet
2093 3154 2200 3178 autem
2223 3148 2304 3178 hanc
2328 3157 2394 3178 esse
2412 3157 2499 3177 men-

1438 3199 1502 3224 tem
1525 3192 1675 3223 Auctoris
1694 3192 1859 3231 diligenter
1882 3192 2092 3223 consideranti
2114 3192 2260 3222 litteram.

1493 3237 1545 3266 111.
1570 3236 1604 3266 In
1626 3236 1745 3266 eisdem
1765 3236 1902 3266 articulis
1919 3236 2054 3267 dubium
2073 3236 2218 3271 occurrit,
2231 3246 2270 3265 an
2291 3234 2498 3265 scandalizare

1438 3290 1493 3321 per
1515 3280 1658 3310 accidens
1689 3280 1855 3310 reducatur
1877 3280 1917 3310 ad
1945 3281 2082 3320 speciem
2109 3279 2260 3315 scandali;
2290 3279 2339 3308 vel
2367 3279 2497 3309 illorum

1436 3331 1640 3364 peccatorum
1655 3324 1695 3354 ad
1712 3334 1793 3364 quae
1808 3331 1925 3355 movet.
1946 3325 1987 3355 Et
2003 3331 2048 3355 est
2063 3324 2141 3354 ratio
2159 3323 2246 3353 dubii
2262 3323 2337 3363 quia
2354 3322 2427 3353 hinc
2442 3332 2496 3361 ap-

1436 3376 1524 3409 paret
1547 3369 1635 3408 quod
1659 3368 1826 3398 reducatur
1848 3369 1888 3398 ad
1911 3369 2049 3399 scandali
2073 3367 2219 3407 speciem.
2244 3367 2326 3397 Nam
2342 3366 2423 3397 sicut
2445 3366 2496 3396 de-

1436 3412 1546 3443 tractio
1562 3412 1763 3443 materialiter
1779 3419 1809 3443 et
1832 3422 1888 3452 per
1903 3413 2045 3443 accidens
2066 3412 2224 3442 reducitur
2243 3412 2281 3441 ad
2298 3409 2497 3441 detractionis

2535 900 2544 909 ·
2559 889 2664 921 Versss.

2532 2322 2541 2331 ⁸
2555 2323 2606 2342 Art.
2620 2327 2641 2349 3.
