<?xml version="1.0" encoding="UTF-8"?>
<!DOCTYPE html PUBLIC "-//W3C//DTD XHTML 1.0 Transitional//EN"
    "http://www.w3.org/TR/xhtml1/DTD/xhtml1-transitional.dtd">
<html xmlns="http://www.w3.org/1999/xhtml" xml:lang="en" lang="en">
 <head>
  <title>
</title>
<meta http-equiv="Content-Type" content="text/html;charset=utf-8" />
  <meta name='ocr-system' content='tesseract 3.04.00' />
  <meta name='ocr-capabilities' content='ocr_page ocr_carea ocr_par ocr_line ocrx_word'/>
</head>
<body>
  <div class='ocr_page' id='page_1' title='image "./operaomniaiussui08thom/operaomniaiussui08thom_0085.png"; bbox 0 0 2892 4056; ppageno 0'>
   <div class='ocr_carea' id='block_1_1' title="bbox 0 0 57 3493">
    <p class='ocr_par' dir='ltr' id='par_1_1' title="bbox 0 0 57 3493">
     <span class='ocr_line' id='line_1_1' title="bbox 0 0 57 3493; baseline 0 0"><span class='ocrx_word' id='word_1_1' title='bbox 0 0 57 3493; x_wconf 95' lang='lat' dir='ltr'> </span> 
     </span>
    </p>
   </div>
   <div class='ocr_carea' id='block_1_2' title="bbox 85 1583 257 1627">
    <p class='ocr_par' dir='ltr' id='par_1_2' title="bbox 85 1583 257 1627">
     <span class='ocr_line' id='line_1_2' title="bbox 85 1583 257 1608; baseline -0.006 -6"><span class='ocrx_word' id='word_1_2' title='bbox 85 1587 134 1608; x_wconf 66' lang='lat'>,2162</span> <span class='ocrx_word' id='word_1_3' title='bbox 155 1589 175 1601; x_wconf 70' lang='grc' dir='ltr'>,τ’</span> <span class='ocrx_word' id='word_1_4' title='bbox 192 1590 215 1602; x_wconf 57' lang='lat' dir='ltr'>:a</span> <span class='ocrx_word' id='word_1_5' title='bbox 255 1583 257 1586; x_wconf 87' lang='grc'><strong>’</strong></span> 
     </span>
     <span class='ocr_line' id='line_1_3' title="bbox 131 1615 153 1627; baseline 0 0"><span class='ocrx_word' id='word_1_6' title='bbox 131 1615 153 1627; x_wconf 66' lang='lat' dir='ltr'>ri</span> 
     </span>
    </p>
   </div>
   <div class='ocr_carea' id='block_1_3' title="bbox 70 2232 512 2423">
    <p class='ocr_par' dir='ltr' id='par_1_3' title="bbox 70 2232 512 2423">
     <span class='ocr_line' id='line_1_4' title="bbox 70 2232 512 2423; baseline 0 1633"><span class='ocrx_word' id='word_1_7' title='bbox 70 2232 512 2423; x_wconf 95' lang='lat' dir='ltr'> </span> 
     </span>
    </p>
   </div>
   <div class='ocr_carea' id='block_1_4' title="bbox 74 3179 201 3208">
    <p class='ocr_par' dir='ltr' id='par_1_4' title="bbox 74 3179 201 3208">
     <span class='ocr_line' id='line_1_5' title="bbox 74 3179 201 3208; baseline -0.008 -4"><span class='ocrx_word' id='word_1_8' title='bbox 74 3179 201 3208; x_wconf 74' lang='lat' dir='ltr'>‘Ven.4.</span> 
     </span>
    </p>
   </div>
   <div class='ocr_carea' id='block_1_5' title="bbox 71 3338 209 3368">
    <p class='ocr_par' dir='ltr' id='par_1_5' title="bbox 71 3338 209 3368">
     <span class='ocr_line' id='line_1_6' title="bbox 71 3338 209 3368; baseline -0.007 -7"><span class='ocrx_word' id='word_1_9' title='bbox 71 3338 83 3350; x_wconf 79' lang='lat'><strong>‘</strong></span> <span class='ocrx_word' id='word_1_10' title='bbox 95 3338 162 3361; x_wconf 65' lang='lat' dir='ltr'>Vere.</span> <span class='ocrx_word' id='word_1_11' title='bbox 175 3344 209 3368; x_wconf 77' lang='lat'>33.</span> 
     </span>
    </p>
   </div>
   <div class='ocr_carea' id='block_1_6' title="bbox 1033 164 2493 215">
    <p class='ocr_par' dir='ltr' id='par_1_6' title="bbox 1033 164 2493 215">
     <span class='ocr_line' id='line_1_7' title="bbox 1033 164 2493 215; baseline 0.002 -14"><span class='ocrx_word' id='word_1_12' title='bbox 1033 164 1298 210; x_wconf 84' lang='lat' dir='ltr'>QUAESTlo</span> <span class='ocrx_word' id='word_1_13' title='bbox 1328 165 1381 211; x_wconf 91' lang='lat'>11,</span> <span class='ocrx_word' id='word_1_14' title='bbox 1411 165 1705 203; x_wconf 83' lang='lat' dir='ltr'>ARTICULUS</span> <span class='ocrx_word' id='word_1_15' title='bbox 1736 166 1787 202; x_wconf 81' lang='lat' dir='ltr'>ix</span> <span class='ocrx_word' id='word_1_16' title='bbox 2447 168 2493 215; x_wconf 85' lang='lat'>37</span> 
     </span>
    </p>
   </div>
   <div class='ocr_carea' id='block_1_7' title="bbox 319 241 1387 1296">
    <p class='ocr_par' dir='ltr' id='par_1_7' title="bbox 325 241 1387 458">
     <span class='ocr_line' id='line_1_8' title="bbox 325 241 1386 282; baseline 0.001 -9"><span class='ocrx_word' id='word_1_17' title='bbox 325 253 362 274; x_wconf 80' lang='lat' dir='ltr'>ex</span> <span class='ocrx_word' id='word_1_18' title='bbox 375 241 466 272; x_wconf 83' lang='lat' dir='ltr'>Patre</span> <span class='ocrx_word' id='word_1_19' title='bbox 489 241 598 271; x_wconf 89' lang='lat' dir='ltr'>beatus</span> <span class='ocrx_word' id='word_1_20' title='bbox 615 247 660 272; x_wconf 91' lang='lat' dir='ltr'>est</span> <span class='ocrx_word' id='word_1_21' title='bbox 679 241 977 282; x_wconf 89' lang='lat' dir='ltr'>comprehendendo</span> <span class='ocrx_word' id='word_1_22' title='bbox 998 243 1140 274; x_wconf 88' lang='lat' dir='ltr'>eandem.</span> <span class='ocrx_word' id='word_1_23' title='bbox 1165 243 1206 274; x_wconf 89' lang='lat' dir='ltr'>Et</span> <span class='ocrx_word' id='word_1_24' title='bbox 1221 253 1295 274; x_wconf 92' lang='lat' dir='ltr'>cum</span> <span class='ocrx_word' id='word_1_25' title='bbox 1312 253 1386 274; x_wconf 91' lang='lat' dir='ltr'>con-</span> 
     </span>
     <span class='ocr_line' id='line_1_9' title="bbox 325 284 1387 328; baseline 0.001 -11"><span class='ocrx_word' id='word_1_26' title='bbox 325 294 373 318; x_wconf 87' lang='lat' dir='ltr'>tra</span> <span class='ocrx_word' id='word_1_27' title='bbox 394 284 456 316; x_wconf 90' lang='lat' dir='ltr'>hoc</span> <span class='ocrx_word' id='word_1_28' title='bbox 471 285 627 324; x_wconf 84' lang='lat' dir='ltr'>arguitur:</span> <span class='ocrx_word' id='word_1_29' title='bbox 656 285 822 322; x_wconf 86' lang='lat' dir='ltr'><strong><em>Quaelibet</em></strong></span> <span class='ocrx_word' id='word_1_30' title='bbox 839 287 982 317; x_wconf 82' lang='lat' dir='ltr'><strong><em>Persona</em></strong></span> <span class='ocrx_word' id='word_1_31' title='bbox 1005 287 1155 328; x_wconf 85' lang='lat' dir='ltr'>intelligit</span> <span class='ocrx_word' id='word_1_32' title='bbox 1170 287 1329 318; x_wconf 85' lang='lat' dir='ltr'>intellectu</span> <span class='ocrx_word' id='word_1_33' title='bbox 1351 292 1387 318; x_wconf 88' lang='lat' dir='ltr'>ut</span> 
     </span>
     <span class='ocr_line' id='line_1_10' title="bbox 326 328 1386 372; baseline 0 -11"><span class='ocrx_word' id='word_1_34' title='bbox 326 335 374 362; x_wconf 84' lang='lat' dir='ltr'>est</span> <span class='ocrx_word' id='word_1_35' title='bbox 387 330 420 359; x_wconf 84' lang='lat' dir='ltr'>in</span> <span class='ocrx_word' id='word_1_36' title='bbox 442 338 477 360; x_wconf 84' lang='lat' dir='ltr'>se</span> <span class='ocrx_word' id='word_1_37' title='bbox 490 328 692 369; x_wconf 83' lang='lat' dir='ltr'><strong><em>formaliter,</em></strong></span> <span class='ocrx_word' id='word_1_38' title='bbox 710 336 783 360; x_wconf 88' lang='lat' dir='ltr'>etc.:</span> <span class='ocrx_word' id='word_1_39' title='bbox 804 348 825 353; x_wconf 95' lang='lat'><em>-</em></span> <span class='ocrx_word' id='word_1_40' title='bbox 849 340 999 361; x_wconf 85' lang='lat' dir='ltr'>concesso</span> <span class='ocrx_word' id='word_1_41' title='bbox 1016 333 1226 367; x_wconf 83' lang='lat' dir='ltr'>antecedente,</span> <span class='ocrx_word' id='word_1_42' title='bbox 1241 332 1386 372; x_wconf 80' lang='lat' dir='ltr'>neganda</span> 
     </span>
     <span class='ocr_line' id='line_1_11' title="bbox 325 372 1386 415; baseline 0 -10"><span class='ocrx_word' id='word_1_43' title='bbox 325 381 372 405; x_wconf 86' lang='lat' dir='ltr'>est</span> <span class='ocrx_word' id='word_1_44' title='bbox 387 373 515 414; x_wconf 84' lang='lat' dir='ltr'>sequela</span> <span class='ocrx_word' id='word_1_45' title='bbox 531 372 563 403; x_wconf 90' lang='lat' dir='ltr'>in</span> <span class='ocrx_word' id='word_1_46' title='bbox 587 382 681 403; x_wconf 89' lang='lat' dir='ltr'>sensu</span> <span class='ocrx_word' id='word_1_47' title='bbox 705 383 770 414; x_wconf 91' lang='lat' dir='ltr'>quo</span> <span class='ocrx_word' id='word_1_48' title='bbox 787 373 861 405; x_wconf 84' lang='lat' dir='ltr'>facit</span> <span class='ocrx_word' id='word_1_49' title='bbox 885 374 923 404; x_wconf 87' lang='lat' dir='ltr'>ad</span> <span class='ocrx_word' id='word_1_50' title='bbox 938 375 1150 415; x_wconf 89' lang='lat' dir='ltr'>propositum.</span> <span class='ocrx_word' id='word_1_51' title='bbox 1174 375 1282 405; x_wconf 91' lang='lat' dir='ltr'>Potest</span> <span class='ocrx_word' id='word_1_52' title='bbox 1301 375 1386 405; x_wconf 91' lang='lat' dir='ltr'>enim</span> 
     </span>
     <span class='ocr_line' id='line_1_12' title="bbox 325 417 1273 458; baseline 0.001 -10"><span class='ocrx_word' id='word_1_53' title='bbox 325 417 486 458; x_wconf 88' lang='lat' dir='ltr'>duplicem</span> <span class='ocrx_word' id='word_1_54' title='bbox 508 426 638 447; x_wconf 86' lang='lat' dir='ltr'>sensum</span> <span class='ocrx_word' id='word_1_55' title='bbox 661 417 774 448; x_wconf 91' lang='lat' dir='ltr'>habere</span> <span class='ocrx_word' id='word_1_56' title='bbox 796 418 876 458; x_wconf 90' lang='lat' dir='ltr'>ipsa,</span> <span class='ocrx_word' id='word_1_57' title='bbox 900 428 974 449; x_wconf 89' lang='lat' dir='ltr'>cum</span> <span class='ocrx_word' id='word_1_58' title='bbox 997 428 1054 449; x_wconf 87' lang='lat' dir='ltr'>sua</span> <span class='ocrx_word' id='word_1_59' title='bbox 1076 419 1273 458; x_wconf 85' lang='lat' dir='ltr'>probatione.</span> 
     </span>
    </p>

    <p class='ocr_par' dir='ltr' id='par_1_8' title="bbox 319 460 1386 1296">
     <span class='ocr_line' id='line_1_13' title="bbox 379 460 1386 503; baseline 0.001 -11"><span class='ocrx_word' id='word_1_60' title='bbox 379 462 430 492; x_wconf 84' lang='lat' dir='ltr'>Ad</span> <span class='ocrx_word' id='word_1_61' title='bbox 453 460 544 492; x_wconf 87' lang='lat' dir='ltr'>cuius</span> <span class='ocrx_word' id='word_1_62' title='bbox 567 461 766 498; x_wconf 85' lang='lat' dir='ltr'>evidentiam,</span> <span class='ocrx_word' id='word_1_63' title='bbox 791 469 921 502; x_wconf 92' lang='lat' dir='ltr'>propter</span> <span class='ocrx_word' id='word_1_64' title='bbox 945 461 1092 498; x_wconf 85' lang='lat' dir='ltr'>novitios,</span> <span class='ocrx_word' id='word_1_65' title='bbox 1109 462 1245 493; x_wconf 91' lang='lat' dir='ltr'>recolere</span> <span class='ocrx_word' id='word_1_66' title='bbox 1259 468 1386 503; x_wconf 86' lang='lat' dir='ltr'>oportet</span> 
     </span>
     <span class='ocr_line' id='line_1_14' title="bbox 324 505 1386 547; baseline 0.002 -12"><span class='ocrx_word' id='word_1_67' title='bbox 324 506 413 547; x_wconf 91' lang='lat' dir='ltr'>quod</span> <span class='ocrx_word' id='word_1_68' title='bbox 437 505 477 536; x_wconf 90' lang='lat' dir='ltr'>ad</span> <span class='ocrx_word' id='word_1_69' title='bbox 498 505 738 545; x_wconf 88' lang='lat' dir='ltr'>intelligendum</span> <span class='ocrx_word' id='word_1_70' title='bbox 766 516 831 536; x_wconf 90' lang='lat' dir='ltr'>non</span> <span class='ocrx_word' id='word_1_71' title='bbox 855 506 962 536; x_wconf 92' lang='lat' dir='ltr'>solum</span> <span class='ocrx_word' id='word_1_72' title='bbox 994 513 1187 537; x_wconf 89' lang='lat' dir='ltr'>concurrunt</span> <span class='ocrx_word' id='word_1_73' title='bbox 1209 506 1386 537; x_wconf 87' lang='lat' dir='ltr'>intellectus</span> 
     </span>
     <span class='ocr_line' id='line_1_15' title="bbox 324 549 1385 589; baseline 0.001 -9"><span class='ocrx_word' id='word_1_74' title='bbox 324 556 355 581; x_wconf 87' lang='lat' dir='ltr'>et</span> <span class='ocrx_word' id='word_1_75' title='bbox 377 549 581 589; x_wconf 83' lang='lat' dir='ltr'>intelligibile,</span> <span class='ocrx_word' id='word_1_76' title='bbox 601 549 682 581; x_wconf 89' lang='lat' dir='ltr'>sicut</span> <span class='ocrx_word' id='word_1_77' title='bbox 700 550 739 580; x_wconf 86' lang='lat' dir='ltr'>ad</span> <span class='ocrx_word' id='word_1_78' title='bbox 755 550 955 581; x_wconf 89' lang='lat' dir='ltr'>sentiendum</span> <span class='ocrx_word' id='word_1_79' title='bbox 978 559 1087 580; x_wconf 89' lang='lat' dir='ltr'>sensus</span> <span class='ocrx_word' id='word_1_80' title='bbox 1103 556 1134 580; x_wconf 87' lang='lat' dir='ltr'>et</span> <span class='ocrx_word' id='word_1_81' title='bbox 1148 550 1306 587; x_wconf 85' lang='lat' dir='ltr'>sensibile,</span> <span class='ocrx_word' id='word_1_82' title='bbox 1331 551 1385 581; x_wconf 89' lang='lat' dir='ltr'>sed</span> 
     </span>
     <span class='ocr_line' id='line_1_16' title="bbox 325 593 1384 635; baseline 0 -10"><span class='ocrx_word' id='word_1_83' title='bbox 325 593 483 625; x_wconf 87' lang='lat' dir='ltr'>concurrit</span> <span class='ocrx_word' id='word_1_84' title='bbox 517 593 681 635; x_wconf 91' lang='lat' dir='ltr'>utriusque</span> <span class='ocrx_word' id='word_1_85' title='bbox 711 593 852 624; x_wconf 82' lang='lat' dir='ltr'>inhaesio</span> <span class='ocrx_word' id='word_1_86' title='bbox 883 593 1056 623; x_wconf 85' lang='lat' dir='ltr'>formaliter</span> <span class='ocrx_word' id='word_1_87' title='bbox 1079 603 1152 624; x_wconf 89' lang='lat' dir='ltr'>cum</span> <span class='ocrx_word' id='word_1_88' title='bbox 1181 594 1384 634; x_wconf 85' lang='lat' dir='ltr'>intelligente.</span> 
     </span>
     <span class='ocr_line' id='line_1_17' title="bbox 324 637 1385 678; baseline 0 -9"><span class='ocrx_word' id='word_1_89' title='bbox 324 637 460 678; x_wconf 87' lang='lat' dir='ltr'>Oportet</span> <span class='ocrx_word' id='word_1_90' title='bbox 484 637 569 668; x_wconf 90' lang='lat' dir='ltr'>enim</span> <span class='ocrx_word' id='word_1_91' title='bbox 591 638 787 669; x_wconf 89' lang='lat' dir='ltr'>intellectum</span> <span class='ocrx_word' id='word_1_92' title='bbox 802 637 976 668; x_wconf 83' lang='lat' dir='ltr'>formaliter</span> <span class='ocrx_word' id='word_1_93' title='bbox 992 646 1058 667; x_wconf 90' lang='lat' dir='ltr'>esse</span> <span class='ocrx_word' id='word_1_94' title='bbox 1075 637 1106 667; x_wconf 92' lang='lat' dir='ltr'>in</span> <span class='ocrx_word' id='word_1_95' title='bbox 1123 637 1329 678; x_wconf 83' lang='lat' dir='ltr'>intelligente;</span> <span class='ocrx_word' id='word_1_96' title='bbox 1355 645 1385 669; x_wconf 89' lang='lat' dir='ltr'>et</span> 
     </span>
     <span class='ocr_line' id='line_1_18' title="bbox 323 681 1384 722; baseline 0.001 -10"><span class='ocrx_word' id='word_1_97' title='bbox 323 691 432 712; x_wconf 89' lang='lat' dir='ltr'>rursus</span> <span class='ocrx_word' id='word_1_98' title='bbox 456 689 583 721; x_wconf 87' lang='lat' dir='ltr'>oportet</span> <span class='ocrx_word' id='word_1_99' title='bbox 604 682 799 722; x_wconf 88' lang='lat' dir='ltr'>intelligibile</span> <span class='ocrx_word' id='word_1_100' title='bbox 830 681 1008 717; x_wconf 88' lang='lat' dir='ltr'>inhaerere,</span> <span class='ocrx_word' id='word_1_101' title='bbox 1039 681 1089 711; x_wconf 88' lang='lat' dir='ltr'>vel</span> <span class='ocrx_word' id='word_1_102' title='bbox 1112 681 1201 722; x_wconf 87' lang='lat' dir='ltr'>quasi</span> <span class='ocrx_word' id='word_1_103' title='bbox 1225 682 1384 713; x_wconf 88' lang='lat' dir='ltr'>inhaerere</span> 
     </span>
     <span class='ocr_line' id='line_1_19' title="bbox 324 724 1384 767; baseline 0.001 -11"><span class='ocrx_word' id='word_1_104' title='bbox 324 725 386 767; x_wconf 91' lang='lat' dir='ltr'>ipsi</span> <span class='ocrx_word' id='word_1_105' title='bbox 409 726 591 757; x_wconf 88' lang='lat' dir='ltr'>intellectui.</span> <span class='ocrx_word' id='word_1_106' title='bbox 617 726 796 765; x_wconf 83' lang='lat' dir='ltr'>Intelligens</span> <span class='ocrx_word' id='word_1_107' title='bbox 819 734 895 765; x_wconf 91' lang='lat' dir='ltr'>ergo</span> <span class='ocrx_word' id='word_1_108' title='bbox 920 724 1053 765; x_wconf 89' lang='lat' dir='ltr'>quilibet</span> <span class='ocrx_word' id='word_1_109' title='bbox 1076 731 1106 755; x_wconf 88' lang='lat' dir='ltr'>et</span> <span class='ocrx_word' id='word_1_110' title='bbox 1128 725 1273 767; x_wconf 58' lang='lat' dir='ltr'>intglligit</span> <span class='ocrx_word' id='word_1_111' title='bbox 1295 727 1384 757; x_wconf 90' lang='lat' dir='ltr'>intel-</span> 
     </span>
     <span class='ocr_line' id='line_1_20' title="bbox 323 769 1384 811; baseline 0.001 -11"><span class='ocrx_word' id='word_1_112' title='bbox 323 770 406 801; x_wconf 87' lang='lat' dir='ltr'>lectu</span> <span class='ocrx_word' id='word_1_113' title='bbox 431 777 467 801; x_wconf 89' lang='lat' dir='ltr'>ut</span> <span class='ocrx_word' id='word_1_114' title='bbox 488 770 522 801; x_wconf 89' lang='lat' dir='ltr'>in</span> <span class='ocrx_word' id='word_1_115' title='bbox 543 770 615 811; x_wconf 90' lang='lat' dir='ltr'>ipso</span> <span class='ocrx_word' id='word_1_116' title='bbox 637 769 830 810; x_wconf 85' lang='lat' dir='ltr'>intelligente</span> <span class='ocrx_word' id='word_1_117' title='bbox 850 775 912 805; x_wconf 89' lang='lat' dir='ltr'>est;</span> <span class='ocrx_word' id='word_1_118' title='bbox 937 775 967 799; x_wconf 91' lang='lat' dir='ltr'>et</span> <span class='ocrx_word' id='word_1_119' title='bbox 981 769 1127 809; x_wconf 87' lang='lat' dir='ltr'>intelligit</span> <span class='ocrx_word' id='word_1_120' title='bbox 1141 769 1334 810; x_wconf 89' lang='lat' dir='ltr'>intelligibile</span> <span class='ocrx_word' id='word_1_121' title='bbox 1348 778 1384 801; x_wconf 86' lang='lat' dir='ltr'>ut</span> 
     </span>
     <span class='ocr_line' id='line_1_21' title="bbox 322 813 1383 854; baseline 0 -9"><span class='ocrx_word' id='word_1_122' title='bbox 322 814 356 844; x_wconf 90' lang='lat' dir='ltr'>in</span> <span class='ocrx_word' id='word_1_123' title='bbox 375 815 490 845; x_wconf 87' lang='lat' dir='ltr'>eodem</span> <span class='ocrx_word' id='word_1_124' title='bbox 512 814 704 854; x_wconf 84' lang='lat' dir='ltr'>intelligente</span> <span class='ocrx_word' id='word_1_125' title='bbox 719 820 774 844; x_wconf 87' lang='lat' dir='ltr'>est.</span> <span class='ocrx_word' id='word_1_126' title='bbox 799 813 887 843; x_wconf 83' lang='lat' dir='ltr'>Haec</span> <span class='ocrx_word' id='word_1_127' title='bbox 902 819 977 843; x_wconf 88' lang='lat' dir='ltr'>sunt</span> <span class='ocrx_word' id='word_1_128' title='bbox 999 821 1086 843; x_wconf 89' lang='lat' dir='ltr'>vera:</span> <span class='ocrx_word' id='word_1_129' title='bbox 1111 813 1165 843; x_wconf 86' lang='lat' dir='ltr'>sed</span> <span class='ocrx_word' id='word_1_130' title='bbox 1182 814 1298 854; x_wconf 86' lang='lat' dir='ltr'>duplex</span> <span class='ocrx_word' id='word_1_131' title='bbox 1314 825 1383 845; x_wconf 92' lang='lat' dir='ltr'>sen-</span> 
     </span>
     <span class='ocr_line' id='line_1_22' title="bbox 323 856 1382 898; baseline 0 -9"><span class='ocrx_word' id='word_1_132' title='bbox 323 868 377 889; x_wconf 93' lang='lat' dir='ltr'>sus</span> <span class='ocrx_word' id='word_1_133' title='bbox 388 858 421 889; x_wconf 90' lang='lat' dir='ltr'>in</span> <span class='ocrx_word' id='word_1_134' title='bbox 433 859 492 889; x_wconf 87' lang='lat' dir='ltr'>ista</span> <span class='ocrx_word' id='word_1_135' title='bbox 506 857 670 889; x_wconf 84' lang='lat' dir='ltr'>locutione</span> <span class='ocrx_word' id='word_1_136' title='bbox 680 858 765 888; x_wconf 85' lang='lat' dir='ltr'>latet.</span> <span class='ocrx_word' id='word_1_137' title='bbox 781 856 866 888; x_wconf 92' lang='lat' dir='ltr'>Cum</span> <span class='ocrx_word' id='word_1_138' title='bbox 883 856 965 893; x_wconf 91' lang='lat' dir='ltr'>dico,</span> <span class='ocrx_word' id='word_1_139' title='bbox 980 856 1118 893; x_wconf 87' lang='lat' dir='ltr'>Quilibet</span> <span class='ocrx_word' id='word_1_140' title='bbox 1129 858 1280 898; x_wconf 83' lang='lat' dir='ltr'>intelligit</span> <span class='ocrx_word' id='word_1_141' title='bbox 1292 859 1382 889; x_wconf 89' lang='lat' dir='ltr'>intel-</span> 
     </span>
     <span class='ocr_line' id='line_1_23' title="bbox 323 900 1382 944; baseline 0.001 -12"><span class='ocrx_word' id='word_1_142' title='bbox 323 903 446 944; x_wconf 84' lang='lat' dir='ltr'>ligibile</span> <span class='ocrx_word' id='word_1_143' title='bbox 461 907 495 933; x_wconf 86' lang='lat' dir='ltr'>ut</span> <span class='ocrx_word' id='word_1_144' title='bbox 511 908 558 934; x_wconf 81' lang='lat' dir='ltr'>est</span> <span class='ocrx_word' id='word_1_145' title='bbox 573 903 606 932; x_wconf 90' lang='lat' dir='ltr'>in</span> <span class='ocrx_word' id='word_1_146' title='bbox 629 903 732 942; x_wconf 85' lang='lat' dir='ltr'>seipso</span> <span class='ocrx_word' id='word_1_147' title='bbox 748 901 946 942; x_wconf 81' lang='lat' dir='ltr'>intelligente</span> <span class='ocrx_word' id='word_1_148' title='bbox 959 900 1160 941; x_wconf 86' lang='lat' dir='ltr'>formaliter,</span> <span class='ocrx_word' id='word_1_149' title='bbox 1177 908 1282 941; x_wconf 89' lang='lat' dir='ltr'>potest</span> <span class='ocrx_word' id='word_1_150' title='bbox 1300 902 1332 943; x_wconf 94' lang='lat' dir='ltr'>ly</span> <span class='ocrx_word' id='word_1_151' title='bbox 1349 907 1382 933; x_wconf 86' lang='lat' dir='ltr'>ut</span> 
     </span>
     <span class='ocr_line' id='line_1_24' title="bbox 323 944 1382 986; baseline -0.002 -8"><span class='ocrx_word' id='word_1_152' title='bbox 323 947 473 978; x_wconf 81' lang='lat' dir='ltr'>denotare</span> <span class='ocrx_word' id='word_1_153' title='bbox 496 945 714 977; x_wconf 90' lang='lat' dir='ltr'>conditionem</span> <span class='ocrx_word' id='word_1_154' title='bbox 729 945 796 975; x_wconf 85' lang='lat' dir='ltr'>sine</span> <span class='ocrx_word' id='word_1_155' title='bbox 812 955 876 985; x_wconf 92' lang='lat' dir='ltr'>qua</span> <span class='ocrx_word' id='word_1_156' title='bbox 891 944 1085 984; x_wconf 89' lang='lat' dir='ltr'>intelligibile</span> <span class='ocrx_word' id='word_1_157' title='bbox 1101 955 1167 975; x_wconf 90' lang='lat' dir='ltr'>non</span> <span class='ocrx_word' id='word_1_158' title='bbox 1183 946 1382 986; x_wconf 89' lang='lat' dir='ltr'>intelligitur;</span> 
     </span>
     <span class='ocr_line' id='line_1_25' title="bbox 320 984 1383 1032; baseline -0.001 -10"><span class='ocrx_word' id='word_1_159' title='bbox 320 990 424 1032; x_wconf 87' lang='lat' dir='ltr'>qualis</span> <span class='ocrx_word' id='word_1_160' title='bbox 447 996 494 1021; x_wconf 84' lang='lat' dir='ltr'>est</span> <span class='ocrx_word' id='word_1_161' title='bbox 515 984 748 1032; x_wconf 76' lang='lat' dir='ltr'>approximatio</span> <span class='ocrx_word' id='word_1_162' title='bbox 778 999 833 1020; x_wconf 89' lang='lat' dir='ltr'>seu</span> <span class='ocrx_word' id='word_1_163' title='bbox 863 988 1046 1020; x_wconf 87' lang='lat' dir='ltr'>coniunctio</span> <span class='ocrx_word' id='word_1_164' title='bbox 1075 989 1278 1030; x_wconf 89' lang='lat' dir='ltr'>intelligibilis</span> <span class='ocrx_word' id='word_1_165' title='bbox 1309 1000 1383 1021; x_wconf 90' lang='lat' dir='ltr'>cum</span> 
     </span>
     <span class='ocr_line' id='line_1_26' title="bbox 321 1033 1382 1075; baseline 0 -10"><span class='ocrx_word' id='word_1_166' title='bbox 321 1034 523 1075; x_wconf 81' lang='lat' dir='ltr'>intelligente.</span> <span class='ocrx_word' id='word_1_167' title='bbox 557 1034 598 1065; x_wconf 93' lang='lat' dir='ltr'>Et</span> <span class='ocrx_word' id='word_1_168' title='bbox 621 1034 664 1064; x_wconf 91' lang='lat' dir='ltr'>sic</span> <span class='ocrx_word' id='word_1_169' title='bbox 687 1033 866 1074; x_wconf 88' lang='lat' dir='ltr'>propositio</span> <span class='ocrx_word' id='word_1_170' title='bbox 890 1040 936 1064; x_wconf 88' lang='lat' dir='ltr'>est</span> <span class='ocrx_word' id='word_1_171' title='bbox 957 1043 1040 1064; x_wconf 89' lang='lat' dir='ltr'>vera.</span> <span class='ocrx_word' id='word_1_172' title='bbox 1074 1033 1114 1064; x_wconf 90' lang='lat' dir='ltr'>Et</span> <span class='ocrx_word' id='word_1_173' title='bbox 1135 1033 1168 1064; x_wconf 91' lang='lat' dir='ltr'>in</span> <span class='ocrx_word' id='word_1_174' title='bbox 1192 1034 1253 1065; x_wconf 88' lang='lat' dir='ltr'>hoc</span> <span class='ocrx_word' id='word_1_175' title='bbox 1276 1044 1382 1071; x_wconf 84' lang='lat' dir='ltr'>sensu,</span> 
     </span>
     <span class='ocr_line' id='line_1_27' title="bbox 321 1077 1382 1118; baseline 0 -9"><span class='ocrx_word' id='word_1_176' title='bbox 321 1079 348 1109; x_wconf 87' lang='lat' dir='ltr'>si</span> <span class='ocrx_word' id='word_1_177' title='bbox 371 1079 562 1110; x_wconf 86' lang='lat' dir='ltr'>concedatur</span> <span class='ocrx_word' id='word_1_178' title='bbox 584 1085 671 1109; x_wconf 88' lang='lat' dir='ltr'>totus</span> <span class='ocrx_word' id='word_1_179' title='bbox 693 1088 870 1118; x_wconf 77' lang='lat' dir='ltr'>processuS,</span> <span class='ocrx_word' id='word_1_180' title='bbox 895 1077 973 1108; x_wconf 90' lang='lat' dir='ltr'>nihil</span> <span class='ocrx_word' id='word_1_181' title='bbox 996 1077 1083 1108; x_wconf 88' lang='lat' dir='ltr'>aliud</span> <span class='ocrx_word' id='word_1_182' title='bbox 1106 1078 1307 1109; x_wconf 89' lang='lat' dir='ltr'>concluditur</span> <span class='ocrx_word' id='word_1_183' title='bbox 1322 1079 1382 1109; x_wconf 89' lang='lat' dir='ltr'>nisi</span> 
     </span>
     <span class='ocr_line' id='line_1_28' title="bbox 320 1121 1381 1164; baseline 0.001 -11"><span class='ocrx_word' id='word_1_184' title='bbox 320 1123 409 1164; x_wconf 91' lang='lat' dir='ltr'>quod</span> <span class='ocrx_word' id='word_1_185' title='bbox 431 1123 522 1154; x_wconf 89' lang='lat' dir='ltr'>Pater</span> <span class='ocrx_word' id='word_1_186' title='bbox 544 1132 610 1152; x_wconf 89' lang='lat' dir='ltr'>non</span> <span class='ocrx_word' id='word_1_187' title='bbox 633 1122 779 1162; x_wconf 87' lang='lat' dir='ltr'>intelligit</span> <span class='ocrx_word' id='word_1_188' title='bbox 797 1122 945 1153; x_wconf 82' lang='lat' dir='ltr'>deitatem</span> <span class='ocrx_word' id='word_1_189' title='bbox 965 1121 1024 1152; x_wconf 90' lang='lat' dir='ltr'>nisi</span> <span class='ocrx_word' id='word_1_190' title='bbox 1042 1122 1075 1152; x_wconf 90' lang='lat' dir='ltr'>in</span> <span class='ocrx_word' id='word_1_191' title='bbox 1091 1132 1123 1153; x_wconf 91' lang='lat' dir='ltr'>se</span> <span class='ocrx_word' id='word_1_192' title='bbox 1140 1122 1258 1162; x_wconf 84' lang='lat' dir='ltr'>existat.</span> <span class='ocrx_word' id='word_1_193' title='bbox 1284 1123 1381 1161; x_wconf 93' lang='lat' dir='ltr'>Quod</span> 
     </span>
     <span class='ocr_line' id='line_1_29' title="bbox 320 1166 1381 1207; baseline 0.001 -10"><span class='ocrx_word' id='word_1_194' title='bbox 320 1177 387 1198; x_wconf 88' lang='lat' dir='ltr'>non</span> <span class='ocrx_word' id='word_1_195' title='bbox 410 1173 458 1198; x_wconf 91' lang='lat' dir='ltr'>est</span> <span class='ocrx_word' id='word_1_196' title='bbox 480 1167 519 1197; x_wconf 90' lang='lat' dir='ltr'>ad</span> <span class='ocrx_word' id='word_1_197' title='bbox 549 1166 762 1207; x_wconf 89' lang='lat' dir='ltr'>propositum.</span> <span class='ocrx_word' id='word_1_198' title='bbox 789 1184 810 1189; x_wconf 95' lang='lat'><em>-</em></span> <span class='ocrx_word' id='word_1_199' title='bbox 835 1167 944 1197; x_wconf 91' lang='lat' dir='ltr'>Potest</span> <span class='ocrx_word' id='word_1_200' title='bbox 965 1176 1096 1207; x_wconf 88' lang='lat' dir='ltr'>quoque</span> <span class='ocrx_word' id='word_1_201' title='bbox 1118 1166 1152 1207; x_wconf 89' lang='lat' dir='ltr'>ly</span> <span class='ocrx_word' id='word_1_202' title='bbox 1174 1173 1210 1198; x_wconf 88' lang='lat' dir='ltr'>ut</span> <span class='ocrx_word' id='word_1_203' title='bbox 1232 1167 1381 1199; x_wconf 90' lang='lat' dir='ltr'>denotare</span> 
     </span>
     <span class='ocr_line' id='line_1_30' title="bbox 319 1210 1380 1251; baseline 0.001 -9"><span class='ocrx_word' id='word_1_204' title='bbox 319 1212 493 1245; x_wconf 79' lang='lat' dir='ltr'>terminum</span> <span class='ocrx_word' id='word_1_205' title='bbox 521 1211 752 1246; x_wconf 86' lang='lat' dir='ltr'>intellectionis.</span> <span class='ocrx_word' id='word_1_206' title='bbox 788 1211 829 1242; x_wconf 94' lang='lat' dir='ltr'>Et</span> <span class='ocrx_word' id='word_1_207' title='bbox 851 1210 895 1241; x_wconf 88' lang='lat' dir='ltr'>sic</span> <span class='ocrx_word' id='word_1_208' title='bbox 924 1211 1102 1251; x_wconf 88' lang='lat' dir='ltr'>propositio</span> <span class='ocrx_word' id='word_1_209' title='bbox 1131 1218 1177 1241; x_wconf 90' lang='lat' dir='ltr'>est</span> <span class='ocrx_word' id='word_1_210' title='bbox 1204 1211 1380 1243; x_wconf 87' lang='lat' dir='ltr'>falsissima.</span> 
     </span>
     <span class='ocr_line' id='line_1_31' title="bbox 320 1255 1382 1296; baseline 0.001 -10"><span class='ocrx_word' id='word_1_211' title='bbox 320 1255 484 1293; x_wconf 88' lang='lat' dir='ltr'>Quoniam</span> <span class='ocrx_word' id='word_1_212' title='bbox 496 1255 578 1295; x_wconf 81' lang='lat' dir='ltr'>lapis</span> <span class='ocrx_word' id='word_1_213' title='bbox 587 1255 773 1296; x_wconf 85' lang='lat' dir='ltr'>intelligitur</span> <span class='ocrx_word' id='word_1_214' title='bbox 788 1255 965 1285; x_wconf 90' lang='lat' dir='ltr'>secundum</span> <span class='ocrx_word' id='word_1_215' title='bbox 981 1255 1179 1286; x_wconf 89' lang='lat' dir='ltr'>conditiones</span> <span class='ocrx_word' id='word_1_216' title='bbox 1193 1266 1272 1296; x_wconf 88' lang='lat' dir='ltr'>quas</span> <span class='ocrx_word' id='word_1_217' title='bbox 1288 1256 1382 1287; x_wconf 88' lang='lat' dir='ltr'>habet</span> 
     </span>
    </p>
   </div>
   <div class='ocr_carea' id='block_1_8' title="bbox 316 1300 1381 1340">
    <p class='ocr_par' dir='ltr' id='par_1_9' title="bbox 316 1300 1381 1340">
     <span class='ocr_line' id='line_1_32' title="bbox 316 1300 1381 1340; baseline 0 -9"><span class='ocrx_word' id='word_1_218' title='bbox 316 1300 354 1331; x_wconf 76' lang='lat' dir='ltr'>in</span> <span class='ocrx_word' id='word_1_219' title='bbox 376 1308 410 1330; x_wconf 90' lang='lat' dir='ltr'>re</span> <span class='ocrx_word' id='word_1_220' title='bbox 433 1306 527 1336; x_wconf 88' lang='lat' dir='ltr'>extra,</span> <span class='ocrx_word' id='word_1_221' title='bbox 544 1306 622 1340; x_wconf 89' lang='lat' dir='ltr'>puta</span> <span class='ocrx_word' id='word_1_222' title='bbox 643 1300 838 1340; x_wconf 90' lang='lat' dir='ltr'>gravitatem,</span> <span class='ocrx_word' id='word_1_223' title='bbox 855 1306 924 1330; x_wconf 81' lang='lat' dir='ltr'>etc.:</span> <span class='ocrx_word' id='word_1_224' title='bbox 949 1306 979 1329; x_wconf 91' lang='lat' dir='ltr'>et</span> <span class='ocrx_word' id='word_1_225' title='bbox 1002 1310 1067 1330; x_wconf 90' lang='lat' dir='ltr'>non</span> <span class='ocrx_word' id='word_1_226' title='bbox 1083 1300 1188 1330; x_wconf 86' lang='lat' dir='ltr'>solum</span> <span class='ocrx_word' id='word_1_227' title='bbox 1205 1301 1381 1331; x_wconf 89' lang='lat' dir='ltr'>secundum</span> 
     </span>
    </p>
   </div>
   <div class='ocr_carea' id='block_1_9' title="bbox 317 1343 1382 1828">
    <p class='ocr_par' dir='ltr' id='par_1_10' title="bbox 317 1343 1382 1828">
     <span class='ocr_line' id='line_1_33' title="bbox 321 1343 1381 1385; baseline 0.001 -10"><span class='ocrx_word' id='word_1_228' title='bbox 321 1344 519 1375; x_wconf 88' lang='lat' dir='ltr'>conditiones</span> <span class='ocrx_word' id='word_1_229' title='bbox 543 1354 622 1385; x_wconf 93' lang='lat' dir='ltr'>quas</span> <span class='ocrx_word' id='word_1_230' title='bbox 645 1344 740 1375; x_wconf 86' lang='lat' dir='ltr'>habet</span> <span class='ocrx_word' id='word_1_231' title='bbox 762 1344 795 1374; x_wconf 90' lang='lat' dir='ltr'>in</span> <span class='ocrx_word' id='word_1_232' title='bbox 819 1343 1020 1383; x_wconf 86' lang='lat' dir='ltr'>intelligente.</span> <span class='ocrx_word' id='word_1_233' title='bbox 1045 1344 1086 1374; x_wconf 91' lang='lat' dir='ltr'>Et</span> <span class='ocrx_word' id='word_1_234' title='bbox 1100 1351 1206 1374; x_wconf 89' lang='lat' dir='ltr'>tamen</span> <span class='ocrx_word' id='word_1_235' title='bbox 1234 1344 1272 1374; x_wconf 88' lang='lat' dir='ltr'>ad</span> <span class='ocrx_word' id='word_1_236' title='bbox 1296 1345 1381 1376; x_wconf 90' lang='lat' dir='ltr'>hunc</span> 
     </span>
     <span class='ocr_line' id='line_1_34' title="bbox 319 1388 1381 1428; baseline -0.001 -8"><span class='ocrx_word' id='word_1_237' title='bbox 319 1398 449 1420; x_wconf 78' lang='lat' dir='ltr'>sensum</span> <span class='ocrx_word' id='word_1_238' title='bbox 472 1388 675 1420; x_wconf 87' lang='lat' dir='ltr'>concluderet</span> <span class='ocrx_word' id='word_1_239' title='bbox 697 1388 854 1419; x_wconf 89' lang='lat' dir='ltr'>intentum</span> <span class='ocrx_word' id='word_1_240' title='bbox 877 1388 963 1419; x_wconf 90' lang='lat' dir='ltr'>Scoti</span> <span class='ocrx_word' id='word_1_241' title='bbox 985 1388 1120 1419; x_wconf 87' lang='lat' dir='ltr'>volentis</span> <span class='ocrx_word' id='word_1_242' title='bbox 1136 1389 1269 1427; x_wconf 85' lang='lat' dir='ltr'>probare</span> <span class='ocrx_word' id='word_1_243' title='bbox 1293 1390 1381 1428; x_wconf 90' lang='lat' dir='ltr'>quod</span> 
     </span>
     <span class='ocr_line' id='line_1_35' title="bbox 319 1431 1382 1472; baseline -0.001 -8"><span class='ocrx_word' id='word_1_244' title='bbox 319 1431 455 1464; x_wconf 80' lang='lat' dir='ltr'>sufficiat</span> <span class='ocrx_word' id='word_1_245' title='bbox 476 1433 517 1463; x_wconf 89' lang='lat' dir='ltr'>ad</span> <span class='ocrx_word' id='word_1_246' title='bbox 538 1431 767 1463; x_wconf 90' lang='lat' dir='ltr'>beatitudinem</span> <span class='ocrx_word' id='word_1_247' title='bbox 790 1432 888 1462; x_wconf 88' lang='lat' dir='ltr'>Patris</span> <span class='ocrx_word' id='word_1_248' title='bbox 911 1433 1000 1472; x_wconf 94' lang='lat' dir='ltr'>quod</span> <span class='ocrx_word' id='word_1_249' title='bbox 1023 1432 1207 1462; x_wconf 89' lang='lat' dir='ltr'>terminetur</span> <span class='ocrx_word' id='word_1_250' title='bbox 1223 1432 1262 1461; x_wconf 84' lang='lat' dir='ltr'>ad</span> <span class='ocrx_word' id='word_1_251' title='bbox 1279 1442 1382 1463; x_wconf 88' lang='lat' dir='ltr'>essen-</span> 
     </span>
     <span class='ocr_line' id='line_1_36' title="bbox 319 1475 1381 1517; baseline 0 -9"><span class='ocrx_word' id='word_1_252' title='bbox 319 1477 397 1508; x_wconf 78' lang='lat' dir='ltr'>tiam</span> <span class='ocrx_word' id='word_1_253' title='bbox 427 1483 463 1508; x_wconf 90' lang='lat' dir='ltr'>ut</span> <span class='ocrx_word' id='word_1_254' title='bbox 489 1477 523 1507; x_wconf 88' lang='lat' dir='ltr'>in</span> <span class='ocrx_word' id='word_1_255' title='bbox 545 1476 635 1507; x_wconf 79' lang='lat' dir='ltr'>Patre</span> <span class='ocrx_word' id='word_1_256' title='bbox 665 1475 855 1512; x_wconf 85' lang='lat' dir='ltr'>formaliter,</span> <span class='ocrx_word' id='word_1_257' title='bbox 886 1476 966 1506; x_wconf 87' lang='lat' dir='ltr'>sicut</span> <span class='ocrx_word' id='word_1_258' title='bbox 996 1475 1110 1506; x_wconf 88' lang='lat' dir='ltr'>sufficit</span> <span class='ocrx_word' id='word_1_259' title='bbox 1140 1477 1178 1506; x_wconf 92' lang='lat' dir='ltr'>ad</span> <span class='ocrx_word' id='word_1_260' title='bbox 1202 1476 1263 1506; x_wconf 89' lang='lat' dir='ltr'>hoc</span> <span class='ocrx_word' id='word_1_261' title='bbox 1293 1478 1381 1517; x_wconf 92' lang='lat' dir='ltr'>quod</span> 
     </span>
     <span class='ocr_line' id='line_1_37' title="bbox 317 1516 1380 1562; baseline 0 -10"><span class='ocrx_word' id='word_1_262' title='bbox 317 1519 472 1562; x_wconf 80' lang='lat' dir='ltr'>intelligat</span> <span class='ocrx_word' id='word_1_263' title='bbox 500 1516 661 1551; x_wconf 83' lang='lat' dir='ltr'>intellectu</span> <span class='ocrx_word' id='word_1_264' title='bbox 689 1519 778 1560; x_wconf 92' lang='lat' dir='ltr'>quod</span> <span class='ocrx_word' id='word_1_265' title='bbox 807 1519 984 1551; x_wconf 90' lang='lat' dir='ltr'>intellectus</span> <span class='ocrx_word' id='word_1_266' title='bbox 1008 1520 1048 1551; x_wconf 91' lang='lat' dir='ltr'>sit</span> <span class='ocrx_word' id='word_1_267' title='bbox 1070 1520 1102 1550; x_wconf 93' lang='lat' dir='ltr'>in</span> <span class='ocrx_word' id='word_1_268' title='bbox 1127 1530 1175 1551; x_wconf 91' lang='lat' dir='ltr'>eo.</span> <span class='ocrx_word' id='word_1_269' title='bbox 1201 1520 1262 1551; x_wconf 91' lang='lat' dir='ltr'>Sed</span> <span class='ocrx_word' id='word_1_270' title='bbox 1285 1521 1380 1562; x_wconf 87' lang='lat' dir='ltr'>longe</span> 
     </span>
     <span class='ocr_line' id='line_1_38' title="bbox 317 1563 1382 1602; baseline 0 -5"><span class='ocrx_word' id='word_1_271' title='bbox 317 1563 406 1597; x_wconf 77' lang='lat' dir='ltr'>aliter</span> <span class='ocrx_word' id='word_1_272' title='bbox 427 1571 484 1596; x_wconf 88' lang='lat' dir='ltr'>est.</span> <span class='ocrx_word' id='word_1_273' title='bbox 506 1564 669 1602; x_wconf 83' lang='lat' dir='ltr'>Quoniam</span> <span class='ocrx_word' id='word_1_274' title='bbox 685 1563 819 1596; x_wconf 88' lang='lat' dir='ltr'>essentia</span> <span class='ocrx_word' id='word_1_275' title='bbox 837 1571 873 1595; x_wconf 92' lang='lat' dir='ltr'>ut</span> <span class='ocrx_word' id='word_1_276' title='bbox 888 1564 1011 1595; x_wconf 88' lang='lat' dir='ltr'>obiecta</span> <span class='ocrx_word' id='word_1_277' title='bbox 1025 1564 1171 1596; x_wconf 88' lang='lat' dir='ltr'>terminat</span> <span class='ocrx_word' id='word_1_278' title='bbox 1185 1564 1382 1597; x_wconf 90' lang='lat' dir='ltr'>intellectum</span> 
     </span>
     <span class='ocr_line' id='line_1_39' title="bbox 341 1609 1380 1651; baseline 0.001 -11"><span class='ocrx_word' id='word_1_279' title='bbox 341 1616 487 1641; x_wconf 84' lang='lat' dir='ltr'>aternum</span> <span class='ocrx_word' id='word_1_280' title='bbox 509 1609 687 1640; x_wconf 87' lang='lat' dir='ltr'>secundum</span> <span class='ocrx_word' id='word_1_281' title='bbox 709 1616 810 1641; x_wconf 88' lang='lat' dir='ltr'>totam</span> <span class='ocrx_word' id='word_1_282' title='bbox 833 1609 1031 1640; x_wconf 85' lang='lat' dir='ltr'>latitudinem</span> <span class='ocrx_word' id='word_1_283' title='bbox 1064 1619 1155 1640; x_wconf 88' lang='lat' dir='ltr'>suam</span> <span class='ocrx_word' id='word_1_284' title='bbox 1180 1616 1215 1640; x_wconf 92' lang='lat' dir='ltr'>ut</span> <span class='ocrx_word' id='word_1_285' title='bbox 1238 1619 1380 1651; x_wconf 91' lang='lat' dir='ltr'>compre-</span> 
     </span>
     <span class='ocr_line' id='line_1_40' title="bbox 340 1653 1382 1690; baseline 0.001 -5"><span class='ocrx_word' id='word_1_286' title='bbox 340 1662 430 1685; x_wconf 85' lang='lat' dir='ltr'>ensa:</span> <span class='ocrx_word' id='word_1_287' title='bbox 455 1660 486 1684; x_wconf 91' lang='lat' dir='ltr'>et</span> <span class='ocrx_word' id='word_1_288' title='bbox 508 1663 575 1684; x_wconf 85' lang='lat' dir='ltr'>non</span> <span class='ocrx_word' id='word_1_289' title='bbox 597 1653 704 1684; x_wconf 89' lang='lat' dir='ltr'>solum</span> <span class='ocrx_word' id='word_1_290' title='bbox 728 1653 904 1685; x_wconf 89' lang='lat' dir='ltr'>secundum</span> <span class='ocrx_word' id='word_1_291' title='bbox 928 1653 1008 1684; x_wconf 88' lang='lat' dir='ltr'>hanc</span> <span class='ocrx_word' id='word_1_292' title='bbox 1032 1653 1259 1690; x_wconf 86' lang='lat' dir='ltr'>conditionem,</span> <span class='ocrx_word' id='word_1_293' title='bbox 1277 1662 1312 1685; x_wconf 92' lang='lat' dir='ltr'>ut</span> <span class='ocrx_word' id='word_1_294' title='bbox 1335 1662 1382 1686; x_wconf 92' lang='lat' dir='ltr'>est</span> 
     </span>
     <span class='ocr_line' id='line_1_41' title="bbox 317 1696 666 1740; baseline -0.006 -9"><span class='ocrx_word' id='word_1_295' title='bbox 317 1698 351 1731; x_wconf 81' lang='lat' dir='ltr'>in</span> <span class='ocrx_word' id='word_1_296' title='bbox 372 1704 460 1740; x_wconf 85' lang='lat' dir='ltr'>patre</span> <span class='ocrx_word' id='word_1_297' title='bbox 483 1696 666 1729; x_wconf 87' lang='lat' dir='ltr'>formaliter.</span> 
     </span>
     <span class='ocr_line' id='line_1_42' title="bbox 384 1741 1381 1782; baseline 0.001 -9"><span class='ocrx_word' id='word_1_298' title='bbox 384 1742 426 1773; x_wconf 91' lang='lat' dir='ltr'>Et</span> <span class='ocrx_word' id='word_1_299' title='bbox 447 1742 559 1773; x_wconf 89' lang='lat' dir='ltr'>ultima</span> <span class='ocrx_word' id='word_1_300' title='bbox 581 1741 738 1782; x_wconf 87' lang='lat' dir='ltr'>probatio,</span> <span class='ocrx_word' id='word_1_301' title='bbox 762 1741 894 1773; x_wconf 88' lang='lat' dir='ltr'>scilicet:</span> <span class='ocrx_word' id='word_1_302' title='bbox 918 1741 992 1772; x_wconf 86' lang='lat' dir='ltr'>Non</span> <span class='ocrx_word' id='word_1_303' title='bbox 1017 1742 1124 1772; x_wconf 86' lang='lat' dir='ltr'>minus</span> <span class='ocrx_word' id='word_1_304' title='bbox 1138 1743 1316 1782; x_wconf 84' lang='lat' dir='ltr'>requiritur</span> <span class='ocrx_word' id='word_1_305' title='bbox 1338 1743 1381 1774; x_wconf 84' lang='lat' dir='ltr'>ad</span> 
     </span>
     <span class='ocr_line' id='line_1_43' title="bbox 318 1785 1381 1828; baseline -0.002 -10"><span class='ocrx_word' id='word_1_306' title='bbox 318 1787 562 1828; x_wconf 80' lang='lat' dir='ltr'>intelligendum</span> <span class='ocrx_word' id='word_1_307' title='bbox 587 1787 787 1828; x_wconf 81' lang='lat' dir='ltr'>intelligibile</span> <span class='ocrx_word' id='word_1_308' title='bbox 821 1796 916 1827; x_wconf 84' lang='lat' dir='ltr'>quam</span> <span class='ocrx_word' id='word_1_309' title='bbox 941 1786 1129 1824; x_wconf 79' lang='lat' dir='ltr'>intellectus,</span> <span class='ocrx_word' id='word_1_310' title='bbox 1155 1785 1271 1816; x_wconf 89' lang='lat' dir='ltr'>falsum</span> <span class='ocrx_word' id='word_1_311' title='bbox 1294 1797 1381 1817; x_wconf 88' lang='lat' dir='ltr'>assu-</span> 
     </span>
    </p>
   </div>
   <div class='ocr_carea' id='block_1_10' title="bbox 1273 1873 1503 1882">
    <p class='ocr_par' dir='ltr' id='par_1_11' title="bbox 1273 1873 1503 1882">
     <span class='ocr_line' id='line_1_44' title="bbox 1273 1873 1503 1882; baseline 0 2174"><span class='ocrx_word' id='word_1_312' title='bbox 1273 1873 1503 1882; x_wconf 95' lang='lat' dir='ltr'> </span> 
     </span>
    </p>
   </div>
   <div class='ocr_carea' id='block_1_11' title="bbox 1433 242 2497 1817">
    <p class='ocr_par' dir='ltr' id='par_1_12' title="bbox 1438 242 2497 723">
     <span class='ocr_line' id='line_1_45' title="bbox 1440 242 2495 284; baseline 0.001 -11"><span class='ocrx_word' id='word_1_313' title='bbox 1440 242 1510 279; x_wconf 87' lang='lat' dir='ltr'>mit;</span> <span class='ocrx_word' id='word_1_314' title='bbox 1535 249 1565 274; x_wconf 92' lang='lat' dir='ltr'>et</span> <span class='ocrx_word' id='word_1_315' title='bbox 1587 243 1750 283; x_wconf 85' lang='lat' dir='ltr'>sophisma</span> <span class='ocrx_word' id='word_1_316' title='bbox 1773 243 1942 274; x_wconf 86' lang='lat' dir='ltr'>committit</span> <span class='ocrx_word' id='word_1_317' title='bbox 1959 243 1993 273; x_wconf 90' lang='lat' dir='ltr'>in</span> <span class='ocrx_word' id='word_1_318' title='bbox 2011 242 2161 274; x_wconf 85' lang='lat' dir='ltr'>illatione.</span> <span class='ocrx_word' id='word_1_319' title='bbox 2178 243 2278 273; x_wconf 83' lang='lat' dir='ltr'>Falsa</span> <span class='ocrx_word' id='word_1_320' title='bbox 2294 243 2424 284; x_wconf 90' lang='lat' dir='ltr'>quidem</span> <span class='ocrx_word' id='word_1_321' title='bbox 2441 251 2495 281; x_wconf 89' lang='lat' dir='ltr'>est,</span> 
     </span>
     <span class='ocr_line' id='line_1_46' title="bbox 1440 286 2497 328; baseline 0.001 -11"><span class='ocrx_word' id='word_1_322' title='bbox 1440 286 1515 326; x_wconf 93' lang='lat' dir='ltr'>quia</span> <span class='ocrx_word' id='word_1_323' title='bbox 1537 287 1577 317; x_wconf 89' lang='lat' dir='ltr'>ad</span> <span class='ocrx_word' id='word_1_324' title='bbox 1599 287 1816 327; x_wconf 91' lang='lat' dir='ltr'>operationem</span> <span class='ocrx_word' id='word_1_325' title='bbox 1838 287 1976 326; x_wconf 84' lang='lat' dir='ltr'>vitalem,</span> <span class='ocrx_word' id='word_1_326' title='bbox 2000 287 2102 328; x_wconf 91' lang='lat' dir='ltr'>qualis</span> <span class='ocrx_word' id='word_1_327' title='bbox 2125 294 2171 318; x_wconf 88' lang='lat' dir='ltr'>est</span> <span class='ocrx_word' id='word_1_328' title='bbox 2193 287 2373 327; x_wconf 85' lang='lat' dir='ltr'>intelligere,</span> <span class='ocrx_word' id='word_1_329' title='bbox 2397 289 2497 328; x_wconf 88' lang='lat' dir='ltr'>magis</span> 
     </span>
     <span class='ocr_line' id='line_1_47' title="bbox 1440 331 2495 372; baseline 0.002 -12"><span class='ocrx_word' id='word_1_330' title='bbox 1440 331 1608 371; x_wconf 90' lang='lat' dir='ltr'>requiritur</span> <span class='ocrx_word' id='word_1_331' title='bbox 1630 331 1822 372; x_wconf 90' lang='lat' dir='ltr'>principium</span> <span class='ocrx_word' id='word_1_332' title='bbox 1845 331 1912 362; x_wconf 92' lang='lat' dir='ltr'>eius</span> <span class='ocrx_word' id='word_1_333' title='bbox 1933 331 2026 362; x_wconf 88' lang='lat' dir='ltr'>vitale</span> <span class='ocrx_word' id='word_1_334' title='bbox 2051 341 2149 372; x_wconf 90' lang='lat' dir='ltr'>quam</span> <span class='ocrx_word' id='word_1_335' title='bbox 2172 341 2237 361; x_wconf 90' lang='lat' dir='ltr'>non</span> <span class='ocrx_word' id='word_1_336' title='bbox 2253 331 2356 363; x_wconf 91' lang='lat' dir='ltr'>vitale.</span> <span class='ocrx_word' id='word_1_337' title='bbox 2374 332 2495 363; x_wconf 90' lang='lat' dir='ltr'>Intelle-</span> 
     </span>
     <span class='ocr_line' id='line_1_48' title="bbox 1440 374 2494 416; baseline 0.002 -12"><span class='ocrx_word' id='word_1_338' title='bbox 1440 381 1508 405; x_wconf 85' lang='lat' dir='ltr'>ctus</span> <span class='ocrx_word' id='word_1_339' title='bbox 1539 381 1645 405; x_wconf 87' lang='lat' dir='ltr'>autem</span> <span class='ocrx_word' id='word_1_340' title='bbox 1675 381 1721 405; x_wconf 90' lang='lat' dir='ltr'>est</span> <span class='ocrx_word' id='word_1_341' title='bbox 1745 375 1936 416; x_wconf 89' lang='lat' dir='ltr'>principium</span> <span class='ocrx_word' id='word_1_342' title='bbox 1959 375 2066 411; x_wconf 85' lang='lat' dir='ltr'>vitale;</span> <span class='ocrx_word' id='word_1_343' title='bbox 2094 374 2288 415; x_wconf 88' lang='lat' dir='ltr'>intelligibile</span> <span class='ocrx_word' id='word_1_344' title='bbox 2312 385 2387 406; x_wconf 88' lang='lat' dir='ltr'>vero</span> <span class='ocrx_word' id='word_1_345' title='bbox 2418 386 2494 406; x_wconf 91' lang='lat' dir='ltr'>non.</span> 
     </span>
     <span class='ocr_line' id='line_1_49' title="bbox 1439 418 2495 460; baseline 0.003 -12"><span class='ocrx_word' id='word_1_346' title='bbox 1439 419 1533 459; x_wconf 89' lang='lat' dir='ltr'>Ergo,</span> <span class='ocrx_word' id='word_1_347' title='bbox 1551 425 1608 450; x_wconf 89' lang='lat' dir='ltr'>etc.</span> <span class='ocrx_word' id='word_1_348' title='bbox 1629 436 1649 441; x_wconf 94' lang='lat'>-</span> <span class='ocrx_word' id='word_1_349' title='bbox 1665 419 1840 459; x_wconf 90' lang='lat' dir='ltr'>Sophistice</span> <span class='ocrx_word' id='word_1_350' title='bbox 1859 425 1966 450; x_wconf 89' lang='lat' dir='ltr'>autem</span> <span class='ocrx_word' id='word_1_351' title='bbox 1988 418 2089 455; x_wconf 85' lang='lat' dir='ltr'>infert,</span> <span class='ocrx_word' id='word_1_352' title='bbox 2106 419 2181 460; x_wconf 87' lang='lat' dir='ltr'>quia</span> <span class='ocrx_word' id='word_1_353' title='bbox 2195 426 2336 450; x_wconf 88' lang='lat' dir='ltr'>mutatur</span> <span class='ocrx_word' id='word_1_354' title='bbox 2351 430 2414 451; x_wconf 91' lang='lat' dir='ltr'>non</span> <span class='ocrx_word' id='word_1_355' title='bbox 2438 421 2495 451; x_wconf 89' lang='lat' dir='ltr'>mi-</span> 
     </span>
     <span class='ocr_line' id='line_1_50' title="bbox 1440 463 2495 505; baseline 0.002 -12"><span class='ocrx_word' id='word_1_356' title='bbox 1440 472 1501 493; x_wconf 81' lang='lat' dir='ltr'>nus</span> <span class='ocrx_word' id='word_1_357' title='bbox 1514 463 1547 492; x_wconf 90' lang='lat' dir='ltr'>in</span> <span class='ocrx_word' id='word_1_358' title='bbox 1564 472 1626 493; x_wconf 89' lang='lat' dir='ltr'>non</span> <span class='ocrx_word' id='word_1_359' title='bbox 1641 463 1745 494; x_wconf 89' lang='lat' dir='ltr'>aliter.</span> <span class='ocrx_word' id='word_1_360' title='bbox 1770 464 1852 494; x_wconf 87' lang='lat' dir='ltr'>Dato</span> <span class='ocrx_word' id='word_1_361' title='bbox 1867 463 1953 494; x_wconf 91' lang='lat' dir='ltr'>enim</span> <span class='ocrx_word' id='word_1_362' title='bbox 1975 463 2064 504; x_wconf 92' lang='lat' dir='ltr'>quod</span> <span class='ocrx_word' id='word_1_363' title='bbox 2079 473 2146 494; x_wconf 90' lang='lat' dir='ltr'>non</span> <span class='ocrx_word' id='word_1_364' title='bbox 2169 463 2285 500; x_wconf 84' lang='lat' dir='ltr'>minus,</span> <span class='ocrx_word' id='word_1_365' title='bbox 2301 464 2375 505; x_wconf 88' lang='lat' dir='ltr'>quia</span> <span class='ocrx_word' id='word_1_366' title='bbox 2390 471 2495 495; x_wconf 90' lang='lat' dir='ltr'>tamen</span> 
     </span>
     <span class='ocr_line' id='line_1_51' title="bbox 1439 507 2496 548; baseline 0.002 -11"><span class='ocrx_word' id='word_1_367' title='bbox 1439 507 1527 537; x_wconf 89' lang='lat' dir='ltr'>aliter</span> <span class='ocrx_word' id='word_1_368' title='bbox 1542 507 1719 547; x_wconf 88' lang='lat' dir='ltr'>requiritur,</span> <span class='ocrx_word' id='word_1_369' title='bbox 1739 507 1813 547; x_wconf 91' lang='lat' dir='ltr'>quia</span> <span class='ocrx_word' id='word_1_370' title='bbox 1836 507 2012 538; x_wconf 88' lang='lat' dir='ltr'>intellectus</span> <span class='ocrx_word' id='word_1_371' title='bbox 2031 514 2067 538; x_wconf 93' lang='lat' dir='ltr'>ut</span> <span class='ocrx_word' id='word_1_372' title='bbox 2084 517 2146 548; x_wconf 84' lang='lat' dir='ltr'>quo</span> <span class='ocrx_word' id='word_1_373' title='bbox 2169 507 2285 544; x_wconf 91' lang='lat' dir='ltr'>solum,</span> <span class='ocrx_word' id='word_1_374' title='bbox 2302 508 2496 548; x_wconf 89' lang='lat' dir='ltr'>intelligibile</span> 
     </span>
     <span class='ocr_line' id='line_1_52' title="bbox 1439 551 2494 592; baseline 0.003 -12"><span class='ocrx_word' id='word_1_375' title='bbox 1439 557 1475 581; x_wconf 86' lang='lat' dir='ltr'>ut</span> <span class='ocrx_word' id='word_1_376' title='bbox 1497 551 1664 586; x_wconf 86' lang='lat' dir='ltr'>terminus;</span> <span class='ocrx_word' id='word_1_377' title='bbox 1689 551 1760 581; x_wconf 92' lang='lat' dir='ltr'>ideo</span> <span class='ocrx_word' id='word_1_378' title='bbox 1781 551 1843 581; x_wconf 90' lang='lat' dir='ltr'>hoc</span> <span class='ocrx_word' id='word_1_379' title='bbox 1866 551 1968 591; x_wconf 82' lang='lat' dir='ltr'>exigit,</span> <span class='ocrx_word' id='word_1_380' title='bbox 1993 552 2032 581; x_wconf 88' lang='lat' dir='ltr'>ad</span> <span class='ocrx_word' id='word_1_381' title='bbox 2048 552 2109 582; x_wconf 90' lang='lat' dir='ltr'>hoc</span> <span class='ocrx_word' id='word_1_382' title='bbox 2133 558 2168 582; x_wconf 92' lang='lat' dir='ltr'>ut</span> <span class='ocrx_word' id='word_1_383' title='bbox 2190 551 2324 592; x_wconf 83' lang='lat' dir='ltr'>perfecte</span> <span class='ocrx_word' id='word_1_384' title='bbox 2340 552 2494 588; x_wconf 88' lang='lat' dir='ltr'>terminet,</span> 
     </span>
     <span class='ocr_line' id='line_1_53' title="bbox 1439 595 2493 635; baseline 0.003 -11"><span class='ocrx_word' id='word_1_385' title='bbox 1439 602 1474 626; x_wconf 89' lang='lat' dir='ltr'>ut</span> <span class='ocrx_word' id='word_1_386' title='bbox 1498 595 1643 626; x_wconf 91' lang='lat' dir='ltr'>terminet</span> <span class='ocrx_word' id='word_1_387' title='bbox 1666 601 1701 625; x_wconf 93' lang='lat' dir='ltr'>ut</span> <span class='ocrx_word' id='word_1_388' title='bbox 1724 602 1770 626; x_wconf 90' lang='lat' dir='ltr'>est</span> <span class='ocrx_word' id='word_1_389' title='bbox 1792 595 1824 624; x_wconf 93' lang='lat' dir='ltr'>in</span> <span class='ocrx_word' id='word_1_390' title='bbox 1843 595 2045 635; x_wconf 89' lang='lat' dir='ltr'>intelligente,</span> <span class='ocrx_word' id='word_1_391' title='bbox 2070 602 2101 626; x_wconf 90' lang='lat' dir='ltr'>et</span> <span class='ocrx_word' id='word_1_392' title='bbox 2126 603 2160 626; x_wconf 92' lang='lat' dir='ltr'>ut</span> <span class='ocrx_word' id='word_1_393' title='bbox 2183 603 2230 626; x_wconf 88' lang='lat' dir='ltr'>est</span> <span class='ocrx_word' id='word_1_394' title='bbox 2253 597 2428 627; x_wconf 89' lang='lat' dir='ltr'>secundum</span> <span class='ocrx_word' id='word_1_395' title='bbox 2451 607 2493 633; x_wconf 90' lang='lat' dir='ltr'>se,</span> 
     </span>
     <span class='ocr_line' id='line_1_54' title="bbox 1439 639 2496 681; baseline 0.003 -13"><span class='ocrx_word' id='word_1_396' title='bbox 1439 645 1469 669; x_wconf 91' lang='lat' dir='ltr'>et</span> <span class='ocrx_word' id='word_1_397' title='bbox 1491 639 1523 669; x_wconf 90' lang='lat' dir='ltr'>in</span> <span class='ocrx_word' id='word_1_398' title='bbox 1541 648 1757 680; x_wconf 90' lang='lat' dir='ltr'>quocumque,</span> <span class='ocrx_word' id='word_1_399' title='bbox 1784 645 1841 669; x_wconf 91' lang='lat' dir='ltr'>etc.</span> <span class='ocrx_word' id='word_1_400' title='bbox 1867 639 1920 669; x_wconf 91' lang='lat' dir='ltr'>llle</span> <span class='ocrx_word' id='word_1_401' title='bbox 1944 646 2051 670; x_wconf 90' lang='lat' dir='ltr'>autem</span> <span class='ocrx_word' id='word_1_402' title='bbox 2074 639 2187 671; x_wconf 89' lang='lat' dir='ltr'>sufficit</span> <span class='ocrx_word' id='word_1_403' title='bbox 2217 641 2306 681; x_wconf 92' lang='lat' dir='ltr'>quod</span> <span class='ocrx_word' id='word_1_404' title='bbox 2329 640 2496 681; x_wconf 91' lang='lat' dir='ltr'>principiet</span> 
     </span>
     <span class='ocr_line' id='line_1_55' title="bbox 1438 682 1992 723; baseline 0.002 -10"><span class='ocrx_word' id='word_1_405' title='bbox 1438 690 1474 714; x_wconf 82' lang='lat' dir='ltr'>ut</span> <span class='ocrx_word' id='word_1_406' title='bbox 1496 682 1668 714; x_wconf 88' lang='lat' dir='ltr'>formaliter</span> <span class='ocrx_word' id='word_1_407' title='bbox 1697 683 1778 713; x_wconf 88' lang='lat' dir='ltr'>inest</span> <span class='ocrx_word' id='word_1_408' title='bbox 1799 683 1992 723; x_wconf 88' lang='lat' dir='ltr'>intelligenti.</span> 
     </span>
    </p>

    <p class='ocr_par' dir='ltr' id='par_1_13' title="bbox 1433 726 2496 1817">
     <span class='ocr_line' id='line_1_56' title="bbox 1492 726 2496 768; baseline 0.001 -10"><span class='ocrx_word' id='word_1_409' title='bbox 1492 727 1559 758; x_wconf 90' lang='lat' dir='ltr'>V11.</span> <span class='ocrx_word' id='word_1_410' title='bbox 1584 727 1634 757; x_wconf 86' lang='lat' dir='ltr'>Ad</span> <span class='ocrx_word' id='word_1_411' title='bbox 1658 726 1930 757; x_wconf 84' lang='lat' dir='ltr'>confirmationem</span> <span class='ocrx_word' id='word_1_412' title='bbox 1953 734 2076 763; x_wconf 91' lang='lat' dir='ltr'>autem,</span> <span class='ocrx_word' id='word_1_413' title='bbox 2100 737 2164 768; x_wconf 81' lang='lat' dir='ltr'>qua</span> <span class='ocrx_word' id='word_1_414' title='bbox 2187 727 2316 759; x_wconf 87' lang='lat' dir='ltr'>dicitur:</span> <span class='ocrx_word' id='word_1_415' title='bbox 2340 729 2376 759; x_wconf 90' lang='lat' dir='ltr'>Si</span> <span class='ocrx_word' id='word_1_416' title='bbox 2397 729 2496 759; x_wconf 89' lang='lat' dir='ltr'>Pater</span> 
     </span>
     <span class='ocr_line' id='line_1_57' title="bbox 1437 771 2496 813; baseline 0.003 -12"><span class='ocrx_word' id='word_1_417' title='bbox 1437 771 1580 809; x_wconf 83' lang='lat' dir='ltr'>beatifica</span> <span class='ocrx_word' id='word_1_418' title='bbox 1598 772 1716 802; x_wconf 79' lang='lat' dir='ltr'>visione</span> <span class='ocrx_word' id='word_1_419' title='bbox 1731 771 1925 811; x_wconf 82' lang='lat' dir='ltr'>intelligeret</span> <span class='ocrx_word' id='word_1_420' title='bbox 1941 772 2107 802; x_wconf 82' lang='lat' dir='ltr'>essentiam</span> <span class='ocrx_word' id='word_1_421' title='bbox 2124 773 2155 802; x_wconf 92' lang='lat' dir='ltr'>in</span> <span class='ocrx_word' id='word_1_422' title='bbox 2171 772 2266 810; x_wconf 76' lang='lat' dir='ltr'>Filio,</span> <span class='ocrx_word' id='word_1_423' title='bbox 2287 773 2388 813; x_wconf 81' lang='lat' dir='ltr'>igitur</span> <span class='ocrx_word' id='word_1_424' title='bbox 2402 774 2496 813; x_wconf 82' lang='lat' dir='ltr'>quasi</span> 
     </span>
     <span class='ocr_line' id='line_1_58' title="bbox 1439 815 2493 857; baseline 0.003 -13"><span class='ocrx_word' id='word_1_425' title='bbox 1439 816 1591 855; x_wconf 81' lang='lat' dir='ltr'>reciperet</span> <span class='ocrx_word' id='word_1_426' title='bbox 1613 815 1735 854; x_wconf 81' lang='lat' dir='ltr'>aliquid</span> <span class='ocrx_word' id='word_1_427' title='bbox 1750 825 1770 844; x_wconf 91' lang='lat' dir='ltr'>a</span> <span class='ocrx_word' id='word_1_428' title='bbox 1785 815 1880 852; x_wconf 90' lang='lat' dir='ltr'>Filio,</span> <span class='ocrx_word' id='word_1_429' title='bbox 1897 815 1947 846; x_wconf 83' lang='lat' dir='ltr'>vel</span> <span class='ocrx_word' id='word_1_430' title='bbox 1959 816 2000 845; x_wconf 85' lang='lat' dir='ltr'>ab</span> <span class='ocrx_word' id='word_1_431' title='bbox 2019 815 2127 855; x_wconf 85' lang='lat' dir='ltr'>aliquo</span> <span class='ocrx_word' id='word_1_432' title='bbox 2149 821 2184 846; x_wconf 87' lang='lat' dir='ltr'>ut</span> <span class='ocrx_word' id='word_1_433' title='bbox 2206 817 2239 846; x_wconf 91' lang='lat' dir='ltr'>in</span> <span class='ocrx_word' id='word_1_434' title='bbox 2256 817 2350 854; x_wconf 90' lang='lat' dir='ltr'>Filio,</span> <span class='ocrx_word' id='word_1_435' title='bbox 2363 826 2493 857; x_wconf 88' lang='lat' dir='ltr'>respon-</span> 
     </span>
     <span class='ocr_line' id='line_1_59' title="bbox 1438 858 2495 902; baseline 0.003 -13"><span class='ocrx_word' id='word_1_436' title='bbox 1438 860 1528 889; x_wconf 91' lang='lat' dir='ltr'>detur</span> <span class='ocrx_word' id='word_1_437' title='bbox 1550 859 1695 898; x_wconf 90' lang='lat' dir='ltr'>negando</span> <span class='ocrx_word' id='word_1_438' title='bbox 1719 858 1880 899; x_wconf 90' lang='lat' dir='ltr'>sequelam</span> <span class='ocrx_word' id='word_1_439' title='bbox 1903 859 2010 899; x_wconf 86' lang='lat' dir='ltr'>quoad</span> <span class='ocrx_word' id='word_1_440' title='bbox 2033 859 2167 899; x_wconf 86' lang='lat' dir='ltr'>primam</span> <span class='ocrx_word' id='word_1_441' title='bbox 2183 867 2318 899; x_wconf 88' lang='lat' dir='ltr'>partem;</span> <span class='ocrx_word' id='word_1_442' title='bbox 2342 867 2373 891; x_wconf 91' lang='lat' dir='ltr'>et</span> <span class='ocrx_word' id='word_1_443' title='bbox 2387 861 2495 902; x_wconf 86' lang='lat' dir='ltr'>quoad</span> 
     </span>
     <span class='ocr_line' id='line_1_60' title="bbox 1437 902 2494 946; baseline 0.004 -14"><span class='ocrx_word' id='word_1_444' title='bbox 1437 903 1618 938; x_wconf 89' lang='lat' dir='ltr'>secundam,</span> <span class='ocrx_word' id='word_1_445' title='bbox 1635 902 1667 932; x_wconf 94' lang='lat' dir='ltr'>in</span> <span class='ocrx_word' id='word_1_446' title='bbox 1689 912 1781 932; x_wconf 91' lang='lat' dir='ltr'>sensu</span> <span class='ocrx_word' id='word_1_447' title='bbox 1804 903 2045 933; x_wconf 89' lang='lat' dir='ltr'>inconvenienti.</span> <span class='ocrx_word' id='word_1_448' title='bbox 2070 903 2143 933; x_wconf 93' lang='lat' dir='ltr'>Non</span> <span class='ocrx_word' id='word_1_449' title='bbox 2167 904 2251 934; x_wconf 91' lang='lat' dir='ltr'>enirn</span> <span class='ocrx_word' id='word_1_450' title='bbox 2273 915 2309 934; x_wconf 90' lang='lat' dir='ltr'>ex</span> <span class='ocrx_word' id='word_1_451' title='bbox 2323 904 2385 935; x_wconf 90' lang='lat' dir='ltr'>hoc</span> <span class='ocrx_word' id='word_1_452' title='bbox 2406 905 2494 946; x_wconf 92' lang='lat' dir='ltr'>quod</span> 
     </span>
     <span class='ocr_line' id='line_1_61' title="bbox 1436 946 2493 986; baseline 0.003 -9"><span class='ocrx_word' id='word_1_453' title='bbox 1436 947 1522 977; x_wconf 91' lang='lat' dir='ltr'>Deus</span> <span class='ocrx_word' id='word_1_454' title='bbox 1545 946 1691 986; x_wconf 89' lang='lat' dir='ltr'>intelligit</span> <span class='ocrx_word' id='word_1_455' title='bbox 1714 946 1881 977; x_wconf 83' lang='lat' dir='ltr'>essentiam</span> <span class='ocrx_word' id='word_1_456' title='bbox 1908 956 1998 977; x_wconf 87' lang='lat' dir='ltr'>suam</span> <span class='ocrx_word' id='word_1_457' title='bbox 2021 953 2057 977; x_wconf 92' lang='lat' dir='ltr'>ut</span> <span class='ocrx_word' id='word_1_458' title='bbox 2073 947 2209 978; x_wconf 89' lang='lat' dir='ltr'>extendit</span> <span class='ocrx_word' id='word_1_459' title='bbox 2224 958 2256 978; x_wconf 90' lang='lat' dir='ltr'>se</span> <span class='ocrx_word' id='word_1_460' title='bbox 2273 949 2313 978; x_wconf 90' lang='lat' dir='ltr'>ad</span> <span class='ocrx_word' id='word_1_461' title='bbox 2329 955 2493 985; x_wconf 89' lang='lat' dir='ltr'>creaturas,</span> 
     </span>
     <span class='ocr_line' id='line_1_62' title="bbox 1436 990 2494 1031; baseline 0.004 -11"><span class='ocrx_word' id='word_1_462' title='bbox 1436 990 1546 1030; x_wconf 92' lang='lat' dir='ltr'>recipit</span> <span class='ocrx_word' id='word_1_463' title='bbox 1568 990 1689 1031; x_wconf 86' lang='lat' dir='ltr'>aliquid</span> <span class='ocrx_word' id='word_1_464' title='bbox 1711 1000 1730 1020; x_wconf 86' lang='lat' dir='ltr'>a</span> <span class='ocrx_word' id='word_1_465' title='bbox 1753 991 1909 1027; x_wconf 88' lang='lat' dir='ltr'>creaturis,</span> <span class='ocrx_word' id='word_1_466' title='bbox 1934 998 1988 1021; x_wconf 92' lang='lat' dir='ltr'>aut</span> <span class='ocrx_word' id='word_1_467' title='bbox 2010 992 2048 1021; x_wconf 90' lang='lat' dir='ltr'>ab</span> <span class='ocrx_word' id='word_1_468' title='bbox 2072 991 2204 1021; x_wconf 86' lang='lat' dir='ltr'>essentia</span> <span class='ocrx_word' id='word_1_469' title='bbox 2218 1002 2273 1022; x_wconf 87' lang='lat' dir='ltr'>sua</span> <span class='ocrx_word' id='word_1_470' title='bbox 2298 999 2332 1023; x_wconf 93' lang='lat' dir='ltr'>ut</span> <span class='ocrx_word' id='word_1_471' title='bbox 2348 1000 2394 1024; x_wconf 87' lang='lat' dir='ltr'>est</span> <span class='ocrx_word' id='word_1_472' title='bbox 2412 1003 2494 1024; x_wconf 87' lang='lat' dir='ltr'>crea-</span> 
     </span>
     <span class='ocr_line' id='line_1_63' title="bbox 1436 1034 2494 1075; baseline 0.004 -11"><span class='ocrx_word' id='word_1_473' title='bbox 1436 1042 1594 1065; x_wconf 83' lang='lat' dir='ltr'>turarum:</span> <span class='ocrx_word' id='word_1_474' title='bbox 1619 1034 1774 1075; x_wconf 88' lang='lat' dir='ltr'>quoniam</span> <span class='ocrx_word' id='word_1_475' title='bbox 1796 1035 1828 1075; x_wconf 87' lang='lat' dir='ltr'>ly</span> <span class='ocrx_word' id='word_1_476' title='bbox 1852 1040 1887 1065; x_wconf 91' lang='lat' dir='ltr'>ut</span> <span class='ocrx_word' id='word_1_477' title='bbox 1910 1035 2039 1065; x_wconf 83' lang='lat' dir='ltr'>denotat</span> <span class='ocrx_word' id='word_1_478' title='bbox 2062 1034 2276 1066; x_wconf 89' lang='lat' dir='ltr'>conditionem</span> <span class='ocrx_word' id='word_1_479' title='bbox 2295 1037 2429 1068; x_wconf 83' lang='lat' dir='ltr'>termini.</span> <span class='ocrx_word' id='word_1_480' title='bbox 2454 1037 2494 1068; x_wconf 88' lang='lat' dir='ltr'>Et</span> 
     </span>
     <span class='ocr_line' id='line_1_64' title="bbox 1436 1078 2493 1121; baseline 0.003 -13"><span class='ocrx_word' id='word_1_481' title='bbox 1436 1079 1507 1109; x_wconf 90' lang='lat' dir='ltr'>ideo</span> <span class='ocrx_word' id='word_1_482' title='bbox 1532 1078 1611 1109; x_wconf 91' lang='lat' dir='ltr'>nihil</span> <span class='ocrx_word' id='word_1_483' title='bbox 1639 1079 1721 1109; x_wconf 89' lang='lat' dir='ltr'>valet</span> <span class='ocrx_word' id='word_1_484' title='bbox 1743 1078 1782 1108; x_wconf 89' lang='lat' dir='ltr'>ad</span> <span class='ocrx_word' id='word_1_485' title='bbox 1806 1079 2017 1119; x_wconf 91' lang='lat' dir='ltr'>propositum,</span> <span class='ocrx_word' id='word_1_486' title='bbox 2042 1079 2096 1109; x_wconf 93' lang='lat' dir='ltr'>sed</span> <span class='ocrx_word' id='word_1_487' title='bbox 2119 1079 2225 1118; x_wconf 89' lang='lat' dir='ltr'>potius</span> <span class='ocrx_word' id='word_1_488' title='bbox 2255 1087 2301 1110; x_wconf 90' lang='lat' dir='ltr'>est</span> <span class='ocrx_word' id='word_1_489' title='bbox 2328 1082 2368 1110; x_wconf 91' lang='lat' dir='ltr'>ad</span> <span class='ocrx_word' id='word_1_490' title='bbox 2391 1091 2493 1121; x_wconf 89' lang='lat' dir='ltr'>oppo-</span> 
     </span>
     <span class='ocr_line' id='line_1_65' title="bbox 1436 1122 2492 1164; baseline 0.002 -11"><span class='ocrx_word' id='word_1_491' title='bbox 1436 1124 1533 1154; x_wconf 90' lang='lat' dir='ltr'>situm</span> <span class='ocrx_word' id='word_1_492' title='bbox 1556 1122 1725 1153; x_wconf 89' lang='lat' dir='ltr'>auctoritas</span> <span class='ocrx_word' id='word_1_493' title='bbox 1749 1122 1934 1158; x_wconf 88' lang='lat' dir='ltr'>Aristotelis,</span> <span class='ocrx_word' id='word_1_494' title='bbox 1960 1123 2015 1153; x_wconf 89' lang='lat' dir='ltr'>XII</span> <span class='ocrx_word' id='word_1_495' title='bbox 2031 1123 2225 1164; x_wconf 69' lang='lat' dir='ltr'>Metaphys„</span> <span class='ocrx_word' id='word_1_496' title='bbox 2250 1124 2408 1164; x_wconf 85' lang='lat' dir='ltr'>loquentis</span> <span class='ocrx_word' id='word_1_497' title='bbox 2427 1135 2492 1155; x_wconf 90' lang='lat' dir='ltr'>non</span> 
     </span>
     <span class='ocr_line' id='line_1_66' title="bbox 1436 1166 2492 1206; baseline 0.002 -9"><span class='ocrx_word' id='word_1_498' title='bbox 1436 1169 1474 1198; x_wconf 92' lang='lat' dir='ltr'>de</span> <span class='ocrx_word' id='word_1_499' title='bbox 1498 1167 1680 1198; x_wconf 88' lang='lat' dir='ltr'>conditione</span> <span class='ocrx_word' id='word_1_500' title='bbox 1712 1167 1843 1202; x_wconf 91' lang='lat' dir='ltr'>obiecti,</span> <span class='ocrx_word' id='word_1_501' title='bbox 1868 1167 1922 1197; x_wconf 92' lang='lat' dir='ltr'>sed</span> <span class='ocrx_word' id='word_1_502' title='bbox 1956 1167 1994 1197; x_wconf 93' lang='lat' dir='ltr'>de</span> <span class='ocrx_word' id='word_1_503' title='bbox 2017 1166 2088 1206; x_wconf 91' lang='lat' dir='ltr'>ipso</span> <span class='ocrx_word' id='word_1_504' title='bbox 2122 1167 2256 1199; x_wconf 90' lang='lat' dir='ltr'>obiecto.</span> <span class='ocrx_word' id='word_1_505' title='bbox 2289 1169 2364 1199; x_wconf 86' lang='lat' dir='ltr'>Vult</span> <span class='ocrx_word' id='word_1_506' title='bbox 2397 1169 2492 1205; x_wconf 88' lang='lat' dir='ltr'>enim,</span> 
     </span>
     <span class='ocr_line' id='line_1_67' title="bbox 1435 1211 2494 1252; baseline 0 -9"><span class='ocrx_word' id='word_1_507' title='bbox 1435 1219 1466 1243; x_wconf 91' lang='lat' dir='ltr'>et</span> <span class='ocrx_word' id='word_1_508' title='bbox 1488 1212 1584 1247; x_wconf 90' lang='lat' dir='ltr'>bene,</span> <span class='ocrx_word' id='word_1_509' title='bbox 1608 1211 1696 1252; x_wconf 89' lang='lat' dir='ltr'>quod</span> <span class='ocrx_word' id='word_1_510' title='bbox 1720 1211 1746 1241; x_wconf 90' lang='lat' dir='ltr'>si</span> <span class='ocrx_word' id='word_1_511' title='bbox 1769 1211 1856 1241; x_wconf 87' lang='lat' dir='ltr'>Deus</span> <span class='ocrx_word' id='word_1_512' title='bbox 1880 1211 2066 1251; x_wconf 88' lang='lat' dir='ltr'>intelligeret</span> <span class='ocrx_word' id='word_1_513' title='bbox 2092 1211 2211 1251; x_wconf 89' lang='lat' dir='ltr'>aliquid</span> <span class='ocrx_word' id='word_1_514' title='bbox 2241 1219 2324 1242; x_wconf 87' lang='lat' dir='ltr'>extra</span> <span class='ocrx_word' id='word_1_515' title='bbox 2347 1222 2390 1248; x_wconf 88' lang='lat' dir='ltr'>se,</span> <span class='ocrx_word' id='word_1_516' title='bbox 2414 1213 2494 1243; x_wconf 91' lang='lat' dir='ltr'>idest</span> 
     </span>
     <span class='ocr_line' id='line_1_68' title="bbox 1435 1255 2493 1297; baseline 0.001 -11"><span class='ocrx_word' id='word_1_517' title='bbox 1435 1256 1591 1286; x_wconf 85' lang='lat' dir='ltr'>obiectam</span> <span class='ocrx_word' id='word_1_518' title='bbox 1615 1255 1782 1286; x_wconf 90' lang='lat' dir='ltr'>essentiam</span> <span class='ocrx_word' id='word_1_519' title='bbox 1805 1265 1906 1291; x_wconf 89' lang='lat' dir='ltr'>suam,</span> <span class='ocrx_word' id='word_1_520' title='bbox 1929 1255 1972 1285; x_wconf 90' lang='lat' dir='ltr'>ita</span> <span class='ocrx_word' id='word_1_521' title='bbox 1995 1255 2084 1295; x_wconf 91' lang='lat' dir='ltr'>quod</span> <span class='ocrx_word' id='word_1_522' title='bbox 2099 1255 2218 1296; x_wconf 90' lang='lat' dir='ltr'>aliquid</span> <span class='ocrx_word' id='word_1_523' title='bbox 2233 1256 2272 1286; x_wconf 89' lang='lat' dir='ltr'>ab</span> <span class='ocrx_word' id='word_1_524' title='bbox 2288 1266 2326 1287; x_wconf 89' lang='lat' dir='ltr'>eo</span> <span class='ocrx_word' id='word_1_525' title='bbox 2341 1256 2493 1297; x_wconf 85' lang='lat' dir='ltr'>intellige-</span> 
     </span>
     <span class='ocr_line' id='line_1_69' title="bbox 1434 1299 2492 1338; baseline -0.001 -7"><span class='ocrx_word' id='word_1_526' title='bbox 1434 1308 1520 1331; x_wconf 89' lang='lat' dir='ltr'>retur</span> <span class='ocrx_word' id='word_1_527' title='bbox 1537 1310 1603 1330; x_wconf 89' lang='lat' dir='ltr'>non</span> <span class='ocrx_word' id='word_1_528' title='bbox 1619 1300 1751 1330; x_wconf 85' lang='lat' dir='ltr'>existens</span> <span class='ocrx_word' id='word_1_529' title='bbox 1770 1299 1803 1328; x_wconf 90' lang='lat' dir='ltr'>in</span> <span class='ocrx_word' id='word_1_530' title='bbox 1819 1309 1875 1329; x_wconf 87' lang='lat' dir='ltr'>sua</span> <span class='ocrx_word' id='word_1_531' title='bbox 1891 1300 2034 1338; x_wconf 90' lang='lat' dir='ltr'>essentia,</span> <span class='ocrx_word' id='word_1_532' title='bbox 2049 1299 2218 1336; x_wconf 89' lang='lat' dir='ltr'>vilesceret,</span> <span class='ocrx_word' id='word_1_533' title='bbox 2235 1306 2292 1330; x_wconf 91' lang='lat' dir='ltr'>etc.</span> <span class='ocrx_word' id='word_1_534' title='bbox 2316 1300 2383 1330; x_wconf 92' lang='lat' dir='ltr'>Nos</span> <span class='ocrx_word' id='word_1_535' title='bbox 2399 1300 2492 1331; x_wconf 84' lang='lat' dir='ltr'>eu&#39;am</span> 
     </span>
     <span class='ocr_line' id='line_1_70' title="bbox 1435 1343 2491 1384; baseline 0 -10"><span class='ocrx_word' id='word_1_536' title='bbox 1435 1345 1570 1375; x_wconf 89' lang='lat' dir='ltr'>dicimus</span> <span class='ocrx_word' id='word_1_537' title='bbox 1585 1343 1679 1374; x_wconf 90' lang='lat' dir='ltr'>idem.</span> <span class='ocrx_word' id='word_1_538' title='bbox 1706 1343 1868 1380; x_wconf 85' lang='lat' dir='ltr'>Quoniam</span> <span class='ocrx_word' id='word_1_539' title='bbox 1885 1343 2018 1375; x_wconf 87' lang='lat' dir='ltr'>dicimus</span> <span class='ocrx_word' id='word_1_540' title='bbox 2034 1344 2122 1384; x_wconf 93' lang='lat' dir='ltr'>quod</span> <span class='ocrx_word' id='word_1_541' title='bbox 2138 1344 2224 1375; x_wconf 88' lang='lat' dir='ltr'>Deus</span> <span class='ocrx_word' id='word_1_542' title='bbox 2240 1344 2339 1380; x_wconf 85' lang='lat' dir='ltr'>Pater,</span> <span class='ocrx_word' id='word_1_543' title='bbox 2357 1344 2491 1384; x_wconf 89' lang='lat' dir='ltr'>perfecte</span> 
     </span>
     <span class='ocr_line' id='line_1_71' title="bbox 1435 1387 2492 1428; baseline 0.001 -10"><span class='ocrx_word' id='word_1_544' title='bbox 1435 1388 1571 1418; x_wconf 91' lang='lat' dir='ltr'>videndo</span> <span class='ocrx_word' id='word_1_545' title='bbox 1595 1387 1760 1418; x_wconf 85' lang='lat' dir='ltr'>essentiam</span> <span class='ocrx_word' id='word_1_546' title='bbox 1784 1397 1890 1424; x_wconf 88' lang='lat' dir='ltr'>suam,</span> <span class='ocrx_word' id='word_1_547' title='bbox 1922 1388 2161 1428; x_wconf 90' lang='lat' dir='ltr'>comprehendit</span> <span class='ocrx_word' id='word_1_548' title='bbox 2184 1398 2268 1424; x_wconf 88' lang='lat' dir='ltr'>eam,</span> <span class='ocrx_word' id='word_1_549' title='bbox 2294 1398 2330 1419; x_wconf 87' lang='lat' dir='ltr'>ac</span> <span class='ocrx_word' id='word_1_550' title='bbox 2354 1398 2409 1428; x_wconf 92' lang='lat' dir='ltr'>per</span> <span class='ocrx_word' id='word_1_551' title='bbox 2430 1388 2492 1420; x_wconf 89' lang='lat' dir='ltr'>hoc</span> 
     </span>
     <span class='ocr_line' id='line_1_72' title="bbox 1434 1431 2490 1468; baseline 0 -6"><span class='ocrx_word' id='word_1_552' title='bbox 1434 1432 1518 1462; x_wconf 86' lang='lat' dir='ltr'>videt</span> <span class='ocrx_word' id='word_1_553' title='bbox 1548 1441 1618 1462; x_wconf 83' lang='lat' dir='ltr'>eam</span> <span class='ocrx_word' id='word_1_554' title='bbox 1641 1439 1676 1462; x_wconf 90' lang='lat' dir='ltr'>ut</span> <span class='ocrx_word' id='word_1_555' title='bbox 1699 1431 1731 1461; x_wconf 91' lang='lat' dir='ltr'>in</span> <span class='ocrx_word' id='word_1_556' title='bbox 1755 1431 1853 1462; x_wconf 90' lang='lat' dir='ltr'>tribus</span> <span class='ocrx_word' id='word_1_557' title='bbox 1885 1432 2039 1468; x_wconf 84' lang='lat' dir='ltr'>Personis,</span> <span class='ocrx_word' id='word_1_558' title='bbox 2065 1439 2095 1462; x_wconf 88' lang='lat' dir='ltr'>et</span> <span class='ocrx_word' id='word_1_559' title='bbox 2119 1439 2153 1462; x_wconf 93' lang='lat' dir='ltr'>ut</span> <span class='ocrx_word' id='word_1_560' title='bbox 2175 1432 2322 1463; x_wconf 91' lang='lat' dir='ltr'>omnium</span> <span class='ocrx_word' id='word_1_561' title='bbox 2352 1442 2490 1463; x_wconf 85' lang='lat' dir='ltr'>causam.</span> 
     </span>
     <span class='ocr_line' id='line_1_73' title="bbox 1434 1475 2492 1517; baseline -0.001 -10"><span class='ocrx_word' id='word_1_562' title='bbox 1434 1477 1475 1507; x_wconf 90' lang='lat' dir='ltr'>Et</span> <span class='ocrx_word' id='word_1_563' title='bbox 1498 1485 1572 1506; x_wconf 92' lang='lat' dir='ltr'>cum</span> <span class='ocrx_word' id='word_1_564' title='bbox 1595 1475 1666 1511; x_wconf 90' lang='lat' dir='ltr'>hoc,</span> <span class='ocrx_word' id='word_1_565' title='bbox 1691 1485 1709 1505; x_wconf 90' lang='lat' dir='ltr'>a</span> <span class='ocrx_word' id='word_1_566' title='bbox 1731 1475 1821 1505; x_wconf 91' lang='lat' dir='ltr'>nullo</span> <span class='ocrx_word' id='word_1_567' title='bbox 1845 1475 1965 1516; x_wconf 88' lang='lat' dir='ltr'>aliquid</span> <span class='ocrx_word' id='word_1_568' title='bbox 1980 1476 2098 1515; x_wconf 87' lang='lat' dir='ltr'>recipit,</span> <span class='ocrx_word' id='word_1_569' title='bbox 2119 1483 2173 1507; x_wconf 91' lang='lat' dir='ltr'>aut</span> <span class='ocrx_word' id='word_1_570' title='bbox 2188 1476 2278 1517; x_wconf 90' lang='lat' dir='ltr'>quasi</span> <span class='ocrx_word' id='word_1_571' title='bbox 2293 1475 2413 1516; x_wconf 89' lang='lat' dir='ltr'>recipit,</span> <span class='ocrx_word' id='word_1_572' title='bbox 2432 1476 2492 1506; x_wconf 89' lang='lat' dir='ltr'>nisi</span> 
     </span>
     <span class='ocr_line' id='line_1_74' title="bbox 1434 1519 2492 1560; baseline -0.001 -9"><span class='ocrx_word' id='word_1_573' title='bbox 1434 1521 1472 1551; x_wconf 91' lang='lat' dir='ltr'>ab</span> <span class='ocrx_word' id='word_1_574' title='bbox 1487 1519 1620 1550; x_wconf 89' lang='lat' dir='ltr'>essentia</span> <span class='ocrx_word' id='word_1_575' title='bbox 1635 1519 1770 1560; x_wconf 89' lang='lat' dir='ltr'>perfecte</span> <span class='ocrx_word' id='word_1_576' title='bbox 1788 1519 1924 1550; x_wconf 87' lang='lat' dir='ltr'>obiecta:</span> <span class='ocrx_word' id='word_1_577' title='bbox 1949 1519 1980 1549; x_wconf 92' lang='lat' dir='ltr'>in</span> <span class='ocrx_word' id='word_1_578' title='bbox 1997 1520 2058 1550; x_wconf 92' lang='lat' dir='ltr'>hoc</span> <span class='ocrx_word' id='word_1_579' title='bbox 2075 1520 2159 1551; x_wconf 90' lang='lat' dir='ltr'>enim</span> <span class='ocrx_word' id='word_1_580' title='bbox 2175 1520 2364 1551; x_wconf 90' lang='lat' dir='ltr'>clauduntur</span> <span class='ocrx_word' id='word_1_581' title='bbox 2380 1529 2492 1550; x_wconf 89' lang='lat' dir='ltr'>omnes</span> 
     </span>
     <span class='ocr_line' id='line_1_75' title="bbox 1433 1563 2492 1605; baseline -0.001 -10"><span class='ocrx_word' id='word_1_582' title='bbox 1433 1563 1630 1595; x_wconf 90' lang='lat' dir='ltr'>conditiones</span> <span class='ocrx_word' id='word_1_583' title='bbox 1654 1563 1804 1594; x_wconf 87' lang='lat' dir='ltr'>essentiae</span> <span class='ocrx_word' id='word_1_584' title='bbox 1819 1574 2050 1604; x_wconf 86' lang='lat' dir='ltr'>quaecumque,</span> <span class='ocrx_word' id='word_1_585' title='bbox 2068 1564 2312 1605; x_wconf 88' lang='lat' dir='ltr'>quomodolibet</span> <span class='ocrx_word' id='word_1_586' title='bbox 2326 1571 2408 1600; x_wconf 90' lang='lat' dir='ltr'>sunt,</span> <span class='ocrx_word' id='word_1_587' title='bbox 2427 1570 2492 1594; x_wconf 90' lang='lat' dir='ltr'>tam</span> 
     </span>
     <span class='ocr_line' id='line_1_76' title="bbox 1434 1608 2490 1649; baseline 0.001 -11"><span class='ocrx_word' id='word_1_588' title='bbox 1434 1610 1472 1639; x_wconf 85' lang='lat' dir='ltr'>ad</span> <span class='ocrx_word' id='word_1_589' title='bbox 1489 1609 1578 1644; x_wconf 86' lang='lat' dir='ltr'>intra,</span> <span class='ocrx_word' id='word_1_590' title='bbox 1592 1615 1627 1638; x_wconf 93' lang='lat' dir='ltr'>ut</span> <span class='ocrx_word' id='word_1_591' title='bbox 1639 1618 1704 1638; x_wconf 89' lang='lat' dir='ltr'>esse</span> <span class='ocrx_word' id='word_1_592' title='bbox 1718 1608 1989 1639; x_wconf 87' lang='lat' dir='ltr'>communicatum</span> <span class='ocrx_word' id='word_1_593' title='bbox 2002 1609 2083 1639; x_wconf 85' lang='lat' dir='ltr'>Filio</span> <span class='ocrx_word' id='word_1_594' title='bbox 2096 1616 2127 1640; x_wconf 92' lang='lat' dir='ltr'>et</span> <span class='ocrx_word' id='word_1_595' title='bbox 2138 1609 2267 1649; x_wconf 88' lang='lat' dir='ltr'>Spiritui</span> <span class='ocrx_word' id='word_1_596' title='bbox 2283 1608 2408 1644; x_wconf 88' lang='lat' dir='ltr'>Sancto,</span> <span class='ocrx_word' id='word_1_597' title='bbox 2422 1615 2490 1644; x_wconf 77' lang='lat' dir='ltr'>etc..</span> 
     </span>
     <span class='ocr_line' id='line_1_77' title="bbox 1434 1653 2490 1694; baseline -0.001 -10"><span class='ocrx_word' id='word_1_598' title='bbox 1434 1663 1532 1694; x_wconf 91' lang='lat' dir='ltr'>quam</span> <span class='ocrx_word' id='word_1_599' title='bbox 1554 1653 1593 1683; x_wconf 89' lang='lat' dir='ltr'>ad</span> <span class='ocrx_word' id='word_1_600' title='bbox 1617 1659 1710 1688; x_wconf 84' lang='lat' dir='ltr'>extra,</span> <span class='ocrx_word' id='word_1_601' title='bbox 1735 1659 1771 1683; x_wconf 91' lang='lat' dir='ltr'>ut</span> <span class='ocrx_word' id='word_1_602' title='bbox 1786 1663 1852 1683; x_wconf 90' lang='lat' dir='ltr'>esse</span> <span class='ocrx_word' id='word_1_603' title='bbox 1871 1663 2008 1689; x_wconf 88' lang='lat' dir='ltr'>causam,</span> <span class='ocrx_word' id='word_1_604' title='bbox 2029 1660 2085 1684; x_wconf 85' lang='lat' dir='ltr'>etc.</span> <span class='ocrx_word' id='word_1_605' title='bbox 2110 1653 2151 1684; x_wconf 90' lang='lat' dir='ltr'>Et</span> <span class='ocrx_word' id='word_1_606' title='bbox 2170 1659 2335 1693; x_wconf 86' lang='lat' dir='ltr'>propterea</span> <span class='ocrx_word' id='word_1_607' title='bbox 2349 1653 2490 1683; x_wconf 90' lang='lat' dir='ltr'>Verbum</span> 
     </span>
     <span class='ocr_line' id='line_1_78' title="bbox 1434 1697 2491 1737; baseline -0.001 -9"><span class='ocrx_word' id='word_1_608' title='bbox 1434 1697 1502 1733; x_wconf 90' lang='lat' dir='ltr'>Dei,</span> <span class='ocrx_word' id='word_1_609' title='bbox 1527 1704 1637 1727; x_wconf 89' lang='lat' dir='ltr'>natum</span> <span class='ocrx_word' id='word_1_610' title='bbox 1662 1707 1697 1727; x_wconf 85' lang='lat' dir='ltr'>ex</span> <span class='ocrx_word' id='word_1_611' title='bbox 1721 1697 1870 1728; x_wconf 88' lang='lat' dir='ltr'>omnibus</span> <span class='ocrx_word' id='word_1_612' title='bbox 1902 1707 1983 1737; x_wconf 88' lang='lat' dir='ltr'>quae</span> <span class='ocrx_word' id='word_1_613' title='bbox 2007 1705 2080 1728; x_wconf 88' lang='lat' dir='ltr'>sunt</span> <span class='ocrx_word' id='word_1_614' title='bbox 2101 1697 2133 1727; x_wconf 92' lang='lat' dir='ltr'>in</span> <span class='ocrx_word' id='word_1_615' title='bbox 2157 1697 2284 1728; x_wconf 88' lang='lat' dir='ltr'>scientia</span> <span class='ocrx_word' id='word_1_616' title='bbox 2312 1697 2420 1736; x_wconf 85' lang='lat' dir='ltr'>Patris,</span> <span class='ocrx_word' id='word_1_617' title='bbox 2445 1703 2491 1727; x_wconf 88' lang='lat' dir='ltr'>est</span> 
     </span>
     <span class='ocr_line' id='line_1_79' title="bbox 1433 1741 2489 1781; baseline -0.001 -9"><span class='ocrx_word' id='word_1_618' title='bbox 1433 1742 1574 1772; x_wconf 90' lang='lat' dir='ltr'>Verbum</span> <span class='ocrx_word' id='word_1_619' title='bbox 1598 1741 1745 1772; x_wconf 91' lang='lat' dir='ltr'>omnium</span> <span class='ocrx_word' id='word_1_620' title='bbox 1767 1741 1964 1781; x_wconf 91' lang='lat' dir='ltr'>simpliciter,</span> <span class='ocrx_word' id='word_1_621' title='bbox 1988 1742 2072 1773; x_wconf 87' lang='lat' dir='ltr'>intus</span> <span class='ocrx_word' id='word_1_622' title='bbox 2096 1749 2126 1772; x_wconf 92' lang='lat' dir='ltr'>et</span> <span class='ocrx_word' id='word_1_623' title='bbox 2149 1749 2246 1778; x_wconf 84' lang='lat' dir='ltr'>extra,</span> <span class='ocrx_word' id='word_1_624' title='bbox 2269 1747 2305 1772; x_wconf 92' lang='lat' dir='ltr'>ut</span> <span class='ocrx_word' id='word_1_625' title='bbox 2326 1741 2360 1771; x_wconf 90' lang='lat' dir='ltr'>in</span> <span class='ocrx_word' id='word_1_626' title='bbox 2382 1741 2489 1771; x_wconf 87' lang='lat' dir='ltr'>Primo</span> 
     </span>
     <span class='ocr_line' id='line_1_80' title="bbox 1435 1785 2192 1817; baseline 0 -1"><span class='ocrx_word' id='word_1_627' title='bbox 1435 1785 1529 1816; x_wconf 90' lang='lat' dir='ltr'>Libro</span> <span class='ocrx_word' id='word_1_628' title='bbox 1546 1786 1563 1804; x_wconf 90' lang='lat'>*</span> <span class='ocrx_word' id='word_1_629' title='bbox 1579 1793 1788 1816; x_wconf 90' lang='lat' dir='ltr'>monstratum</span> <span class='ocrx_word' id='word_1_630' title='bbox 1813 1793 1867 1817; x_wconf 88' lang='lat' dir='ltr'>est.</span> <span class='ocrx_word' id='word_1_631' title='bbox 1884 1804 1904 1809; x_wconf 94' lang='lat'><strong>—</strong></span> <span class='ocrx_word' id='word_1_632' title='bbox 1922 1787 2007 1816; x_wconf 88' lang='lat' dir='ltr'>Haec</span> <span class='ocrx_word' id='word_1_633' title='bbox 2031 1787 2069 1817; x_wconf 89' lang='lat' dir='ltr'>de</span> <span class='ocrx_word' id='word_1_634' title='bbox 2091 1786 2192 1817; x_wconf 89' lang='lat' dir='ltr'>tertio.</span> 
     </span>
    </p>
   </div>
   <div class='ocr_carea' id='block_1_12' title="bbox 1017 1927 1791 2058">
    <p class='ocr_par' dir='ltr' id='par_1_14' title="bbox 1017 1927 1791 2058">
     <span class='ocr_line' id='line_1_81' title="bbox 1128 1927 1676 1977; baseline 0 -1"><span class='ocrx_word' id='word_1_635' title='bbox 1128 1934 1445 1977; x_wconf 86' lang='lat' dir='ltr'>ARTICULUS</span> <span class='ocrx_word' id='word_1_636' title='bbox 1476 1927 1676 1976; x_wconf 91' lang='lat' dir='ltr'>NONUS</span> 
     </span>
     <span class='ocr_line' id='line_1_82' title="bbox 1017 2026 1791 2058; baseline 0 -1"><span class='ocrx_word' id='word_1_637' title='bbox 1017 2027 1171 2058; x_wconf 82' lang='lat' dir='ltr'>UTRUM</span> <span class='ocrx_word' id='word_1_638' title='bbox 1197 2026 1398 2057; x_wconf 82' lang='lat' dir='ltr'>CREDERE</span> <span class='ocrx_word' id='word_1_639' title='bbox 1422 2027 1488 2057; x_wconf 72' lang='lat' dir='ltr'>Sir</span> <span class='ocrx_word' id='word_1_640' title='bbox 1512 2027 1791 2058; x_wconf 77' lang='lat' dir='ltr'>MERITORIUM</span> 
     </span>
    </p>
   </div>
   <div class='ocr_carea' id='block_1_13' title="bbox 492 2105 2312 2182">
    <p class='ocr_par' dir='ltr' id='par_1_15' title="bbox 492 2105 2312 2182">
     <span class='ocr_line' id='line_1_83' title="bbox 492 2105 2312 2139; baseline -0.002 -8"><span class='ocrx_word' id='word_1_641' title='bbox 492 2107 560 2131; x_wconf 85' lang='lat' dir='ltr'>Part.</span> <span class='ocrx_word' id='word_1_642' title='bbox 580 2106 618 2136; x_wconf 86' lang='lat'>111,</span> <span class='ocrx_word' id='word_1_643' title='bbox 639 2114 683 2139; x_wconf 91' lang='lat' dir='ltr'>qu.</span> <span class='ocrx_word' id='word_1_644' title='bbox 703 2114 746 2136; x_wconf 85' lang='lat' dir='ltr'>vn,</span> <span class='ocrx_word' id='word_1_645' title='bbox 767 2111 815 2131; x_wconf 83' lang='lat' dir='ltr'>art.</span> <span class='ocrx_word' id='word_1_646' title='bbox 836 2106 859 2136; x_wconf 80' lang='lat'>3,</span> <span class='ocrx_word' id='word_1_647' title='bbox 879 2107 911 2130; x_wconf 83' lang='lat' dir='ltr'>ad</span> <span class='ocrx_word' id='word_1_648' title='bbox 932 2113 959 2136; x_wconf 85' lang='lat'>2;</span> <span class='ocrx_word' id='word_1_649' title='bbox 979 2106 1010 2130; x_wconf 86' lang='lat'>111</span> <span class='ocrx_word' id='word_1_650' title='bbox 1030 2106 1113 2133; x_wconf 68' lang='lat' dir='ltr'>Sent„</span> <span class='ocrx_word' id='word_1_651' title='bbox 1134 2106 1192 2130; x_wconf 87' lang='lat' dir='ltr'>dist.</span> <span class='ocrx_word' id='word_1_652' title='bbox 1212 2113 1278 2136; x_wconf 83' lang='lat' dir='ltr'>xxw,</span> <span class='ocrx_word' id='word_1_653' title='bbox 1298 2111 1344 2130; x_wconf 82' lang='lat' dir='ltr'>art.</span> <span class='ocrx_word' id='word_1_654' title='bbox 1366 2105 1388 2136; x_wconf 83' lang='lat'>3,</span> <span class='ocrx_word' id='word_1_655' title='bbox 1409 2107 1455 2138; x_wconf 81' lang='lat' dir='ltr'>qu·</span> <span class='ocrx_word' id='word_1_656' title='bbox 1478 2113 1506 2136; x_wconf 70' lang='lat'>25</span> <span class='ocrx_word' id='word_1_657' title='bbox 1527 2106 1568 2131; x_wconf 89' lang='lat' dir='ltr'>De</span> <span class='ocrx_word' id='word_1_658' title='bbox 1593 2106 1681 2135; x_wconf 71' lang='lat' dir='ltr'>Ver-it„</span> <span class='ocrx_word' id='word_1_659' title='bbox 1702 2113 1746 2138; x_wconf 91' lang='lat' dir='ltr'>qu.</span> <span class='ocrx_word' id='word_1_660' title='bbox 1765 2113 1814 2136; x_wconf 81' lang='lat' dir='ltr'>xiv,</span> <span class='ocrx_word' id='word_1_661' title='bbox 1835 2110 1882 2131; x_wconf 87' lang='lat' dir='ltr'>art.</span> <span class='ocrx_word' id='word_1_662' title='bbox 1902 2105 1930 2135; x_wconf 70' lang='lat'>35</span> <span class='ocrx_word' id='word_1_663' title='bbox 1951 2105 1992 2129; x_wconf 88' lang='lat' dir='ltr'>De</span> <span class='ocrx_word' id='word_1_664' title='bbox 2011 2105 2082 2132; x_wconf 79' lang='lat' dir='ltr'>Pot..</span> <span class='ocrx_word' id='word_1_665' title='bbox 2102 2112 2146 2137; x_wconf 88' lang='lat' dir='ltr'>qu.</span> <span class='ocrx_word' id='word_1_666' title='bbox 2164 2112 2198 2134; x_wconf 80' lang='lat' dir='ltr'>vi,</span> <span class='ocrx_word' id='word_1_667' title='bbox 2217 2109 2264 2129; x_wconf 86' lang='lat' dir='ltr'>art.</span> <span class='ocrx_word' id='word_1_668' title='bbox 2283 2111 2312 2137; x_wconf 81' lang='lat'>93</span> 
     </span>
     <span class='ocr_line' id='line_1_84' title="bbox 1207 2149 1609 2182; baseline 0.002 -9"><span class='ocrx_word' id='word_1_669' title='bbox 1207 2149 1251 2173; x_wconf 83' lang='lat' dir='ltr'>Ad</span> <span class='ocrx_word' id='word_1_670' title='bbox 1270 2149 1365 2177; x_wconf 67' lang='lat' dir='ltr'>Helm,</span> <span class='ocrx_word' id='word_1_671' title='bbox 1387 2156 1441 2182; x_wconf 85' lang='lat' dir='ltr'>cap.</span> <span class='ocrx_word' id='word_1_672' title='bbox 1460 2157 1494 2180; x_wconf 79' lang='lat'>11,</span> <span class='ocrx_word' id='word_1_673' title='bbox 1513 2149 1572 2175; x_wconf 82' lang='lat' dir='ltr'>lect.</span> <span class='ocrx_word' id='word_1_674' title='bbox 1591 2157 1609 2174; x_wconf 89' lang='lat'>1.</span> 
     </span>
    </p>
   </div>
   <div class='ocr_carea' id='block_1_14' title="bbox 472 2220 1378 2280">
    <p class='ocr_par' dir='ltr' id='par_1_16' title="bbox 472 2220 1378 2280">
     <span class='ocr_line' id='line_1_85' title="bbox 472 2220 1378 2280; baseline -0.003 -21"><span class='ocrx_word' id='word_1_675' title='bbox 472 2267 475 2271; x_wconf 87' lang='lat'>.</span> <span class='ocrx_word' id='word_1_676' title='bbox 525 2233 549 2259; x_wconf 84' lang='lat' dir='ltr'>u</span> <span class='ocrx_word' id='word_1_677' title='bbox 577 2232 706 2258; x_wconf 68' lang='lat' dir='ltr'>nonum</span> <span class='ocrx_word' id='word_1_678' title='bbox 732 2232 786 2258; x_wconf 79' lang='lat' dir='ltr'>sm</span> <span class='ocrx_word' id='word_1_679' title='bbox 814 2231 1055 2280; x_wconf 79' lang='lat' dir='ltr'>PROCEDITUR.</span> <span class='ocrx_word' id='word_1_680' title='bbox 1084 2220 1245 2257; x_wconf 88' lang='lat' dir='ltr'>Videtur</span> <span class='ocrx_word' id='word_1_681' title='bbox 1260 2220 1378 2279; x_wconf 82' lang='lat' dir='ltr'>quod</span> 
     </span>
    </p>
   </div>
   <div class='ocr_carea' id='block_1_15' title="bbox 309 2327 1378 3384">
    <p class='ocr_par' dir='ltr' id='par_1_17' title="bbox 486 2327 1377 2376">
     <span class='ocr_line' id='line_1_86' title="bbox 486 2327 1377 2376; baseline -0.001 -11.995"><span class='ocrx_word' id='word_1_682' title='bbox 486 2348 492 2370; x_wconf 73' lang='lat'><em>2</em></span> <span class='ocrx_word' id='word_1_683' title='bbox 1146 2334 1188 2363; x_wconf 93' lang='lat' dir='ltr'>ut</span> <span class='ocrx_word' id='word_1_684' title='bbox 1215 2339 1328 2376; x_wconf 91' lang='lat' dir='ltr'>supra</span> <span class='ocrx_word' id='word_1_685' title='bbox 1357 2327 1377 2348; x_wconf 81' lang='grc'><strong><em>*</em></strong></span> 
     </span>
    </p>

    <p class='ocr_par' dir='ltr' id='par_1_18' title="bbox 312 2379 1378 2586">
     <span class='ocr_line' id='line_1_87' title="bbox 495 2379 1378 2428; baseline 0.001 -11.908"><span class='ocrx_word' id='word_1_686' title='bbox 495 2380 670 2416; x_wconf 44' lang='grc' dir='ltr'>χζεΙίετωῃ</span> <span class='ocrx_word' id='word_1_687' title='bbox 699 2387 765 2416; x_wconf 89' lang='lat' dir='ltr'>est.</span> <span class='ocrx_word' id='word_1_688' title='bbox 814 2380 891 2416; x_wconf 90' lang='lat' dir='ltr'>Sed</span> <span class='ocrx_word' id='word_1_689' title='bbox 918 2379 1016 2417; x_wconf 90' lang='lat' dir='ltr'>fides</span> <span class='ocrx_word' id='word_1_690' title='bbox 1049 2387 1105 2416; x_wconf 89' lang='lat' dir='ltr'>est</span> <span class='ocrx_word' id='word_1_691' title='bbox 1131 2381 1378 2428; x_wconf 88' lang='lat' dir='ltr'>praeambula</span> 
     </span>
     <span class='ocr_line' id='line_1_88' title="bbox 313 2429 1377 2480; baseline 0 -10"><span class='ocrx_word' id='word_1_692' title='bbox 313 2433 363 2470; x_wconf 84' lang='lat' dir='ltr'>ad</span> <span class='ocrx_word' id='word_1_693' title='bbox 392 2429 599 2480; x_wconf 88' lang='lat' dir='ltr'>caritatem,</span> <span class='ocrx_word' id='word_1_694' title='bbox 628 2432 722 2469; x_wconf 90' lang='lat' dir='ltr'>sicut</span> <span class='ocrx_word' id='word_1_695' title='bbox 748 2439 787 2469; x_wconf 90' lang='lat' dir='ltr'>et</span> <span class='ocrx_word' id='word_1_696' title='bbox 812 2439 957 2469; x_wconf 85' lang='lat' dir='ltr'>natura.</span> <span class='ocrx_word' id='word_1_697' title='bbox 1001 2433 1119 2480; x_wconf 84' lang='lat' dir='ltr'>Ergo,</span> <span class='ocrx_word' id='word_1_698' title='bbox 1148 2433 1244 2470; x_wconf 89' lang='lat' dir='ltr'>sicut</span> <span class='ocrx_word' id='word_1_699' title='bbox 1271 2441 1377 2470; x_wconf 91' lang='lat' dir='ltr'>actus</span> 
     </span>
     <span class='ocr_line' id='line_1_89' title="bbox 313 2484 1375 2534; baseline 0 -11"><span class='ocrx_word' id='word_1_700' title='bbox 313 2492 469 2523; x_wconf 87' lang='lat' dir='ltr'>naturae</span> <span class='ocrx_word' id='word_1_701' title='bbox 493 2498 572 2523; x_wconf 91' lang='lat' dir='ltr'>non</span> <span class='ocrx_word' id='word_1_702' title='bbox 597 2493 654 2523; x_wconf 89' lang='lat' dir='ltr'>est</span> <span class='ocrx_word' id='word_1_703' title='bbox 671 2484 885 2522; x_wconf 88' lang='lat' dir='ltr'>meritorius</span> <span class='ocrx_word' id='word_1_704' title='bbox 913 2484 1016 2534; x_wconf 85' lang='lat' dir='ltr'>(quia</span> <span class='ocrx_word' id='word_1_705' title='bbox 1044 2485 1278 2522; x_wconf 89' lang='lat' dir='ltr'>naturalibus</span> <span class='ocrx_word' id='word_1_706' title='bbox 1298 2498 1375 2523; x_wconf 90' lang='lat' dir='ltr'>non</span> 
     </span>
     <span class='ocr_line' id='line_1_90' title="bbox 312 2537 1118 2586; baseline -0.002 -10"><span class='ocrx_word' id='word_1_707' title='bbox 312 2541 534 2586; x_wconf 88' lang='lat' dir='ltr'>meremur),</span> <span class='ocrx_word' id='word_1_708' title='bbox 562 2540 614 2576; x_wconf 90' lang='lat' dir='ltr'>ita</span> <span class='ocrx_word' id='word_1_709' title='bbox 642 2539 755 2576; x_wconf 90' lang='lat' dir='ltr'>etiam</span> <span class='ocrx_word' id='word_1_710' title='bbox 784 2550 856 2575; x_wconf 89' lang='lat' dir='ltr'>nec</span> <span class='ocrx_word' id='word_1_711' title='bbox 883 2545 988 2574; x_wconf 89' lang='lat' dir='ltr'>actus</span> <span class='ocrx_word' id='word_1_712' title='bbox 1015 2537 1118 2575; x_wconf 89' lang='lat' dir='ltr'>fidei.</span> 
     </span>
    </p>

    <p class='ocr_par' dir='ltr' id='par_1_19' title="bbox 310 2590 1375 2801">
     <span class='ocr_line' id='line_1_91' title="bbox 366 2590 1375 2639; baseline -0.003 -10"><span class='ocrx_word' id='word_1_713' title='bbox 366 2603 402 2629; x_wconf 85' lang='lat'>2.</span> <span class='ocrx_word' id='word_1_714' title='bbox 432 2592 669 2639; x_wconf 75' lang='lat' dir='ltr'>PRAETEREA,</span> <span class='ocrx_word' id='word_1_715' title='bbox 699 2591 853 2629; x_wconf 90' lang='lat' dir='ltr'>credere</span> <span class='ocrx_word' id='word_1_716' title='bbox 888 2591 1060 2628; x_wconf 89' lang='lat' dir='ltr'>medium</span> <span class='ocrx_word' id='word_1_717' title='bbox 1089 2598 1145 2627; x_wconf 89' lang='lat' dir='ltr'>est</span> <span class='ocrx_word' id='word_1_718' title='bbox 1172 2590 1268 2627; x_wconf 89' lang='lat' dir='ltr'>inter</span> <span class='ocrx_word' id='word_1_719' title='bbox 1295 2590 1375 2638; x_wconf 93' lang='lat' dir='ltr'>opi-</span> 
     </span>
     <span class='ocr_line' id='line_1_92' title="bbox 312 2643 1373 2683; baseline -0.003 0"><span class='ocrx_word' id='word_1_720' title='bbox 312 2645 393 2683; x_wconf 91' lang='lat' dir='ltr'>nari</span> <span class='ocrx_word' id='word_1_721' title='bbox 412 2653 449 2681; x_wconf 91' lang='lat' dir='ltr'>et</span> <span class='ocrx_word' id='word_1_722' title='bbox 463 2645 557 2682; x_wconf 90' lang='lat' dir='ltr'>scire</span> <span class='ocrx_word' id='word_1_723' title='bbox 572 2645 634 2682; x_wconf 89' lang='lat' dir='ltr'>vel</span> <span class='ocrx_word' id='word_1_724' title='bbox 649 2644 889 2682; x_wconf 90' lang='lat' dir='ltr'>considerare</span> <span class='ocrx_word' id='word_1_725' title='bbox 905 2644 1007 2681; x_wconf 86' lang='lat' dir='ltr'>scita.</span> <span class='ocrx_word' id='word_1_726' title='bbox 1029 2644 1106 2681; x_wconf 91' lang='lat' dir='ltr'>Sed</span> <span class='ocrx_word' id='word_1_727' title='bbox 1122 2643 1373 2680; x_wconf 89' lang='lat' dir='ltr'>consideratio</span> 
     </span>
     <span class='ocr_line' id='line_1_93' title="bbox 311 2696 1375 2743; baseline -0.003 -8"><span class='ocrx_word' id='word_1_728' title='bbox 311 2698 491 2736; x_wconf 89' lang='lat' dir='ltr'>scientiae</span> <span class='ocrx_word' id='word_1_729' title='bbox 519 2710 598 2736; x_wconf 89' lang='lat' dir='ltr'>non</span> <span class='ocrx_word' id='word_1_730' title='bbox 627 2705 682 2736; x_wconf 90' lang='lat' dir='ltr'>est</span> <span class='ocrx_word' id='word_1_731' title='bbox 709 2697 923 2743; x_wconf 89' lang='lat' dir='ltr'>meritoria;</span> <span class='ocrx_word' id='word_1_732' title='bbox 953 2696 1120 2734; x_wconf 87' lang='lat' dir='ltr'>similiter</span> <span class='ocrx_word' id='word_1_733' title='bbox 1148 2704 1275 2733; x_wconf 89' lang='lat' dir='ltr'>autem</span> <span class='ocrx_word' id='word_1_734' title='bbox 1304 2709 1375 2733; x_wconf 90' lang='lat' dir='ltr'>nec</span> 
     </span>
     <span class='ocr_line' id='line_1_94' title="bbox 310 2749 1373 2801; baseline -0.003 -12"><span class='ocrx_word' id='word_1_735' title='bbox 310 2751 454 2801; x_wconf 89' lang='lat' dir='ltr'>opinio.</span> <span class='ocrx_word' id='word_1_736' title='bbox 475 2752 578 2800; x_wconf 86' lang='lat' dir='ltr'>Ergo</span> <span class='ocrx_word' id='word_1_737' title='bbox 598 2751 711 2789; x_wconf 88' lang='lat' dir='ltr'>etiam</span> <span class='ocrx_word' id='word_1_738' title='bbox 731 2763 856 2799; x_wconf 90' lang='lat' dir='ltr'>neque</span> <span class='ocrx_word' id='word_1_739' title='bbox 879 2750 1032 2788; x_wconf 90' lang='lat' dir='ltr'>credere</span> <span class='ocrx_word' id='word_1_740' title='bbox 1052 2757 1107 2786; x_wconf 90' lang='lat' dir='ltr'>est</span> <span class='ocrx_word' id='word_1_741' title='bbox 1125 2749 1373 2787; x_wconf 88' lang='lat' dir='ltr'>meritorium.</span> 
     </span>
    </p>

    <p class='ocr_par' dir='ltr' id='par_1_20' title="bbox 309 2802 1374 3330">
     <span class='ocr_line' id='line_1_95' title="bbox 366 2802 1373 2854; baseline -0.001 -13"><span class='ocrx_word' id='word_1_742' title='bbox 366 2806 400 2842; x_wconf 87' lang='lat'>3.</span> <span class='ocrx_word' id='word_1_743' title='bbox 417 2805 650 2853; x_wconf 64' lang='lat' dir='ltr'>Pam-sam,</span> <span class='ocrx_word' id='word_1_744' title='bbox 665 2805 726 2842; x_wconf 90' lang='lat' dir='ltr'>ille</span> <span class='ocrx_word' id='word_1_745' title='bbox 741 2804 805 2854; x_wconf 92' lang='lat' dir='ltr'>qui</span> <span class='ocrx_word' id='word_1_746' title='bbox 820 2804 975 2841; x_wconf 87' lang='lat' dir='ltr'>assentit</span> <span class='ocrx_word' id='word_1_747' title='bbox 992 2802 1102 2840; x_wconf 91' lang='lat' dir='ltr'>alicui</span> <span class='ocrx_word' id='word_1_748' title='bbox 1113 2802 1165 2842; x_wconf 90' lang='lat' dir='ltr'>rei</span> <span class='ocrx_word' id='word_1_749' title='bbox 1180 2803 1373 2840; x_wconf 89' lang='lat' dir='ltr'>credendo</span> 
     </span>
     <span class='ocr_line' id='line_1_96' title="bbox 311 2856 1372 2905; baseline -0.002 -11"><span class='ocrx_word' id='word_1_750' title='bbox 311 2865 376 2895; x_wconf 86' lang='lat' dir='ltr'>aut</span> <span class='ocrx_word' id='word_1_751' title='bbox 401 2858 518 2895; x_wconf 89' lang='lat' dir='ltr'>habet</span> <span class='ocrx_word' id='word_1_752' title='bbox 541 2869 696 2895; x_wconf 87' lang='lat' dir='ltr'>causam</span> <span class='ocrx_word' id='word_1_753' title='bbox 725 2857 956 2894; x_wconf 88' lang='lat' dir='ltr'>sufficienter</span> <span class='ocrx_word' id='word_1_754' title='bbox 974 2856 1218 2893; x_wconf 89' lang='lat' dir='ltr'>inducentem</span> <span class='ocrx_word' id='word_1_755' title='bbox 1246 2857 1372 2905; x_wconf 87' lang='lat' dir='ltr'>ipsum</span> 
     </span>
     <span class='ocr_line' id='line_1_97' title="bbox 311 2909 1374 2958; baseline -0.001 -11"><span class='ocrx_word' id='word_1_756' title='bbox 311 2911 360 2947; x_wconf 89' lang='lat' dir='ltr'>ad</span> <span class='ocrx_word' id='word_1_757' title='bbox 386 2910 640 2958; x_wconf 85' lang='lat' dir='ltr'>credendum,</span> <span class='ocrx_word' id='word_1_758' title='bbox 669 2918 733 2948; x_wconf 89' lang='lat' dir='ltr'>aut</span> <span class='ocrx_word' id='word_1_759' title='bbox 762 2923 851 2948; x_wconf 89' lang='lat' dir='ltr'>non.</span> <span class='ocrx_word' id='word_1_760' title='bbox 882 2909 922 2947; x_wconf 92' lang='lat' dir='ltr'>Si</span> <span class='ocrx_word' id='word_1_761' title='bbox 949 2910 1064 2947; x_wconf 87' lang='lat' dir='ltr'>habet</span> <span class='ocrx_word' id='word_1_762' title='bbox 1099 2910 1291 2946; x_wconf 87' lang='lat' dir='ltr'>sufficiens</span> <span class='ocrx_word' id='word_1_763' title='bbox 1319 2909 1374 2947; x_wconf 88' lang='lat' dir='ltr'>in-</span> 
     </span>
     <span class='ocr_line' id='line_1_98' title="bbox 311 2962 1372 3011; baseline -0.002 -10"><span class='ocrx_word' id='word_1_764' title='bbox 311 2962 509 3001; x_wconf 90' lang='lat' dir='ltr'>ductivum</span> <span class='ocrx_word' id='word_1_765' title='bbox 534 2964 582 3002; x_wconf 92' lang='lat' dir='ltr'>ad</span> <span class='ocrx_word' id='word_1_766' title='bbox 602 2963 849 3011; x_wconf 90' lang='lat' dir='ltr'>credendum,</span> <span class='ocrx_word' id='word_1_767' title='bbox 870 2975 948 3001; x_wconf 90' lang='lat' dir='ltr'>non</span> <span class='ocrx_word' id='word_1_768' title='bbox 967 2962 1118 3000; x_wconf 88' lang='lat' dir='ltr'>videtur</span> <span class='ocrx_word' id='word_1_769' title='bbox 1136 2963 1211 2999; x_wconf 90' lang='lat' dir='ltr'>hoc</span> <span class='ocrx_word' id='word_1_770' title='bbox 1237 2962 1270 2999; x_wconf 91' lang='lat' dir='ltr'>ei</span> <span class='ocrx_word' id='word_1_771' title='bbox 1291 2974 1372 3000; x_wconf 88' lang='lat' dir='ltr'>esse</span> 
     </span>
     <span class='ocr_line' id='line_1_99' title="bbox 310 3015 1372 3066; baseline -0.001 -13"><span class='ocrx_word' id='word_1_772' title='bbox 310 3016 565 3054; x_wconf 90' lang='lat' dir='ltr'>meritorium:</span> <span class='ocrx_word' id='word_1_773' title='bbox 595 3017 684 3066; x_wconf 90' lang='lat' dir='ltr'>quia</span> <span class='ocrx_word' id='word_1_774' title='bbox 702 3029 781 3054; x_wconf 91' lang='lat' dir='ltr'>non</span> <span class='ocrx_word' id='word_1_775' title='bbox 801 3024 857 3054; x_wconf 90' lang='lat' dir='ltr'>est</span> <span class='ocrx_word' id='word_1_776' title='bbox 879 3017 914 3054; x_wconf 89' lang='lat' dir='ltr'>ei</span> <span class='ocrx_word' id='word_1_777' title='bbox 933 3016 1010 3053; x_wconf 88' lang='lat' dir='ltr'>iarn</span> <span class='ocrx_word' id='word_1_778' title='bbox 1029 3016 1191 3053; x_wconf 89' lang='lat' dir='ltr'>liberum</span> <span class='ocrx_word' id='word_1_779' title='bbox 1218 3015 1372 3053; x_wconf 89' lang='lat' dir='ltr'>credere</span> 
     </span>
     <span class='ocr_line' id='line_1_100' title="bbox 311 3068 1371 3108; baseline -0.001 -2"><span class='ocrx_word' id='word_1_780' title='bbox 311 3077 348 3106; x_wconf 89' lang='lat' dir='ltr'>et</span> <span class='ocrx_word' id='word_1_781' title='bbox 375 3081 453 3107; x_wconf 90' lang='lat' dir='ltr'>non</span> <span class='ocrx_word' id='word_1_782' title='bbox 482 3069 648 3108; x_wconf 87' lang='lat' dir='ltr'>credere.</span> <span class='ocrx_word' id='word_1_783' title='bbox 696 3070 736 3107; x_wconf 91' lang='lat' dir='ltr'>Si</span> <span class='ocrx_word' id='word_1_784' title='bbox 765 3077 894 3107; x_wconf 89' lang='lat' dir='ltr'>autem</span> <span class='ocrx_word' id='word_1_785' title='bbox 922 3081 1001 3106; x_wconf 91' lang='lat' dir='ltr'>non</span> <span class='ocrx_word' id='word_1_786' title='bbox 1037 3070 1153 3106; x_wconf 91' lang='lat' dir='ltr'>habet</span> <span class='ocrx_word' id='word_1_787' title='bbox 1179 3068 1371 3106; x_wconf 89' lang='lat' dir='ltr'>sufficiens</span> 
     </span>
     <span class='ocr_line' id='line_1_101' title="bbox 310 3122 1370 3170; baseline -0.001 -10"><span class='ocrx_word' id='word_1_788' title='bbox 310 3122 546 3160; x_wconf 82' lang='lat' dir='ltr'>inductivum</span> <span class='ocrx_word' id='word_1_789' title='bbox 574 3123 625 3160; x_wconf 92' lang='lat' dir='ltr'>ad</span> <span class='ocrx_word' id='word_1_790' title='bbox 653 3123 903 3169; x_wconf 89' lang='lat' dir='ltr'>credendum,</span> <span class='ocrx_word' id='word_1_791' title='bbox 932 3122 1093 3159; x_wconf 88' lang='lat' dir='ltr'>levitatis</span> <span class='ocrx_word' id='word_1_792' title='bbox 1121 3129 1177 3159; x_wconf 88' lang='lat' dir='ltr'>est</span> <span class='ocrx_word' id='word_1_793' title='bbox 1204 3122 1370 3170; x_wconf 88' lang='lat' dir='ltr'>credere,</span> 
     </span>
     <span class='ocr_line' id='line_1_102' title="bbox 310 3175 1371 3222; baseline 0.001 -10"><span class='ocrx_word' id='word_1_794' title='bbox 310 3176 522 3213; x_wconf 89' lang='lat' dir='ltr'>secundum</span> <span class='ocrx_word' id='word_1_795' title='bbox 551 3175 643 3213; x_wconf 88' lang='lat' dir='ltr'>illud</span> <span class='ocrx_word' id='word_1_796' title='bbox 661 3175 776 3213; x_wconf 87' lang='lat' dir='ltr'>Eccli.</span> <span class='ocrx_word' id='word_1_797' title='bbox 806 3187 867 3213; x_wconf 84' lang='lat' dir='ltr'>x1x</span> <span class='ocrx_word' id='word_1_798' title='bbox 885 3175 917 3222; x_wconf 69' lang='lat'>³⁸,</span> <span class='ocrx_word' id='word_1_799' title='bbox 950 3175 1025 3218; x_wconf 85' lang='lat' dir='ltr'>Qui</span> <span class='ocrx_word' id='word_1_800' title='bbox 1041 3175 1112 3212; x_wconf 88' lang='lat' dir='ltr'>cito</span> <span class='ocrx_word' id='word_1_801' title='bbox 1138 3175 1256 3212; x_wconf 85' lang='lat' dir='ltr'>credit</span> <span class='ocrx_word' id='word_1_802' title='bbox 1280 3176 1371 3213; x_wconf 78' lang='lat' dir='ltr'>levis</span> 
     </span>
     <span class='ocr_line' id='line_1_103' title="bbox 309 3228 1368 3266; baseline 0.001 -1"><span class='ocrx_word' id='word_1_803' title='bbox 309 3234 363 3265; x_wconf 86' lang='lat' dir='ltr'>est</span> <span class='ocrx_word' id='word_1_804' title='bbox 388 3229 522 3266; x_wconf 85' lang='lat' dir='ltr'>corde.-</span> <span class='ocrx_word' id='word_1_805' title='bbox 565 3236 599 3265; x_wconf 87' lang='lat' dir='ltr'>et</span> <span class='ocrx_word' id='word_1_806' title='bbox 634 3229 686 3266; x_wconf 92' lang='lat' dir='ltr'>sic</span> <span class='ocrx_word' id='word_1_807' title='bbox 718 3241 796 3266; x_wconf 91' lang='lat' dir='ltr'>non</span> <span class='ocrx_word' id='word_1_808' title='bbox 824 3228 975 3265; x_wconf 88' lang='lat' dir='ltr'>videtur</span> <span class='ocrx_word' id='word_1_809' title='bbox 1003 3241 1084 3265; x_wconf 91' lang='lat' dir='ltr'>esse</span> <span class='ocrx_word' id='word_1_810' title='bbox 1120 3228 1368 3266; x_wconf 84' lang='lat' dir='ltr'>meritorium.</span> 
     </span>
     <span class='ocr_line' id='line_1_104' title="bbox 309 3281 1234 3330; baseline -0.001 -11"><span class='ocrx_word' id='word_1_811' title='bbox 309 3282 412 3330; x_wconf 90' lang='lat' dir='ltr'>Ergo</span> <span class='ocrx_word' id='word_1_812' title='bbox 441 3282 594 3319; x_wconf 89' lang='lat' dir='ltr'>credere</span> <span class='ocrx_word' id='word_1_813' title='bbox 623 3282 726 3319; x_wconf 91' lang='lat' dir='ltr'>nullo</span> <span class='ocrx_word' id='word_1_814' title='bbox 755 3282 874 3319; x_wconf 91' lang='lat' dir='ltr'>modo</span> <span class='ocrx_word' id='word_1_815' title='bbox 903 3289 958 3318; x_wconf 90' lang='lat' dir='ltr'>est</span> <span class='ocrx_word' id='word_1_816' title='bbox 985 3281 1234 3318; x_wconf 89' lang='lat' dir='ltr'>meritorium.</span> 
     </span>
    </p>

    <p class='ocr_par' dir='ltr' id='par_1_21' title="bbox 364 3333 1367 3384">
     <span class='ocr_line' id='line_1_105' title="bbox 364 3333 1367 3384; baseline 0 -12"><span class='ocrx_word' id='word_1_817' title='bbox 364 3336 438 3372; x_wconf 77' lang='lat' dir='ltr'>SED</span> <span class='ocrx_word' id='word_1_818' title='bbox 476 3347 621 3372; x_wconf 78' lang='lat' dir='ltr'>CONTRA</span> <span class='ocrx_word' id='word_1_819' title='bbox 658 3347 724 3372; x_wconf 81' lang='lat' dir='ltr'>EST</span> <span class='ocrx_word' id='word_1_820' title='bbox 752 3335 855 3384; x_wconf 92' lang='lat' dir='ltr'>quod</span> <span class='ocrx_word' id='word_1_821' title='bbox 894 3333 1027 3371; x_wconf 87' lang='lat' dir='ltr'>dicitur</span> <span class='ocrx_word' id='word_1_822' title='bbox 1062 3335 1114 3371; x_wconf 85' lang='lat' dir='ltr'>ad</span> <span class='ocrx_word' id='word_1_823' title='bbox 1144 3335 1243 3371; x_wconf 85' lang='lat' dir='ltr'>Heh.</span> <span class='ocrx_word' id='word_1_824' title='bbox 1272 3347 1308 3372; x_wconf 80' lang='lat' dir='ltr'>xi</span> <span class='ocrx_word' id='word_1_825' title='bbox 1335 3334 1367 3382; x_wconf 82' lang='lat'>*,</span> 
     </span>
    </p>
   </div>
   <div class='ocr_carea' id='block_1_16' title="bbox 995 3422 1199 3428">
    <p class='ocr_par' dir='ltr' id='par_1_22' title="bbox 995 3422 1199 3428">
     <span class='ocr_line' id='line_1_106' title="bbox 995 3422 1199 3428; baseline 0 0"><span class='ocrx_word' id='word_1_826' title='bbox 995 3422 1199 3428; x_wconf 95' lang='lat' dir='ltr'> </span> 
     </span>
    </p>
   </div>
   <div class='ocr_carea' id='block_1_17' title="bbox 1210 3422 1320 3428">
    <p class='ocr_par' dir='ltr' id='par_1_23' title="bbox 1210 3422 1320 3428">
     <span class='ocr_line' id='line_1_107' title="bbox 1210 3422 1320 3428; baseline 0 0"><span class='ocrx_word' id='word_1_827' title='bbox 1210 3422 1320 3428; x_wconf 95' lang='lat' dir='ltr'> </span> 
     </span>
    </p>
   </div>
   <div class='ocr_carea' id='block_1_18' title="bbox 361 3466 833 3499">
    <p class='ocr_par' dir='ltr' id='par_1_24' title="bbox 361 3466 833 3499">
     <span class='ocr_line' id='line_1_108' title="bbox 361 3466 833 3499; baseline 0.002 -9"><span class='ocrx_word' id='word_1_828' title='bbox 361 3466 388 3499; x_wconf 77' lang='grc' dir='ltr'>α)</span> <span class='ocrx_word' id='word_1_829' title='bbox 409 3466 444 3492; x_wconf 90' lang='lat' dir='ltr'>in.</span> <span class='ocrx_word' id='word_1_830' title='bbox 458 3480 477 3486; x_wconf 92' lang='lat'>-</span> <span class='ocrx_word' id='word_1_831' title='bbox 496 3466 548 3492; x_wconf 81' lang='lat' dir='ltr'>nisi</span> <span class='ocrx_word' id='word_1_832' title='bbox 566 3467 592 3491; x_wconf 88' lang='lat' dir='ltr'>in</span> <span class='ocrx_word' id='word_1_833' title='bbox 612 3466 680 3496; x_wconf 79' lang='lat' dir='ltr'>DsA,</span> <span class='ocrx_word' id='word_1_834' title='bbox 700 3466 752 3491; x_wconf 75' lang='lat' dir='ltr'>nisi</span> <span class='ocrx_word' id='word_1_835' title='bbox 769 3466 833 3491; x_wconf 75' lang='grc' dir='ltr'>ΡΜ.</span> 
     </span>
    </p>
   </div>
   <div class='ocr_carea' id='block_1_19' title="bbox 1321 3423 1415 3428">
    <p class='ocr_par' dir='ltr' id='par_1_25' title="bbox 1321 3423 1415 3428">
     <span class='ocr_line' id='line_1_109' title="bbox 1321 3423 1415 3428; baseline 0 0"><span class='ocrx_word' id='word_1_836' title='bbox 1321 3423 1415 3428; x_wconf 95' lang='lat' dir='ltr'> </span> 
     </span>
    </p>
   </div>
   <div class='ocr_carea' id='block_1_20' title="bbox 1424 2218 2487 3382">
    <p class='ocr_par' dir='ltr' id='par_1_26' title="bbox 1432 2218 2487 2375">
     <span class='ocr_line' id='line_1_110' title="bbox 1433 2218 2486 2268; baseline 0.001 -12"><span class='ocrx_word' id='word_1_837' title='bbox 1433 2220 1537 2268; x_wconf 93' lang='lat' dir='ltr'>quod</span> <span class='ocrx_word' id='word_1_838' title='bbox 1566 2219 1684 2256; x_wconf 90' lang='lat' dir='ltr'>sancti</span> <span class='ocrx_word' id='word_1_839' title='bbox 1703 2220 1903 2267; x_wconf 85' lang='lat' dir='ltr'>perfidem</span> <span class='ocrx_word' id='word_1_840' title='bbox 1923 2218 2047 2266; x_wconf 86' lang='lat' dir='ltr'>adepti</span> <span class='ocrx_word' id='word_1_841' title='bbox 2069 2224 2155 2254; x_wconf 88' lang='lat' dir='ltr'>sunt</span> <span class='ocrx_word' id='word_1_842' title='bbox 2172 2218 2486 2266; x_wconf 81' lang='lat' dir='ltr'>repromissiones.</span> 
     </span>
     <span class='ocr_line' id='line_1_111' title="bbox 1433 2271 2487 2321; baseline 0.001 -12"><span class='ocrx_word' id='word_1_843' title='bbox 1433 2273 1547 2319; x_wconf 90' lang='lat' dir='ltr'>Quod</span> <span class='ocrx_word' id='word_1_844' title='bbox 1578 2285 1657 2309; x_wconf 92' lang='lat' dir='ltr'>non</span> <span class='ocrx_word' id='word_1_845' title='bbox 1676 2280 1774 2309; x_wconf 88' lang='lat' dir='ltr'>esset</span> <span class='ocrx_word' id='word_1_846' title='bbox 1793 2272 1863 2309; x_wconf 91' lang='lat' dir='ltr'>nisi</span> <span class='ocrx_word' id='word_1_847' title='bbox 1892 2271 2081 2308; x_wconf 89' lang='lat' dir='ltr'>credendo</span> <span class='ocrx_word' id='word_1_848' title='bbox 2111 2279 2356 2309; x_wconf 88' lang='lat' dir='ltr'>mererentur.</span> <span class='ocrx_word' id='word_1_849' title='bbox 2386 2273 2487 2321; x_wconf 88' lang='lat' dir='ltr'>Ergo</span> 
     </span>
     <span class='ocr_line' id='line_1_112' title="bbox 1432 2325 2105 2375; baseline -0.004 -12"><span class='ocrx_word' id='word_1_850' title='bbox 1432 2326 1556 2375; x_wconf 88' lang='lat' dir='ltr'>ipsum</span> <span class='ocrx_word' id='word_1_851' title='bbox 1588 2326 1742 2363; x_wconf 89' lang='lat' dir='ltr'>credere</span> <span class='ocrx_word' id='word_1_852' title='bbox 1772 2333 1828 2362; x_wconf 91' lang='lat' dir='ltr'>est</span> <span class='ocrx_word' id='word_1_853' title='bbox 1855 2325 2105 2362; x_wconf 90' lang='lat' dir='ltr'>meritorium.</span> 
     </span>
    </p>

    <p class='ocr_par' dir='ltr' id='par_1_27' title="bbox 1427 2377 2487 2905">
     <span class='ocr_line' id='line_1_113' title="bbox 1483 2377 2485 2428; baseline -0.001 -12"><span class='ocrx_word' id='word_1_854' title='bbox 1483 2381 1709 2416; x_wconf 65' lang='lat' dir='ltr'>Responnsso</span> <span class='ocrx_word' id='word_1_855' title='bbox 1730 2390 1913 2416; x_wconf 81' lang='lat' dir='ltr'>DICENDUM</span> <span class='ocrx_word' id='word_1_856' title='bbox 1931 2378 2048 2428; x_wconf 91' lang='lat' dir='ltr'>quod,</span> <span class='ocrx_word' id='word_1_857' title='bbox 2063 2378 2159 2415; x_wconf 93' lang='lat' dir='ltr'>sicut</span> <span class='ocrx_word' id='word_1_858' title='bbox 2177 2388 2291 2425; x_wconf 88' lang='lat' dir='ltr'>supra</span> <span class='ocrx_word' id='word_1_859' title='bbox 2306 2377 2326 2398; x_wconf 78' lang='lat'>’¹‘</span> <span class='ocrx_word' id='word_1_860' title='bbox 2346 2377 2485 2415; x_wconf 90' lang='lat' dir='ltr'>dictum</span> 
     </span>
     <span class='ocr_line' id='line_1_114' title="bbox 1431 2430 2487 2480; baseline 0 -12"><span class='ocrx_word' id='word_1_861' title='bbox 1431 2440 1497 2480; x_wconf 88' lang='lat' dir='ltr'>est,</span> <span class='ocrx_word' id='word_1_862' title='bbox 1527 2440 1632 2470; x_wconf 89' lang='lat' dir='ltr'>actus</span> <span class='ocrx_word' id='word_1_863' title='bbox 1660 2432 1778 2470; x_wconf 87' lang='lat' dir='ltr'>nostri</span> <span class='ocrx_word' id='word_1_864' title='bbox 1806 2439 1893 2469; x_wconf 91' lang='lat' dir='ltr'>sunt</span> <span class='ocrx_word' id='word_1_865' title='bbox 1927 2431 2108 2468; x_wconf 82' lang='lat' dir='ltr'>meritorii</span> <span class='ocrx_word' id='word_1_866' title='bbox 2144 2430 2367 2478; x_wconf 88' lang='lat' dir='ltr'>inquantum</span> <span class='ocrx_word' id='word_1_867' title='bbox 2400 2443 2487 2480; x_wconf 92' lang='lat' dir='ltr'>pro-</span> 
     </span>
     <span class='ocr_line' id='line_1_115' title="bbox 1430 2483 2484 2532; baseline -0.001 -10"><span class='ocrx_word' id='word_1_868' title='bbox 1430 2487 1576 2532; x_wconf 61' lang='lat' dir='ltr'>cedunt⁸</span> <span class='ocrx_word' id='word_1_869' title='bbox 1587 2498 1633 2522; x_wconf 87' lang='lat' dir='ltr'>ex</span> <span class='ocrx_word' id='word_1_870' title='bbox 1651 2485 1770 2522; x_wconf 89' lang='lat' dir='ltr'>libero</span> <span class='ocrx_word' id='word_1_871' title='bbox 1791 2483 1943 2522; x_wconf 91' lang='lat' dir='ltr'>arbitrio</span> <span class='ocrx_word' id='word_1_872' title='bbox 1962 2492 2069 2522; x_wconf 92' lang='lat' dir='ltr'>moto</span> <span class='ocrx_word' id='word_1_873' title='bbox 2089 2497 2112 2522; x_wconf 93' lang='lat' dir='ltr'>a</span> <span class='ocrx_word' id='word_1_874' title='bbox 2125 2484 2210 2520; x_wconf 93' lang='lat' dir='ltr'>Deo</span> <span class='ocrx_word' id='word_1_875' title='bbox 2229 2495 2298 2532; x_wconf 91' lang='lat' dir='ltr'>per</span> <span class='ocrx_word' id='word_1_876' title='bbox 2315 2485 2484 2531; x_wconf 88' lang='lat' dir='ltr'>gratiam.</span> 
     </span>
     <span class='ocr_line' id='line_1_116' title="bbox 1429 2536 2485 2586; baseline 0 -12"><span class='ocrx_word' id='word_1_877' title='bbox 1429 2538 1540 2575; x_wconf 91' lang='lat' dir='ltr'>Unde</span> <span class='ocrx_word' id='word_1_878' title='bbox 1569 2538 1694 2574; x_wconf 89' lang='lat' dir='ltr'>omnis</span> <span class='ocrx_word' id='word_1_879' title='bbox 1721 2545 1826 2574; x_wconf 89' lang='lat' dir='ltr'>actus</span> <span class='ocrx_word' id='word_1_880' title='bbox 1853 2538 2046 2575; x_wconf 88' lang='lat' dir='ltr'>humanus</span> <span class='ocrx_word' id='word_1_881' title='bbox 2074 2537 2138 2586; x_wconf 89' lang='lat' dir='ltr'>qui</span> <span class='ocrx_word' id='word_1_882' title='bbox 2157 2536 2349 2574; x_wconf 89' lang='lat' dir='ltr'>subiicitur</span> <span class='ocrx_word' id='word_1_883' title='bbox 2367 2536 2485 2574; x_wconf 91' lang='lat' dir='ltr'>libero</span> 
     </span>
     <span class='ocr_line' id='line_1_117' title="bbox 1429 2590 2485 2639; baseline 0 -12"><span class='ocrx_word' id='word_1_884' title='bbox 1429 2590 1594 2637; x_wconf 90' lang='lat' dir='ltr'>arbitrio,</span> <span class='ocrx_word' id='word_1_885' title='bbox 1624 2591 1654 2627; x_wconf 90' lang='lat' dir='ltr'>si</span> <span class='ocrx_word' id='word_1_886' title='bbox 1674 2591 1719 2628; x_wconf 89' lang='lat' dir='ltr'>sit</span> <span class='ocrx_word' id='word_1_887' title='bbox 1738 2591 1874 2627; x_wconf 91' lang='lat' dir='ltr'>relatus</span> <span class='ocrx_word' id='word_1_888' title='bbox 1899 2590 1938 2627; x_wconf 93' lang='lat' dir='ltr'>in</span> <span class='ocrx_word' id='word_1_889' title='bbox 1957 2591 2096 2638; x_wconf 87' lang='lat' dir='ltr'>Deum,</span> <span class='ocrx_word' id='word_1_890' title='bbox 2121 2597 2246 2639; x_wconf 91' lang='lat' dir='ltr'>potest</span> <span class='ocrx_word' id='word_1_891' title='bbox 2273 2590 2485 2627; x_wconf 91' lang='lat' dir='ltr'>meritorius</span> 
     </span>
     <span class='ocr_line' id='line_1_118' title="bbox 1429 2643 2485 2692; baseline 0 -12"><span class='ocrx_word' id='word_1_892' title='bbox 1429 2656 1522 2681; x_wconf 90' lang='lat' dir='ltr'>esse.</span> <span class='ocrx_word' id='word_1_893' title='bbox 1553 2645 1683 2692; x_wconf 91' lang='lat' dir='ltr'>Ipsum</span> <span class='ocrx_word' id='word_1_894' title='bbox 1711 2650 1840 2680; x_wconf 88' lang='lat' dir='ltr'>autem</span> <span class='ocrx_word' id='word_1_895' title='bbox 1874 2644 2028 2681; x_wconf 91' lang='lat' dir='ltr'>credere</span> <span class='ocrx_word' id='word_1_896' title='bbox 2057 2651 2113 2681; x_wconf 90' lang='lat' dir='ltr'>est</span> <span class='ocrx_word' id='word_1_897' title='bbox 2140 2649 2244 2680; x_wconf 90' lang='lat' dir='ltr'>actus</span> <span class='ocrx_word' id='word_1_898' title='bbox 2276 2643 2485 2680; x_wconf 88' lang='lat' dir='ltr'>intellectus</span> 
     </span>
     <span class='ocr_line' id='line_1_119' title="bbox 1428 2695 2485 2746; baseline 0 -13"><span class='ocrx_word' id='word_1_899' title='bbox 1428 2697 1662 2735; x_wconf 89' lang='lat' dir='ltr'>assentientis</span> <span class='ocrx_word' id='word_1_900' title='bbox 1686 2696 1830 2734; x_wconf 90' lang='lat' dir='ltr'>veritati</span> <span class='ocrx_word' id='word_1_901' title='bbox 1855 2696 2004 2734; x_wconf 89' lang='lat' dir='ltr'>divinae</span> <span class='ocrx_word' id='word_1_902' title='bbox 2033 2707 2079 2734; x_wconf 84' lang='lat' dir='ltr'>ex</span> <span class='ocrx_word' id='word_1_903' title='bbox 2104 2695 2265 2746; x_wconf 89' lang='lat' dir='ltr'>imperio</span> <span class='ocrx_word' id='word_1_904' title='bbox 2283 2696 2485 2734; x_wconf 89' lang='lat' dir='ltr'>voluntatis</span> 
     </span>
     <span class='ocr_line' id='line_1_120' title="bbox 1428 2749 2483 2798; baseline 0 -11"><span class='ocrx_word' id='word_1_905' title='bbox 1428 2762 1450 2787; x_wconf 92' lang='lat' dir='ltr'>a</span> <span class='ocrx_word' id='word_1_906' title='bbox 1476 2751 1561 2787; x_wconf 90' lang='lat' dir='ltr'>Deo</span> <span class='ocrx_word' id='word_1_907' title='bbox 1583 2757 1709 2787; x_wconf 90' lang='lat' dir='ltr'>motae</span> <span class='ocrx_word' id='word_1_908' title='bbox 1736 2762 1805 2798; x_wconf 91' lang='lat' dir='ltr'>per</span> <span class='ocrx_word' id='word_1_909' title='bbox 1831 2750 2001 2798; x_wconf 81' lang='lat' dir='ltr'>gratiam,</span> <span class='ocrx_word' id='word_1_910' title='bbox 2031 2757 2067 2787; x_wconf 87' lang='lat' dir='ltr'>et</span> <span class='ocrx_word' id='word_1_911' title='bbox 2094 2749 2147 2787; x_wconf 92' lang='lat' dir='ltr'>sic</span> <span class='ocrx_word' id='word_1_912' title='bbox 2174 2749 2343 2787; x_wconf 91' lang='lat' dir='ltr'>subiacet</span> <span class='ocrx_word' id='word_1_913' title='bbox 2365 2749 2483 2787; x_wconf 89' lang='lat' dir='ltr'>libero</span> 
     </span>
     <span class='ocr_line' id='line_1_121' title="bbox 1428 2802 2483 2840; baseline 0 0"><span class='ocrx_word' id='word_1_914' title='bbox 1428 2803 1581 2840; x_wconf 90' lang='lat' dir='ltr'>arbitrio</span> <span class='ocrx_word' id='word_1_915' title='bbox 1618 2803 1655 2840; x_wconf 90' lang='lat' dir='ltr'>in</span> <span class='ocrx_word' id='word_1_916' title='bbox 1685 2803 1816 2840; x_wconf 89' lang='lat' dir='ltr'>ordine</span> <span class='ocrx_word' id='word_1_917' title='bbox 1853 2802 1902 2839; x_wconf 89' lang='lat' dir='ltr'>ad</span> <span class='ocrx_word' id='word_1_918' title='bbox 1930 2804 2068 2840; x_wconf 89' lang='lat' dir='ltr'>Deum.</span> <span class='ocrx_word' id='word_1_919' title='bbox 2115 2803 2226 2840; x_wconf 89' lang='lat' dir='ltr'>Unde</span> <span class='ocrx_word' id='word_1_920' title='bbox 2260 2810 2365 2840; x_wconf 84' lang='lat' dir='ltr'>actus</span> <span class='ocrx_word' id='word_1_921' title='bbox 2393 2802 2483 2840; x_wconf 93' lang='lat' dir='ltr'>fidei</span> 
     </span>
     <span class='ocr_line' id='line_1_122' title="bbox 1427 2855 1914 2905; baseline -0.002 -12"><span class='ocrx_word' id='word_1_922' title='bbox 1427 2864 1551 2905; x_wconf 89' lang='lat' dir='ltr'>potest</span> <span class='ocrx_word' id='word_1_923' title='bbox 1578 2868 1661 2893; x_wconf 89' lang='lat' dir='ltr'>esse</span> <span class='ocrx_word' id='word_1_924' title='bbox 1690 2855 1914 2893; x_wconf 88' lang='lat' dir='ltr'>meritorius.</span> 
     </span>
    </p>

    <p class='ocr_par' dir='ltr' id='par_1_28' title="bbox 1424 2908 2483 3382">
     <span class='ocr_line' id='line_1_123' title="bbox 1479 2908 2483 2957; baseline -0.001 -10"><span class='ocrx_word' id='word_1_925' title='bbox 1479 2912 1538 2947; x_wconf 85' lang='lat' dir='ltr'>An</span> <span class='ocrx_word' id='word_1_926' title='bbox 1558 2921 1694 2947; x_wconf 76' lang='lat' dir='ltr'>PRlMUM</span> <span class='ocrx_word' id='word_1_927' title='bbox 1713 2920 1811 2946; x_wconf 86' lang='lat' dir='ltr'>1-:Roo</span> <span class='ocrx_word' id='word_1_928' title='bbox 1835 2920 2018 2946; x_wconf 78' lang='lat' dir='ltr'>uicENDUM</span> <span class='ocrx_word' id='word_1_929' title='bbox 2037 2908 2141 2956; x_wconf 91' lang='lat' dir='ltr'>quod</span> <span class='ocrx_word' id='word_1_930' title='bbox 2170 2916 2304 2945; x_wconf 90' lang='lat' dir='ltr'>natura</span> <span class='ocrx_word' id='word_1_931' title='bbox 2327 2920 2483 2957; x_wconf 88' lang='lat' dir='ltr'>compa-</span> 
     </span>
     <span class='ocr_line' id='line_1_124' title="bbox 1428 2961 2480 3010; baseline -0.002 -10"><span class='ocrx_word' id='word_1_932' title='bbox 1428 2970 1529 3000; x_wconf 89' lang='lat' dir='ltr'>ratur</span> <span class='ocrx_word' id='word_1_933' title='bbox 1550 2962 1599 2999; x_wconf 92' lang='lat' dir='ltr'>ad</span> <span class='ocrx_word' id='word_1_934' title='bbox 1622 2962 1824 3008; x_wconf 89' lang='lat' dir='ltr'>caritatem,</span> <span class='ocrx_word' id='word_1_935' title='bbox 1849 2974 1948 3010; x_wconf 91' lang='lat' dir='ltr'>quae</span> <span class='ocrx_word' id='word_1_936' title='bbox 1973 2969 2028 2998; x_wconf 91' lang='lat' dir='ltr'>est</span> <span class='ocrx_word' id='word_1_937' title='bbox 2050 2961 2222 2998; x_wconf 91' lang='lat' dir='ltr'>merendi</span> <span class='ocrx_word' id='word_1_938' title='bbox 2240 2961 2480 3010; x_wconf 88' lang='lat' dir='ltr'>principium,</span> 
     </span>
     <span class='ocr_line' id='line_1_125' title="bbox 1427 3014 2482 3063; baseline -0.001 -10"><span class='ocrx_word' id='word_1_939' title='bbox 1427 3016 1522 3053; x_wconf 91' lang='lat' dir='ltr'>sicut</span> <span class='ocrx_word' id='word_1_940' title='bbox 1550 3016 1707 3053; x_wconf 89' lang='lat' dir='ltr'>materia</span> <span class='ocrx_word' id='word_1_941' title='bbox 1726 3015 1775 3052; x_wconf 91' lang='lat' dir='ltr'>ad</span> <span class='ocrx_word' id='word_1_942' title='bbox 1794 3015 1971 3052; x_wconf 87' lang='lat' dir='ltr'>formam.</span> <span class='ocrx_word' id='word_1_943' title='bbox 2000 3014 2113 3052; x_wconf 90' lang='lat' dir='ltr'>Fides</span> <span class='ocrx_word' id='word_1_944' title='bbox 2132 3022 2259 3051; x_wconf 89' lang='lat' dir='ltr'>autem</span> <span class='ocrx_word' id='word_1_945' title='bbox 2288 3026 2482 3063; x_wconf 89' lang='lat' dir='ltr'>compara-</span> 
     </span>
     <span class='ocr_line' id='line_1_126' title="bbox 1426 3067 2481 3116; baseline -0.002 -10"><span class='ocrx_word' id='word_1_946' title='bbox 1426 3078 1486 3106; x_wconf 92' lang='lat' dir='ltr'>tur</span> <span class='ocrx_word' id='word_1_947' title='bbox 1504 3069 1551 3106; x_wconf 90' lang='lat' dir='ltr'>ad</span> <span class='ocrx_word' id='word_1_948' title='bbox 1577 3069 1768 3106; x_wconf 90' lang='lat' dir='ltr'>caritatem</span> <span class='ocrx_word' id='word_1_949' title='bbox 1797 3068 1892 3105; x_wconf 92' lang='lat' dir='ltr'>sicut</span> <span class='ocrx_word' id='word_1_950' title='bbox 1920 3067 2116 3116; x_wconf 91' lang='lat' dir='ltr'>dispositio</span> <span class='ocrx_word' id='word_1_951' title='bbox 2143 3067 2376 3116; x_wconf 90' lang='lat' dir='ltr'>praecedens</span> <span class='ocrx_word' id='word_1_952' title='bbox 2401 3067 2481 3104; x_wconf 83' lang='lat' dir='ltr'>ulti-</span> 
     </span>
     <span class='ocr_line' id='line_1_127' title="bbox 1427 3120 2479 3169; baseline -0.002 -10"><span class='ocrx_word' id='word_1_953' title='bbox 1427 3135 1530 3160; x_wconf 90' lang='lat' dir='ltr'>mam</span> <span class='ocrx_word' id='word_1_954' title='bbox 1560 3122 1736 3159; x_wconf 91' lang='lat' dir='ltr'>formam.</span> <span class='ocrx_word' id='word_1_955' title='bbox 1767 3121 2012 3158; x_wconf 87' lang='lat' dir='ltr'>Manifestum</span> <span class='ocrx_word' id='word_1_956' title='bbox 2041 3129 2096 3158; x_wconf 89' lang='lat' dir='ltr'>est</span> <span class='ocrx_word' id='word_1_957' title='bbox 2115 3128 2243 3158; x_wconf 89' lang='lat' dir='ltr'>autem</span> <span class='ocrx_word' id='word_1_958' title='bbox 2269 3120 2373 3169; x_wconf 90' lang='lat' dir='ltr'>quod</span> <span class='ocrx_word' id='word_1_959' title='bbox 2393 3120 2479 3157; x_wconf 90' lang='lat' dir='ltr'>sub·</span> 
     </span>
     <span class='ocr_line' id='line_1_128' title="bbox 1425 3173 2479 3223; baseline -0.004 -10"><span class='ocrx_word' id='word_1_960' title='bbox 1425 3176 1564 3213; x_wconf 90' lang='lat' dir='ltr'>iectum</span> <span class='ocrx_word' id='word_1_961' title='bbox 1597 3176 1658 3213; x_wconf 91' lang='lat' dir='ltr'>vel</span> <span class='ocrx_word' id='word_1_962' title='bbox 1683 3174 1841 3212; x_wconf 85' lang='lat' dir='ltr'>materia</span> <span class='ocrx_word' id='word_1_963' title='bbox 1863 3186 1942 3212; x_wconf 89' lang='lat' dir='ltr'>non</span> <span class='ocrx_word' id='word_1_964' title='bbox 1960 3181 2086 3223; x_wconf 91' lang='lat' dir='ltr'>potest</span> <span class='ocrx_word' id='word_1_965' title='bbox 2118 3186 2229 3222; x_wconf 87' lang='lat' dir='ltr'>agere</span> <span class='ocrx_word' id='word_1_966' title='bbox 2254 3173 2291 3210; x_wconf 92' lang='lat' dir='ltr'>in</span> <span class='ocrx_word' id='word_1_967' title='bbox 2307 3178 2325 3194; x_wconf 76' lang='lat'>²</span> <span class='ocrx_word' id='word_1_968' title='bbox 2343 3173 2479 3210; x_wconf 86' lang='lat' dir='ltr'>virtute</span> 
     </span>
     <span class='ocr_line' id='line_1_129' title="bbox 1426 3225 2478 3276; baseline -0.003 -11"><span class='ocrx_word' id='word_1_969' title='bbox 1426 3230 1582 3275; x_wconf 90' lang='lat' dir='ltr'>formae,</span> <span class='ocrx_word' id='word_1_970' title='bbox 1612 3240 1736 3276; x_wconf 87' lang='lat' dir='ltr'>neque</span> <span class='ocrx_word' id='word_1_971' title='bbox 1765 3227 1877 3264; x_wconf 88' lang='lat' dir='ltr'>etiam</span> <span class='ocrx_word' id='word_1_972' title='bbox 1906 3227 2101 3276; x_wconf 92' lang='lat' dir='ltr'>dispositio</span> <span class='ocrx_word' id='word_1_973' title='bbox 2135 3225 2383 3275; x_wconf 86' lang='lat' dir='ltr'>praecedens,</span> <span class='ocrx_word' id='word_1_974' title='bbox 2413 3238 2478 3262; x_wconf 90' lang='lat' dir='ltr'>an-</span> 
     </span>
     <span class='ocr_line' id='line_1_130' title="bbox 1425 3279 2478 3330; baseline -0.004 -11"><span class='ocrx_word' id='word_1_975' title='bbox 1425 3291 1578 3330; x_wconf 89' lang='lat' dir='ltr'>tequam</span> <span class='ocrx_word' id='word_1_976' title='bbox 1616 3282 1739 3318; x_wconf 85' lang='lat' dir='ltr'>forma</span> <span class='ocrx_word' id='word_1_977' title='bbox 1771 3280 1960 3317; x_wconf 88' lang='lat' dir='ltr'>adveniat.</span> <span class='ocrx_word' id='word_1_978' title='bbox 2005 3280 2081 3317; x_wconf 89' lang='lat' dir='ltr'>Sed</span> <span class='ocrx_word' id='word_1_979' title='bbox 2114 3287 2317 3329; x_wconf 89' lang='lat' dir='ltr'>postquam</span> <span class='ocrx_word' id='word_1_980' title='bbox 2356 3279 2478 3315; x_wconf 88' lang='lat' dir='ltr'>forma</span> 
     </span>
     <span class='ocr_line' id='line_1_131' title="bbox 1424 3330 2478 3382; baseline -0.005 -10"><span class='ocrx_word' id='word_1_981' title='bbox 1424 3334 1631 3380; x_wconf 85' lang='lat' dir='ltr'>advenerit,</span> <span class='ocrx_word' id='word_1_982' title='bbox 1660 3342 1736 3371; x_wconf 86' lang='lat' dir='ltr'>tam</span> <span class='ocrx_word' id='word_1_983' title='bbox 1767 3333 1977 3370; x_wconf 88' lang='lat' dir='ltr'>subiectum</span> <span class='ocrx_word' id='word_1_984' title='bbox 2003 3345 2118 3382; x_wconf 85' lang='lat' dir='ltr'>quam</span> <span class='ocrx_word' id='word_1_985' title='bbox 2149 3330 2342 3381; x_wconf 87' lang='lat' dir='ltr'>dispositio</span> <span class='ocrx_word' id='word_1_986' title='bbox 2370 3343 2478 3380; x_wconf 92' lang='lat' dir='ltr'>prae-</span> 
     </span>
    </p>
   </div>
   <div class='ocr_carea' id='block_1_21' title="bbox 2516 1767 2726 1795">
    <p class='ocr_par' dir='ltr' id='par_1_29' title="bbox 2516 1767 2726 1795">
     <span class='ocr_line' id='line_1_132' title="bbox 2516 1767 2726 1795; baseline 0.005 -6"><span class='ocrx_word' id='word_1_987' title='bbox 2516 1768 2526 1777; x_wconf 87' lang='lat'>&#39;</span> <span class='ocrx_word' id='word_1_988' title='bbox 2536 1767 2584 1795; x_wconf 89' lang='lat' dir='ltr'>Qu.</span> <span class='ocrx_word' id='word_1_989' title='bbox 2596 1774 2673 1794; x_wconf 75' lang='lat' dir='ltr'>xxxiv,</span> <span class='ocrx_word' id='word_1_990' title='bbox 2683 1771 2726 1790; x_wconf 84' lang='lat' dir='ltr'>art.</span> 
     </span>
    </p>
   </div>
   <div class='ocr_carea' id='block_1_22' title="bbox 2514 2381 2723 2436">
    <p class='ocr_par' dir='ltr' id='par_1_30' title="bbox 2514 2381 2723 2436">
     <span class='ocr_line' id='line_1_133' title="bbox 2515 2381 2723 2410; baseline 0.005 -7"><span class='ocrx_word' id='word_1_991' title='bbox 2515 2382 2550 2403; x_wconf 67' lang='lat'>⁶1²</span> <span class='ocrx_word' id='word_1_992' title='bbox 2556 2381 2652 2410; x_wconf 77' lang='lat' dir='ltr'>11¹⁸,qu.</span> <span class='ocrx_word' id='word_1_993' title='bbox 2662 2388 2723 2410; x_wconf 72' lang='lat' dir='ltr'>cxiv,</span> 
     </span>
     <span class='ocr_line' id='line_1_134' title="bbox 2514 2412 2625 2436; baseline 0 -6"><span class='ocrx_word' id='word_1_994' title='bbox 2514 2412 2556 2430; x_wconf 82' lang='lat' dir='ltr'>art.</span> <span class='ocrx_word' id='word_1_995' title='bbox 2571 2414 2590 2436; x_wconf 85' lang='lat'>3,</span> <span class='ocrx_word' id='word_1_996' title='bbox 2603 2415 2625 2435; x_wconf 85' lang='grc'>4.</span> 
     </span>
    </p>
   </div>
  </div>
 </body>
</html>
