2892 4056
164 1417 174 1425 ⁴
189 1415 245 1442 Cap.
261 1419 340 1436 xcviii.

166 2209 175 2218 ⁸
190 2208 256 2229 Vers.
273 2208 307 2230 28.

262 2266 278 2291 Υ

166 2537 311 2585 'Indarticulis
317 2543 379 2565 prae·

168 2570 192 2585 ce
212 2581 218 2586 .

168 2743 177 2751 ⁸
193 2742 220 2763 D.
235 2748 280 2770 3¹7-

168 2957 178 2965 ·
192 2956 242 2976 Art.
259 2960 280 2982 7.

409 199 483 224 222

409 278 509 315 quae
537 279 631 303 vero
660 266 771 303 nobis
809 266 856 303 de
885 267 982 303 facili
1016 267 1248 315 proveniunt
1282 271 1468 317 quodam-

407 320 526 357 modo
557 319 850 356 contemnimus.

461 375 520 410 An
540 385 678 410 PRlMUM
702 384 800 409 ERGO
820 384 1003 409 D1CEND1JM
1032 372 1137 421 quod
1165 373 1204 410 in
1227 375 1469 412 benefactore

409 434 464 463 est
492 434 533 463 ut
565 426 809 462 beneficiatus
838 432 1070 474 provocetur
1098 426 1146 462 ad
1175 426 1300 475 ipsum
1338 441 1470 466 arnan-

409 479 514 516 dum.
544 479 770 515 Benefactor
798 486 926 515 autem
957 478 1073 525 diligit
1101 479 1371 519 beneficIatum
1392 495 1470 519 non

408 533 514 581 quasi
541 539 774 581 provocatus
803 533 849 568 ab
878 531 963 579 illo,
1001 532 1068 568 sed
1097 545 1143 569 ex
1171 534 1295 583 seipso
1330 544 1468 573 motus.

409 585 524 632 Quod
563 593 690 621 autem
720 593 775 621 est
811 597 855 621 ex
884 597 924 621 se
959 585 1086 633 potius
1122 594 1177 624 est
1206 600 1252 625 eo
1282 589 1387 636 quod
1417 598 1471 626 est

406 651 475 687 per
502 638 616 674 aliud.

459 693 517 727 Ao
546 702 736 727 SECUNDUM
765 702 949 727 DICENDUM
983 692 1089 739 quod
1117 704 1227 730 amor
1255 694 1470 734 beneficiati

407 745 455 781 ad
475 743 758 780 benefactorem
780 750 835 788 est
863 744 985 791 magis
1005 744 1170 783 debitus:
1201 754 1237 783 et
1265 747 1352 784 ideo
1383 762 1472 787 con-

405 797 562 834 trarium
605 797 721 833 habet
763 796 953 834 rationem
995 798 1151 835 maioris
1192 801 1350 848 peccati.
1395 803 1472 841 Sed

455 907 482 940 λ)
504 909 653 942 diligimus.
671 924 690 929 -
709 910 855 944 diligamus
874 911 945 936 PDa.

1054 190 1320 235 QUAESTIO
1349 191 1492 240 xxvi,

1522 192 1817 229 ARTICULUS
1847 194 1934 229 Xlll

1523 282 1634 306 amor
1675 270 1927 307 benefactoris
1969 272 2017 308 ad
2058 272 2327 312 beneficiatum
2371 282 2426 311 est
2462 274 2584 323 magis

1523 331 1774 371 spontaneus:
1804 331 1841 360 et
1868 324 1956 361 ideo
1993 324 2109 362 habet
2136 326 2322 364 maiorem
2357 328 2583 377 promptitu-

1525 376 1666 413 dinem.

1577 431 1635 466 An
1663 440 1823 467 TER-num
1851 441 2036 467 montinum
2073 431 2177 478 quod
2205 432 2310 469 Deus
2347 432 2461 470 etiam
2498 434 2585 482 plus

1524 495 1594 519 nos
1615 482 1732 530 diligit
1751 494 1867 532 quarn
1896 495 1967 520 nos
1988 495 2076 519 eum
2097 483 2285 532 diligimus
2303 483 2334 521 λε
2356 493 2392 522 et
2409 494 2586 534 parentes

1523 537 1608 585 plus
1637 535 1794 584 diligunt
1819 536 1918 573 filios
1953 548 2070 584 quam
2100 537 2147 573 ab
2178 537 2230 574 eis
2260 537 2470 586 diligantur.
2501 540 2586 576 Nec

1523 598 1652 627 tamen
1680 597 1830 638 oportet
1857 589 1963 638 quod
1997 589 2188 638 quoslibet
2214 589 2468 629 beneficiatos
2500 593 2586 641 plus

1525 643 1724 691 diligamus
1754 643 1982 692 quibuslibet
2014 643 2331 681 benefactoribus,
2365 645 2587 682 Benefacto-

1524 710 1584 733 res
1614 697 1715 734 enim
1740 710 1762 734 a
1782 697 1920 745 quibus
1947 696 2114 733 maxima
2142 696 2330 733 beneficia
2357 698 2585 746 recepimus,

1524 750 1663 788 scilicet
1690 751 1818 787 Deum
1839 757 1875 786 et
1893 757 2081 798 parentes,
2102 749 2353 798 praeferimus
2371 751 2430 788 his
2449 751 2588 800 quibus

1525 804 1653 852 aliqua
1680 804 1831 841 minora
1858 802 2046 840 beneficia
2074 802 2347 851 impendimus.

1090 1028 1409 1073 ARTICULUS
1440 1031 1922 1074 DECIMUSTERTIUS

960 1109 1117 1140 UTRUM
1141 1110 1263 1142 ORDO
1288 1111 1520 1144 CAR1TAT1s
1544 1114 1785 1144 REMANEAT
1810 1114 1852 1144 IN
1875 1114 2035 1144 PATRIA

892 1178 924 1202 ΙΙΙ
944 1178 1028 1208 Sent„
1048 1179 1107 1204 dist.
1126 1187 1192 1211 xxxi,
1211 1189 1255 1213 qu.
1274 1189 1302 1212 11,
1321 1186 1368 1206 art.
1390 1182 1413 1212 3,
1432 1183 1483 1215 qu·
1506 1190 1527 1213 1,
1548 1190 1577 1213 2;
1598 1184 1639 1208 De
1660 1184 1763 1213 Vir-tut„
1783 1191 1828 1216 qu,
1846 1191 1874 1215 ιι,
1893 1188 1941 1208 art.
1960 1191 1987 1217 9,
2008 1184 2039 1208 ad
2062 1191 2101 1208 12.

464 1300 479 1322 *⁴
530 1303 593 1352 ''3'ss
617 1303 723 1349 quod
756 1302 853 1338 ordo
891 1302 1054 1339 caritatis
1092 1315 1171 1340 non
1209 1312 1408 1341 remaneat
1436 1304 1473 1341 in

435 1364 534 1400 “flua
585 1354 750 1403 patria.
779 1355 880 1391 Dicit
909 1355 1011 1392 enim
1030 1358 1279 1405 Augustinus,
1309 1357 1348 1394 in
1376 1357 1474 1394 libro

460 1384 550 1437 ἐῶ
571 1400 663 1444 &de
698 1409 795 1445 Vera
823 1409 948 1459 Relig.
969 1409 1008 1445 *z
1037 1410 1210 1458 Perfecta
1247 1411 1387 1448 caritas
1420 1416 1475 1447 est

405 1467 446 1498 ut
466 1461 554 1509 plus
575 1461 729 1508 potiora
749 1462 860 1508 bona,
880 1468 916 1498 et
932 1462 1058 1499 minus
1080 1464 1231 1500 minora
1255 1465 1471 1514 diligamuS.

406 1515 482 1551 Sed
511 1514 550 1550 in
568 1514 688 1561 patria
708 1515 776 1551 erit
800 1516 968 1563 perfecta
997 1517 1143 1554 caritas.
1173 1518 1276 1566 Ergo
1303 1519 1390 1566 plus
1420 1517 1473 1554 di-

403 1568 492 1615 liget
519 1568 654 1615 aliquis
689 1568 888 1605 meliorem
914 1581 1043 1627 xquam
1079 1570 1249 1619 seipsum
1271 1576 1288 1592 ‘²
1306 1572 1370 1608 vel
1402 1570 1474 1607 sibi

406 1629 669 1658 coniunctum.

460 1686 495 1711 2.
518 1676 752 1721 PRAETEREA,
782 1674 841 1711 ille
869 1675 990 1722 magis
1009 1683 1160 1712 amatur
1180 1676 1240 1713 cui
1260 1677 1385 1714 maius
1405 1677 1473 1713 bo-

403 1740 499 1764 num
519 1729 715 1764 volumus.
739 1728 816 1764 Sed
836 1728 994 1777 quilibet
1011 1728 1050 1765 in
1068 1729 1189 1777 patria
1210 1730 1373 1767 existens
1393 1730 1474 1767 vult

403 1781 527 1817 maius
547 1781 695 1818 bonum
716 1781 750 1817 ei
773 1782 838 1830 qui
858 1782 942 1830 plus
967 1782 1114 1818 bonum
1138 1783 1274 1819 habet:
1304 1783 1472 1831 alioquin

403 1835 582 1871 voluntas
617 1834 697 1871 eius
735 1847 813 1872 non
842 1847 911 1883 per
939 1834 1071 1872 omnia
1106 1835 1258 1873 divinae
1285 1837 1474 1873 voluntati

404 1888 722 1925 conformaretur.
753 1888 807 1924 Ibi
828 1895 958 1925 autem
986 1889 1072 1937 plus
1101 1889 1247 1926 bonum
1272 1890 1390 1927 habet
1409 1890 1473 1939 qui

403 1941 541 1978 melior
570 1949 637 1978 est.
667 1943 770 1989 Ergo
799 1942 837 1978 in
865 1941 987 1990 patria
1015 1941 1173 1990 quilibet
1200 1943 1321 1991 magis
1347 1942 1475 1991 diliget

405 1994 606 2045 meliorem
627 1994 653 2031 β.
684 1996 733 2032 Et
760 1994 811 2031 ita
839 1995 961 2043 magis
989 1995 1105 2031 alium
1135 2008 1252 2044 quam
1281 1996 1471 2045 seipsum,

405 2056 441 2085 et
469 2056 691 2085 extraneum
723 2060 840 2097 quam
869 2048 1145 2098 propinquum.

460 2103 495 2139 3.
521 2103 764 2148 PRAETEREA,
794 2109 873 2138 tota
902 2101 996 2138 ratio
1028 2102 1239 2139 dilectionis
1276 2103 1314 2139 in
1352 2102 1474 2152 patria

403 2156 510 2192 Deus
540 2155 625 2192 erit:
659 2162 749 2192 tunc
778 2155 880 2192 enim
910 2155 1130 2204 implebitur
1161 2157 1266 2204 quod
1295 2156 1430 2193 dicitur
1459 2157 1471 2191 l

404 2209 454 2245 ad
473 2210 560 2246 Cor.
576 2221 624 2245 xv
638 2208 674 2245 *ε
705 2210 755 2246 Ut
770 2209 816 2245 sit
829 2209 935 2245 Deus
954 2210 1083 2246 omnia
1099 2209 1136 2245 in
1157 2210 1343 2246 omnibus.
1368 2210 1471 2257 Ergo

405 2262 525 2310 magis
554 2262 717 2309 diligitur
734 2266 749 2290 Υ
778 2262 845 2311 qui
874 2269 929 2299 est
947 2263 1032 2298 Deo
1061 2262 1324 2311 propinquior.
1355 2263 1404 2299 Et
1423 2262 1473 2298 ita

404 2315 541 2364 aliquis
569 2315 691 2363 magis
729 2315 855 2363 diliget
891 2315 1095 2352 meliorem
1133 2328 1250 2364 quam
1280 2316 1470 2364 seipsum,

405 2377 441 2405 et
470 2376 691 2405 extraneum
722 2380 838 2417 quarn
867 2368 1128 2405 coniunctum.

459 2423 533 2459 SED
562 2433 709 2458 CONTRA
736 2433 803 2458 EST
840 2421 929 2469 quia
962 2429 1096 2459 natura
1129 2434 1207 2458 non
1235 2421 1376 2458 tollitur
1402 2434 1473 2470 per

403 2475 575 2523 gloriam,
605 2475 674 2511 sed
701 2474 906 2523 perficitur.
938 2475 1047 2512 Ordo
1074 2482 1202 2511 autem
1230 2474 1392 2511 caritatis
1412 2487 1473 2511 su—

403 2528 507 2577 pra*
521 2528 669 2577 positus
698 2539 743 2564 ex
768 2528 849 2577 ipsa
874 2536 1008 2564 natura
1027 2528 1211 2576 procedit.
1241 2528 1383 2565 Omnia
1407 2541 1472 2565 au-

403 2589 482 2618 tem
512 2581 729 2618 naturaliter
755 2582 841 2630 plus
869 2594 910 2618 se
939 2593 1057 2629 quarn
1087 2581 1161 2618 alia
1188 2589 1331 2618 amant.
1367 2582 1469 2630 Ergo

403 2635 471 2672 iste
501 2635 597 2672 ordo
628 2634 788 2671 caritatis
816 2635 1029 2672 remanebit
1056 2634 1094 2671 in
1122 2634 1255 2683 patria.

460 2689 685 2725 RESPONDEO
705 2700 888 2726 DmENDUM
919 2688 1022 2736 quod
1042 2700 1199 2725 necesse
1220 2694 1275 2724 est
1294 2687 1469 2724 ordinem

407 2742 568 2778 caritatis
585 2753 783 2778 remanere
799 2741 836 2778 in
850 2741 1195 2790 patria*quantum
1212 2741 1260 2778 ad
1275 2741 1351 2778 hoc
1365 2741 1471 2789 quod

406 2796 512 2831 Deus
534 2803 589 2832 est
608 2807 724 2843 super
743 2795 874 2831 omnia
893 2795 1118 2843 diligendus.
1149 2795 1235 2831 Hoc
1260 2794 1362 2831 enirn
1383 2794 1472 2831 sim-

406 2848 550 2897 pliciter
579 2848 648 2885 erit
666 2856 768 2894 tunc,
790 2849 943 2896 quando
971 2849 1092 2884 homo
1121 2848 1287 2897 perfecte
1308 2860 1355 2884 eo
1376 2848 1473 2884 frue-

406 2908 478 2938 tur.
518 2902 595 2938 Sed
624 2903 670 2938 de
704 2901 838 2939 ordine
876 2901 934 2938 sui
971 2901 1088 2950 ipsius
1125 2901 1174 2938 ad
1212 2901 1307 2938 alios
1345 2901 1472 2938 distin-

406 2955 602 3001 guendum
622 2955 784 2992 videtur.
816 2955 918 3001 Quia
945 2954 1040 2991 sicut
1064 2966 1178 3003 supra
1196 2953 1216 2975 *
1240 2953 1383 2991 dictum
1405 2961 1471 3000 est,

408 3007 619 3044 dilectionis
647 3008 786 3055 gradus
816 3008 992 3055 distingui
1020 3015 1146 3056 potest
1168 3008 1231 3043 vel
1260 3007 1470 3044 secundum

407 3060 660 3098 differentiam
689 3062 780 3098 boni
810 3061 914 3111 quod
943 3061 1027 3109 quis
1048 3061 1106 3097 alii
1133 3067 1306 3108 exoptat3
1335 3061 1397 3097 vel
1418 3073 1474 3097 se-

408 3114 578 3150 cundum
612 3114 864 3152 intensionem
901 3114 1122 3152 dilectionis.
1159 3113 1288 3150 Primo
1318 3113 1473 3162 quidem

409 3167 528 3204 modo
548 3168 632 3216 plus
654 3168 778 3215 diliget
802 3168 979 3205 meliores
1003 3179 1120 3215 quam
1146 3167 1327 3215 seipsum,
1348 3166 1474 3203 minus

407 3233 502 3257 vero
532 3220 658 3257 minus
688 3221 823 3258 bonos.
862 3222 975 3258 Volet
1008 3220 1110 3257 enim
1146 3219 1304 3269 quilibet
1340 3220 1474 3256 beatus

408 3286 726 3323 unumquemque
755 3274 896 3311 habere
926 3275 1031 3322 quod
1061 3273 1131 3310 sibi
1158 3273 1318 3310 debetur
1341 3285 1473 3310 secun-

468 3387 495 3418 α)
514 3386 638 3418 seipsum.
656 3400 675 3404 -
693 3386 733 3410 vel
751 3386 865 3417 seipsum
884 3386 914 3410 Ρ.

434 3457 439 3462 .
464 3420 488 3454 β)
510 3418 610 3455 Ergo...
630 3421 774 3446 meliorem.
791 3434 810 3440 —
829 3421 890 3445 Om.
914 3421 1173 3453 ABDEFGHIKLpC
1193 3426 1218 3445 et
1236 3428 1286 3451 xm
1306 3429 1354 3454 pro
1371 3421 1469 3450 alium,

411 3457 500 3525 diligt?
509 3465 639 3525 diligitur.
659 3506 676 3510 —
696 3492 825 3525 diligetur
844 3491 877 3517 G.

469 1269 496 1284 ,ι
518 1268 564 1303 34-
573 1273 591 1318 (
616 1260 638 1285 D
654 1260 979 1286 TERTIUMDECIMUM
994 1261 1047 1286 s1c
1067 1251 1486 1288 PROCEmTURNidetur'

1526 1254 1618 1291 dum
1647 1254 1818 1291 divinam
1845 1254 2046 1302 iustitiam,
2079 1261 2236 1304 propter
2262 1255 2472 1303 perfectam
2501 1270 2591 1296 con-

1524 1306 1755 1344 formitatem
1775 1308 1981 1344 voluntatis
2008 1308 2201 1344 humanae
2226 1308 2275 1345 ad
2295 1307 2478 1346 divinam.
2507 1311 2591 1348 Nec

1524 1367 1616 1396 tunc
1635 1360 1704 1397 erit
1722 1368 1875 1410 tempus
1902 1360 2128 1409 proficiendi
2147 1373 2216 1409 per
2236 1361 2415 1399 meritum
2441 1363 2490 1400 ad
2509 1375 2591 1401 ma-

1524 1413 1582 1450 ius
1601 1413 1831 1462 praemium,
1861 1413 1958 1450 sicut
1984 1426 2086 1451 nunc
2114 1413 2260 1462 accidit,
2290 1415 2446 1463 quando
2465 1423 2593 1465 potest

1523 1467 1645 1503 homo
1675 1467 1842 1504 melioris
1865 1465 1878 1489 ⁶
1903 1474 1940 1504 et
1966 1467 2146 1505 virtutem
2180 1474 2216 1503 et
2247 1468 2464 1516 praemium
2493 1469 2592 1507 desi-

1526 1519 1680 1557 derare:
1720 1521 1787 1557 sed
1824 1528 1915 1557 tunc
1946 1522 2123 1558 voluntas
2159 1521 2461 1570 uniuscuiusque
2496 1523 2592 1561 infra

1524 1573 1599 1609 hoc
1628 1573 1732 1610 sistet
1760 1574 1867 1621 quod
1895 1581 1952 1610 est
1979 1574 2273 1611 determinatum
2303 1575 2496 1612 divinitus.

1579 1626 1759 1663 Secundo
1788 1638 1883 1663 vero
1911 1627 2032 1664 modo
2065 1627 2199 1676 aliquis
2226 1628 2312 1676 plus
2337 1628 2507 1677 seipsum
2536 1628 2590 1667 di-

1523 1679 1612 1726 liget
1631 1691 1747 1728 quam
1767 1679 1997 1728 proximum,
2014 1680 2127 1717 etiam
2146 1681 2347 1718 meliorem
2361 1681 2393 1718 ²⁸.
2415 1681 2516 1728 Quia
2534 1681 2590 1720 in-

1523 1732 1646 1768 tensio
1667 1740 1773 1770 actus
1793 1732 2003 1770 dilectionis
2029 1733 2207 1782 provenit
2235 1746 2281 1771 ex
2303 1741 2411 1783 parte
2430 1734 2590 1773 subiecti

1525 1784 1724 1833 diligentis,
1745 1793 1786 1822 ut
1811 1798 1926 1834 supra
1947 1786 1967 1807 *
1985 1786 2128 1823 dictum
2149 1793 2215 1824 est.
2245 1787 2294 1823 Et
2312 1788 2360 1824 ad
2380 1788 2455 1824 hoc
2475 1787 2589 1825 etiam
2617 1795 2627 1807 ’

1526 1838 1674 1875 donum
1704 1838 1866 1875 caritatis
1903 1839 2110 1888 unicuique
2143 1840 2335 1876 confertur
2362 1852 2384 1877 a
2412 1841 2520 1888 Deo,
2549 1848 2591 1878 ut

1524 1891 1649 1940 primo
1679 1891 1838 1940 quidem
1866 1899 2037 1929 mentem
2066 1904 2176 1929 suam
2203 1893 2242 1930 in
2270 1894 2399 1930 Deum
2428 1893 2588 1942 ordinet,

1523 1944 1630 1994 quod
1657 1945 1820 1993 pertinet
1847 1945 1897 1982 ad
1926 1945 2168 1982 dilectionem
2198 1945 2256 1983 sui
2283 1945 2421 1994 ipsius3
2456 1958 2591 1984 secun-

1525 1997 1632 2034 dario
1659 2010 1755 2035 vero
1785 1999 1961 2035 ordinem
1990 1998 2152 2036 aliorum
2182 1999 2221 2036 in
2248 1999 2376 2036 Deum
2401 1999 2505 2047 velit,
2525 2000 2590 2038 vel

1525 2051 1638 2087 etiam
1659 2059 1838 2101 operetur
1857 2052 2070 2089 secundum
2091 2063 2204 2089 suum
2223 2052 2399 2089 modum.

1578 2105 1657 2141 Sed
1682 2112 1869 2154 quantum
1898 2105 1947 2142 ad
1976 2105 2151 2142 ordinem
2178 2104 2445 2154 proximorum
2465 2105 2514 2142 ad
2533 2103 2590 2143 in-

1522 2157 1650 2194 vicem
1692 2157 1910 2207 simpliciter
1940 2158 2025 2207 quis
2053 2157 2175 2206 magis
2209 2157 2337 2206 diliget
2364 2157 2588 2206 meliorem,

1523 2212 1736 2248 secundum
1757 2210 1919 2248 caritatis
1937 2223 2123 2248 amorem.
2145 2211 2246 2248 Tota
2265 2211 2368 2248 enim
2382 2211 2460 2248 vita
2478 2212 2590 2248 beata

1522 2264 1692 2301 consistit
1718 2264 1757 2300 in
1786 2263 2026 2301 ordinatione
2054 2264 2194 2302 mentis
2223 2263 2272 2301 ad
2299 2257 2440 2301 Deum.
2476 2264 2589 2302 Unde

1521 2325 1621 2355 totus
1646 2317 1742 2354 ordo
1767 2317 1977 2354 dilectionis
2006 2318 2207 2354 beatorum
2236 2317 2504 2355 observabitur
2521 2328 2592 2366 per

1523 2370 1853 2419 comparationem
1883 2370 1931 2407 ad
1959 2371 2109 2407 Deum:
2143 2377 2185 2407 ut
2211 2369 2354 2407 scilicet
2379 2370 2440 2407 ille
2468 2370 2590 2419 magis

1523 2424 1698 2471 diligatur
1734 2425 1770 2460 et
1802 2423 2054 2472 propinquior
2086 2423 2156 2460 sibi
2191 2423 2459 2466 habeatursab
2494 2435 2591 2461 uno-

1522 2489 1679 2526 quoque
1702 2476 1767 2525 qui
1788 2483 1843 2513 est
1860 2478 1945 2513 Deo
1969 2476 2223 2526 propinquior
2237 2477 2269 2513 ²⁸.
2291 2476 2467 2513 Cessabit
2485 2477 2589 2514 enim

1522 2538 1613 2567 tunc
1640 2529 1828 2579 provisio,
1858 2541 1957 2578 quae
1986 2537 2042 2566 est
2070 2529 2109 2566 in
2136 2530 2327 2578 praesenti
2352 2529 2431 2567 vita
2459 2541 2590 2567 neces-

1523 2583 1632 2630 saria,
1653 2595 1730 2632 qua
1758 2594 1913 2620 necesse
1943 2590 1999 2619 est
2025 2590 2067 2620 ut
2094 2583 2356 2632 unusquisque
2380 2582 2502 2631 magis
2521 2583 2592 2620 sibi

1524 2636 1750 2683 coniuncto,
1789 2635 2002 2673 secundum
2030 2647 2317 2684 quamcumque
2345 2635 2592 2674 necessitudi-

1523 2702 1635 2736 nem,
1673 2689 1876 2738 provideat
1913 2689 2034 2736 magis
2071 2701 2188 2737 quam
2225 2689 2349 2726 alieno
2378 2693 2411 2735 ⁸;
2442 2689 2591 2726 ratione

1524 2743 1631 2779 cuius
1668 2742 1706 2779 in
1739 2742 1812 2778 hac
1838 2742 1918 2778 vita
1946 2753 1992 2778 ex
2028 2742 2110 2791 ipsa
2146 2742 2404 2779 inclinatione
2427 2742 2590 2780 caritatis

1523 2797 1642 2832 homo
1681 2796 1766 2843 plus
1805 2794 1922 2842 diligit
1954 2795 2075 2842 magis
2113 2794 2184 2831 sibi
2222 2794 2491 2842 coniunctum,
2531 2795 2592 2832 cui

1525 2849 1645 2897 magis
1667 2849 1781 2885 debet
1798 2847 2021 2896 impendere
2042 2848 2204 2885 caritatis
2227 2848 2421 2885 effectum.
2441 2868 2466 2876 -
2487 2848 2592 2886 Con-

1523 2903 1641 2950 tinget
1667 2909 1798 2939 tamen
1826 2901 1863 2937 in
1893 2901 2014 2949 patria
2040 2901 2146 2950 quod
2174 2901 2308 2950 aliquis
2337 2901 2407 2938 sibi
2433 2901 2591 2939 coniun-

1525 2963 1628 2992 ctum
1649 2954 1821 3004 pluribus
1849 2954 2059 2991 rationibus
2078 2953 2090 2978 t
2111 2954 2256 3002 diliget:
2285 2967 2365 2992 non
2387 2954 2490 2992 enim
2510 2966 2591 2992 ces-

1525 3009 1663 3045 sabunt
1679 3008 1726 3045 ab
1742 3007 1872 3044 animo
1887 3007 1988 3044 beati
2007 3007 2191 3044 honestae
2211 3007 2419 3044 dilectionis
2439 3019 2589 3046 causae.

1526 3063 1678 3099 Tamen
1699 3061 1876 3098 omnibus
1891 3060 1967 3098 istis
1988 3061 2196 3098 rationibus
2215 3061 2427 3110 praefertur
2445 3061 2592 3098 incom-

1525 3114 1741 3164 parabiliter
1769 3114 1862 3151 ratio
1893 3114 2101 3151 dilectionis
2131 3126 2228 3163 quae
2257 3114 2417 3151 sumitur
2441 3124 2486 3151 ex
2503 3125 2592 3163 pro-

1526 3168 1734 3217 pinquitate
1763 3167 1812 3204 ad
1840 3169 1980 3204 Deum.

1579 3223 1638 3258 AD
1673 3233 1810 3258 ptumum
1838 3232 1936 3258 ERGO
1965 3232 2150 3258 D1CEN1>1JM
2186 3220 2292 3269 quod
2325 3228 2511 3270 quantum
2540 3220 2590 3257 ad

1527 3274 1752 3311 coniunctos
1785 3273 1854 3311 sibi
1896 3274 1989 3311 ratio
2027 3274 2089 3311 illa
2121 3273 2371 3311 concedenda
2404 3280 2470 3311 est.
2511 3272 2589 3310 Sed

1580 3384 1605 3417 ὃ)
1625 3385 1751 3410 melioris.
1768 3399 1786 3404 -
1805 3386 1939 3411 meliorem
1958 3386 2004 3415 Pa,
2023 3392 2079 3410 esse
2098 3385 2192 3410 melior
2209 3385 2243 3411 G.

1579 3422 1601 3453 ε)
1622 3421 1708 3454 magis
1726 3428 1805 3453 quam
1824 3421 1922 3447 alieno.
1939 3435 1958 3440 —
1977 3421 2064 3454 magis
2081 3420 2169 3446 alieno
2184 3420 2387 3454 ABEHpCKn,
2404 3427 2483 3453 quam
2501 3419 2588 3445 alieno

1526 3456 1555 3487 L,
1574 3464 1627 3480 om.
1647 3456 1684 3485 D;
1703 3456 1753 3481 sibi
1771 3456 1937 3482 coniuncto...
1956 3464 2035 3489 quam
2055 3464 2108 3480 om.
2129 3456 2156 3481 F.

1578 3490 1603 3524 ζ)
1623 3491 1780 3516 rationibus.
1798 3504 1817 3510 —-
1836 3492 1921 3517 modis
1940 3492 1985 3517 Pa.

2617 1691 2627 1702 ⁴
2640 1691 2669 1715 D.
2683 1695 2731 1713 ιοι.

2617 2487 2628 2497 ·
2641 2486 2670 2508 D.
2685 2491 2735 2508 ιοο.
