2892 4056
80 1985 284 2035 ‘commotum
252 1985 294 2007 lib.

80 2011 213 2041 msto-d

81 2043 188 2068 mig..

80 2251 91 2262 ·
107 2249 175 2273 Vero.
188 2256 206 2272 ι.

179 2316 197 2379 0-8

82 2463 178 2487 ·v·n.
190 2470 214 2487 ς.

311 1772 428 1808 'catur
440 1784 448 1808 :

989 160 1254 207 QUAESTIO
1283 159 1442 206 XXXII,
1472 159 1768 196 ARTICULUS
1799 159 1830 195 11

320 251 388 288 per
407 239 630 275 alimentum
654 238 869 286 humidum,
899 238 1038 275 scilicet
1065 238 1153 285 sitis,
1184 246 1219 275 et
1247 250 1380 275 secun-

322 292 413 329 dum
434 292 508 328 hoc
537 291 670 328 dicitur
692 298 828 339 potare
845 292 1037 328 sitientem.
1063 314 1086 320 -
1110 291 1290 328 Defectus
1315 303 1380 327 au-

320 353 398 381 tem
428 343 643 380 communis
671 352 844 393 respectu
864 344 1056 395 exterioris
1076 344 1201 380 auxilii
1230 351 1285 380 est
1313 343 1381 380 du-

320 398 426 446 plex:
464 409 563 433 unus
597 405 770 446 respectu
797 397 1025 445 tegumenti,
1056 405 1091 433 et
1119 405 1304 445 quantum
1333 396 1382 433 ad

319 451 395 487 hoc
430 449 583 498 ponitur
618 450 753 487 vestire
788 451 957 494 nudum,·
985 449 1078 486 alius
1116 457 1171 486 est
1209 455 1382 498 respectu

320 502 539 549 habitaculi,
578 510 614 539 et
655 510 840 551 quantum
878 502 927 539 ad
958 502 1033 538 hoc
1067 510 1122 538 est
1147 500 1160 523 δ
1196 502 1383 550 suscipere

319 556 509 604 hospitem.
530 576 554 583 -
576 555 752 592 Similiter
771 563 900 592 autem
929 554 959 590 si
988 554 1034 590 sit
1062 554 1230 591 defectus
1249 554 1382 604 aliquis

320 608 504 657 specialis,
534 615 599 646 aut
626 616 682 645 est
709 620 755 645 ex
779 619 893 645 causa
919 606 1131 654 intrinseca,
1161 607 1257 644 sicut
1283 608 1384 645 infir-

320 660 443 708 mitas,
474 668 510 698 et
537 669 723 710 quantum
752 661 800 698 ad
827 661 902 697 hoc
929 659 1084 707 ponitur
1109 660 1262 697 visitare
1280 661 1383 709 infir-

319 726 441 751 mum:
470 722 534 751 aut
563 726 607 751 ex
625 719 638 735 ⁸
667 725 781 750 causa
805 712 1024 759 extrinseca,
1055 720 1092 749 et
1119 721 1306 760 quantum
1335 714 1384 750 ad

319 767 394 803 hoc
421 767 576 816 ponitur
594 766 796 815 redemptio
816 766 1062 814 captivorum.
1091 786 1116 793 -
1144 767 1237 802 Post
1263 766 1383 803 vitam

320 827 449 857 autem
478 820 674 857 exhibetur
701 818 862 856 mortuis
889 818 1092 866 sepultura.

374 872 551 910 Similiter
569 879 696 909 autem
717 870 968 920 spiritualibus
988 870 1195 907 defectibus
1215 870 1386 918 spiritua-

319 925 417 962 libus
445 925 591 962 actibus
622 923 846 961 subvenitur
877 923 1086 972 dupliciter.
1126 923 1212 960 Uno
1242 923 1384 970 modo⁷

319 977 517 1026 poscendo
546 976 727 1014 auxilium
755 989 778 1013 a
805 977 912 1013 Deo:
952 983 988 1013 et
1019 983 1206 1024 quantum
1234 975 1283 1012 ad
1311 976 1386 1012 hoc

318 1030 472 1079 ponitur
486 1030 619 1076 oratio,
636 1041 712 1077 qua
726 1029 811 1078 quis
825 1042 895 1079 pro
911 1029 992 1067 aliis
1008 1036 1135 1066 orat.-
1150 1029 1236 1065 Alio
1252 1028 1384 1076 modo,

317 1083 578 1131 impendendo
607 1083 822 1120 humanum
842 1082 1043 1120 auxilium:
1073 1089 1110 1119 et
1136 1082 1211 1118 hoc
1238 1081 1387 1130 triplici-

318 1137 387 1174 ter.
421 1136 509 1173 Uno
538 1135 675 1183 mod0,
705 1143 836 1173 contra
865 1136 1057 1173 defectum
1086 1135 1315 1172 intellectus:
1351 1141 1387 1171 et

319 1188 350 1226 si
369 1189 527 1236 quidem
547 1189 593 1226 sit
612 1188 781 1226 defectus
801 1188 1022 1238 speculativi
1040 1188 1262 1234 intellectus,
1282 1188 1387 1224 adhi-

319 1241 430 1278 betur
451 1242 484 1278 ei
504 1242 719 1279 remedium
748 1254 817 1291 per
835 1242 1067 1286 doctrinam;
1095 1241 1126 1277 si
1145 1248 1274 1278 autem
1302 1253 1387 1289 pra-

278 1338 281 1339 7
317 1294 654 1343 Αςζὶςίἁεὶεείῐεεωε,
683 1295 885 1332 adhibetur
913 1295 946 1331 ei
970 1294 1184 1332 remedium
1213 1306 1282 1342 per
1301 1305 1388 1330 con-

319 1347 457 1385 silium.
487 1369 511 1376 -
539 1347 625 1385 Alio
645 1348 765 1385 modo
786 1355 842 1384 est
869 1347 1037 1385 defectus
1062 1359 1107 1383 ex
1126 1347 1303 1395 passione
1323 1358 1388 1395 ap-

319 1401 499 1450 petitivae
518 1401 685 1438 virtutis:
713 1401 811 1438 inter
828 1413 927 1448 quos
948 1408 1003 1437 est
1020 1399 1210 1436 maximus
1228 1398 1386 1447 tristitia,

321 1453 383 1491 cui
402 1454 627 1491 subvenitur
644 1465 714 1501 per
732 1453 1036 1490 consolationem
1057 1471 1081 1479 —
1101 1451 1233 1488 Tertio
1254 1451 1386 1499 modo,

321 1517 367 1545 ex
392 1513 501 1554 parte
528 1506 734 1543 inordinati
762 1513 888 1542 actus·
919 1506 982 1554 qui
1009 1505 1166 1554 quidem
1194 1503 1388 1553 tripliciter

319 1558 554 1596 considerari
583 1565 720 1607 potest.
755 1559 842 1596 Uno
876 1559 1014 1604 modo,
1050 1570 1094 1595 ex
1128 1565 1235 1606 parte
1267 1557 1386 1605 ipsius

317 1611 522 1660 peccantis,
551 1611 777 1671 inquantum
805 1611 978 1660 procedit
1006 1611 1053 1647 ab
1075 1611 1154 1648 eius
1173 1610 1387 1648 inordinata

318 1665 538 1702 voluntate:
567 1672 605 1702 et
631 1664 684 1702 sic
712 1665 913 1702 adhibetur
931 1664 1146 1702 remedium
1173 1676 1244 1712 per
1262 1676 1386 1701 corre-

319 1717 492 1755 ctionem.
521 1717 608 1755 Alio
633 1718 766 1765 modo,
796 1730 842 1755 ex
869 1726 975 1767 parte
996 1717 1076 1754 eius
1095 1717 1134 1755 in
1153 1729 1270 1765 quem
1298 1730 1387 1766 pec-

487 1778 524 1807 et
550 1769 648 1817 sict,
678 1771 709 1808 si
736 1771 892 1820 quidem
922 1771 967 1808 sit
998 1778 1199 1819 peccatum
1227 1770 1265 1806 in
1293 1782 1385 1817 nos,

320 1823 535 1860 remedium
573 1824 803 1864 adhibemus
841 1823 1069 1861 remittendo
1107 1823 1318 1869 offensam;
1356 1823 1387 1860 si

321 1884 452 1914 autem
480 1876 527 1914 sit
557 1877 598 1915 in
623 1879 752 1914 Deum
783 1878 844 1915 vel
875 1877 914 1915 in
949 1876 1189 1926 proximum,
1228 1888 1303 1913 non
1336 1882 1391 1913 est

321 1930 440 1967 nostri
456 1930 607 1967 arbitrii
622 1930 820 1976 remittere,
849 1938 891 1967 ut
918 1929 1178 1978 Hieronymus
1208 1929 1307 1975 dicit,
1326 1942 1387 1966 su-

286 1994 388 2042 per
419 1983 558 2020 Matth
592 1983 612 2005 ²⁸
649 1983 780 2020 Tertio
818 1983 960 2031 modo,
995 1995 1039 2020 ex
1071 1989 1177 2031 parte
1211 1958 1387 2042 sequelae

317 2035 438 2084 ipsius
465 2044 571 2073 actus
598 2036 812 2083 inordinati,
843 2049 888 2073 ex
917 2048 994 2085 qua
1020 2043 1227 2084 gravantur
1246 2035 1279 2072 ei
1299 2048 1388 2072 con-

319 2088 506 2136 viventes,
527 2089 642 2126 etiam
670 2097 820 2138 praeter
843 2089 1036 2138 peccantis
1055 2088 1323 2126 intentionem:
1354 2096 1389 2125 et

319 2142 374 2181 sic
396 2142 611 2180 remedium
640 2142 842 2179 adhibetur
859 2142 1137 2191 supportando,·
1165 2142 1330 2178 maxime
1349 2142 1389 2179 in

319 2194 379 2233 his
415 2195 481 2243 qui
513 2207 559 2233 ex
585 2195 804 2232 infirmitate
835 2202 1015 2244 peccant,
1051 2195 1264 2231 secundum
1298 2195 1388 2232 illud

320 2249 434 2285 Rom.
458 2260 507 2286 xv
524 2247 564 2284 *ε
602 2249 792 2286 Debemus
830 2261 898 2286 nos
919 2248 1118 2296 firmiores
1154 2248 1389 2295 infirmitates

322 2300 486 2338 aliorum
504 2306 664 2349 portare
677 2307 708 2338 η.
738 2302 788 2338 Et
806 2314 884 2338 non
904 2303 1029 2338 solum
1050 2303 1264 2338 secundum
1284 2301 1390 2349 quod

322 2353 462 2391 infirmi
490 2361 579 2391 sunt
596 2351 774 2402 o‘graves
803 2366 849 2390 ex
876 2354 1098 2391 inordinatis
1130 2354 1293 2401 actibus,
1323 2354 1391 2391 sed

323 2407 439 2444 etiam
477 2419 746 2455 quaecumque
779 2419 915 2444 eorum
953 2419 1071 2445 onera
1107 2414 1195 2443 sunt
1228 2419 1391 2455 suppor-

322 2460 458 2498 tanda:
487 2461 701 2497 secundum
728 2460 820 2498 illud
848 2459 971 2497 Galat.
990 2459 1077 2496 vl*:
1106 2459 1215 2496 Alter
1237 2460 1391 2496 alterius

323 2525 442 2551 onera
465 2518 628 2561 portate.

377 2630 402 2663 ὃ)
421 2634 469 2656 est.
487 2644 507 2650 -
521 2630 634 2663 ponitur
653 2631 682 2661 P,
701 2631 802 2656 dicitur
818 2631 851 2656 D.

377 2667 400 2699 ε)
418 2673 464 2692 ex.
482 2680 501 2686 ·-
518 2669 559 2691 est
576 2673 613 2691 ex
632 2666 679 2691 Pa.

376 2701 402 2734 ζ)
421 2702 468 2727 sic.
485 2715 505 2720 -
523 2702 585 2726 Om.
605 2701 707 2726 PEGsx
726 2706 751 2726 et
769 2709 795 2726 a.

378 2738 404 2770 η)
419 2740 542 2769 portare.
561 2750 580 2754 -
597 2737 729 2762 sustinere
747 2737 775 2761 P.

377 2771 402 2806 θ)
421 2775 484 2798 sunt
499 2786 518 2792 —
534 2775 599 2797 sunt
610 2775 673 2797 sunt
685 2772 836 2801 AssFfflLa,
851 2775 915 2796 sunt
927 2772 982 2797 sive
994 2772 1045 2802 Pru
1060 2779 1108 2804 pro
1121 2778 1308 2804 quaecumque,
1321 2772 1392 2804 quis-

323 2815 375 2842 que
386 2808 548 2840 BEFLpAK,
562 2808 688 2840 cuiusque
702 2807 769 2839 CsK,
785 2807 916 2840 quaelibet
928 2807 990 2832 DsA
1004 2812 1030 2832 et
1042 2815 1070 2838 R,
1083 2807 1288 2840 quibuscumque
1302 2806 1393 2840 Πρωὶ).

2415 157 2485 193 251

1486 240 1545 275 Αι)
1565 249 1702 274 PRIMUM
1722 248 1819 273 ERGO
1839 247 2023 273 DICENDUM
2054 235 2158 284 quod
2184 236 2376 283 sepultura
2398 247 2498 272 mor-

1433 291 1486 329 tui
1520 303 1599 327 non
1637 290 1782 326 confert
1818 289 1850 325 ei
1886 296 2072 338 quantum
2107 288 2155 324 ad
2190 300 2344 324 sensum
2383 300 2498 335 quem

1435 356 1572 392 corpus
1605 350 1691 391 post
1719 349 1884 379 mortem
1917 342 2066 378 habeat.
2106 342 2155 378 Et
2183 342 2394 377 secundum
2424 341 2498 376 hoc

1434 397 1624 434 Dominus
1646 396 1733 432 dicit
1761 396 1865 444 quod
1885 395 2149 431 interficientes
2169 406 2307 443 corpus
2337 405 2412 429 non
2433 394 2500 430 ha-

1434 451 1526 487 bent
1548 449 1712 497 amplius
1737 447 1828 495 quid
1853 448 2001 484 faciant.
2031 448 2080 484 Et
2107 454 2263 496 propter
2289 448 2365 484 hoc
2385 446 2499 483 etiam

1434 502 1625 540 Dominus
1652 513 1730 538 non
1750 507 2032 537 commemorat
2051 501 2285 549 sepulturam
2314 500 2411 536 inter
2429 499 2500 536 alia

1435 554 1717 593 misericordiae
1734 566 1862 602 opera,
1879 554 1946 590 sed
1962 561 2136 590 numerat
2151 559 2158 574 ³
2184 554 2308 590 solum
2324 552 2386 589 illa
2402 564 2500 600 quae

1435 617 1522 646 sunt
1550 606 1793 645 evidentioris
1820 606 2064 643 necessitatis.
2100 607 2268 643 Pertinet
2295 613 2424 643 tamen
2453 605 2501 642 ad

1437 662 1657 699 defunctum
1678 660 1769 709 quid
1789 660 1836 696 de
1853 659 1932 696 eius
1948 671 2107 708 corpore
2124 667 2266 707 agatur,
2281 666 2362 695 tum
2382 670 2502 706 quan-

1435 721 1517 751 tum
1546 714 1596 751 ad
1623 714 1698 750 hoc
1727 712 1832 761 quod
1860 712 1956 748 vivit
1983 712 2021 748 in
2050 712 2247 749 memoriis
2275 711 2500 759 hominurn,

1437 767 1571 804 cuius*
1590 767 1715 803 honor
1735 765 2007 801 dehonestatur
2021 765 2052 801 si
2066 765 2274 813 insepultus
2290 772 2501 810 remaneat;

1436 828 1517 856 tum
1548 819 1663 855 etiam
1698 826 1884 866 quantum
1914 818 1962 854 ad
1991 817 2171 855 affectum
2190 816 2204 839 λ
2233 830 2349 867 quem
2379 818 2503 855 adhuc

1436 872 1573 909 vivens
1601 871 1768 907 habebat
1797 870 1843 906 de
1873 883 1943 907 suo
1973 882 2153 918 corpore,
2184 871 2243 907 cui
2271 871 2422 920 piorum
2452 871 2504 907 af·

1436 925 1557 961 fectus
1586 923 1816 960 conformari
1845 922 1959 959 debet
1985 930 2073 971 post
2101 930 2264 960 mortem
2291 924 2421 972 ipsius.
2455 924 2505 960 Et

1437 977 1652 1013 secundum
1675 977 1751 1012 hoc
1779 975 1894 1023 aliqui
1914 977 2235 1012 commendantur
2263 977 2309 1013 de
2335 984 2505 1013 mortuo-

1438 1042 1523 1067 rum
1554 1029 1767 1078 sepultura,
1802 1036 1843 1064 ut
1871 1028 2017 1064 Tobias
2047 1036 2083 1064 et
2110 1029 2160 1065 illi
2195 1029 2260 1077 qui
2292 1029 2504 1066 Dominum

1438 1082 1687 1131 sepelierunt;
1715 1088 1757 1117 ut
1783 1088 1887 1129 patet
1906 1093 1975 1129 per
1997 1082 2264 1128 Augustinum‚
2285 1082 2323 1118 in
2345 1082 2441 1119 libro
2461 1082 2506 1118 de

1443 1137 1546 1172 Cura
1568 1147 1644 1183 pro
1671 1134 1838 1171 Mortuis
1866 1134 2018 1183 agenda
2037 1133 2068 1170 ²⁸.

1491 1190 1550 1226 An
1584 1198 1775 1225 SECUNDUM
1803 1199 1988 1224 mei-:nuum
2017 1187 2123 1234 quod
2152 1199 2288 1223 omnes
2317 1187 2410 1224 aliae
2439 1200 2505 1224 ne-

1439 1241 1631 1278 cessitates
1661 1241 1710 1278 ad
1738 1241 1807 1277 has
1835 1240 2080 1277 reducuntur.
2110 1240 2214 1276 Nam
2235 1247 2271 1276 et
2290 1241 2450 1277 caecitas
2471 1247 2507 1277 et

1439 1294 1663 1331 claudicatio
1692 1301 1779 1330 sunt
1806 1293 2045 1330 infirmitates
2073 1293 2286 1340 quaedam:
2320 1294 2423 1330 unde
2453 1294 2506 1330 di-

1439 1348 1559 1395 rigere
1590 1358 1748 1383 caecum
1778 1353 1814 1382 et
1842 1353 2052 1383 sustentare
2077 1346 2253 1382 claudum
2283 1347 2507 1384 reducitur*

1439 1400 1488 1437 ad
1515 1399 1774 1436 visitationem
1798 1398 2053 1436 infirmorum.
2084 1399 2264 1436 Similiter
2284 1400 2397 1437 etiarn
2418 1400 2505 1436 sub-

1438 1452 1571 1489 venire
1589 1451 1736 1489 homini
1757 1459 1888 1488 contra
1908 1464 2195 1500 quamcumque
2214 1453 2506 1500 oppressionem

1438 1505 1579 1542 illatam
1619 1504 1850 1541 extrinsecus
1887 1505 2081 1541 reducitur
2118 1505 2165 1541 ad
2203 1506 2507 1554 redemptionem

1440 1557 1693 1607 captivorum.
1731 1557 1896 1594 Divitiae
1934 1564 2082 1605 autem,
2120 1557 2260 1606 quibus
2295 1558 2508 1607 paupertati

1440 1611 1685 1657 subvenitur,
1724 1623 1802 1647 non
1836 1618 2070 1658 quaeruntur
2096 1610 2167 1647 nisi
2198 1611 2246 1647 ad
2279 1612 2507 1649 subvenien-

1441 1664 1533 1701 dum
1559 1663 1762 1712 praedictis
1791 1663 2015 1700 defectibus:
2045 1670 2083 1700 et
2109 1663 2196 1700 ideo
2226 1676 2304 1701 non
2328 1665 2395 1702 fuit
2424 1677 2508 1714 spe-

1440 1717 1543 1754 cialis
1572 1716 1716 1754 mentio
1746 1716 1794 1753 de
1820 1717 1896 1753 hoe
1926 1716 2075 1753 defectu
2102 1716 2288 1753 facienda.

1493 1771 1552 1807 Ao
1585 1781 1745 1807 TER’rmM
1777 1781 1962 1806 DICENDUM
1990 1769 2095 1818 quod
2129 1770 2312 1806 correctio
2345 1782 2506 1819 peccan-

1439 1823 1547 1869 tium,
1578 1830 1762 1872 quantum
1791 1823 1840 1859 ad
1867 1822 1989 1871 ipsam
2020 1822 2284 1859 executionem
2311 1831 2428 1870 actus,
2449 1836 2506 1860 se-

1439 1875 1641 1913 veritatem
1668 1875 1828 1912 iustitiae
1862 1875 2056 1912 continere
2083 1875 2246 1912 videtur.
2282 1877 2360 1913 Sed
2389 1889 2507 1925 quan-

1440 1937 1521 1966 tum
1551 1929 1600 1966 ad
1627 1928 1878 1965 intentionem
1908 1928 2148 1976 corrigentis,
2183 1929 2247 1976 qui
2274 1930 2357 1966 vult
2383 1930 2507 1966 homi-

1441 1994 1531 2019 nem
1560 1994 1582 2018 a
1609 1982 1712 2018 malo
1739 1982 1876 2030 culpae
1904 1982 2075 2028 liberare,
2104 1982 2267 2030 pertinet
2294 1982 2343 2019 ad
2362 1983 2508 2020 miseri-

1441 2035 1612 2073 cordiam
1642 2042 1678 2071 et
1706 2035 1917 2071 dilectionis
1945 2035 2146 2071 affectum:
2176 2035 2389 2072 secundum
2414 2036 2507 2073 illud

1440 2087 1706 2126 Prov.xxv11*:
1727 2088 1896 2124 Meliora
1909 2093 1996 2124 sunt
2007 2089 2167 2124 verbera
2186 2088 2373 2138 diligentis
2392 2101 2506 2137 quam

1432 2141 1684 2191 fraudulenta
1713 2140 1841 2177 oscula
1869 2141 2036 2177 odientis.

1494 2196 1553 2231 An
1583 2205 1755 2236 QUARTUM
1782 2205 1966 2230 mOENDuM
1995 2193 2101 2241 quod
2126 2205 2203 2230 non
2232 2194 2424 2241 quaelibet
2443 2207 2507 2231 ne-

1442 2247 1596 2285 scientia
1614 2246 1775 2295 pertinet
1793 2247 1842 2283 ad
1862 2247 2028 2283 hominis
2053 2246 2256 2292 defectum,
2286 2247 2352 2284 sed
2381 2248 2507 2285 solum

1443 2314 1488 2338 ea
1517 2312 1592 2350 qua
1621 2299 1704 2348 quis
1733 2299 1850 2336 nescit
1880 2312 1924 2336 ea
1952 2311 2050 2348 quae
2071 2300 2251 2336 convenit
2279 2312 2368 2336 eum
2389 2301 2506 2338 scire:

1443 2354 1504 2391 cui
1533 2352 1695 2390 defectui
1723 2364 1792 2400 per
1820 2352 2030 2390 doctrinam
2051 2352 2255 2389 subvenire
2274 2353 2322 2389 ad
2343 2354 2509 2391 eleemo-

1442 2418 1578 2455 synam
1606 2405 1780 2454 pertinet.
1810 2407 1852 2442 In
1880 2418 1958 2454 quo
1987 2414 2116 2443 tamen
2135 2406 2401 2443 observandae
2421 2416 2509 2444 sunt

1443 2459 1592 2497 debitae
1626 2458 1931 2495 circumstantiae
1964 2471 2152 2507 personae
2182 2466 2218 2495 et
2244 2459 2318 2495 loci
2347 2467 2383 2496 et
2413 2467 2507 2497 tem-

1441 2511 1558 2560 poris,
1585 2510 1686 2562 'sicut
1713 2518 1750 2546 et
1775 2510 1814 2547 in
1842 2511 1923 2547 aliis
1951 2511 2096 2558 actibus
2124 2511 2315 2548 virtuosis.

1501 2631 1519 2663 ι)
1540 2634 1673 2655 numerat.
1691 2643 1709 2648 -
1727 2633 1867 2654 enumerat
1885 2630 1932 2655 Pa.

1497 2666 1522 2698 κ)
1541 2669 1625 2690 tum...
1643 2665 1726 2691 cuius.
1745 2679 1764 2684 ·-
1781 2667 1837 2689 tum
1856 2665 1954 2697 quiam.
1973 2665 2028 2689 eius
2048 2672 2092 2696 εις
2111 2672 2129 2689 n
2148 2665 2225 2690 habet
2242 2666 2318 2690 cuius
2336 2674 2414 2700 super
2431 2674 2483 2692 ras.

1496 2700 1524 2734 λ)
1544 2701 1676 2735 affectum.
1693 2715 1712 2719 -
1729 2700 1849 2734 effectum
1868 2701 1978 2732 PHpim.

1497 2737 1526 2771 μ.)
1545 2737 1694 2762 reducitur.
1711 2750 1731 2755 -
1748 2736 1914 2761 reducuntur
1933 2735 2018 2760 PGsK
2037 2740 2062 2759 et
2080 2742 2108 2760 n.

1003 2883 1334 2917 Commentafia
1357 2883 1607 2917 cardinalis
1629 2885 1827 2918 Caietani

356 2975 378 2996 n
399 2964 533 2996 articulo
556 2965 708 3002 secundo,
729 2965 762 2996 in
777 2965 988 3005 responsione
1012 2965 1052 2995 ad
1066 2965 1219 3005 primum,
1237 2964 1388 3005 perspice,

329 2977 406 3039 Ivir
426 3009 611 3046 inhumane,
635 3009 725 3050 quod
747 3009 939 3040 beneficium
962 3009 1144 3049 sepulturae
1167 3015 1214 3039 est
1237 3008 1389 3039 defuncto

325 3051 516 3084 beneficium
539 3060 571 3084 et
592 3054 771 3084 secundum
794 3054 883 3094 quod
905 3053 983 3084 vivit
1004 3053 1037 3083 in
1061 3053 1218 3084 memoria
1242 3052 1389 3089 aliorum,

327 3103 358 3128 et
381 3097 557 3128 secundum
580 3097 839 3137 prosecutionem
872 3097 994 3138 proprii
1018 3097 1145 3128 affectus
1168 3097 1279 3137 ipsius.
1303 3097 1391 3128 Sicut

329 3141 414 3172 enim
441 3151 598 3182 exequens
621 3141 765 3172 ordinata
787 3152 804 3172 a
828 3141 979 3172 defuncto
1001 3142 1200 3173 voluntatem
1223 3141 1291 3172 eius
1314 3151 1390 3172 con-

1440 2972 1580 2996 summat
1603 2972 1633 2996 et
1656 2965 1746 3005 quasi
1771 2965 1938 2995 durantem
1961 2964 2066 2994 adhuc
2088 2963 2174 3000 facit,
2199 2964 2241 2995 ita
2264 2965 2417 3005 sepeliens
2433 2965 2505 2996 affe-

1441 3016 1529 3040 ctum
1552 3010 1717 3040 continuat
1740 3019 1837 3050 quem
1868 3008 2037 3039 defunctus
2067 3008 2107 3038 ad
2131 3018 2247 3049 corpus
2266 3009 2411 3040 habebat.
2436 3009 2504 3040 Dif-

1441 3054 1501 3084 fert
1523 3061 1631 3084 autem
1654 3053 1794 3084 multum
1818 3053 1899 3089 hoc,
1925 3053 2005 3083 nihil
2028 3053 2096 3083 esse
2118 3053 2266 3084 sensibile
2287 3063 2307 3084 a
2331 3054 2483 3095 defuncto
2491 3061 2505 3092 ;

1443 3105 1475 3129 et
1497 3098 1568 3134 hoc,
1594 3098 1674 3128 nihil
1696 3107 1763 3128 esse
1786 3098 1845 3128 illi.

2531 1126 2542 1137 ⁴
2557 1126 2614 1154 Cap.
2629 1132 2662 1148 111.

2535 2099 2544 2108 ·
2560 2097 2626 2119 Vere.
2641 2097 2664 2119 6.
