2892 4056
214 328 223 337 ⁸
240 327 276 348 Ps.
293 333 314 353 c,
329 333 388 349 vers.
403 328 425 349 8.

215 429 225 439 ⁸
239 428 306 449 Vers.
322 428 351 450 18.

212 696 221 705 ⁸
232 695 268 716 Pa.
281 701 311 721 ix,
322 701 381 716 vers.
393 695 424 716 18.

209 1267 420 1295 Ve.rs17.(cf1-

208 1294 269 1315 sieaa
295 1300 345 1321 cap.
372 1300 419 1320 ux,

209 1430 217 1438 ⁸
234 1429 290 1456 Cap.
306 1435 360 1450 xxx.

208 1962 269 1982 ’Art.
276 1968 298 1989 3;
308 1967 347 1989 qu.
352 1967 420 1987 xxm,

207 1991 249 2009 art.
264 1994 279 2013 1,
294 1994 313 2015 5.

208 2282 218 2295 ⁹
233 2281 299 2302 Vers.
315 2281 351 2303 26.

211 2753 221 2763 '⁴
250 2753 285 2774 Ps.
310 2758 422 2780 cxxxviii,

211 2785 271 2801 vers.
286 2786 319 2801 22.

302 3013 336 3033 m,
349 3013 372 3028 n.
382 3013 402 3035 3.
412 3018 423 3023 -

309 3034 360 3055 lect.
376 3040 410 3056 111.

213 3007 292 3055 §.citt

457 150 534 175 202

455 217 532 253 Sed
560 218 823 266 peccatoribus
852 218 936 254 iusti
965 230 1043 254 non
1073 218 1252 255 exhibent
1280 232 1396 268 opera
1427 220 1516 257 dile-

455 269 599 320 ctionis,
621 271 687 307 sed
717 270 835 318 magis
856 282 972 318 opera
997 282 1095 318 quae
1114 269 1293 308 videntur
1313 284 1395 309 esse
1419 272 1514 309 odii:

453 324 667 359 secundum
696 323 787 359 illud
817 324 954 358 Psalm.
975 321 1010 358 *z
1039 323 1086 359 In
1115 325 1296 360 matutino
1321 325 1515 373 interficie-

454 376 541 411 bam
570 387 698 412 omnes
719 380 938 423 peccatores
957 379 1090 411 terrae.
1122 375 1171 412 Et
1197 377 1389 414 Dominus
1407 389 1515 426 prae-

454 427 563 476 cepit,
583 428 707 464 Exod.
728 439 800 463 xxu
819 427 855 462 *ε
875 427 1075 475 Maleficos
1094 440 1168 464 non
1191 430 1349 476 patieris
1376 431 1512 467 vivere.

453 481 555 527 Ergo
583 488 802 528 peccatores
839 491 918 516 non
946 487 1033 516 sunt
1062 492 1107 516 ex
1135 481 1286 518 caritate
1326 482 1512 530 diligendi.

508 535 541 569 3.
574 534 813 578 PRAETEREA,
843 532 891 568 ad
920 532 1123 569 amicitiam
1158 534 1320 582 pertinet
1352 542 1393 571 ut
1421 535 1514 571 ami-

453 586 504 620 cis
532 585 695 621 velimus
726 592 761 620 et
789 592 966 632 optemus
995 585 1107 622 bona.
1140 587 1215 623 Sed
1245 587 1363 623 sancti
1383 599 1428 623 ex
1454 600 1513 624 ca-

451 637 557 673 ritate
586 644 718 684 optant
745 637 1010 685 peccatoribus
1039 639 1159 675 mala:
1190 640 1401 676 secundum
1422 639 1512 676 illud

450 690 589 725 Psalm.
616 689 656 725 *ε
690 690 967 726 Convertuntur
994 697 1214 739 peccatores
1242 692 1279 728 in
1309 693 1512 738 infernum.

450 742 552 789 Ergo
584 750 806 790 peccatores
843 754 938 779 non
950 751 1036 780 sunt
1065 756 1109 780 ex
1138 744 1288 781 caritate
1322 745 1511 804 diligendi.

501 806 537 841 4.
564 795 796 841 PRAETEREA,
826 795 1026 844 proprium
1050 797 1262 834 amicorum
1293 806 1348 834 est
1377 799 1423 835 de
1444 798 1514 835 eis-

449 846 537 883 dem
565 847 730 894 gaudere
759 855 796 884 et
805 844 917 885 idem
936 850 1046 886 velle.
1078 850 1154 886 Sed
1173 850 1308 887 caritas
1328 863 1406 887 non
1426 851 1514 888 facit

446 901 547 936 velle
567 900 672 949 quod
690 909 911 949 peccatores
923 902 1076 950 -,volunt
1097 915 1222 952 neque
1242 904 1329 940 facit
1347 905 1512 951 gaudere

448 952 495 989 de
523 953 599 989 hoc
628 954 675 990 de
705 965 782 1012 quo
820 962 1041 1002 peccatores
1070 957 1256 1003 gaudent;
1295 957 1363 994 sed
1392 957 1512 1005 magis

447 1005 535 1042 facit
563 1006 809 1048 contrarium.
845 1008 948 1055 Ergo
981 1017 1204 1056 peccatores
1238 1022 1315 1046 non
1353 1018 1439 1047 sunt
1467 1022 1511 1046 ex

449 1058 600 1094 caritate
630 1059 819 1107 diligendi.

505 1112 536 1147 5.
567 1112 810 1159 PRAETEREA,
841 1113 1043 1161 proprium
1073 1120 1127 1150 est
1152 1115 1364 1151 amicorum
1400 1115 1514 1151 simul

209 1166 290 1214 ὲΟΊὲξζρ
305 1173 392 1214 ,vereg-
379 1173 421 1195 3··
447 1164 658 1211 convivere,
674 1173 714 1201 ut
730 1165 891 1202 dicitur
882 1178 921 1202 1n
936 1166 1022 1202 VIII
1041 1167 1160 1203 Ethic.
1176 1167 1196 1188 *
1225 1167 1300 1203 Sed
1321 1179 1408 1203 cum
1424 1179 1513 1215 pec-

448 1217 637 1254 catoribus
666 1230 745 1255 non
774 1225 829 1254 est
849 1218 1154 1255 convivendum:
1184 1219 1396 1255 secundum
1421 1219 1512 1256 illud

448 1271 479 1306 II
500 1270 552 1306 ad
583 1271 670 1307 Cor.
691 1283 726 1307 vi
746 1270 780 1307 *ε
801 1271 977 1307 Recedite
996 1269 1010 1300 β
1029 1272 1074 1308 de
1093 1272 1215 1308 medio
1235 1284 1378 1309 eorum.
1408 1273 1511 1320 Ergo

445 1330 665 1371 peccatores
695 1336 773 1360 non
801 1331 888 1360 sunt
916 1335 961 1360 ex
990 1324 1142 1360 caritate
1171 1324 1360 1372 diligendi.

501 1376 575 1412 SED
605 1387 751 1412 CONTRA
780 1388 846 1413 Es‘r
874 1376 980 1424 quod
999 1377 1235 1425 Augustinus
1255 1378 1355 1425 dicit,
1375 1377 1414 1415 in
1434 1379 1447 1414 1
1468 1378 1514 1414 de
1538 1375 1539 1384 ¹

445 1429 554 1465 Doct.
591 1430 724 1466 Christ.
745 1429 776 1477 ³¹⁸,
799 1430 904 1478 quod
934 1442 1022 1466 cum
1043 1430 1189 1477 dicitur,
1222 1446 1241 1464 «κ
1264 1431 1405 1478 Diliges
1425 1443 1513 1479 pro-

445 1481 592 1518 ximum
621 1489 728 1519 tuum
761 1498 795 1530 »,
825 1483 1066 1531 manifestum
1094 1489 1148 1520 est
1173 1489 1187 1512 Υ
1216 1495 1366 1520 omnem
1394 1484 1512 1520 homi-

446 1547 531 1571 nem
553 1536 777 1583 proximum
798 1547 875 1572 esse
893 1536 1158 1584 deputandum.
1189 1537 1267 1573 Sed
1292 1544 1512 1585 peccatores

446 1600 525 1625 non
554 1588 730 1625 desinunt
759 1600 840 1625 esse
869 1589 1067 1626 homines:
1098 1590 1186 1638 quia
1213 1598 1414 1638 peccatum
1433 1602 1513 1627 non

446 1641 538 1678 tollit
566 1650 754 1678 naturam.
785 1643 887 1689 Ergo
916 1650 1137 1690 peccatores
1166 1651 1253 1679 sunt
1286 1655 1331 1679 ex
1360 1643 1512 1680 caritate

447 1694 635 1741 diligendi.

500 1748 725 1783 RESPONDEO
744 1759 929 1784 DICENDUM
958 1747 1091 1795 quod
1083 1760 1121 1784 in
1148 1747 1414 1796 peccatoribus
1435 1747 1512 1785 duo

445 1807 606 1848 possunt
634 1799 880 1836 considerari:
911 1800 1051 1837 scilicet
1069 1808 1215 1854 natura,
1238 1808 1274 1837 et
1293 1801 1416 1849 culpa.
1447 1801 1513 1837 Se-

447 1853 618 1890 cundum
646 1860 820 1890 naturam
850 1853 1017 1902 quidem,
1048 1865 1165 1902 quam
1195 1866 1216 1890 a
1245 1854 1329 1890 Deo
1358 1854 1511 1901 habent,

448 1918 607 1955 capaces
636 1914 723 1943 sunt
751 1906 1004 1954 beatitudinis,
1035 1919 1151 1955 super
1171 1906 1278 1943 cuius
1299 1907 1513 1944 communi-

448 1959 596 1996 catione
626 1959 760 1996 caritas
797 1959 989 2006 fundatur,
1019 1967 1062 1996 ut
1089 1972 1204 2008 supra
1227 1959 1247 1981 '¹‘
1271 1959 1414 1997 dictum
1445 1967 1511 1997 est.

448 2013 497 2049 Et
524 2012 611 2050 ideo
641 2013 852 2049 secundum
883 2021 1058 2050 naturam
1088 2025 1196 2050 suam
1227 2020 1315 2049 sunt
1343 2025 1388 2049 ex
1421 2013 1513 2050 cari-

447 2073 522 2102 tate
551 2065 740 2113 diligendi.
775 2066 853 2102 Sed
883 2066 993 2114 culpa
1022 2078 1157 2103 eorum
1190 2067 1274 2102 Deo
1310 2067 1513 2103 contraria-

446 2126 518 2165 tur,
550 2126 585 2156 et
615 2127 669 2155 est
698 2119 938 2156 beatitudinis
968 2119 1295 2167 impedimentum.
1325 2119 1436 2156 Unde
1456 2132 1512 2156 se-

449 2172 618 2209 cundum
658 2173 830 2220 culpam,
868 2185 943 2221 qua
981 2173 1064 2209 Deo
1095 2172 1346 2210 adversantur
1373 2170 1398 2219 ὃ,
1429 2180 1515 2209 sunt

448 2225 604 2262 odiendi
641 2225 873 2284 quicumque
909 2233 1149 2274 peccatores,
1189 2225 1302 2262 etiam
1339 2233 1448 2273 pater
1480 2232 1516 2262 et

448 2286 570 2315 mater
599 2285 635 2315 et
662 2278 880 2327 propinqui,
901 2286 943 2315 ut
961 2278 1123 2315 habetur
1143 2279 1236 2315 Luc.
1256 2290 1318 2314 xlv
1335 2277 1367 2315 ²¹².
1388 2278 1515 2315 Debe-

386 2356 406 2359 s
449 2344 536 2368 mus
565 2331 667 2368 enim
697 2331 734 2367 in
763 2330 1029 2379 peccatoribus
1067 2331 1172 2368 odire
1201 2331 1308 2380 quod
1339 2338 1514 2379 peccato-

449 2397 508 2421 res
537 2392 635 2430 sunt‚
666 2392 703 2420 et
732 2384 884 2432 diligere
915 2385 1018 2432 quod
1046 2384 1222 2420 homines
1251 2391 1338 2420 sunt
1357 2383 1514 2420 beatitu-

449 2438 545 2475 dinis
575 2449 746 2486 capaces.
783 2438 832 2474 Et
864 2438 938 2474 hoc
969 2445 1023 2473 est
1058 2449 1124 2473 eos
1156 2449 1247 2474 vere
1283 2449 1327 2473 ex
1362 2437 1513 2474 caritate
1540 2450 1541 2455 ¹

450 2491 602 2538 diligere
630 2498 786 2539 propter
814 2491 955 2527 Deum.

501 2546 560 2581 AD
589 2555 726 2580 pannum
756 2555 855 2580 ERGO
888 2554 1073 2580 DtCENDUM
1107 2541 1211 2590 quod
1240 2541 1392 2589 iniquos
1421 2541 1513 2578 Pro-

448 2598 564 2645 pheta
592 2596 682 2633 odio
702 2596 835 2633 habuit
861 2596 1087 2645 inquantum
1105 2595 1226 2643 iniqui
1250 2602 1347 2642 sunt,
1367 2595 1513 2632 habens

449 2651 538 2687 odio
559 2650 797 2698 iniquitatem
817 2649 1000 2698 ipsorum,
1023 2648 1129 2697 quod
1159 2655 1214 2685 est
1241 2648 1412 2696 ipsorum
1432 2660 1512 2685 ma-

448 2705 540 2740 lum.
572 2704 620 2740 Et
652 2703 727 2740 hoc
755 2710 810 2739 est
829 2703 1039 2752 perfectum
1069 2701 1213 2749 odium,
1244 2701 1292 2738 de
1321 2712 1397 2750 quo
1431 2701 1512 2750 ipse

449 2757 537 2794 dicit
555 2755 590 2793 *z
617 2757 787 2804 Perfecto
811 2756 896 2793 odio
926 2756 1081 2793 oderam
1110 2754 1202 2791 illos.
1233 2754 1417 2791 Eiusdem
1447 2766 1511 2790 au-

448 2818 526 2848 tem
555 2809 710 2846 rationis
740 2816 795 2845 est
823 2809 928 2845 odire
957 2809 1101 2845 malum
1119 2807 1275 2844 alicuius
1296 2815 1332 2844 et
1360 2806 1511 2854 diligere

449 2864 596 2900 bonum
627 2862 718 2898 eius.
748 2862 859 2899 Unde
890 2861 1003 2898 etiam
1027 2861 1125 2898 istud
1148 2861 1281 2898 odium
1300 2860 1511 2910 perfectum

450 2916 498 2953 ad
528 2915 721 2952 caritatem
746 2915 916 2964 pertinet.

503 2970 561 3004 AD
595 2980 786 3005 SECUNDUM
814 2979 999 3005 memnon
1029 2967 1136 3016 quod
1167 2966 1298 3004 amicis
1326 2965 1514 3015 peccanti-

451 3023 535 3069 bus,
564 3021 658 3058 sicut
684 3021 940 3070 Philosophus
971 3020 1068 3067 dicit,
1099 3020 1137 3056 in
1165 3020 1218 3056 IX
1243 3019 1363 3056 Ethic.
1384 3019 1414 3065 ²¹⁶,
1435 3031 1513 3055 non

506 3184 531 3218 β)
550 3185 687 3210 Recedite.
704 3198 723 3203 -
743 3185 826 3210 Erite
846 3185 874 3209 P.

504 3222 531 3253 γ)
550 3220 720 3254 manifestum
740 3223 788 3245 est.
805 3235 823 3238 -
842 3228 893 3244 non
914 3224 954 3245 est
972 3220 1040 3245 enim
1060 3220 1180 3252 ABFpK,
1200 3227 1252 3245 non
1271 3220 1340 3245 enim
1360 3221 1390 3250 D,
1411 3220 1515 3245 noveris

452 3257 516 3288 Gsn,
532 3263 583 3281 non
603 3256 673 3281 enim
687 3259 726 3280 est
740 3256 830 3287 Epr.
845 3256 950 3281 nomine
960 3256 1085 3287 proximi
1097 3257 1148 3286 st,
1161 3258 1201 3281 est
1219 3255 1288 3280 enim
1301 3256 1331 3287 L,
1345 3256 1514 3289 manifestum

451 3295 491 3317 est
509 3291 579 3317 enim
598 3291 643 3321 sK,
662 3291 752 3316 abrasa
771 3298 815 3324 pa.

504 3326 529 3359 δ)
549 3335 602 3359 qua
621 3327 679 3351 Deo
697 3327 886 3352 adversantur.
903 3340 922 3345 -
939 3333 1007 3358 quae
1027 3327 1084 3352 Deo
1102 3327 1264 3352 adversatur
1282 3326 1311 3351 P.

506 3364 528 3394 ε)
548 3362 748 3387 auxiliandum.
767 3376 784 3380 -
803 3362 938 3386 auxilium
958 3362 1076 3386 dandum
1097 3363 1179 3388 PGa.‘

505 3398 531 3430 ζ)
551 3405 652 3423 eorum.
670 3412 689 3417 -
707 3398 786 3422 etiam
806 3405 898 3422 eorum
917 3397 1174 3423 ABDEFGHIKLsC
1193 3403 1218 3423 et
1236 3405 1298 3422 ima.

1135 140 1401 185 QUAESTIO
1431 143 1555 189 XXV,
1585 142 1881 179 ARTICULUS
1909 144 1959 180 Vl

1542 222 1544 229 '
1570 225 1657 253 sunt
1685 218 1942 255 subtrahenda
1969 220 2154 257 amicitiae
2190 222 2394 270 beneficia,
2429 235 2630 282 quousque

1569 269 1754 305 habeatur
1781 281 1868 318 spes
1897 272 2103 309 sanationis
2141 285 2291 312 eorum:
2330 276 2397 313 sed
2425 276 2547 324 magis
2577 284 2632 312 est

1570 321 1623 357 eis
1639 321 1923 359 auxiliandum*
1939 324 1988 360 ad
2003 327 2330 373 recuperationem
2349 329 2495 366 virtutis
2514 340 2630 378 quarn

1569 374 1618 410 ad
1647 375 1976 433 recuperationem
2002 378 2200 426 pecuniae,
2230 380 2260 416 si
2289 392 2375 418 eam
2404 381 2631 428 amisissent,

1568 434 1711 474 quanto
1746 427 1865 465 virtus
1894 436 1950 465 est
1982 429 2103 477 magis
2138 430 2322 469 amicitiae
2355 433 2480 471 affinis
2514 446 2631 492 quam

1566 479 1743 527 pecunia.
1774 481 1852 517 Sed
1879 483 2036 530 quando
2064 482 2102 519 in
2132 483 2337 523 maximam
2365 486 2548 523 malitiam
2576 486 2631 523 in—

1569 532 1697 568 cidunt
1724 541 1760 569 et
1786 533 2014 571 insanabiles
2041 535 2149 582 fiunt,
2179 543 2268 573 tunc
2286 549 2365 575 non
2393 546 2450 575 est
2468 539 2520 575 eis
2540 539 2631 575 ami-

1568 584 1676 621 citiae
1705 585 1937 623 familiaritas
1966 563 2190 624 exhibenda.
2221 589 2270 626 Et
2296 590 2383 627 ideo
2411 591 2632 628 huiusmodi

1565 645 1784 686 peccantes,
1819 639 1866 676 de
1900 639 2037 688 quibus
2070 640 2191 688 magis
2225 643 2480 690 praesumitur
2513 656 2631 680 nocu-

1567 698 1740 727 mentum
1768 692 1931 729 aliorum
1964 704 2080 741 quam
2110 706 2245 730 eorum
2269 693 2282 719 ῑ
2314 696 2544 755 emendatio,
2574 708 2631 733 se-

1568 737 1737 780 cundum
1765 743 1889 792 legem
1909 744 2079 782 divinam
2101 754 2136 782 et
2162 747 2374 784 humanam
2394 749 2632 797 praecipiun-

1567 803 1628 832 tur
1664 796 1798 834 occidi.
1827 818 1850 824 -
1879 798 1929 834 Et
1956 805 2085 835 tamen
2121 799 2196 835 hoc
2223 800 2311 836 facit
2337 800 2451 837 iudex
2479 813 2559 838 non
2587 814 2631 838 ex

1567 848 1658 885 odio
1684 861 1831 898 eorum,
1852 851 1919 887 sed
1948 863 1994 887 ex
2022 851 2184 889 caritatis
2212 865 2357 900 amore,
2378 865 2456 901 quo
2485 854 2631 891 bonum

1565 901 1761 950 publicum
1789 904 1999 951 praefertur
2029 904 2131 942 vitae
2161 905 2356 953 singularis
2383 917 2586 955 personae.
2605 928 2630 935 -

1566 955 1616 991 Et
1643 962 1772 991 tamen
1809 968 1914 993 mors
1950 969 2020 1005 per
2056 957 2223 995 iudicem
2258 959 2400 996 inflicta
2440 960 2631 1008 peccatori

1564 1009 1733 1055 prodest,
1757 1008 1838 1045 sive
1859 1017 2112 1058 convertatur,
2133 1011 2182 1048 ad
2202 1013 2337 1060 culpae
2358 1011 2630 1060 expiationem3

1566 1060 1647 1096 sive
1685 1073 1765 1097 non
1793 1066 1811 1087 η
1849 1069 2111 1110 convertatur,
2141 1065 2192 1101 ad
2225 1066 2358 1113 culpae
2399 1065 2631 1102 terminatio·

1566 1124 1678 1159 nem,
1669 1112 1797 1201 ,qluia
1823 1125 1893 1162 per
1925 1115 2000 1150 hoc
2036 1091 2174 1152 tollitur
2203 1117 2236 1153 ei
2262 1125 2430 1165 potestas
2467 1118 2631 1166 amplius

1565 1176 1712 1212 peccan
1741 1176 1752 1200 1

1619 1218 1679 1253 An
1703 1228 1864 1253 TERTIUM
1898 1229 2084 1257 D1CENDUM
2112 1220 2217 1268 quod
2244 1221 2467 1259 huiusmodi
2493 1223 2632 1271 impre-

1567 1269 1737 1306 cationes
1766 1268 1778 1290 θ
1804 1282 1902 1319 quae
1930 1270 1969 1307 in
2003 1284 2111 1309 sacra
2149 1273 2342 1321 Scriptura
2375 1275 2630 1322 inveniuntur,

1566 1322 1757 1371 tripliciter
1782 1331 1945 1371 possunt
1971 1324 2135 1372 intelligi.
2165 1326 2252 1363 Uno
2281 1326 2422 1374 modo,
2451 1339 2520 1375 per
2548 1340 2631 1380 σιω

1567 1376 1661 1412 dum
1688 1376 2065 1425 praenuntiationis‘,
2086 1390 2165 1415 non
2187 1391 2256 1427 per
2283 1379 2446 1417 modum
2471 1380 2631 1429 optatio-

1566 1428 1640 1465 nis.
1679 1436 1722 1465 ut
1758 1429 1804 1465 sit
1841 1441 1994 1466 sensus:
2038 1431 2317 1469 Convertuntur
2346 1439 2566 1480 peccatores
2594 1434 2631 1477 in

1566 1481 1774 1528 infernum,
1804 1481 1900 1518 idest
1935 1489 2209 1521 convertentur.
2229 1504 2254 1513 -
2280 1485 2367 1522 Alio
2396 1486 2535 1534 modo,
2562 1498 2632 1535 pes

1567 1535 1730 1571 modum
1758 1535 1982 1583 optationis:
2011 1544 2052 1572 ut
2079 1544 2208 1574 tamen
2237 1538 2470 1575 desiderium
2499 1546 2632 1588 optan-

1566 1587 1612 1624 tis
1639 1599 1719 1624 non
1747 1587 1931 1624 referatur
1958 1588 2008 1625 ad
2035 1601 2202 1638 poenam
2237 1591 2457 1639 hominum,
2486 1592 2555 1634 sed
2583 1592 2631 1629 ad

1567 1640 1748 1677 iustitiam
1770 1640 1974 1688 punientis,
1995 1643 2209 1680 secundum
2237 1644 2327 1681 illud
2346 1643 2382 1681 *z
2410 1645 2633 1690 Laetabitur

1567 1693 1682 1730 iustus
1701 1704 1786 1729 cum
1813 1693 1950 1730 viderit
1965 1694 2179 1732 vindictam.
2211 1696 2312 1743 Quia
2330 1709 2401 1734 nec
2425 1698 2631 1746 ipseDeus

1566 1746 1729 1794 puniens
1757 1746 1919 1782 laetatur
1946 1747 1983 1783 in
2005 1749 2218 1795 perditione
2244 1750 2460 1798 impiorum,
2479 1757 2521 1786 ut
2541 1749 2631 1789 dim-

1567 1807 1627 1835 tur
1655 1799 1743 1847 Sap.
1773 1798 1834 1846 1²⁸,
1865 1799 1990 1836 sedin
2018 1812 2087 1837 sua
2106 1801 2265 1838 iustitia:
2294 1802 2383 1850 quia
2411 1803 2527 1841 iustus
2552 1799 2668 1849 Do-ss·

1567 1852 1703 1898 minus,
1732 1856 1768 1888 et
1794 1851 1950 1889 iustitias
1977 1853 2110 1890 dilexit
2124 1853 2155 1890 *.
2177 1875 2201 1881 -
2220 1854 2374 1903 Terti0‚
2408 1862 2450 1894 ut
2486 1855 2630 1903 desid&

1567 1905 1666 1941 rium
1704 1904 1885 1941 referatur
1922 1906 1971 1942 ad
2008 1907 2263 1944 remotionem
2293 1908 2555 1957 culpae,rn,on
2578 1909 2631 1957 ad

1567 1958 1691 2007 ipsam
1718 1969 1906 2006 poenam:
1935 1966 1977 1995 ut
1996 1959 2137 1997 scilicet
2155 1968 2314 2009 peccata
2337 1960 2579 2009 destruantur
2597 1969 2634 1999 et

1566 2010 1743 2048 homines
1772 2019 2007 2048 r.emaneant

1619 2066 1679 2101 AD
1707 2075 1880 2107 QUARTUM
1912 2075 2097 2102 memnon
2125 2065 2230 2115 quod
2259 2078 2306 2103 ex
2333 2066 2486 2114 caritate
2515 2043 2632 2126 diligi

1568 2129 1654 2154 mus
1681 2124 1903 2167 peccatores
1923 2130 2001 2154 non
2021 2118 2177 2167 quidem
2197 2126 2239 2156 ut
2256 2117 2419 2158 velimus
2441 2130 2543 2178 quae
2562 2116 2634 2179 ipsi

1566 2171 1720 2218 volunt,
1753 2171 1816 2207 vel
1851 2170 2088 2218 gaudeamus
2126 2172 2174 2208 de
2205 2171 2264 2209 his
2302 2171 2349 2209 de
2386 2168 2544 2221 quibus
2561 2170 2634 2222 ipsi

1566 2224 1750 2271 gaudent:
1780 2222 1848 2260 sed
1875 2230 1918 2260 ut
1942 2223 2129 2260 faciamus
2157 2236 2225 2261 eos
2261 2225 2360 2262 velle
2390 2225 2497 2272 quod
2522 2225 2632 2278 volp—

1568 2288 1676 2323 mus,
1711 2283 1747 2313 et
1778 2277 1945 2324 gaudere
1979 2276 2025 2313 de
2060 2276 2119 2314 his
2154 2278 2201 2314 de
2235 2276 2374 2326 quibus
2406 2276 2630 2332 gaudemus.

1568 2329 1680 2366 Unde
1709 2329 1844 2366 dicitur
1873 2330 2008 2366 Ierem.
2037 2341 2085 2366 xv
2111 2329 2147 2366 *ε
2175 2330 2258 2379 Ipsi
2280 2335 2564 2385 convertentur.
2559 2327 2670 2385 qd
2683 2338 2750 2380 ver}
2765 2344 2796 2378 ¹95

1567 2388 1611 2428 te,
1633 2388 1669 2419 et
1694 2387 1732 2418 tu
1761 2394 1852 2418 non·
1866 2383 2096 2419 converteris
2123 2382 2175 2419 ad
2201 2395 2275 2419 eos.

1620 2437 1679 2472 An
1700 2446 1863 2476 Quum-um
1893 2446 2077 2472 DtCENDUM
2095 2437 2200 2484 quod
2220 2435 2427 2479 convivere
2454 2443 2632 2486 peccato-

1567 2487 1671 2524 ribus
1699 2487 1859 2524 infirmis
1888 2488 2045 2536 quidem
2075 2495 2130 2525 est
2155 2488 2372 2536 vitandum,
2393 2496 2550 2538 propter
2566 2500 2633 2538 pe-

1566 2541 1727 2578 riculum
1756 2540 1862 2588 quod
1890 2540 1944 2577 eis
1972 2540 2148 2578 imminet
2174 2553 2223 2578 ne
2251 2542 2300 2578 ab
2327 2541 2380 2579 eis
2409 2542 2632 2579 subvertan-

1566 2602 1637 2631 tur.
1667 2593 1846 2630 Perfectis
1874 2601 2016 2641 autem,
2037 2594 2084 2631 de
2104 2606 2270 2643 quorum
2290 2594 2533 2644 corruptione
2551 2607 2604 2634 no

1566 2647 1730 2693 timetur,
1750 2646 1942 2683 laudabile
1959 2654 2014 2683 est
2033 2646 2150 2696 quod
2158 2659 2247 2684 cum
2260 2647 2528 2697 peccatoribus
2541 2607 2632 2685 eui-1

1565 2707 1775 2746 versentur,
1804 2706 1846 2736 ut
1875 2711 1941 2736 eos
1970 2707 2204 2736 convertant.
2235 2699 2299 2738 Sic
2318 2700 2420 2736 enim
2440 2694 2631 2737 Dominus

1566 2764 1653 2789 cum
1683 2753 1945 2801 peccatoribus
1967 2751 2226 2790 manducabat
2245 2760 2281 2790 et
2313 2752 2478 2801 bibebat,
2505 2760 2547 2791 ut
2556 2751 2630 2790 ha¹-

1566 2806 1674 2842 betur
1693 2805 1826 2842 Matth.
1848 2817 1883 2842 ix
1901 2804 1932 2842 *.
1953 2827 1976 2833 -
1998 2805 2208 2842 Convictus
2230 2813 2359 2843 tamen
2382 2812 2629 2865 peccatorum
2656 2814 2666 2824 ·

1565 2866 1750 2907 quantum
1766 2858 1814 2895 ad
1831 2858 2062 2895 consortium
2081 2858 2228 2906 peccati
2245 2858 2422 2895 vitandus
2439 2865 2494 2895 est
2508 2858 2630 2896 omni-

1566 2912 1648 2948 bus.
1679 2911 1729 2948 Et
1755 2911 1807 2948 sic
1832 2911 1967 2948 dicitur
1991 2913 2022 2948 ΙΙ
2043 2912 2095 2948 ad
2117 2912 2268 2948 Cor.v1
2288 2911 2323 2948 *z
2352 2912 2561 2948 Recedite*
2584 2912 2631 2948 de
2656 2919 2666 2928 ·

1539 2975 1541 2989 ’
1566 2965 1687 3002 medio
1715 2976 1860 3010 eorum,
1880 2970 1917 3001 et
1941 2964 2178 3002 immundum
2198 2976 2245 3001 ne
2262 2940 2466 3023 tetigeritis,
2491 2963 2631 3001 scilicet

1567 3016 1784 3054 secundum
1808 3017 1954 3066 peccati
1983 3029 2226 3054 consensum.

1618 3185 1645 3216 η)
1665 3192 1726 3209 non.
1744 3197 1763 3203 —
1780 3184 1860 3209 etiam
1880 3184 1951 3213 PHa,
1966 3191 2020 3208 om.
2038 3183 2139 3216 ‚Au-'pm
2157 3183 2368 3216 expiationem...
2382 3183 2478 3215 culpae
2493 3189 2555 3235 oin«,
2564 3181 2631 3225 ἣξ-

1568 3220 1617 3244 Pro
1636 3219 1861 3247 terminationem,
1880 3219 2049 3244 iterationem
2069 3219 2100 3244 G.

1619 3253 1644 3286 Θ)
1663 3254 1876 3287 imprecationes.
1894 3268 1913 3273 —
1931 3254 2125 3286 increpationes
2143 3253 2375 3286 PABCDEFHILp
2377 3254 2419 3278 Kx
2437 3258 2463 3279 et
2478 3259 2531 3279 aa.
2559 3264 2572 3273 ν
2583 3262 2610 3284 ,ς

1621 3291 1639 3322 ι)
1654 3289 1910 3322 praenuntiationis.
1927 3303 1947 3309 —
1960 3290 2192 3322 pronuntiationis
2210 3289 2279 3322 PpK.
2297 3301 2316 3310 -
2334 3290 2397 3314 Post
2412 3292 2506 3314 seam
2525 3287 2555 3313 1³-
2558 3277 2630 3312 addit

1567 3326 1639 3351 Psal.
1656 3332 1690 3360 9,·
1708 3325 1768 3350 item
1789 3333 1856 3356 mox,
1876 3330 1936 3357 post
1953 3325 2097 3350 secundum
2117 3325 2191 3354 illud,
2210 3325 2282 3350 Psal.
2301 3323 2352 3358 57.

1620 3361 1645 3393 κ)
1665 3361 1799 3386 Recedite.
1817 3374 1835 3379 -
1855 3360 1938 3385 Exite
1957 3360 1986 3385 P.
2003 3374 2022 3379 -
2040 3361 2090 3385 Pro
2108 3359 2252 3385 secundum
2267 3359 2374 3392 peccatu·
2389 3364 2553 3387 consensum,
2567 3364 2630 3390 peo-

1567 3396 1622 3422 cati
1638 3396 1802 3422 consortium
1822 3396 1852 3420 D.

2659 1655 2835 1682 ·Ps.=.vu,vers.
2843 1661 2868 1676 u.

2682 1811 2748 1834 Ven.
2764 1818 2794 1841 ¹³·

2656 1866 2672 1895 ᾗ
2682 1865 2721 1896 ΡΑ,
2729 1870 2761 1896 3„
2773 1871 2832 1895 vern.
2846 1865 2868 1888 8»

2716 3287 2781 3300 iiiiii
