2892 4056
202 720 220 766 ‘r
226 719 262 740 Cf.
281 725 320 747 qu.
336 725 356 746 1,

225 837 264 916 ee

196 1878 287 1924 iibf'n,
301 1903 327 1919 ca

1167 164 1432 209 QUAESTIO
1461 166 1511 210 X,
1542 165 1836 201 ARTICULUS
1866 166 1878 201 l

1143 370 1556 446 QUAESTIO
1595 371 1905 426 DECIMA

1046 478 1130 518 DE
1163 479 1593 520 INFIDELITATE
1625 479 1686 519 IN
1721 480 2002 521 COMMUNI

1214 585 1248 609 IN
1276 585 1461 610 DUODECIM
1491 585 1691 611 ARTICULOS
1721 587 1837 612 DIVISA

520 680 781 710 ONSEQUENTER
813 668 1131 705 considerandum
1157 676 1211 704 est
1235 668 1281 704 de
1308 668 1405 705 vitiis
1434 681 1500 717 op-
1528 671 1530 679 '

372 720 410 741 Μ’
441 679 648 770 Cpositis
667 722 697 758 *.
728 722 775 758 Et
802 721 945 769 primo,
972 721 1018 757 de
1044 721 1280 767 infidelitate,
1307 733 1406 768 quae
1433 734 1500 770 op-

436 775 589 823 ponitur
603 774 710 820 fidei3
731 774 913 821 secundo,
930 774 976 811 de
997 774 1243 823 blasphemia,
1264 786 1362 822 quae
1383 786 1501 823 oppo-

437 827 536 864 nitur
556 827 784 864 confessioni
798 828 832 872 *;
853 827 973 874 tertio,
996 827 1042 864 de
1061 827 1271 875 ignorantia
1291 834 1326 863 et
1345 828 1500 864 hebetu-

438 880 540 925 dine,
570 893 668 928 quae
704 888 949 929 opponuntur
977 880 1153 917 scientiae
1182 888 1218 916 et
1246 880 1446 917 intellectui
1466 880 1498 917 ¹⁸.

438 933 548 970 Circa
574 933 754 982 primum,
777 933 1096 971 considerandum
1126 940 1181 969 est
1210 933 1256 969 de
1280 933 1498 970 infidelitate

436 986 474 1023 in
512 987 729 1032 communi3
760 987 950 1034 secundo,
981 988 1027 1024 de
1056 986 1203 1023 haeresi
1222 986 1260 1022 *ε
1290 987 1419 1034 tertio,
1449 987 1496 1023 de

437 1039 627 1088 apostasia
655 1052 676 1076 a
703 1040 780 1077 fide
798 1040 829 1076 ³¹².

438 1093 545 1129 Circa
573 1093 740 1141 primum
771 1100 1005 1141 quaeruntur
1033 1092 1251 1129 duodecim.

489 1145 640 1182 Primo:
670 1154 798 1182 utrum
827 1146 1026 1183 infidelitas
1055 1147 1101 1182 sit
1129 1153 1340 1194 peccatum.

491 1199 687 1236 Secundo:
718 1199 755 1235 in
784 1211 860 1246 quo
890 1199 935 1236 sit
964 1199 1058 1235 sicut
1086 1199 1123 1234 in
1152 1198 1335 1234 subiecto.

490 1252 641 1289 Tertio:
670 1260 797 1289 utrum
827 1252 873 1288 sit
901 1252 1109 1288 maximum
1129 1258 1388 1298 peccatorum.

491 1306 654 1352 Quarto:
675 1313 801 1342 utrum
831 1305 955 1341 omnis
985 1303 1081 1340 actio
1111 1303 1322 1340 infidelium
1347 1302 1391 1338 sit
1410 1313 1497 1349 pec-

543 1366 680 1394 catum.

1611 670 1775 717 Quinto:
1805 671 1852 708 de
1881 672 2079 720 speciebus
2106 672 2345 710 infidelitatis.

1610 730 1741 767 Sexto:
1772 731 1818 768 de
1847 731 2131 780 comparatione
2161 744 2291 769 earum
2321 732 2368 769 ad
2396 732 2570 770 invicem.

1610 795 1800 844 Septimo:
1830 804 1958 833 utrum
1987 808 2074 832 cum
2103 795 2318 833 infidelibus
2347 795 2392 833 sit
2420 796 2613 845 disputan-

1662 856 1754 893 dum
1784 857 1829 893 de
1854 857 1942 894 fide.

1608 924 1777 961 Octavo:
1807 931 1934 960 utrum
1963 924 2036 960 sint
2059 923 2219 971 cogendi
2247 923 2295 960 ad
2323 923 2454 960 fidem.

1607 986 1744 1022 Nono:
1774 993 1900 1022 utrum
1930 985 1976 1022 sit
2004 985 2057 1021 eis
2087 985 2463 1022 communicandum.

1607 1046 1793 1083 Decimo:
1830 1054 1958 1082 utrum
1995 1046 2142 1095 possint
2178 1046 2399 1083 Christianis
2437 1046 2613 1083 fidelibus

1659 1119 1847 1156 praeesse.
1975 1146 1977 1148 ,

1605 1168 1840 1206 Undecimo:
1875 1175 2004 1205 utrum
2037 1168 2128 1205 ritus
2161 1169 2373 1215 infidelium
2413 1169 2485 1207 sint
2521 1171 2614 1207 tole—

1659 1229 1778 1266 randi.

1605 1290 1867 1327 Duodecimo:
1892 1298 2019 1328 utrum
2038 1292 2146 1340 pueri
2165 1291 2377 1330 infidelium
2397 1293 2470 1331 sint
2487 1294 2614 1339 invitis
2657 1293 2663 1296 ’

1658 1351 1878 1400 parentibus
1904 1352 2146 1407 baptizandi.>

1246 1454 1562 1499 ARTICULUS
1595 1453 1799 1494 PRIMUS

1123 1551 1277 1581 UTRUM
1302 1547 1571 1592 1NF1DEL1TAs
1596 1547 1661 1577 SIT
1685 1546 1923 1578 PEccATUM

1223 1628 1243 1652 Il
1263 1628 1345 1658 Sene„
1366 1628 1425 1653 dist.
1443 1634 1525 1656 xxnx,
1545 1633 1590 1658 qu.
1608 1633 1626 1656 ι,
1646 1630 1692 1650 art.
1714 1633 1738 1656 2,
1757 1626 1788 1649 ad
1806 1633 1832 1656 4.

594 1757 611 1765 «κ

465 1720 527 1763 >525³
548 1723 605 1757 Μ(
648 1719 667 1744 ι)
692 1717 829 1742 PR1MUM
857 1717 910 1742 s1c
939 1717 1177 1742 PROCEDITUR.
1208 1707 1367 1744 Videtur
1391 1706 1493 1754 quod

460 1748 635 1819 'Vin'
645 1758 845 1796 infidelitas
861 1770 939 1795 non
954 1758 1000 1794 sit
1013 1766 1225 1807 peccatum.
1248 1760 1376 1797 Omne
1393 1759 1493 1796 enim

450 1811 615 1892 styga}
645 1819 845 1861 peccatum
875 1819 930 1848 est
959 1819 1089 1848 contra
1110 1821 1304 1849 naturam:
1334 1820 1375 1849 ut
1394 1820 1495 1861 patet

490 1879 506 1894 k

521 1858 588 1900 35²³)
603 1856 714 1914 Xper
738 1866 1035 1913 Damascenum,
1057 1865 1096 1902 in
1116 1867 1147 1901 II
1168 1865 1264 1902 libro
1279 1866 1310 1903 ²¹².
1342 1866 1418 1902 Sed
1442 1865 1496 1902 in-

195 1903 406 1972 {ussibffisscgifi
435 1919 595 1957 fidelitas
629 1931 706 1955 non
735 1918 885 1955 videtur
914 1931 994 1955 esse
1025 1926 1156 1955 contra
1185 1927 1377 1956 naturam:
1409 1918 1497 1955 dicit

212 1958 234 1972 x.

197 1980 206 1988 ·
221 1978 278 2005 Cap.
293 1983 315 1998 v.

295 2089 311 2105 α

295 2186 309 2220 β

199 2511 207 2519 ·
222 2509 290 2531 Vers.
306 2515 338 2536 ¹4—

437 1973 537 2010 enim
553 1972 797 2020 Augustinus,
815 1971 852 2008 in
867 1971 962 2008 libro
977 1972 1022 2008 de
1041 1972 1175 2009 Praed.
1197 1973 1321 2010 Sanct.
1338 1972 1369 2019 ²⁸,
1391 1972 1495 2021 quod

429 2038 540 2074 posse
563 2026 701 2062 habere
713 2025 848 2073 fidem,
867 2026 963 2061 sicut
982 2036 1095 2073 posse
1122 2027 1261 2063 hahere
1289 2026 1495 2071 caritatem,

436 2085 595 2116 naturae
609 2084 661 2115 est
675 2078 869 2114 hominum
882 2083 916 2115 ατ
937 2079 1076 2115 habere
1090 2080 1353 2127 autemfidem,
1369 2091 1495 2127 quem-

435 2133 638 2169 admodum
666 2132 805 2168 hahere
832 2132 1037 2178 caritatem,
1062 2132 1212 2182 gratiae
1239 2139 1294 2169 est
1308 2132 1495 2181 fidelium.

436 2187 538 2233 Ergo
554 2197 633 2221 non
649 2185 789 2221 habere
809 2185 940 2232 fidem,
958 2185 1063 2233 quod
1080 2193 1136 2222 est
1155 2185 1349 2223 infidelem
1370 2198 1453 2222 esse
1469 2182 1494 2232 β,

436 2251 515 2275 non
544 2246 598 2275 est
625 2246 837 2287 peccatum.

491 2303 525 2328 2.
547 2293 779 2338 PRAETEREA,
809 2291 933 2327 nullus
961 2299 1094 2339 peccat
1121 2291 1159 2327 in
1189 2304 1234 2328 eo
1255 2291 1359 2341 quod
1378 2291 1496 2328 vitare

437 2357 515 2381 non
551 2352 694 2393 potest:
726 2344 813 2392 quia
847 2356 962 2380 omne
1000 2352 1199 2392 peccatum
1240 2352 1294 2382 est
1326 2345 1498 2381 volunta-

437 2398 548 2434 rium.
581 2398 657 2434 Sed
684 2409 761 2434 non
782 2405 837 2434 est
855 2397 892 2433 in
913 2405 1096 2445 potestate
1125 2398 1292 2434 hominis
1320 2398 1424 2446 quod
1443 2397 1498 2434 in-

436 2451 656 2488 fidelitatem
685 2451 787 2496 vitet,
817 2462 931 2499 quarn
962 2451 1082 2487 vitare
1110 2463 1188 2487 non
1215 2459 1340 2499 potest
1364 2451 1434 2488 nisi
1452 2451 1497 2488 fi-

438 2504 526 2541 dem
546 2503 747 2540 habendo:
769 2503 856 2540 dicit
877 2503 975 2540 enim
996 2504 1216 2552 Apostolus,
1233 2506 1284 2541 ad
1295 2505 1408 2541 Rom.
1424 2516 1447 2540 x
1460 2504 1496 2540 *ε

442 2558 636 2600 Quomodo
661 2558 812 2593 credent
838 2557 872 2593 ei
899 2568 1008 2604 quem
1038 2569 1111 2593 non
1141 2557 1368 2594 audierunt?
1399 2557 1498 2598 Quo-

437 2611 548 2647 modo
577 2615 701 2647 autem
722 2611 873 2646 audient
889 2610 969 2646 sine
981 2610 1257 2658 praedicante?
1285 2612 1386 2658 Ergo
1415 2610 1497 2647 infi-

438 2664 568 2701 delitas
598 2676 675 2700 non
703 2663 854 2700 videtur
884 2675 965 2700 esse
994 2671 1206 2712 peccatum.

493 2719 526 2754 3.
555 2717 788 2763 PRAETEREA,
811 2716 905 2752 sicut
925 2728 1038 2764 supra
1053 2716 1072 2738 '¹‘
1093 2716 1233 2753 dictum
1255 2724 1320 2762 est,
1338 2724 1423 2752 sunt
1443 2728 1499 2752 se-

436 2778 539 2819 ptem
558 2770 649 2807 vitia
670 2770 852 2819 capitalia,
874 2770 922 2807 ad
942 2782 1040 2817 quae
1061 2769 1189 2806 omnia
1213 2776 1368 2817 peccata
1389 2769 1498 2806 redu-

438 2831 582 2860 cuntur.
623 2824 703 2860 Sub
733 2823 835 2860 nullo
865 2830 993 2859 autem
1031 2823 1170 2859 horum
1199 2822 1349 2859 videtur
1381 2822 1498 2858 conti-

438 2877 517 2914 neri
533 2876 744 2913 infidelitas.
772 2877 873 2923 Ergo
894 2875 1094 2913 infidelitas
1114 2888 1192 2912 non
1213 2883 1267 2912 est
1285 2883 1496 2923 peccatum.

493 2930 566 2966 SED
600 2941 764 2975 CONTRA,
798 2929 925 2966 virtuti
959 2929 1207 2966 contrariatur
1239 2928 1386 2965 vitium.
1422 2928 1498 2965 Sed

438 2983 535 3019 fides
565 2990 619 3019 est
637 2982 776 3019 virtus:
807 2982 866 3018 cui
887 2982 1133 3019 contrariatur
1155 2981 1366 3018 infidelitas.
1398 2982 1498 3028 Ergo

438 3035 638 3072 infidelitas
668 3042 723 3071 est
750 3042 961 3082 peccatum.

493 3089 717 3126 RESPONDEO
738 3100 919 3125 mCENDUM
940 3088 1044 3136 quod
1074 3086 1274 3124 infidelitas
1303 3086 1499 3135 dupliciter

439 3141 558 3190 accipi
586 3149 720 3190 potest.
751 3141 837 3178 Uno
867 3141 998 3187 modo,
1029 3141 1241 3178 secundum
1269 3152 1405 3188 puram
1435 3152 1499 3176 ne-

439 3194 649 3242 gationem:
679 3202 719 3230 ut
749 3194 893 3231 dicatur
918 3194 1077 3230 infidelis
1108 3206 1151 3230 ex
1181 3194 1255 3230 hoc
1284 3194 1364 3229 solo
1394 3193 1499 3241 quod

494 3325 520 3355 α)
540 3327 653 3349 naturae
671 3327 710 3349 est
728 3324 872 3348 hominum.
890 3338 908 3342 -
927 3325 1049 3349 naturale
1069 3327 1107 3349 est
1126 3325 1261 3349 hominum
1282 3324 1310 3352 L,
1331 3327 1445 3348 naturae
1463 3328 1502 3349 est

440 3359 556 3384 omnium
576 3360 612 3390 lx,
632 3363 746 3384 naturae
765 3362 804 3384 est
822 3359 938 3384 omnium
959 3360 1094 3384 hominum
1113 3360 1159 3384 Pa.

1550 1717 1628 1742 non
1656 1705 1772 1741 habet
1799 1703 1929 1741 fidem.
1959 1703 2046 1740 Alio
2075 1705 2194 1742 modo
2215 1713 2341 1754 potest
2359 1707 2514 1756 intelligi
2533 1708 2618 1746 infi—

1551 1758 1683 1795 delitas
1703 1757 1914 1794 secundum
1935 1758 2239 1796 contrarietatem
2260 1759 2308 1796 ad
2327 1760 2465 1797 fidem:
2495 1761 2584 1810 quia
2598 1767 2614 1790 Υ

1551 1811 1690 1848 scilicet
1718 1810 1850 1860 aliquis
1883 1818 2067 1859 repugnat
2099 1812 2242 1849 auditui
2269 1813 2379 1857 fidei,
2409 1815 2471 1850 vel
2501 1814 2616 1852 etiam

1552 1864 1760 1902 contemnit
1797 1864 1940 1913 ipsam,
1971 1865 2183 1902 secundum
2220 1865 2312 1903 illud
2348 1866 2465 1903 Isaiae
2494 1879 2555 1904 1.111
2574 1867 2614 1904 *τ

1555 1918 1646 1961 Quis
1674 1918 1828 1954 credidit
1854 1917 2001 1954 auditui
2027 1918 2183 1955 nostro?
2215 1919 2264 1955 Et
2290 1919 2329 1956 in
2356 1919 2431 1956 hoc
2462 1921 2616 1970 proprie

1550 1971 1744 2021 perficitur
1772 1970 1865 2013 ratio
1894 1970 2135 2008 infidelitatis.
2166 1972 2215 2008 Et
2234 1972 2448 2010 secundum
2467 1974 2542 2011 hoc
2561 1974 2617 2012 in-

1551 2024 1713 2063 fidelitas
1742 2032 1798 2061 est
1825 2031 2036 2073 peccatum.
2127 2030 2129 2032 '

1607 2077 1646 2115 Si
1674 2085 1803 2114 autem
1833 2077 2035 2126 accipiatur
2063 2077 2262 2114 infidelitas
2278 2075 2291 2099 δ
2312 2079 2524 2116 secundum
2551 2091 2616 2116 ne-

1553 2133 1744 2180 gationem
1774 2143 1922 2179 puram,
1944 2131 2038 2168 sicut
2058 2130 2095 2167 in
2114 2130 2184 2167 illis
2204 2131 2267 2179 qui
2296 2131 2386 2168 nihil
2416 2132 2617 2169 audierunt

1553 2185 1601 2223 de
1630 2184 1718 2231 fide,
1748 2196 1826 2220 non
1853 2184 1968 2221 habet
1995 2183 2182 2221 rationem
2210 2185 2368 2232 peccati,
2399 2185 2467 2222 sed
2494 2185 2616 2234 magis

1551 2250 1713 2287 poenae,
1730 2237 1818 2285 quia
1836 2237 1919 2274 talis
1934 2237 2144 2285 ignorantia
2160 2237 2377 2274 divinorum
2399 2250 2443 2275 ex
2458 2246 2615 2287 peccato

1551 2291 1665 2340 primi
1692 2290 1857 2339 parentis
1881 2288 1938 2327 'est
1958 2297 2174 2327 consecuta.
2205 2291 2282 2337 Qui
2301 2298 2429 2327 autem
2450 2291 2503 2327 sic
2531 2299 2618 2328 sunt

1552 2344 1726 2381 infideles
1755 2344 1984 2381 damnantur
2005 2344 2161 2392 quidem
2181 2352 2336 2392 propter
2355 2344 2426 2380 alia
2448 2351 2616 2392 peccata,

1536 2410 1651 2446 ,quae
1680 2397 1760 2447 sine
1789 2397 1865 2434 fide
1899 2397 2036 2434 remitti
2065 2408 2142 2433 non
2172 2404 2352 2444 possunt:
2382 2409 2459 2434 non
2488 2405 2616 2437 autem

1555 2452 1783 2488 damnantur
1811 2457 1967 2498 propter
1990 2449 2222 2486 infidelitatis
2255 2457 2466 2499 peccatum.
2505 2451 2615 2488 Unde

1553 2503 1744 2541 Dominus
1765 2502 1864 2550 dicit,
1886 2504 1990 2540 loan.
2010 2515 2058 2539 xv
2072 2502 2108 2539 *t
2137 2503 2180 2539 Si
2195 2515 2269 2540 non
2289 2503 2483 2549 venissem,
2504 2509 2540 2540 et
2566 2503 2618 2541 lo-

1553 2563 1659 2593 cutus
1687 2557 1738 2593 eis
1776 2568 1849 2592 non
1872 2557 2055 2604 fuissem,
2080 2561 2277 2604 peccatum
2312 2568 2387 2593 non
2419 2557 2617 2595 haberent.-

1554 2609 1659 2659 quod
1689 2621 1882 2658 exponens
1908 2609 2141 2657 Augustinus
2169 2609 2258 2646 dicit
2276 2609 2296 2630 ’¹‘
2324 2609 2429 2657 quod
2445 2609 2618 2659 'loquitur

1553 2664 1598 2700 de
1612 2663 1673 2699 illo
1687 2668 1844 2711 peccato
1864 2674 1937 2710 quo
1966 2675 2041 2699 non
2070 2662 2309 2699 crediderunt
2330 2663 2367 2698 in
2388 2663 2587 2701 Christum.

1606 2718 1664 2752 AD
1693 2724 1830 2751 PRIMUM
1858 2726 1956 2752 ERGO
1981 2727 2164 2752 DICENDUM
2193 2715 2299 2762 quod
2325 2715 2468 2751 habere
2496 2715 2616 2755 fidem

1553 2781 1631 2805 non
1653 2776 1708 2804 est
1727 2768 1764 2804 in
1784 2775 1919 2804 natura
1937 2769 2127 2804 humana:
2149 2767 2215 2804 sed
2235 2767 2273 2804 in
2293 2775 2427 2804 natura
2446 2768 2616 2806 humana

1553 2829 1609 2858 est
1637 2828 1677 2857 ut
1705 2833 1813 2857 mens
1841 2821 2007 2858 hominis
2045 2833 2123 2857 non
2152 2827 2337 2869 repugnet
2363 2820 2531 2858 interiori
2559 2821 2615 2858 in-

1551 2873 1700 2911 stinctui
1721 2882 1757 2910 et
1777 2873 1949 2910 exteriori
1968 2878 1980 2894 ⁸
1999 2873 2167 2910 veritatis
2187 2873 2472 2922 praedicationi.
2502 2874 2614 2912 Unde

1552 2927 1754 2964 infidelitas
1782 2927 1995 2964 secundum
2026 2927 2101 2963 hoc
2130 2934 2185 2963 est
2213 2934 2343 2963 contra
2372 2934 2561 2965 naturam.

1605 2982 1664 3017 An
1692 2991 1881 3017 SECUNDUM
1910 2992 2093 3017 memnon
2118 2979 2223 3028 quod
2244 2979 2338 3016 ratio
2362 2979 2424 3018 illa
2443 2980 2616 3028 procedit

1553 3035 1600 3071 de
1616 3033 1836 3070 infidelitate
1852 3033 2064 3070 secundum
2080 3033 2185 3081 quod
2204 3032 2381 3081 importat
2402 3032 2613 3082 simplicem

1553 3086 1807 3134 negationem.

1606 3142 1664 3176 An
1701 3151 1860 3176 TERTmM
1889 3150 2073 3176 morannum
2101 3138 2207 3186 quod
2243 3137 2444 3175 infidelitas
2482 3149 2615 3177 secun-

1553 3193 1645 3230 dum
1674 3193 1779 3241 quod
1808 3200 1863 3229 est
1889 3199 2104 3241 peccatum,
2135 3191 2253 3228 oritur
2281 3203 2326 3228 ex
2346 3191 2539 3240 superbia,
2569 3202 2614 3228 ex

1607 3322 1630 3354 δ)
1652 3324 1802 3356 infidelita&
1821 3336 1839 3341 -
1858 3324 1918 3348 Om.
1940 3323 1968 3348 Ρ.

1607 3360 1628 3389 ε)
1648 3359 1788 3383 exteriori.
1807 3373 1825 3377 -
1843 3358 1987 3383 exterioris
2002 3358 2040 3383 lx.
2052 3372 2070 3377 —
2083 3359 2133 3383 Pro
2148 3358 2270 3383 veritatis
2283 3357 2491 3390 praedicationi,
2504 3357 2615 3382 veritati

493 3393 517 3426 β)
539 3395 667 3428 infidelem
687 3401 751 3420 esse.
769 3409 787 3413 -
805 3394 950 3427 infidelium
971 3395 1016 3419 Pa.
1034 3409 1052 3413 -
1072 3395 1134 3418 Post
1153 3402 1204 3419 non
1226 3398 1265 3419 est
1284 3395 1379 3418 addunt
1404 3398 1499 3419 contra
1549 3394 1750 3426 praedicationi
1768 3394 1907 3425 FHpABE,
1928 3393 2035 3418 veritati
2050 3401 2101 3425 per
2115 3393 2345 3425 praedicationem
2365 3393 2397 3422 G,
2413 3392 2521 3417 veritati
2534 3399 2615 3424 prae-

441 3434 565 3454 naturam
585 3434 611 3454 et
629 3430 668 3454 ita
687 3437 738 3454 non
758 3433 797 3454 est
817 3430 906 3454 PIsCK
927 3435 951 3454 et
971 3437 1013 3455 κα.

495 3468 519 3498 γ)
539 3466 610 3497 quia.
628 3479 646 3484 —
665 3473 717 3497 qua
736 3466 781 3490 Pa.

1555 3430 1717 3455 dicationum
1738 3430 1769 3454 K.

2645 1884 2653 1892 ·
2668 1882 2735 1904 Vei-u.
2751 1887 2767 1904 ι.

2645 2522 2653 2531 ·
2669 2520 2736 2543 Ven.
2751 2526 2786 2542 22.

2644 2624 2854 2674 {It-{Q
