2892 4056
253 3205 274 3220 v·
303 3195 349 3232 de
367 3195 454 3232 Div.
475 3194 634 3241 Nom.'*,
656 3195 759 3253 quod
776 3195 877 3243 fides
904 3200 959 3231 est
983 3194 1084 3231 circa
1105 3193 1310 3243 simplicem
1329 3199 1364 3230 et

1029 138 1293 184 QUAESTlo
1325 140 1355 184 1,
1384 139 1678 176 ART1CULUS
1709 141 1721 176 1
2438 153 2458 188 7

1026 369 1433 447 QUAESTIO
1475 372 1733 427 PRIMA

929 505 1038 544 DE
1102 505 1510 546 OBIECTO
1571 507 1827 547 FIDEI

1104 628 1136 652 IN
1166 629 1286 654 DECEM
1314 629 1514 655 ARTICULOS
1543 630 1657 655 DIVISA

377 759 459 784 1RCA
499 748 654 786 virtutes
699 747 808 796 igitur
849 747 1079 795 theologicas
1120 749 1243 797 primo
1289 749 1355 786 erit
1379 751 1382 793 Ι

297 758 695 842 Cconsiderandum
731 799 778 837 de
811 799 909 847 fide;
940 801 1122 849 secundo,
1148 802 1194 838 de
1226 815 1292 851 spe
1315 802 1353 848 *3
1380 795 1383 838 l

294 855 417 902 tertio,
439 854 486 891 de
507 853 656 890 caritate
676 852 708 889 *.
730 852 841 890 Circa
860 853 979 890 fidem
998 866 1091 890 vero
1121 855 1354 904 quadruplex

295 907 546 945 consideratio
565 905 747 943 occurrit:
776 906 900 954 prima
918 906 1073 954 quidem
1094 907 1141 944 de
1160 907 1240 956 ipsa
1260 909 1353 954 fide;

295 959 464 998 secunda
484 960 532 997 de
551 959 660 996 donis
688 959 896 996 intellectus
926 967 962 996 et
988 959 1164 997 scientiae
1184 960 1254 997 sibi
1275 974 1355 998 cor—

295 1011 614 1062 respondentibus
628 1012 664 1058 *3
680 1012 786 1049 tertia
802 1012 849 1049 de
862 1012 961 1049 vitiis
977 1013 1159 1062 oppositis
1169 1013 1228 1060 *³⁸3
1246 1026 1355 1063 quar·
1382 1055 1384 1060 Α

293 1074 331 1104 ta
351 1066 398 1103 de
416 1065 628 1115 praeceptis
647 1065 697 1102 ad
715 1065 815 1102 hanc
833 1065 1012 1103 virtutem
1035 1067 1309 1115 pertinentibus
1322 1068 1353 1104 *.
1382 1061 1384 1079 ³

295 1119 406 1156 Circa
433 1118 552 1165 fidem
579 1130 674 1155 vero
703 1118 828 1167 primo
859 1118 927 1159 erit
959 1119 1279 1158 considerandum
1308 1121 1356 1158 de

295 1171 376 1210 eius
395 1163 566 1218 obiect03
597 1171 779 1218 secundo,
810 1172 857 1208 de
890 1172 970 1209 eius
998 1180 1084 1209 actu
1102 1172 1137 1218 *;
1166 1173 1286 1220 tertio,
1307 1174 1356 1211 de

294 1225 416 1274 ipso⁶¹
435 1200 566 1262 habini
594 1224 723 1262 fidei*

295 1277 599 1327 eucarpi-imum
628 1284 860 1326 quaeruntur
889 1277 1035 1315 decem.

346 1330 496 1368 Primo:
523 1338 652 1368 utrum
672 1331 865 1368 obiectum
885 1330 976 1368 fidei
995 1331 1039 1368 sit
1058 1331 1196 1368 veritas
1223 1331 1357 1380 prima.

347 1383 543 1421 Secundo:
572 1391 700 1421 utrum
716 1384 908 1420 obiectum
922 1383 1012 1420 fidei
1027 1382 1074 1419 sit
1095 1383 1236 1431 aliquid
1256 1396 1361 1420 com-

1512 751 1666 799 plexum
1700 751 1762 787 vel
1799 751 2101 800 incomplexum‚
2134 751 2230 789 idest
2262 764 2321 790 res
2353 760 2418 789 aut
2445 750 2460 782 β

1516 803 1754 840 enuntiabile.

1462 855 1610 892 Tertio:
1639 864 1767 893 utrum
1796 856 1885 893 fidei
1911 856 2030 904 possit
2058 856 2212 892 subesse
2241 857 2388 894 falsum.

1463 909 1626 955 Quarto:
1655 917 1782 946 utrum
1811 909 2002 946 obiectum
2031 909 2121 946 fidei
2143 910 2263 958 possit
2288 923 2370 947 esse
2398 910 2462 948 ali-

1515 962 1607 1009 quid
1635 961 1773 998 visum.

1463 1015 1626 1062 Quinto:
1654 1023 1781 1051 utrum
1809 1014 1928 1062 possit
1956 1026 2037 1050 esse
2065 1014 2205 1063 aliquid
2233 1015 2380 1053 scitum.

1464 1069 1594 1105 Sexto:
1630 1075 1756 1104 utrum
1783 1067 1972 1104 credibilia
2000 1068 2162 1105 debeant
2196 1068 2368 1116 distingui
2395 1080 2463 1118 per

1517 1128 1639 1157 certos
1667 1120 1854 1157 articulos.

1465 1173 1653 1222 Septimo:
1682 1181 1810 1210 utrum
1846 1172 1963 1210 iidem
1982 1178 1997 1201 Υ
2026 1174 2167 1210 articuli
2195 1174 2340 1211 subsint
2372 1174 2463 1211 fidei

1518 1228 1727 1264 secundum
1757 1237 1873 1263 omne
1901 1234 2063 1275 tempus.

1465 1279 1631 1319 Octavo:
1662 1280 1709 1316 de
1738 1291 1899 1316 numero
1928 1279 2182 1316 artIculorum.

1466 1332 1600 1368 Nono:
1631 1332 1678 1369 de
1694 1332 1812 1369 modo
1827 1333 1999 1370 tradendi
2020 1332 2194 1369 articulos
2210 1332 2247 1369 in
2275 1332 2462 1380 symbolo.

1468 1384 1649 1421 Decimo:
1680 1385 1785 1421 cuius
1805 1385 1851 1421 sit
1872 1385 1962 1422 fidei
1981 1385 2200 1433 symbolum
2225 1385 2465 1426 constituere,

1106 1587 1421 1630 ARTICULUS
1453 1588 1657 1631 PRIMUS

885 1689 1041 1720 UTRUM
1064 1689 1290 1721 OBIECTUM
1313 1690 1425 1720 F1DE1
1450 1690 1515 1721 SIT
1542 1690 1725 1721 VERITAS
1747 1691 1880 1721 PRIMA

702 1784 835 1814 HISent.,
853 1784 912 1810 dist.
931 1791 996 1814 ων,
1016 1789 1063 1809 art.
1086 1792 1107 1815 ι,
1126 1785 1184 1817 qu‘.
1207 1784 1405 1815 1;DeVer1't.‚
1425 1793 1470 1818 qu.
1488 1792 1537 1815 xxv,
1557 1790 1603 1810 art.
1622 1784 1838 1815 8;DeV1'r.tut‚
1858 1794 1901 1818 qu.
1920 1793 1953 1815 w,
1972 1791 2018 1811 art.
2041 1794 2062 1811 1.

303 1901 704 1985 -Aoblectum
738 1925 830 1962 fidei
867 1938 946 1962 non
977 1925 1023 1962 sit
1049 1926 1188 1963 veritas
1221 1926 1356 1974 prima.

317 1961 477 2029 ,tw-31(
512 1979 608 2015 Illud
637 1990 739 2015 emm
757 1978 910 2015 videtur
937 1991 1019 2015 esse
1048 1979 1242 2015 obiectum
1267 1979 1358 2016 fidei

306 2039 311 2047 ’
332 2028 335 2033 ”
355 2022 449 2063 *³⁹29
466 2022 496 2064 Κ
509 2031 616 2080 quod
636 2031 744 2068 nobis
762 2031 988 2080 proponitur
1011 2031 1060 2069 ad
1078 2030 1092 2053 ὃ
1112 2032 1356 2069 credendum.

298 2078 375 2120 Sed
395 2094 474 2120 non
493 2085 618 2123 solum
638 2092 904 2134 proponuntur
922 2084 1033 2121 nobis
1055 2085 1104 2121 ad
1124 2085 1357 2128 credendum

298 2146 344 2172 ea
371 2147 469 2183 quae
496 2138 684 2186 pertinent
712 2138 762 2175 ad
789 2137 1053 2184 Divinitatem‚
1083 2150 1180 2186 quae
1210 2146 1266 2174 est
1292 2150 1357 2175 ve-

297 2188 387 2225 ritas
414 2189 556 2237 prima3
585 2190 653 2227 sed
682 2191 796 2228 etiam
825 2203 870 2228 ea
889 2203 988 2238 quae
1015 2191 1203 2240 pertinent
1221 2192 1270 2228 ad
1290 2192 1358 2228 hu-

297 2241 518 2279 manitatem
557 2243 693 2281 Christi
737 2251 773 2281 et
811 2244 1003 2280 Ecclesiae
1047 2252 1281 2281 sacramenta
1324 2252 1359 2280 et

300 2301 556 2332 creaturarum
591 2297 857 2334 conditionem.
893 2297 994 2344 Ergo
1028 2309 1107 2334 non
1139 2298 1264 2334 solum
1292 2310 1358 2334 ve-

245 2399 249 2404 ,
299 2347 387 2384 ritas
414 2348 539 2396 prima
567 2357 622 2386 est
649 2349 739 2387 fidei
767 2349 972 2387 obiectum.

354 2411 389 2436 2.
419 2401 660 2448 PRAETEREA‚
698 2402 795 2439 fides
833 2411 870 2439 et
899 2402 1100 2439 infidelitas
1137 2410 1223 2439 sunt
1260 2402 1358 2439 circa

299 2452 424 2490 idem:
455 2466 543 2490 cum
572 2454 644 2491 sint
673 2455 859 2504 opposita.
890 2455 968 2491 Sed
987 2455 1084 2491 circa
1102 2455 1232 2491 omnia
1259 2467 1358 2503 quae

299 2505 338 2542 in
367 2519 473 2544 sacra
502 2507 694 2555 Scriptura
731 2508 970 2544 continentur
1005 2514 1131 2556 potest
1165 2519 1247 2544 esse
1275 2507 1358 2544 infi-

300 2559 452 2596 delitas:
482 2559 667 2609 quidquid
698 2560 798 2597 enim
826 2561 965 2597 horum
994 2560 1113 2596 homo
1143 2559 1356 2619 negaverit,

300 2611 463 2650 infidelis
483 2621 686 2662 reputatur.
714 2614 815 2660 Ergo
837 2613 949 2650 etiam
968 2612 1064 2649 fides
1084 2619 1139 2648 est
1158 2613 1256 2649 circa
1276 2624 1358 2649 om-

300 2665 363 2703 nia
390 2678 490 2714 quae
510 2665 548 2702 in
568 2678 674 2703 sacra
703 2666 895 2714 Scriptura
924 2665 1173 2702 continentur.
1204 2666 1280 2702 Sed
1308 2665 1360 2701 ibi

301 2719 420 2756 multa
440 2718 679 2756 continentur
707 2719 755 2755 de
781 2718 1000 2755 hominibus
1024 2725 1061 2754 et
1081 2717 1127 2754 de
1148 2717 1228 2754 aliis
1247 2718 1359 2754 rebus

296 2771 446 2808 creatis.
484 2772 586 2819 Ergo
616 2771 808 2808 obiectum
836 2771 926 2808 fidei
954 2783 1032 2807 non
1061 2770 1184 2807 solum
1214 2779 1268 2807 est
1295 2783 1360 2807 ve-

302 2824 390 2862 ritas
417 2824 553 2872 prima,
583 2825 650 2862 sed
679 2824 793 2862 etiam
820 2825 958 2861 veritas
986 2831 1120 2860 creata.

358 2878 392 2914 3.
413 2877 646 2924 PRAETEREA,
667 2877 764 2914 fides
785 2877 926 2914 caritati
955 2875 1220 2923 condividitur‚
1241 2883 1282 2913 ut
1300 2889 1360 2913 su-

186 2945 200 2960 u
258 2945 274 2965 ¹,
301 2929 409 2979 pra*
428 2930 571 2968 dictum
601 2938 667 2967 est.
697 2931 775 2967 Sed
804 2930 954 2967 caritate
984 2942 1061 2966 non
1090 2930 1213 2966 solum
1244 2929 1361 2977 diligi-

303 2995 390 3020 mus
417 2984 565 3030 Deum,
595 2983 660 3032 qui
688 2991 744 3020 est
771 2995 922 3020 summa
948 2982 1117 3029 bonitas,
1147 2982 1214 3019 sed
1248 2982 1360 3019 etiam

302 3035 490 3084 diligimus
522 3036 752 3084 proximum.
792 3037 893 3084 Ergo
930 3036 1020 3074 fidei
1058 3035 1249 3072 obiectum
1283 3047 1361 3072 non

303 3095 360 3126 est
386 3089 510 3126 solum
539 3088 678 3126 veritas
704 3089 839 3138 prima.

357 3142 432 3179 SED
461 3153 606 3179 CONTRA
634 3153 700 3179 EST
731 3142 837 3191 quod
856 3141 1063 3190 Dionysius
1091 3140 1191 3189 dicit,
1210 3152 1259 3178 vu
1279 3150 1360 3189 cap.

356 3361 383 3393 α)
403 3361 470 3393 ipso.
487 3375 504 3379 -
523 3361 579 3386 eius
598 3361 696 3391 ABFn;
709 3361 778 3394 fidei
795 3368 849 3386 om.
868 3368 896 3386 R.
1386 3359 1390 3463 y

357 3395 383 3429 β)
401 3398 458 3421 aut.
475 3409 496 3415 -
513 3403 548 3420 an
567 3396 741 3428 ABCDFLpK
761 3401 786 3421 et
804 3402 828 3423 a.
849 3397 890 3421 vel
907 3396 937 3420 E.

356 3433 383 3465 γ)
403 3431 491 3457 iidem.
509 3446 529 3451 -
549 3432 617 3457 idem
638 3431 908 3464 ABDEFGHIKstx
927 3436 952 3456 et
970 3438 1013 3456 Ra.

363 1888 396 1926 ῆι
413 1891 485 1933 μμ
508 1884 531 1909 ι)
559 1884 697 1909 PRlMUM
725 1883 779 1908 sm
806 1884 1045 1910 PROCEDITUR.
1065 1872 1222 1910 Videtur
1254 1873 1358 1932 quod
1410 1884 1568 1932 semper
1584 1873 1798 1909 existentem
1823 1873 2026 1909 veritatem.
2057 1873 2163 1909 Haec
2182 1880 2308 1909 autem
2330 1880 2386 1909 est
2402 1884 2468 1909 ve-

1412 1926 1498 1962 ritas
1503 1925 1648 1974 prima.
1671 1926 1772 1973 Ergo
1793 1925 1986 1962 obiectum
2005 1925 2094 1962 fidei
2109 1933 2164 1962 est
2177 1925 2314 1962 veritas
2333 1925 2466 1974 prima.

1465 1980 1689 2015 Responnsso
1714 1989 1898 2015 mmmmm
1927 1979 2032 2026 quod
2057 1977 2252 2015 cuiuslibet
2275 1978 2469 2026 cognosci-

1411 2031 1477 2068 tivi
1496 2032 1646 2068 habitus
1666 2031 1858 2068 obiectum
1879 2031 1956 2068 duo
1975 2029 2108 2068 habet:
2138 2030 2277 2067 seilicet
2300 2031 2338 2067 id
2363 2031 2467 2079 quod

1413 2084 1653 2122 materialiter
1681 2083 1929 2132 cognoscitur,
1950 2084 2055 2133 quod
2082 2091 2136 2121 est
2155 2083 2250 2120 sicut
2277 2084 2467 2120 materiale

1413 2137 1622 2183 obiectum;
1653 2145 1689 2173 et
1716 2138 1754 2175 id
1783 2150 1851 2186 per
1878 2137 1982 2185 quod
2011 2136 2260 2184 cognoscitur,
2283 2136 2387 2185 quod
2413 2144 2468 2173 est

1412 2190 1580 2227 formalis
1601 2190 1694 2226 ratio
1714 2190 1863 2227 obiecti.
1886 2190 1990 2226 Sicut
2009 2190 2046 2226 in
2066 2189 2219 2227 scientia
2237 2189 2467 2237 geometriae

1413 2243 1651 2280 materialiter
1670 2243 1761 2280 scita
1780 2251 1867 2280 sunt
1887 2243 2165 2289 conclusiones;
2189 2243 2355 2280 formalis
2373 2254 2467 2279 vero

1412 2296 1506 2334 ratio
1522 2295 1664 2333 sciendi
1679 2304 1766 2333 sunt
1779 2295 1906 2334 media
1926 2295 2267 2342 demonstrationis,
2283 2307 2352 2344 per
2371 2307 2468 2354 quae

1413 2349 1676 2386 conclusiones
1705 2350 1995 2398 cognoscuntur.
2033 2349 2094 2386 Sic
2121 2349 2231 2396 igitur
2258 2349 2296 2386 in
2323 2348 2418 2394 fide,
2439 2347 2470 2385 si

1413 2402 1697 2440 consideremus
1733 2403 1932 2439 formalem
1971 2403 2155 2439 rationem
2189 2402 2345 2448 obiecti,
2380 2377 2469 2438 nihil

1413 2463 1467 2492 est
1487 2455 1587 2492 aliud
1615 2467 1731 2504 quarn
1752 2456 1890 2492 veritas
1909 2456 2050 2504 prima:
2080 2468 2158 2492 non
2187 2455 2287 2492 enim
2305 2455 2402 2491 fides
2421 2454 2468 2490 de

1412 2519 1489 2555 qua
1515 2507 1708 2554 loquimur
1735 2508 1888 2544 assentit
1907 2508 2017 2544 alicui
2040 2508 2110 2545 nisi
2129 2508 2248 2556 quia⁵
2269 2515 2323 2544 est
2342 2520 2364 2544 a
2383 2508 2467 2544 Deo

1412 2560 1637 2605 revelatum;
1658 2560 1789 2596 unde
1780 2560 1850 2609 ipsi
1868 2560 2015 2598 veritati
2036 2561 2186 2597 divinae
2206 2560 2372 2597 innititur
2389 2568 2469 2596 tan-

1413 2625 1529 2661 quam
1549 2613 1690 2650 medio.
1721 2612 1761 2649 Si
1787 2625 1881 2649 vero
1911 2613 2195 2650 consideremus
2228 2612 2470 2650 materialiter

1414 2678 1458 2702 ea
1477 2665 1616 2713 quibus
1634 2665 1731 2702 fides
1751 2666 1914 2712 assentit,
1935 2678 2015 2703 non
2034 2666 2157 2702 solum
2178 2673 2232 2702 est
2251 2666 2331 2713 ipse
2350 2666 2468 2712 Deus,

1414 2718 1481 2755 sed
1510 2718 1622 2754 etiam
1651 2718 1770 2755 multa
1798 2718 1878 2755 alia.
1915 2718 2024 2765 Quae
2051 2726 2180 2755 tamen
2214 2719 2284 2755 sub
2312 2730 2469 2754 assensu

1414 2770 1503 2807 fidei
1541 2782 1619 2807 non
1657 2772 1796 2807 cadunt
1831 2771 1900 2807 nisi
1937 2771 2147 2808 secundum
2185 2771 2290 2819 quod
2326 2771 2468 2807 habent

1414 2823 1578 2872 aliquem
1618 2823 1791 2860 ordinem
1829 2823 1877 2860 ad
1906 2825 2051 2860 Deum:
2090 2831 2202 2872 prout
2235 2823 2374 2860 scilicet
2401 2835 2470 2871 per

1415 2876 1561 2925 aliquos
1589 2875 1800 2913 Divinitatis
1833 2876 1989 2913 effectus
2008 2875 2020 2902 ζ
2039 2877 2158 2913 homo
2192 2876 2392 2913 adiuvatur
2420 2875 2468 2913 ad

1413 2929 1647 2966 tendendum
1667 2929 1704 2965 in
1724 2928 1892 2966 divinam
1921 2929 2151 2966 fruitionem.
2181 2929 2230 2965 Et
2247 2928 2334 2965 ideo
2355 2928 2467 2965 etiam

1416 2994 1460 3018 ex
1488 2983 1560 3019 hac
1591 2989 1697 3030 parte
1734 2981 1925 3018 obiectum
1962 2981 2053 3018 fidei
2091 2989 2146 3018 est
2178 2981 2467 3029 quodammodo

1414 3035 1553 3072 veritas
1573 3034 1707 3083 prima,
1727 3034 1952 3083 inquantum
1980 3034 2070 3071 nihil
2095 3034 2194 3071 cadit
2212 3034 2283 3071 sub
2302 3033 2379 3070 fide
2398 3034 2468 3070 nisi

1415 3088 1454 3124 in
1482 3087 1613 3124 ordine
1642 3087 1690 3124 ad
1718 3088 1862 3123 Deum:
1891 3086 1987 3123 sicut
2005 3086 2118 3124 etiam
2139 3086 2329 3124 obiectum
2349 3086 2467 3123 medi-

1415 3141 1520 3177 cinae
1551 3147 1605 3177 est
1632 3139 1782 3187 sanitas,
1807 3139 1896 3188 quia
1922 3139 2014 3176 nihil
2042 3139 2229 3177 medicina
2257 3138 2469 3176 considerat

1415 3193 1486 3231 nisi
1514 3193 1552 3230 in
1580 3193 1712 3230 ordine
1740 3192 1789 3230 ad
1816 3192 2026 3230 sanitatem.

1467 3358 1491 3391 ὅ)
1510 3359 1557 3383 ad.
1575 3373 1592 3378 -
1611 3362 1640 3383 ut
1653 3358 1749 3382 ABF'L.
1768 3372 1786 3376 -
1805 3358 1855 3382 Pro
1869 3357 2028 3384 credendum
2044 3357 2138 3386 altero,
2157 3356 2289 3381 credenda
2304 3355 2466 3380 ABDEFtix.

1466 3395 1487 3426 ε)
1508 3394 1578 3426 quia.
1597 3408 1615 3412 -
1633 3394 1704 3426 quod
1724 3393 1797 3418 ΡΗΚ.
1814 3406 1834 3412 -
1851 3393 1902 3417 Pro
1922 3393 2053 3420 innititur,
2070 3392 2138 3422 fides
2156 3391 2281 3416 innititur
2300 3391 2346 3415 Ρα.

1467 3429 1492 3461 ζ)
1513 3429 1626 3462 effectus.
1644 3443 1663 3448 -
1680 3428 1790 3461 affectus
1809 3428 1923 3461 AFpBE.
