2892 4056
1042 155 1306 201 QUAESTIO
1337 157 1436 203 LIII,
1465 157 1758 194 ARTICULUS
1789 158 1801 193 1
2422 161 2494 208 387

1099 462 1191 501 DE
1236 463 1748 504 IMPRUDENTIA

0 220 14 386 ἓ,

0 429 12 487 ,⁴
700 351 1111 430 QUAESTIO
1156 352 1351 428 QUIN
1354 353 2146 429 QUAGESIMATERTIA

0 487 11 581 i
1174 567 1207 591 1N
1236 567 1301 592 sax
1328 567 1528 593 ARTICULOS
1556 568 1672 593 mwszx

423 655 530 681 ElNDE
559 642 875 679 considerandum
905 647 960 677 est
1001 641 1048 677 de
1075 640 1174 677 vitiis
1211 641 1392 690 oppositis

341 655 643 746 Dprudentiae
658 694 688 732 ³¹⁸.
719 694 817 732 Dicit
843 700 970 730 autem
987 698 1004 714 α
1028 693 1272 742 Augustinus,
1289 695 1326 730 in
1343 695 1394 731 1V

340 755 471 787 contra
489 748 627 785 Iulian.
646 747 677 794 ²¹²,
698 747 803 795 quod
826 745 998 783 omnibus
1016 746 1212 783 virtutibus
1236 758 1310 783 non
1334 758 1393 783 so-

1446 643 1608 679 abusum
1631 655 1764 679 eorum
1780 655 1878 691 quae
1898 644 1946 681 ad
1965 644 2205 693 prudentiam
2220 644 2461 692 requiruntur
2469 645 2500 682 ²¹⁵.
2529 650 2539 660 ⁸
2555 650 2600 677 Qu·
2615 657 2651 672 Lv-

1448 699 1548 745 Quia
1588 711 1682 736 vero
1719 700 1929 737 sollicitudo
1968 701 2016 737 ad
2053 701 2294 750 prudentiam
2330 701 2502 750 pertinet,

4 696 12 730 ἰ
103 704 111 712 “
129 702 163 724 Ct'.
185 708 222 729 qu.
242 707 311 728 nvn,

4 734 11 741 ”
151 735 164 748 0
184 743 189 749 ι

114 735 126 750 n
139 735 149 750 r
199 764 216 780 α
1448 756 1545 792 circa
1563 756 1729 804 primum
1749 757 2025 794 consideranda
2044 765 2130 794 sunt
2150 758 2247 795 duo:
2276 758 2400 807 primo
2421 758 2503 807 qui-

105 1705 115 1716 ·
120 1704 157 1727 De
164 1703 223 1726 Vera
228 1703 313 1732 Relig„
352 1699 365 1719 1'

104 1736 156 1758 cap.
169 1736 216 1752 nv.

340 966 374 997 te
407 959 564 1004 similia,
592 957 688 994 sicut
721 956 791 1004 ipsi
819 955 1044 1004 prudentiae
1070 955 1217 991 astutia.
1264 955 1393 991 Primo

340 1025 430 1060 ergo
451 1008 770 1048 considerandum
798 1015 854 1044 est
882 1007 929 1045 de
947 1007 1047 1044 vitiis
1071 1019 1170 1055 quae
1198 1007 1395 1044 manifeste

341 1064 641 1102 contrarietatem
668 1061 810 1098 habent
837 1061 885 1098 ad
913 1060 1167 1109 prudentia-m,
1200 1072 1299 1108 quae
1327 1060 1396 1096 sci-

339 1117 424 1154 licet
449 1115 539 1153 vitia
565 1114 796 1163 proveniunt
824 1125 869 1150 ex
899 1113 1047 1150 defectu
1083 1112 1307 1161 prudentiae
1333 1113 1396 1149 vel

341 1181 474 1206 eorum
493 1180 592 1216 quae
608 1167 657 1205 ad
675 1167 918 1216 prudentiam
938 1165 1193 1214 requiruntur3
1214 1165 1395 1212 secundo,

341 1222 388 1260 de
407 1221 507 1259 vitiis
526 1233 624 1268 quae
647 1220 789 1257 habent
806 1219 1001 1268 quandam
1025 1217 1308 1255 similitudinem
1332 1218 1397 1254 fal-

341 1287 424 1312 sam
452 1286 541 1316 cum
568 1272 768 1322 prudentia
791 1283 890 1320 quae
918 1270 1057 1308 scilicet
1084 1270 1304 1318 contingunt
1330 1282 1399 1318 per
1423 1281 1426 1319 Ι

102 791 112 799 ’
126 789 182 816 ‘³⁸⁹'
198 795 232 810 '¹¹'
340 803 418 839 lum
436 807 522 839 sunt
534 800 623 838 vitia
638 799 835 847 manifesta
849 798 1068 835 discretione
1081 799 1286 845 contraria,
1301 799 1396 835 sicut
1449 812 1553 858 dem,
1584 813 1630 849 de
1659 813 1933 861 imprudentia;
1976 815 2160 862 secundo,
2191 815 2238 852 de
2270 815 2502 863 negligentia,

334 854 558 904 prudentiae
593 852 800 912 temeritas.-
839 862 972 888 verum
1009 851 1121 887 etiam
1152 851 1276 910 vicina
1303 862 1393 898 quo-
1449 881 1546 916 quae
1577 869 1817 907 sollicitudini
1846 871 2051 919 opponitur
2068 871 2099 908 *ι
2531 869 2540 878 .
2557 868 2604 895 ΩΒ,
2620 874 2665 889 Ην,

339 906 552 952 dammodo,
581 916 650 942 nec
665 909 830 949 veritate,
850 902 917 940 sed
933 902 1096 950 quadam
1117 914 1238 950 specie
1253 903 1396 950 fallen-

1449 925 1559 961 Circa
1586 925 1754 973 primum
1783 935 2015 975 quaeruntur
2043 940 2118 964 sex.

1502 980 1652 1018 Primo:
1692 982 1738 1018 de
1766 982 2034 1031 imprudentia,
2063 991 2191 1021 utrum
2219 985 2265 1021 sit
2291 993 2504 1033 peccatum.

1504 1037 1705 1075 Secundo:
1734 1045 1862 1075 utrum
1890 1039 1935 1075 sit
1964 1039 2125 1088 speciale
2152 1049 2363 1088 peccatum.

1502 1094 1655 1131 Tertio:
1685 1094 1732 1132 de
1759 1095 2082 1143 praecipitati0ne,
2111 1096 2190 1133 sive
2218 1098 2440 1134 temeritate.

1503 1152 1670 1198 Quarto:
1701 1153 1747 1189 de
1775 1152 2128 1189 inconsideratione.

1506 1210 1670 1257 Quinto:
1701 1211 1748 1248 de
1777 1211 2037 1248 inconstantia.

1506 1271 1642 1307 Sexto:
1673 1271 1720 1308 de
1750 1270 1894 1318 origine
1922 1271 2061 1307 horum
2089 1270 2281 1308 vitiorum.

1149 1369 1467 1411 ARTICULUS
1499 1370 1705 1411 PRIMUS

1010 1461 1167 1491 UTRUM
1190 1460 1488 1491 IMPRUDENTIA
1513 1460 1579 1491 SIT
1604 1460 1843 1491 PECCATUM

373 1570 436 1600 ,53ἷῆ
463 1582 489 1602 ’π
514 1593 518 1598 ,

363 1678 382 1695 μ
422 1662 479 1689 ν,
502 1644 657 1685 (enim
697 1652 901 1695 peccatum
948 1651 1004 1681 est
1037 1643 1321 1691 voluntarium,
1360 1651 1403 1681 ut

402 1702 483 1739 ·ᾝ’.’
511 1691 786 1747 Augustinus
815 1697 903 1734 dicit
922 1697 954 1733 ²¹⁴.
984 1696 1243 1745 Imprudentia
1270 1703 1400 1734 autem

342 1765 422 1791 non
450 1759 506 1789 est
533 1752 675 1802 aliquid
701 1750 980 1788 voluntarium:
1019 1750 1143 1786 nullus
1181 1749 1283 1786 enim
1319 1750 1402 1786 vult

344 1817 427 1843 esse
454 1804 690 1853 imprudens.
719 1804 822 1851 Ergo
845 1802 1102 1851 imprudentia
1129 1814 1207 1839 non
1239 1809 1295 1839 est
1312 1814 1402 1850 pec-

344 1865 483 1896 catum.

309 1952 314 1956 ,
398 1922 433 1947 2.
457 1911 690 1956 PRAETEREA,
720 1908 866 1945 nullum
893 1914 1093 1956 peccatum
1122 1907 1286 1943 nascitur
1314 1919 1402 1943 cum

343 1962 500 2000 homine
529 1962 600 1999 nisi
628 1961 821 2009 originale.
852 1960 929 1997 Sed
955 1959 1211 2008 imprudentia
1239 1959 1404 1996 nascitur

345 2027 433 2052 cum
461 2015 640 2051 homine:
668 2013 771 2051 unde
793 2020 829 2050 et
847 2012 1004 2050 iuvenes
1023 2012 1284 2061 imprudentes
1303 2020 1401 2049 sunt.

344 2069 429 2105 Nec
452 2074 507 2103 est
535 2067 701 2114 orignale
727 2073 942 2114 peccatum,
972 2065 1078 2113 quod
1106 2065 1313 2113 opponitur
1332 2065 1404 2101 ori-

344 2119 456 2169 ginali
483 2119 655 2156 iustitiae.
702 2120 804 2166 Ergo
833 2118 1089 2166 imprudentia
1121 2130 1200 2155 non
1235 2125 1290 2154 est
1317 2129 1405 2166 pec-

346 2180 486 2211 catum.

400 2226 434 2262 3.
445 2225 678 2271 ΡκΑΕτΕκΕΑ,
695 2235 811 2260 omne
826 2229 1027 2271 peccatum
1046 2234 1114 2271 per
1131 2222 1403 2271 poenitentiam

345 2277 496 2315 tollitur.
545 2277 622 2314 Sed
648 2275 902 2324 imprudentia
932 2287 1012 2312 non
1045 2274 1187 2312 tollitur
1212 2287 1282 2323 per
1311 2287 1404 2323 poe-

346 2329 553 2368 nitentiam.
587 2329 689 2375 Ergo
718 2327 973 2376 imprudentia
1001 2340 1079 2364 non
1108 2335 1164 2364 est
1189 2335 1402 2375 peccatum.

401 2383 475 2419 SED
503 2393 668 2427 CONTRA,
699 2379 898 2428 spiritualis
925 2380 1124 2416 thesaurus
1158 2379 1297 2426 gratiae
1325 2391 1404 2416 non

346 2435 485 2473 tollitur
503 2434 574 2471 nisi
593 2445 662 2482 per
679 2440 892 2481 peccatum.
919 2431 1083 2468 Tollitur
1102 2439 1228 2467 autern
1248 2443 1317 2479 per
1334 2431 1404 2467 im-

346 2487 603 2537 prudentiam:
643 2485 855 2522 secundum
888 2483 980 2520 illud
1000 2485 1113 2520 Prov.
1147 2495 1206 2519 xm
1229 2482 1265 2519 *τ
1312 2484 1404 2519 The-

346 2552 482 2578 saurus
509 2538 762 2576 desiderabilis
789 2543 824 2574 et
850 2537 974 2573 oleum
1001 2537 1039 2573 in
1066 2536 1279 2572 habitaculo
1308 2535 1403 2582 iusti,

347 2599 384 2630 et
408 2594 520 2630 homo
549 2591 764 2639 imprudens
791 2589 983 2637 dissipabit
1007 2589 1099 2625 illud
1116 2587 1142 2625 β.

401 2647 626 2683 ΒΕΞΡοΝῡΕο
654 2654 836 2680 mmmmm
864 2641 969 2690 quod
1000 2640 1255 2689 imprudentia
1284 2639 1404 2687 dupli-

348 2699 439 2735 citer
466 2697 584 2746 accipi
616 2703 760 2745 potest:
801 2707 880 2731 uno
914 2695 1048 2740 modo,
1082 2692 1287 2741 privative;
1329 2692 1403 2728 alio

347 2752 480 2797 modo,
510 2749 706 2786 contrarie.
727 2770 751 2776 -
779 2747 966 2795 Negative
991 2753 1117 2782 autem
1147 2757 1225 2782 non
1253 2744 1403 2793 proprie

349 2803 494 2850 dicitur,
523 2802 573 2839 ita
601 2802 740 2838 scilicet
758 2800 863 2848 quod
891 2799 1098 2848 importetY
1126 2798 1247 2834 solam
1277 2809 1405 2833 caren-

347 2856 437 2893 tiam
456 2855 694 2903 prudentiae:
725 2865 821 2902 quae
845 2860 969 2901 potest
994 2863 1076 2887 esse
1095 2850 1174 2887 sine
1193 2857 1362 2898 peccato.
1379 2871 1403 2877 -

347 2908 539 2945 Privative
558 2907 714 2955 quidem
743 2904 998 2954 imprudentia
1018 2903 1152 2940 dicitur
1176 2902 1403 2950 inquantum

349 2960 482 3009 aliquis
510 2966 610 2996 caret
637 2958 836 3007 prudentia
855 2969 972 3006 quam
989 2955 1002 2978 δ
1031 2963 1139 2992 natus
1159 2962 1214 2991 est
1238 2962 1273 2991 et
1292 2955 1405 2991 debet

349 3013 502 3050 habere.
535 3012 584 3048 Et
611 3010 823 3048 secundum
850 3010 925 3047 hoc
952 3008 1205 3057 imprudentia
1235 3014 1290 3044 est
1315 3019 1404 3056 pec-

351 3072 476 3102 catum
496 3064 640 3100 ratione
663 3062 921 3111 negligentiae,
941 3074 1016 3109 qua
1036 3061 1120 3108 quis
1144 3073 1223 3097 non
1250 3060 1404 3096 adhibet

351 3117 517 3155 studium
545 3117 593 3153 ad
621 3115 862 3164 prudentiam
888 3114 1118 3151 habendam.

404 3169 600 3206 Contrarie
614 3180 708 3205 vero
727 3167 906 3216 accipitur
924 3164 1178 3214 imprudentia
1192 3164 1403 3201 secundum

351 3222 455 3271 quod
483 3221 577 3258 ratio
598 3220 783 3257 contrario
813 3220 930 3256 modo
950 3225 1127 3255 movetur
1143 3218 1206 3254 vel
1225 3217 1299 3265 agit
1316 3229 1404 3265 pru-

404 3335 431 3366 α)
450 3337 547 3358 autem.
564 3346 583 3352 —
601 3333 670 3357 enim
690 3331 857 3362 PCDEHKL,
876 3338 929 3355 om.
948 3331 985 3355 lx.

405 3368 429 3402 β)
449 3368 524 3394 illud.
540 3382 560 3388 -
579 3368 652 3401 Ergo
671 3366 850 3399 imprudentia
868 3369 908 3391 est
920 3368 1059 3397 peccatum
1078 3365 1174 3389 addunt
1191 3364 1310 3389 PDGHa.

402 3405 429 3438 γ)
449 3404 582 3436 importet.
598 3416 617 3422 —
635 3409 686 3427 non
706 3402 832 3433 importet
850 3401 878 3432 L,
894 3401 1006 3433 proprie
1024 3401 1149 3432 importet
1167 3399 1213 3424 Pa.

404 3438 429 3472 ὃ)
448 3446 536 3472 quam.
553 3452 572 3458 -
589 3438 626 3463 ad
643 3444 722 3470 quam
741 3437 795 3467 HL,
814 3443 893 3469 quam
912 3436 970 3467 quis
988 3436 1034 3460 Pa.

379 1557 386 1572 ι
432 1561 434 1570 ι
459 1561 530 1603 “6(
552 1554 575 1578 D
598 1552 735 1578 PR1MUM
764 1551 818 1577 sm
839 1550 1081 1576 PROCEDH'UR.
1110 1538 1272 1575 Videtur
1294 1539 1401 1586 quod
1454 1538 1614 1576 dentiae.
1644 1540 1752 1586 Puta,
1782 1539 1812 1575 si
1841 1547 1942 1576 recta
1961 1540 2055 1576 ratio
2083 1540 2304 1588 prudentiae
2330 1541 2404 1589 agit
2423 1554 2512 1579 con-

394 1587 523 1653 ’ΚΞΔἚΒ
551 1593 805 1642 imprudentia
833 1604 910 1629 non
940 1591 985 1628 sit
1011 1598 1228 1640 peccatum.
1271 1592 1400 1628 Omne
1454 1591 1624 1638 siliand0,
1654 1591 1876 1640 imprudens
1905 1592 2103 1629 consilium
2132 1593 2294 1641 spernit:
2324 1601 2359 1630 et
2386 1594 2438 1630 sic
2464 1595 2511 1631 de

1454 1644 1534 1680 aliis
1559 1656 1658 1692 quae
1695 1644 1734 1680 in
1761 1651 1847 1681 actu
1874 1645 2069 1693 prudentis
2088 1650 2100 1666 ⁸
2134 1646 2375 1683 observanda
2413 1654 2511 1684 sunt.

1454 1697 1504 1733 Et
1530 1697 1606 1733 hoc
1633 1696 1752 1733 modo
1780 1697 2036 1745 imprudentia
2065 1705 2120 1734 est
2151 1705 2351 1746 peccatum
2380 1711 2512 1736 secun-

1456 1750 1548 1786 dum
1578 1749 1763 1786 rationem
1791 1750 1986 1798 propriam
2014 1750 2250 1798 prudentiae.
2288 1751 2379 1787 Non
2410 1751 2511 1788 enim

1454 1808 1579 1850 potest
1614 1802 1688 1838 hoc
1725 1802 1942 1850 contingere
1971 1804 2075 1852 quod
2109 1804 2228 1840 homo
2258 1811 2390 1840 contra
2425 1816 2512 1852 pru-

1457 1854 1624 1891 dentiam
1643 1862 1739 1902 agat,
1761 1854 1831 1891 nisi
1851 1855 2041 1892 divertens
2065 1867 2087 1892 a
2106 1856 2241 1903 regulis
2261 1855 2399 1904 quibus
2418 1857 2511 1893 ratio

1455 1907 1677 1955 prudentiae
1697 1907 1934 1944 rectificatur.
1962 1908 2073 1945 Unde
2093 1907 2124 1944 si
2142 1909 2217 1945 hoc
2237 1908 2427 1956 contingat
2445 1921 2514 1957 per

1456 1959 1696 1996 aversionem
1725 1972 1747 1996 a
1771 1960 1907 2007 regulis
1927 1960 2074 2008 divinis,
2104 1968 2160 1997 est
2186 1968 2386 2009 peccatum
2412 1974 2512 1998 mor-

1455 2013 1549 2049 tale:
1577 2019 1670 2060 puta
1698 2024 1786 2049 cum
1815 2012 1898 2060 quis
1926 2013 2034 2062 quasi
2062 2021 2312 2050 contemnens
2339 2021 2376 2050 et
2403 2026 2513 2063 repu-

1457 2064 1564 2101 dians
1593 2064 1722 2101 divina
1751 2065 1992 2112 documenta,
2021 2066 2311 2114 praecipitanter
2338 2066 2423 2114 agit.
2472 2067 2512 2103 Si

1455 2129 1550 2154 vero
1578 2124 1727 2165 praeter
1747 2129 1810 2154 eas
1829 2125 1914 2165 agat
1942 2118 2087 2166 absque
2107 2125 2341 2167 contemth,
2371 2126 2408 2155 et
2427 2119 2512 2156 abs-

1458 2182 1532 2218 que
1557 2170 1781 2206 detrimento
1811 2182 1946 2207 eorum
1974 2182 2073 2219 quae
2102 2179 2187 2208 sunt
2216 2171 2263 2208 de
2291 2171 2512 2208 necessitate

1458 2222 1598 2269 salutis,
1629 2229 1683 2258 est
1709 2230 1908 2270 peccatum
1935 2223 2096 2260 veniale.

1510 2276 1569 2311 An
1597 2286 1735 2311 PRlMUM
1762 2286 1860 2312 ERGO
1892 2287 2075 2312 DICENDUM
2103 2275 2207 2324 quod
2237 2275 2510 2312 deformitatem

1457 2327 1736 2375 imprudentiae
1765 2328 1889 2364 nullus
1916 2328 2016 2364 vult:
2047 2328 2114 2364 sed
2143 2335 2269 2365 actum
2297 2328 2513 2377 impruden-

1457 2379 1530 2415 tiae
1546 2380 1628 2415 vult
1646 2380 1880 2427 temerarius,
1901 2380 1966 2428 qui
1983 2381 2064 2416 vult
2081 2380 2371 2429 praecipitanter
2389 2393 2510 2428 agere.

1457 2431 1568 2467 Unde
1589 2438 1624 2466 et
1643 2431 1897 2479 Philosophus
1926 2432 2023 2478 dicit,
2053 2433 2112 2469 Vl-
2123 2433 2242 2469 Ethic.
2262 2433 2293 2480 ²¹⁸,
2323 2433 2427 2481 quod
2453 2433 2513 2470 ille

1457 2483 1523 2531 qui
1549 2482 1650 2519 circa
1670 2483 1911 2530 prudentiam
1932 2483 1944 2509 t
1964 2490 2100 2531 peccat
2124 2485 2271 2530 volens,
2300 2486 2423 2522 minus
2450 2497 2512 2522 ac-

1458 2540 1636 2583 ceptatur.

1510 2589 1568 2624 AD
1593 2599 1781 2624 SECUNDUM
1809 2599 1991 2624 DICENDUM
2011 2588 2115 2635 quod
2144 2588 2235 2624 ratio
2259 2588 2320 2625 illa
2341 2589 2513 2636 procedit

1458 2639 1505 2676 de
1516 2639 1771 2688 imprudentia
1782 2640 1992 2676 secundum
2004 2641 2107 2688 quod
2119 2640 2279 2677 sumitur
2292 2641 2509 2688 negative.-

1459 2692 1664 2729 Sciendum
1691 2699 1819 2728 tamen
1839 2692 1943 2740 quod
1963 2693 2124 2729 carentia
2150 2693 2373 2741 prudentiae
2393 2701 2428 2730 et
2448 2706 2511 2730 cu-

1455 2744 1604 2781 iuslibet
1631 2743 1777 2781 virtutis
1813 2744 2014 2781 includitur
2048 2745 2087 2781 in
2124 2745 2285 2782 carentia
2323 2746 2510 2793 originalis

1457 2797 1628 2844 iustitiae,
1659 2809 1756 2844 quae
1785 2804 1904 2833 totam
1932 2797 2099 2834 animam
2127 2797 2356 2846 perficiebat.
2386 2799 2433 2835 Et
2453 2811 2510 2835 se-

1458 2849 1625 2886 cundum
1644 2849 1718 2885 hoc
1738 2861 1873 2886 omnes
1892 2849 1949 2886 isti
1969 2850 2137 2886 defectus
2151 2850 2332 2887 virtutum
2351 2859 2510 2899 possunt

1457 2902 1585 2939 reduci
1614 2902 1663 2938 ad
1692 2901 1869 2949 originale
1898 2909 2108 2950 peccatum.

1510 2956 1568 2990 Ao
1596 2966 1755 2991 TERTHJM
1791 2966 1973 2991 DICENDUM
2002 2954 2107 3002 quod
2139 2966 2208 3002 per
2238 2955 2509 3003 poenitentiam

1457 3007 1659 3043 restituitur
1686 3006 1886 3055 prudentia
1913 3007 2047 3054 infusa,
2072 3015 2109 3044 et
2127 3007 2180 3043 sic
2199 3015 2320 3044 cessat
2348 3008 2509 3045 carentia

1456 3059 1567 3096 huius
1586 3059 1819 3108 prudentiae.
1841 3060 1932 3096 Non
1950 3067 2079 3096 tamen
2094 3060 2296 3096 restituitur
2309 3060 2509 3109 prudentia

1456 3111 1637 3160 acquisita
1651 3119 1835 3159 quantum
1855 3111 1903 3148 ad
1922 3112 2109 3149 habitum:
2135 3112 2202 3150 sed
2216 3112 2354 3149 tollitur
2376 3118 2508 3150 actus*¹

1457 3164 1677 3211 contrarius,
1701 3164 1739 3201 in
1759 3177 1836 3212 quo
1860 3165 2011 3213 proprie
2032 3165 2199 3202 consistit
2221 3173 2419 3213 peccatum
2438 3165 2509 3202 im-

1456 3217 1691 3266 prudentiae.

1509 3329 1530 3361 ε)
1546 3329 1698 3361 prudentis.
1714 3342 1733 3348 —
1745 3329 1908 3361 prudentiae
1931 3328 1987 3353 Psc
2011 3333 2035 3353 et
2052 3336 2078 3353 a.
2095 3343 2114 3348 -
2132 3329 2183 3353 Pro
2206 3329 2384 3359 observanda,
2403 3336 2509 3355 conser-

1457 3364 1544 3389 vanda
1563 3363 1799 3396 ABEFGHILpCK
1817 3368 1843 3388 et
1861 3371 1926 3395 xsn,
1945 3364 2110 3389 consilianda
2128 3363 2231 3396 D(pn?),
2249 3364 2442 3390 consideranda
2461 3365 2508 3390 Pa.

1509 3399 1534 3431 ζ)
1550 3399 1732 3431 prudentiam.
1750 3412 1769 3417 -
1787 3399 1993 3430 imprudentiam
2012 3399 2288 3424 PABCEFGHIKxna.

1508 3435 1534 3467 η)
1553 3437 1637 3459 actus.
1655 3448 1673 3453 —
1691 3434 1796 3459 habitus
1814 3434 1851 3459 Pa
1856 3441 1865 3463 ,·
1882 3434 1950 3459 alias
1968 3437 2043 3459 actus
2061 3441 2150 3466 margo
2168 3434 2197 3459 P.

2538 2443 2618 2492 scii?
2629 2450 2747 2492 {2217'131‘
