2892 4056
0 719 11 728 „
63 704 184 753 hgssdqu.
205 710 275 729 xxm.
308 711 309 715 ¹

34 1491 35 1494 =
61 1473 142 1526 Utin,
133 1471 199 1522 flss’.
213 1478 253 1521 au

61 1792 74 1805 ·
86 1791 154 1815 Vns.
169 1797 198 1820 ¹5.

62 2009 176 2039 ,ομ

158 2281 182 2302 ¹,
132 2277 258 2328 ''21'5’5
254 2279 274 2312 ¹3
303 2261 360 2302 'e'St
384 2263 506 2302 virtus
538 2265 772 2313 theologica,
805 2271 847 2300 ut
874 2275 920 2300 ex
955 2262 1227 2312 supradictis*

81 2307 148 2377 Ἓξ*
139 2332 275 2382 5115131
303 2318 405 2369 Ergo
426 2318 619 2367 sapientia
656 2317 778 2366 magis
814 2317 928 2354 debet
946 2322 960 2344 Υ
986 2315 1059 2353 dici
1094 2315 1215 2353 virtus
1251 2327 1370 2363 quam

69 2857 80 2868 ⁸
95 2856 162 2878 Vei-s.
176 2861 198 2878 2.

71 3069 263 3097 ‘Li-..iblcap

87 3102 117 3118 ,ι
127 3101 197 3124 sqqoe
186 3095 281 3118 -.S'1'h

996 147 1261 193 QUAESTIO
1290 148 1410 195 XLV,
1438 149 1732 186 ARTICULUS
1763 151 1776 186 1

2395 152 2470 199 339

681 343 1092 419 QUAESTIO
1137 344 2097 422 QUADRAGESIMAQUINTA

999 519 1001 521 ,
1045 453 1129 527 DE
1161 453 1335 494 DONO
1372 453 1736 495 SAPIENTIAE

1135 557 1169 582 IN
1198 558 1264 582 SEX
1290 558 1493 584 ARTICULOS
1521 559 1638 584 DIVISA

386 659 492 684 ΕιΝΡε
535 647 856 685 considerandum
898 653 956 682 est
989 646 1036 683 de
1075 646 1178 683 dono
1215 647 1364 695 sapien-

386 700 471 746 tiae,
498 701 605 748 quod
632 700 839 749 respondet
865 698 1008 736 caritati
1025 697 1056 734 ²¹⁸.
1086 699 1135 735 Et
1156 699 1294 747 primo,
1316 700 1364 737 de

302 753 384 802 ipsa
403 753 603 802 sapientia;
632 752 816 798 secunde,
836 751 884 789 de
902 751 996 788 vitio
1015 751 1193 799 opposito
1208 751 1239 788 *.

303 806 414 842 Circa
442 806 607 855 primum
633 811 869 853 quaeruntur
896 815 973 840 sex.

355 859 507 895 Primo:
534 866 663 897 utrum
691 856 874 905 sapientia
902 856 1040 892 debeat
1058 855 1250 892 numerari
1268 856 1365 892 inter

408 914 510 950 dona
539 911 697 960 Spiritus
726 908 866 946 Sancti.

355 965 555 1002 Secundo:
585 963 623 1000 in
651 974 728 1011 quo
759 961 806 998 sit
831 960 928 997 sicut
954 960 992 997 in
1008 960 1191 997 subiecto.

1470 648 1623 685 Tertio:
1651 656 1779 686 utrum
1799 649 1982 698 sapientia
2002 650 2298 700 sitspeculativa
2317 659 2476 699 tantum,

1522 702 1585 737 vel
1615 701 1728 738 etiam
1757 702 1936 750 practica.

1471 754 1638 812 Quarto:
1666 762 1795 791 utrum
1815 755 2000 803 sapientia
2019 767 2118 803 quae
2143 765 2199 794 est
2218 758 2364 794 donum
2389 769 2478 806 pos—

1523 805 1570 842 sit
1597 818 1680 843 esse
1709 819 1798 843 cum
1827 815 1985 866 peceato
2014 809 2177 846 mortali.

1471 858 1636 903 Quinto:
1665 866 1794 895 utrum
1815 860 1860 895 sit
1879 860 1918 896 in
1938 861 2117 897 omnibus
2146 862 2373 899 habentibus
2397 874 2478 910 gra-

1523 910 1614 946 tiam
1644 919 1792 958 gratum
1822 912 2036 950 facientem.

1471 963 1607 998 Sexto:
1637 975 1737 1010 quae
1766 964 1960 1001 beatitudo
1992 965 2025 1001 ei
2054 967 2294 1014 respondeat.

1115 1069 1435 1112 ARTICULUS
1467 1053 1674 1114 PRIMUS

594 1161 753 1194 UTRUM
775 1161 1005 1193 SAPIENTIA
1027 1161 1202 1212 DEBEAT
1227 1161 1360 1192 INTER
1382 1161 1504 1192 DONA
1527 1162 1720 1195 SP1R1TUS
1744 1165 1900 1197 SANCTI
1926 1166 2182 1197 COMPUTARI

849 1238 1268 1272 Pam1,qu1,.,;an62d3
1287 1239 1422 1269 msent,
1442 1240 1767 1274 dist-,mxxxvqunart
1790 1252 1811 1274 ι,
1830 1244 1881 1277 qu⁸
1904 1253 1925 1269 1.

274 1335 283 1337 -
306 1334 361 1369 35„
378 1299 413 1325 Μ’
470 1316 484 1319 ”
501 1298 554 1350 ι)
559 1323 698 1350 PRiMUM
725 1322 780 1348 sm
802 1321 1044 1348 PRocEme.
1069 1309 1232 1346 Videtur
1259 1308 1366 1358 quod

304 1378 307 1383 '
333 1350 421 1421 ζῑῗῑχ.
434 1348 485 1406 iii
511 1365 694 1415 sapientia
713 1375 793 1400 non
812 1363 952 1400 debeat
969 1362 1067 1399 inter
1086 1363 1189 1399 dona
1204 1361 1367 1411 Spiritus

320 1415 366 1462 ‘J
368 1416 437 1473 ἷί
450 1403 479 1458 ’ὅ
495 1416 498 1419 ⁴
513 1418 641 1456 Sancti
661 1416 888 1465 computari.
916 1417 1030 1452 Dona
1051 1414 1154 1452 enim
1174 1422 1263 1451 sunt
1280 1426 1367 1464 per-

319 1424 399 1523 51⁴?-
358 1464 668 1520 ειμ’,’·””>’ἱεῑειὶοιῇε«ι
703 1469 926 1515 virtutibus,
959 1476 1001 1506 ut
1029 1480 1144 1516 supra
1166 1467 1187 1489 ’¹‘
1222 1467 1366 1504 dictum

300 1531 368 1572 egt.
397 1512 476 1569 Sed
494 1524 616 1563 virtus
643 1535 684 1560 se
704 1522 822 1560 habet
849 1522 976 1559 solum
996 1521 1046 1558 ad
1066 1520 1234 1561 bonum:
1264 1520 1367 1556 unde

63 1582 132 1605 Ἧι
137 1582 158 1605 n
159 1587 273 1611 ..av-m
300 1585 345 1615 a
340 1577 592 1624 Augustinus
612 1575 741 1622 dicit,
733 1587 773 1612 in
799 1575 896 1612 libro
916 1575 962 1612 de
979 1574 1064 1611 Lib.
1093 1573 1187 1610 Arb.
1208 1573 1240 1620 ²¹⁶,
1261 1573 1367 1632 quo-d

64 1598 260 1638 nete-hnm-

299 1629 428 1667 nullus
451 1628 649 1667 virtutibus
676 1628 778 1665 male
805 1628 931 1665 utitur.
962 1628 1065 1675 Ergo
1094 1627 1217 1663 multo
1247 1626 1369 1674 magis

300 1682 405 1720 dona
424 1680 596 1742 Spiritus
617 1681 746 1719 Sancti
764 1692 805 1718 se
824 1681 968 1719 habent
986 1680 1112 1716 solum
1137 1679 1187 1716 ad
1207 1680 1367 1716 bonum.

301 1730 386 1793 Sed
407 1734 593 1784 sapientia
613 1747 654 1772 se
673 1734 789 1772 habet
817 1732 932 1771 etiam
960 1733 1010 1770 ad
1038 1733 1203 1770 malum:
1234 1732 1371 1769 dicitur

301 1780 405 1831 enim
425 1789 498 1826 Iac.
520 1801 557 1826 ιιι
573 1787 595 1810 *
623 1787 815 1836 quaedam
843 1786 1029 1846 sapientia
1057 1798 1139 1823 esse
1161 1790 1178 1807 ‘²
1204 1791 1368 1832 terrena,

299 1840 490 1887 animalis,
503 1841 701 1881 diabolica.
722 1841 825 1888 Ergo
845 1839 1030 1888 sapientia
1047 1851 1127 1876 non
1147 1838 1262 1876 debet
1276 1839 1370 1887 poni

300 1895 402 1932 inner-
424 1893 527 1931 dona
556 1894 719 1943 Spiritus
739 1892 880 1930 Sancti.

355 1957 390 1984 2.
421 1947 656 1994 pissima-EA,
686 1946 782 1984 sicut
808 1945 1043 1997 Augustinus
1071 1944 1178 1992 dicit,
1208 1944 1297 1981 XIV
1324 1945 1371 1981 de

305 1990 451 2046 mnf
455 2029 466 2047 ,
493 2001 678 2060 sapientia
706 2005 761 2036 est
786 1994 1002 2036 divinarum
1031 2009 1161 2034 rerum
1189 1997 1368 2047 cognitio.

301 2052 381 2093 Sed
406 2052 574 2101 cognitio
605 2052 822 2091 divinarum
850 2063 978 2088 rerum
998 2063 1117 2099 quam
1142 2051 1264 2088 homo
1285 2058 1371 2109 pot-

301 2102 359 2144 est
377 2118 447 2154 per
464 2118 535 2144 sua
562 2106 748 2143 naturalia
773 2106 930 2151 habere,
955 2104 1119 2152 pertinet
1142 2104 1192 2141 ad
1219 2103 1371 2152 sapien-

300 2158 394 2196 tiam
408 2171 510 2206 quae
526 2166 584 2196 est
595 2159 718 2196 virtus
731 2157 1008 2195 intellectualis:
1032 2156 1198 2204 cognitio
1215 2164 1344 2193 autem
1356 2155 1372 2186 β

302 2211 522 2250 divinorum
550 2211 850 2261 supernaturalis
877 2210 1039 2260 pertinet
1063 2211 1110 2247 ad
1130 2210 1250 2246 fidem
1271 2221 1370 2257 quae

305 2371 665 2470 ἀοξυῐὶξιιΑΕτιῑιιΕΑ,
694 2423 766 2459 Iob
783 2421 928 2458 xxvm*
955 2413 1107 2457 dicitur:
1134 2421 1237 2456 Ecce
1258 2421 1373 2457 timor

303 2477 464 2514 Domini
489 2477 569 2524 ipsa
597 2481 653 2512 est
667 2475 862 2523 sapienti‚a
892 2480 928 2510 et
954 2474 1129 2510 recedere
1151 2485 1175 2509 a
1193 2473 1296 2510 malo
1316 2473 1371 2510 in-

303 2529 529 2580 telligentia:
563 2529 628 2566 ubi
651 2528 866 2565 secundum
894 2527 1056 2563 litteram
1077 2524 1372 2574 Septuaginta²⁵7

65 2590 276 2646 „begndgpfflg-
271 2595 380 2644 qua
407 2582 524 2619 utitur
550 2581 786 2629 Augustinus
804 2581 842 2627 ⁷¹²,
880 2580 1061 2617 habetur:
1097 2580 1217 2624 Ecce,
1249 2579 1373 2626 pietas

66 2645 107 2668 nb.
114 2644 178 2671 xw,
187 2650 256 2671 ειμι

304 2637 384 2684 ipsa
412 2640 467 2672 est
494 2636 687 2684 sapientia.
731 2634 808 2671 Sed
836 2641 915 2670 tarn
953 2633 1069 2669 timor
1097 2644 1214 2680 quam
1253 2632 1373 2691 pietas

304 2696 501 2738 ponuntur
537 2688 640 2725 dona
677 2687 839 2747 Spiritus
869 2686 1008 2722 Sancti.
1053 2686 1156 2732 Ergo
1190 2685 1374 2734 sapientia

306 2753 386 2779 non
418 2741 537 2779 debet
573 2741 766 2778 numerari
801 2740 897 2776 inter
925 2739 1027 2776 dona
1056 2738 1217 2786 Spiritus
1246 2738 1375 2775 Sancti

307 2794 416 2843 quasi
445 2794 592 2831 donum
621 2795 669 2831 ab
697 2793 779 2830 aliis
808 2792 1041 2830 distinctum.

362 2847 436 2884 SED
465 2858 613 2884 CONTRA
640 2857 707 2884 EST
733 2846 840 2895 quod
869 2845 989 2882 Isaiae
1012 2856 1047 2881 XI
1067 2844 1087 2865 ’¹‘
1116 2844 1270 2881 dicitur:
1299 2845 1374 2881 Re-

307 2900 471 2949 quiescet
494 2911 609 2948 super
635 2911 720 2936 eum
750 2899 909 2947 Spiritus
936 2897 1108 2943 Domini,
1136 2897 1343 2945 sapientiae
1361 2903 1373 2919 ⁸

308 2958 345 2990 et
369 2952 592 2992 intellectus
622 2960 693 2989 etc.

362 2993 609 3042 Responnnci
628 3016 814 3042 DICENDUM
846 3005 952 3052 quod
989 3002 1204 3040 secundum
1246 3002 1374 3040 Philo-

265 3075 281 3093 ι,
309 3058 502 3117 sopitum,
515 3058 555 3095 in
581 3057 768 3106 principio
795 3058 1012 3105 Metaphys.
1032 3056 1064 3102 ²¹⁸,
1084 3056 1134 3092 ad
1162 3055 1373 3104 sapientem

308 3110 471 3160 pertinet
491 3110 733 3148 considerare
750 3122 906 3146 causam
925 3109 1157 3154 altissimam,
1173 3121 1242 3156 per
1257 3120 1373 3156 quam

309 3164 359 3202 de
377 3163 694 3201 aliisi-certissime
721 3163 920 3209 iudicatur,
950 3170 987 3198 et
1013 3161 1227 3198 secundum
1255 3165 1374 3210 quam

310 3216 440 3254 omnia
468 3216 635 3254 ordinari
671 3223 832 3264 oportet.
873 3215 1000 3252 Causa
1027 3221 1156 3251 autem
1193 3214 1393 3273 altissima‘

364 3333 395 3365 αι)
410 3339 474 3359 esse.
491 3339 512 3359 -s-
529 3335 571 3358 est}
587 3333 743 3358 PDEGHsA
761 3337 788 3357 et
806 3339 851 3357 na.

366 3368 390 3401 β)
410 3371 508 3393 autem.
526 3382 544 3387 —
562 3369 631 3393 em'm
652 3368 698 3398 Pa,
717 3375 769 3392 om.
789 3368 857 3400 pGx.

364 3404 391 3437 γ)
412 3404 496 3428 debet.
513 3418 531 3422 -
550 3404 656 3428 deberet
674 3403 721 3428 Pa.

364 3438 389 3471 δ)
409 3439 598 3472 Septuaginta.
614 3451 634 3458 -
653 3438 831 3470 Interpretum
851 3438 948 3462 addunt
966 3438 1012 3462 Pa.

1253 2269 1369 2310 patet.
1375 2271 1377 2273 ·

1417 1310 1616 1359 dupliciter
1652 1313 1772 1362 accipi
1807 1321 1954 1373 potest:
1991 1315 2054 1351 vel
2086 1314 2316 1374 simpliciter,
2345 1316 2407 1352 vel
2442 1317 2481 1353 in

1417 1363 1545 1412 aliquo
1574 1376 1724 1412 genere.
1774 1367 1838 1403 Ille
1865 1367 1976 1414 igitur
2003 1367 2068 1416 qui
2097 1368 2292 1415 cognoscit
2325 1380 2495 1410 causam,

1417 1416 1641 1454 altissimam
1676 1418 1715 1454 in
1743 1418 1871 1467 aliquo
1899 1431 2039 1468 genere
2077 1428 2114 1456 et
2145 1432 2214 1479 per
2242 1432 2329 1457 eam
2356 1429 2483 1469 potest

1418 1468 1467 1505 de
1495 1469 1677 1506 omnibus
1705 1483 1804 1518 quae
1832 1481 1921 1509 sunt
1946 1471 2044 1509 illius
2072 1473 2221 1519 generis
2251 1474 2419 1510 iudicare
2447 1482 2484 1511 et

1419 1521 1614 1568 ordinare,
1644 1522 1779 1560 dicitur
1808 1536 1890 1560 esse
1918 1525 2070 1573 sapiens
2098 1526 2137 1562 in
2165 1525 2228 1562 illo
2257 1538 2413 1573 genere,
2442 1534 2484 1563 ut

1416 1573 1455 1610 in
1483 1574 1677 1612 medicina
1704 1577 1766 1612 vel
1795 1577 2064 1614 architectura:
2100 1578 2313 1615 secundum
2347 1579 2440 1615 illud
2469 1581 2481 1615 I

1419 1627 1470 1663 ad
1487 1628 1575 1664 Cor.
1592 1627 1678 1665 111*:
1707 1630 1757 1666 Ut
1771 1630 1920 1678 sapiens
1938 1631 2160 1667 architectus
2184 1632 2483 1679 fundamentum
2512 1655 2520 1663 ·
2559 1659 2595 1674 Ἦ
2629 1659 2643 1674 0

1412 1681 1537 1727 posui.
1577 1681 1641 1717 Ille
1670 1689 1799 1718 autem
1828 1682 1894 1730 qui
1928 1683 2123 1731 cognoscit
2160 1696 2315 1720 causam
2353 1685 2486 1721 altissi-

1419 1745 1525 1770 mam
1553 1733 1784 1782 simpliciter,
1813 1748 1912 1784 quae
1941 1743 1998 1772 est
2024 1737 2142 1783 Deus,
2169 1736 2304 1773 dicitur
2333 1737 2485 1796 sapiens

1418 1785 1653 1834 simpliciter:
1682 1786 1909 1835 inquantum
1928 1801 1998 1836 per
2016 1790 2165 1836 regulas
2185 1789 2333 1826 divinas
2354 1790 2485 1827 omnia

1416 1846 1543 1887 potest
1579 1839 1748 1876 iudicare
1786 1848 1822 1877 et
1858 1841 2050 1879 ordinare.
2093 1842 2326 1879 Huiusmodi
2355 1850 2484 1880 autem

1420 1891 1604 1928 iudicium
1642 1893 1887 1941 consequitur
1913 1895 2031 1931 homo
2070 1907 2139 1942 per
2177 1895 2359 1944 Spiritum
2390 1897 2485 1932 San-

1420 1951 1542 1981 ctum:
1572 1945 1786 1982 secundum
1813 1945 1904 1983 illud
1934 1948 1948 1983 I
1977 1947 2029 1984 ad
2060 1948 2146 1984 Cor.
2168 1947 2244 1984 11²⁸:
2274 1948 2485 1997 Spiritualis
2511 1967 2522 1977 ι

1418 2104 1598 2141 nifestum
1627 2111 1683 2141 est
1711 2105 1816 2152 quod
1844 2105 2030 2153 sapientia
2058 2114 2114 2143 est
2147 2106 2293 2143 donum
2323 2107 2485 2155 Spiritus

1421 2157 1561 2194 Sancti.

1472 2212 1532 2246 An
1561 2221 1699 2246 PRIMUM
1714 2221 1812 2246 ERGO
1827 2222 2012 2247 monimum
2041 2211 2146 2259 quod
2175 2212 2321 2248 bonum
2351 2211 2486 2248 dicitur

1421 2262 1632 2311 dupliciter.
1670 2263 1758 2299 Uno
1786 2263 1927 2310 modo,
1967 2264 2072 2312 quod
2092 2263 2104 2289 t
2122 2276 2214 2301 vere
2254 2271 2309 2300 est
2337 2265 2484 2302 bonum

1422 2323 1459 2353 et
1485 2315 1704 2364 simpliciter
1729 2315 1954 2364 perfectum.
1988 2316 2076 2353 Alio
2106 2317 2224 2354 modo
2260 2317 2394 2354 dicitur
2421 2317 2485 2354 ali-

1420 2368 1511 2418 quid
1541 2380 1623 2405 esse
1651 2369 1820 2415 bonum,
1850 2369 2064 2406 secundum
2093 2371 2289 2418 quandam
2317 2370 2486 2407 similitu-

1422 2421 1564 2465 dinem,
1594 2422 1698 2468 quod
1728 2428 1784 2457 est
1810 2421 1847 2457 in
1877 2422 2017 2458 malitia
2045 2423 2281 2471 perfectum:
2311 2423 2407 2459 sicut
2433 2423 2487 2459 di-

1422 2474 1517 2510 citur
1545 2474 1664 2509 bonus
1691 2473 1787 2510 latro
1807 2474 1869 2509 vel
1893 2476 2084 2522 perfectus
2107 2475 2217 2521 latro,
2238 2483 2280 2512 ut
2296 2482 2399 2524 patet
2416 2488 2487 2524 per

1421 2525 1713 2574 Philosophum,
1734 2525 1772 2562 in
1791 2526 1826 2562 V
1843 2527 2060 2575 Metaphys.
2081 2527 2102 2548 ’¹‘
2128 2529 2178 2564 Et
2201 2528 2295 2564 sicut
2324 2528 2420 2564 circa
2441 2540 2486 2565 ea

1422 2591 1522 2628 quae
1558 2586 1646 2614 sunt
1672 2591 1764 2614 vere
1796 2579 1899 2615 bona
1930 2580 2122 2616 invenitur
2154 2580 2279 2628 aliqua
2307 2580 2486 2618 altissima
2512 2609 2538 2624 ω,
2578 2610 2592 2624 x
2642 2609 2654 2624 ῃ

1423 2643 1550 2676 causa,
1571 2643 1669 2680 quae
1699 2639 1754 2667 est
1781 2644 1978 2668 summum
2006 2633 2163 2679 bonum,
2190 2633 2294 2681 quod
2319 2641 2375 2669 est
2400 2634 2485 2670 ulti-

1423 2697 1510 2722 mus
1525 2684 1624 2731 finis,
1635 2696 1703 2731 per
1717 2684 1822 2720 cuius
1839 2685 2095 2732 cognitionem
2108 2686 2227 2722 homo
2245 2686 2379 2722 dicitur
2392 2699 2484 2723 vere

1422 2737 1594 2787 sapiens;
1623 2737 1674 2773 ita
1709 2737 1821 2773 etiam
1850 2737 1887 2774 in
1916 2738 2026 2774 malis
2054 2746 2110 2774 est
2137 2738 2309 2775 invenire
2343 2739 2485 2787 aliquid

1424 2791 1472 2828 ad
1492 2790 1597 2839 quod
1616 2790 1688 2826 alia
1716 2790 1929 2827 referuntur
1956 2791 2053 2828 sicut
2078 2791 2126 2827 ad
2149 2791 2324 2828 ultimum
2352 2792 2484 2839 finem,

1422 2856 1491 2893 per
1511 2843 1616 2880 cuius
1645 2843 1902 2890 cognitionem
1922 2844 2042 2880 homo
2072 2844 2206 2881 dicitur
2225 2856 2308 2880 esse
2334 2845 2485 2893 sapiens

1424 2897 1473 2934 ad
1502 2897 1601 2933 male
1630 2897 1840 2943 agendum3
1869 2897 2082 2934 secundum
2111 2897 2201 2934 illud
2231 2898 2365 2934 lerem.
2393 2910 2428 2934 iv
2446 2898 2483 2934 *t
2511 2923 2520 2932 .
2559 2923 2594 2938 er,

1425 2951 1615 2998 Sapientes
1633 2954 1720 2985 sunt
1738 2954 1778 2984 ut
1791 2949 1947 2996 faciant
1964 2950 2083 2986 mala:
2102 2951 2196 2986 hene
2213 2955 2338 2987 autem
2351 2951 2486 2998 facere

1425 3003 1645 3039 nescierunt.
1688 3001 1934 3049 Quicumque
1971 3003 2074 3039 enim
2102 3008 2121 3029 η
2147 3003 2330 3040 avertitur
2357 3015 2380 3039 a
2406 3003 2484 3040 fine

1425 3055 1576 3101 debito,
1606 3066 1762 3091 necesse
1789 3062 1846 3091 est
1871 3055 1977 3103 quod
2005 3055 2171 3104 aliquem
2199 3056 2319 3092 finem
2338 3056 2484 3093 indebi-

1423 3115 1504 3145 tum
1524 3108 1595 3144 sibi
1623 3107 1864 3156 praestituat:
1893 3108 1983 3155 quia
2012 3120 2128 3145 omne
2157 3121 2274 3156 agens
2295 3108 2370 3155 agit
2397 3121 2484 3156 pro-

1425 3169 1510 3210 pter
1546 3161 1676 3198 finem.
1719 3160 1831 3197 Unde
1867 3161 1897 3196 si
1935 3162 2157 3210 praestituat
2193 3161 2262 3198 sibi
2298 3161 2418 3197 finem
2446 3161 2484 3197 in

1426 3213 1538 3251 bonis
1568 3213 1813 3250 exterioribus
1840 3213 2008 3261 terrenis,
2027 3221 2190 3251 vocatur
2215 3214 2396 3262 sapientia
2414 3219 2485 3250 ter-

1478 3334 1499 3363 ε)
1519 3331 1674 3363 sapientiae.
1693 3345 1710 3350 —
1729 3331 1848 3362 Spiritus
1866 3331 2014 3363 sapientiae
2032 3332 2150 3364 PEGIpK
2171 3338 2196 3356 et
2213 3339 2257 3356 na.

1478 3367 1503 3399 ζ)
1523 3367 1602 3399 quod.
1619 3380 1638 3385 -
1656 3366 1719 3399 quia
1738 3367 1786 3391 Pa.

1478 3403 1504 3434 η)
1525 3402 1604 3427 enim.
1621 3415 1640 3420 -
1658 3405 1746 3426 autem
1766 3402 1836 3431 PGa,
1858 3402 1942 3434 igitur
1962 3402 1990 3426 L.

2537 1966 2602 1987 Vers.
2618 1972 2647 1993 ¹5·

1419 1997 1561 2035 iudicat
1576 1999 1723 2043 omnia,·
1736 1998 1837 2046 quia,
1853 1999 1949 2036 sicut
1966 2000 2141 2037 ibidem*
2161 2000 2307 2046 dicitur,
2327 2002 2486 2049 Spiritus
2511 2022 2522 2031 ·
2559 2027 2594 2042 ers
2617 2027 2641 2042 10

1392 2083 1394 2096 ,
1420 2051 1548 2088 omnia
1573 2057 1775 2097 scrutatur,
1804 2052 1917 2088 etiam
1939 2054 2135 2101 profunda
2157 2053 2241 2090 Dei.
2271 2054 2383 2091 Unde
2405 2066 2486 2091 ma-

2514 2550 2723 2572 ·S.Th.1ect.xvm.

2513 2588 2523 2592 -
2540 2577 2591 2598 Did.
2614 2577 2654 2598 lib.
2675 2576 2722 2603 IV,

2558 2620 2562 2624 .
2594 2609 2626 2628 vi,
2659 2619 2663 2624 .
2680 2609 2695 2624 ι.
