2892 4056
182 2159 190 2166 ⁴
206 2157 280 2184 Epist.
300 2156 347 2181 LII,
364 2156 392 2176 al.

183 2184 221 2204 lib.
235 2183 273 2207 lv,
286 2184 352 2210 epist.
368 2188 383 2203 11

183 2210 215 2231 ad
228 2210 346 2230 Antoniam

184 3173 190 3179 “
201 3170 251 3191 Lib.
262 3169 300 3194 VI,
311 3176 360 3197 cap.
371 3176 393 3190 v.

438 194 513 230 310

438 279 524 308 sunt
551 272 701 308 minora
730 284 845 320 quam
874 271 1089 308 infidelitas.
1130 272 1207 309 Sed
1237 272 1371 309 odium
1403 274 1493 321 Dei,

436 324 541 371 quod
579 324 783 373 opponitur
812 324 952 361 caritati
990 332 1174 371 quantum
1213 325 1261 361 ad
1288 325 1493 374 principale

1040 194 1305 240 QUAESTIO
1336 196 1514 243 XXXIX,
1543 196 1840 233 ARTICULUS
1869 197 2004 244 111,1V

1549 285 1646 321 quae
1676 280 1762 309 sunt
1789 273 1827 310 in
1845 273 2075 321 proximum,
2096 283 2296 323 peccatum
2322 276 2533 313 schismatis
2551 275 2607 313 vi-

1549 326 1659 362 detur
1678 337 1759 362 esse
1789 326 2024 363 maximum:
2059 327 2149 374 quia
2177 336 2232 365 est
2260 336 2389 366 contra
2418 329 2607 378 spirituale

436 376 640 425 obiectum,
661 389 738 414 non
760 385 813 413 est
833 376 969 413 minus.
991 397 1014 404 -
1044 377 1195 413 Tamen
1219 377 1316 414 inter
1337 385 1494 426 peccata
1519 417 1522 427 Ι
1548 378 1694 414 bonum
1721 378 1976 415 multitudinis.

1226 529 1543 571 ARTICULUS
1573 529 1800 571 TERTIUS

904 620 1060 651 UTRUM
1084 619 1359 651 SCHISMATICI
1383 621 1590 651 HABEANT
1614 620 1812 658 ALIQUAM
1835 621 2129 653 POTESTATEM

803 695 870 719 Part.
890 694 929 726 111,
949 702 993 727 qu.
1012 702 1077 726 urm,
1097 700 1144 720 art.
1163 702 1187 728 9,
1208 695 1239 719 ad
1259 702 1287 725 23
1308 695 1342 718 IV
1361 694 1443 726 Sent„
1464 695 1523 720 dist.
1541 703 1597 726 xxv,
1616 703 1662 728 qu.
1679 703 1697 727 1,
1717 699 1764 722 art.
1784 702 1812 726 23
1834 695 1930 726 Quodt.
1949 697 2002 728 xn,
2021 704 2067 729 qu.
2086 704 2119 728 xx,
2139 702 2186 721 art.
2209 705 2230 722 1.

639 777 662 802 D
690 777 850 802 TERTmM
872 776 926 802 stc
945 776 1185 801 PROCEDITUR.
1206 765 1367 802 Videtur
1384 766 1487 813 quod

639 817 866 854 schismatici
885 817 1052 854 habeant
1066 817 1230 866 aliquam
1246 825 1487 866 potestatem.

445 865 564 917 'sva
585 867 740 908 (Dicit
761 870 862 907 enim
890 870 1135 918 Augustinus,
1165 870 1204 907 in
1231 871 1327 907 libro
1356 877 1488 908 contra

480 897 542 952 ᾇ
594 913 823 966 ΧΒοηαίἰεῐ.
853 922 890 959 *z
926 923 1031 960 Sicut
1063 924 1258 960 redeuntes
1284 924 1336 960 ad
1360 924 1489 961 Eccle-

425 975 522 1012 siam
550 975 615 1022 qui
625 977 852 1025 priusquam
873 976 1087 1013 recederent
1109 977 1284 1025 baptizati
1304 983 1392 1014 sunt
1413 989 1488 1014 non

426 1029 723 1078 rebaptizantur,
753 1030 803 1066 ita
832 1029 1026 1066 redeuntes
1054 1029 1120 1077 qui
1140 1030 1365 1078 priusquam
1389 1041 1490 1066 rece-

425 1082 555 1118 derent
579 1082 743 1118 ordinati
767 1087 855 1118 sunt
883 1094 958 1118 non
995 1082 1119 1130 utique
1146 1095 1278 1119 rursus
1311 1083 1489 1120 ordinan-

425 1140 496 1171 tur.
527 1134 605 1172 Sed
633 1135 729 1171 ordo
759 1142 815 1171 est
834 1142 1002 1183 potestas
1030 1135 1234 1183 quaedam.
1264 1136 1365 1183 Ergo
1395 1136 1489 1185 schi-

424 1187 570 1224 smatici
598 1188 740 1224 habent
759 1187 927 1235 aliquam
945 1194 1185 1236 potestatem,
1202 1187 1304 1236 ‘quia
1330 1188 1490 1224 retinent

425 1240 611 1277 ordinem.

478 1305 512 1330 2.
544 1294 786 1339 PRAETEREA,
821 1292 1055 1339 Augustinus
1093 1292 1200 1339 dicit,
1234 1292 1272 1328 in
1309 1291 1407 1329 libro
1444 1292 1490 1328 de

334 1353 360 1368 ⁶⁰
390 1363 395 1369 ·
428 1347 533 1383 Unic.
554 1348 663 1394 Bapt.
684 1345 725 1381 *τ
753 1346 878 1381 Potest
902 1350 1183 1382 sacramentum
1211 1346 1362 1381 tradere
1382 1357 1488 1393 sepa-

423 1405 546 1445 ratus,
575 1400 672 1435 sicut
682 1403 805 1446 potest
825 1398 965 1434 habere
982 1404 1188 1445 separatus.
1221 1398 1297 1435 Sed
1320 1405 1488 1446 potestas

422 1452 595 1490 tradendi
615 1458 853 1488 sacramenta
873 1455 890 1472 ‘²
919 1458 975 1487 est
992 1451 1158 1487 maxima
1178 1458 1356 1499 potestas.
1385 1452 1487 1499 Ergo

423 1505 663 1551 schismatici,
685 1504 750 1553 qui
778 1511 864 1540 sunt
883 1504 931 1540 ab
951 1503 1124 1540 Ecclesia
1143 1504 1316 1552 separati,
1347 1505 1488 1541 habent

421 1566 650 1608 potestatem
679 1557 923 1606 spiritualem.

478 1613 511 1648 3.
533 1612 766 1656 PRAETEREA,
796 1609 974 1646 Urbanus
1011 1610 1118 1657 Papa
1147 1609 1233 1646 dicit
1258 1609 1277 1631 ²³²
1306 1611 1410 1658 quod
1438 1611 1487 1647 ab

313 1657 395 1698 ν’ἒξὶἶ
423 1664 601 1713 episcopis
620 1663 810 1711 quondam
835 1662 1014 1699 catholice
1037 1662 1219 1698 ordinatis
1243 1663 1310 1698 sed
1333 1663 1370 1699 in
1393 1663 1488 1699 schi-

422 1723 540 1755 smate
558 1729 581 1753 a
600 1718 778 1753 Romana
796 1715 966 1752 Ecclesia
984 1717 1167 1762 separatis
1191 1715 1257 1763 qui
1280 1716 1489 1752 consecrati

420 1776 525 1815 sunt,
555 1781 636 1815 eos,
666 1781 752 1805 cum
780 1768 832 1804 ad
856 1767 1047 1804 Ecclesiae
1083 1767 1260 1804 unitatem
1296 1769 1485 1814 redierint,

420 1823 577 1860 servatis
600 1822 766 1870 propriis
794 1821 1004 1865 ordinibus,
1033 1820 1325 1857 misericorditer
1349 1821 1489 1868 suscipi

422 1877 602 1921 iubemus,
630 1876 664 1911 si
684 1886 747 1911 eos
765 1874 841 1910 vita
861 1879 898 1910 et
915 1873 1068 1910 scientia
1089 1872 1104 1902 β
1131 1873 1377 1910 commendat.
1409 1874 1485 1911 Sed

420 1931 495 1966 hoc
524 1941 603 1965 non
633 1935 730 1964 esset
749 1927 820 1964 nisi
843 1926 1041 1975 spiritualis
1065 1933 1231 1974 potestas
1261 1927 1362 1975 apud
1391 1927 1487 1963 schi-

422 1981 599 2019 smaticos
618 1987 843 2017 remaneret.
874 1980 976 2027 Ergo
997 1979 1227 2016 schismatici
1249 1980 1393 2016 habent
1411 1980 1485 2028 spi-

422 2035 595 2072 ritualem
623 2040 866 2082 potestatem.

476 2089 550 2125 SED
575 2099 721 2124 CONTRA
748 2098 814 2122 EST
842 2086 947 2134 quod
974 2085 1188 2132 Cyprianus
1214 2085 1303 2122 dicit
1330 2085 1368 2121 in
1394 2097 1486 2133 qua-

422 2143 512 2180 darn
542 2140 701 2189 epistola
719 2139 751 2186 ³¹²,
773 2146 809 2175 et
836 2139 998 2175 habetur
1015 2138 1098 2184 VII,
1120 2150 1184 2186 qu.
1205 2150 1228 2184 1,
1250 2150 1332 2174 can.
1352 2138 1485 2175 Nova—

388 2199 393 2209 '
422 2195 566 2232 tianus:
590 2194 665 2235 Qui
682 2204 750 2229 nec
769 2192 959 2237 unitatem,
980 2190 1114 2239 inquit,
1133 2191 1284 2239 spiritus
1307 2203 1375 2228 nec
1397 2203 1484 2228 con—

421 2247 602 2286 ventionis
625 2257 761 2295 pacem
781 2246 965 2290 observat,
986 2249 1022 2280 et
1046 2256 1086 2281 se
1112 2245 1162 2281 ab
1188 2244 1380 2281 Ecclesiae
1404 2245 1485 2281 vin-

422 2301 506 2338 culo
543 2305 654 2348 atque
688 2311 711 2336 a
747 2298 984 2335 sacerdotum
1022 2297 1181 2346 collegio
1212 2302 1383 2345 separat,
1418 2309 1486 2334 nec

423 2353 585 2402 episcopi
605 2357 826 2400 potestatem
859 2351 999 2387 habere
1021 2355 1143 2398 potest
1168 2361 1237 2386 nec
1262 2351 1457 2387 honorem.

476 2408 701 2442 RESPONm-:o
722 2415 905 2440 DICENDUM
934 2403 1039 2451 quod
1069 2403 1207 2450 duplex
1237 2410 1292 2439 est
1314 2402 1485 2451 spiritua-

421 2461 464 2497 lis
493 2465 680 2508 potestas:
709 2469 787 2494 una
815 2456 971 2504 quidem
1002 2455 1304 2500 sacramentalis;
1335 2455 1407 2492 alia
1430 2455 1486 2491 iu-

475 2574 501 2606 α)
520 2576 698 2599 sacramenta.
716 2586 734 2591 -
752 2574 949 2597 sacramentum
969 2571 998 2595 P.

1543 765 1808 802 risdictionalis
1837 766 1869 803 *.
1908 766 2203 804 Sacramentalis
2240 766 2396 815 quidem
2437 775 2606 816 potestas

1545 825 1601 854 est
1619 830 1718 866 quae
1745 830 1816 867 per
1849 818 2014 867 aliquam
2044 819 2374 856 consecrationem
2403 821 2606 858 confertur.

1546 871 1692 908 Omnes
1720 878 1849 908 autem
1877 871 2183 909 consecrationes
2212 872 2404 909 Ecclesiae
2424 880 2512 910 sunt
2538 874 2608 911 im·

1543 923 1718 971 mobiles,
1738 931 1918 961 manente
1946 936 1986 962 re
2005 937 2103 973 quae
2133 932 2395 962 consecratur:
2429 925 2524 963 sicut
2541 938 2608 976 pa-

1543 984 1596 1013 tet
1624 976 1738 1014 etiam
1763 977 1804 1013 in
1827 977 1941 1014 rebus
1967 977 2192 1025 inanimatis,
2222 989 2313 1014 nam
2341 979 2458 1015 altare
2487 980 2608 1017 semel

1545 1037 1810 1066 consecratum
1838 1041 1917 1066 non
1945 1038 2189 1068 consecratur
2225 1030 2362 1067 iterum
2392 1031 2464 1067 nisi
2496 1031 2609 1069 fuerit

1545 1082 1780 1130 dissipatum.
1802 1083 1851 1118 Et
1869 1082 1956 1119 ideo
1976 1082 2058 1119 talis
2078 1090 2245 1132 potestas
2265 1083 2476 1121 secundum
2497 1096 2607 1122 suam

1545 1134 1747 1171 essentiam
1775 1141 1948 1171 remanet
1974 1134 2013 1172 in
2037 1135 2192 1172 homine
2220 1136 2286 1184 qui
2313 1148 2382 1185 per
2409 1148 2608 1174 consecra·-

1543 1187 1688 1223 tionem
1718 1198 1803 1222 eam
1833 1194 1888 1223 est
1915 1187 2077 1236 adeptus
2113 1189 2284 1235 quandiu
2316 1189 2426 1237 vivit,
2457 1189 2538 1227 sive
2566 1190 2607 1227 in

1544 1239 1707 1276 schisma
1726 1238 1865 1275 sivein
1884 1239 2074 1276 haeresim
2102 1240 2269 1277 labatur:
2298 1242 2405 1290 quod
2430 1250 2534 1290 patet
2561 1253 2608 1280 ex

1542 1292 1618 1328 hoc
1633 1291 1740 1339 quod
1753 1291 1904 1328 rediens
1919 1292 1968 1328 ad
1987 1291 2202 1329 Ecclesiam
2221 1304 2300 1330 non
2315 1293 2454 1330 iterum
2473 1305 2607 1332 conse-

1544 1352 1679 1381 cratur.
1710 1344 1788 1381 Sed
1807 1344 1896 1392 quia
1914 1351 2082 1393 potestas
2101 1344 2256 1382 inferior
2275 1357 2354 1383 non
2373 1346 2488 1384 debet
2506 1347 2608 1386 exire

1542 1397 1580 1434 in
1599 1405 1728 1434 actum
1749 1397 1820 1434 nisi
1835 1397 2047 1434 secundum
2068 1398 2173 1446 quod
2188 1406 2369 1435 movetur
2385 1411 2407 1436 a
2420 1407 2608 1448 potestate

1543 1450 1740 1499 superiori,
1755 1457 1798 1486 ut
1817 1450 1930 1487 etiam
1943 1450 1982 1487 in
2002 1451 2116 1487 rebus
2130 1451 2366 1488 naturalibus
2380 1460 2499 1500 patet;
2520 1453 2608 1491 inde

1543 1511 1599 1540 est
1617 1503 1724 1551 quod
1743 1503 1836 1540 tales
1854 1515 1970 1540 usum
1985 1504 2181 1552 potestatis
2195 1504 2382 1552 amittunt,
2399 1505 2450 1542 ita
2468 1505 2610 1543 scilicet

1543 1556 1647 1605 quod
1667 1568 1746 1593 non
1764 1555 1876 1592 liceat
1894 1556 1948 1593 eis
1964 1569 2034 1593 sua
2052 1564 2238 1605 potestate
2256 1557 2322 1595 uti.
2343 1558 2384 1594 Si
2403 1559 2609 1596 tamenusi

1542 1609 1691 1656 fuerint,
1721 1620 1856 1646 eorum
1884 1616 2052 1658 potestas
2080 1609 2259 1646 effectum
2287 1611 2403 1647 habet
2425 1611 2465 1647 in
2485 1623 2609 1650 sacra-

1541 1662 1791 1699 mentalibus:
1820 1661 1909 1710 quia
1937 1662 1976 1699 in
1994 1662 2053 1699 his
2080 1663 2202 1699 homo
2229 1675 2310 1700 non
2329 1671 2510 1712 operatur
2535 1664 2610 1703 nisi

1540 1715 1637 1752 sicut
1655 1714 1953 1752 instrumentum
1971 1714 2061 1758 Dei;
2078 1716 2193 1753 -unde
2213 1715 2372 1753 effectus
2391 1728 2608 1756 sacramen-

1522 1769 1632 1804 atales
1660 1779 1740 1804 non
1760 1768 2011 1805 excluduntur
2027 1775 2186 1816 propter
2205 1769 2359 1817 culpam
2381 1779 2608 1817 quamcum-

1541 1833 1615 1869 que
1645 1820 1873 1857 conferentis
1902 1828 2196 1857 sacramentum.
2220 1841 2246 1848 -·
2271 1822 2444 1859 Potestas
2477 1830 2610 1861 autem

2888 563 2892 573 -
2888 523 2892 530 c
2884 363 2892 487 ......„.-.-=

2636 774 2845 798 -vmecomnent
2891 767 2892 770 ’

2634 801 2706 823 Caiet.
2718 805 2771 829 pont
2779 806 2846 829 ami,

2634 833 2699 849 num.
2714 833 2762 849 vm.

1539 1873 1843 1910 iurisdictionalis
1859 1880 1915 1910 est
1930 1885 2029 1922 quae
2049 1885 2094 1910 ex
2112 1873 2274 1922 simplici
2286 1870 2521 1912 iniunctione
2539 1876 2610 1913 ho·-v
2671 1914 2675 1918 ,

1541 1926 1653 1963 minis
1673 1926 1876 1963 confertur.
1906 1927 1955 1963 Et
1973 1925 2055 1963 talis
2072 1933 2241 1974 potestas
2260 1939 2340 1964 non
2363 1927 2610 1966 immobiliter
2653 1968 2656 1972 ,

1540 1979 1732 2016 adhaeret.
1761 1979 1875 2016 Unde
1903 1978 1942 2016 in
1971 1979 2218 2017 schismaticis
2247 1988 2284 2017 et
2310 1981 2512 2018 haereticis
2528 1994 2608 2025 non

1540 2040 1678 2070 manet.
1710 2032 1821 2070 Unde
1841 2044 1920 2069 non
1948 2039 2110 2080 possunt
2137 2044 2209 2069 nec
2228 2033 2430 2071 absolvere
2454 2046 2527 2071 nec
2545 2038 2608 2072 ex:-

1540 2084 1828 2122 communicare
1854 2097 1926 2122 nec
1943 2085 2194 2133 indulgentias
2217 2085 2354 2133 facere,
2376 2094 2441 2123 aut
2463 2087 2607 2137 aliquid

1539 2138 1776 2176 huiusmodi:
1806 2138 1912 2186 quod
1938 2138 1969 2175 si
1997 2137 2164 2185 fecerint,
2185 2138 2278 2175 nihil
2307 2146 2364 2176 est
2390 2147 2528 2178 actum.

1593 2192 1693 2228 Cum
1723 2203 1813 2239 ergo
1842 2190 1977 2228 dicitur
2002 2191 2096 2228 tales
2115 2202 2194 2228 non
2213 2191 2356 2229 habere
2378 2200 2606 2241 potestatem

1526 2244 1785 2292 spiritualem,
1804 2243 2090 2291 intelligendum
2115 2251 2170 2281 est
2186 2245 2250 2281 vel
2273 2244 2322 2281 de
2340 2253 2527 2294 potestate
2543 2259 2608 2284 se-

1539 2297 1684 2334 cunda:
1713 2297 1789 2342 vel,
1820 2296 1850 2333 si
1878 2297 2061 2333 referatur
2090 2297 2139 2333 ad
2166 2297 2332 2345 primam
2359 2305 2607 2348 potestatem,

1538 2361 1616 2387 non
1637 2356 1693 2386 est
1720 2350 1962 2387 referendum
1992 2350 2042 2386 ad
2068 2349 2190 2397 ipsam
2220 2350 2422 2390 essentiam
2442 2352 2608 2400 potesta-2

1537 2403 1604 2448 tis,
1635 2402 1703 2439 sed
1732 2403 1781 2439 ad
1809 2402 2022 2449 legitimum
2049 2414 2164 2439 usum
2194 2402 2285 2439 eius.

1591 2456 1641 2492 Et
1668 2467 1738 2502 per
1764 2456 1839 2492 hoc
1867 2462 1971 2504 patet
1999 2455 2198 2503 responsio
2228 2456 2278 2494 ad
2306 2455 2468 2494 obiecta.
2507 2468 2509 2470 ’

1592 2568 1618 2601 β)
1637 2569 1759 2594 scientia.
1777 2582 1796 2589 -
1813 2569 1976 2595 conscientia
1993 2569 2064 2595 PLa.

1187 2718 1520 2761 ARTICULUS
1551 2719 1825 2769 QUARTUS

672 2813 827 2844 UTRUM
852 2812 918 2843 sir
943 2810 1219 2842 CONVENIENS
1242 2810 1388 2842 POENA
1411 2810 1800 2842 scfflsMATmORUM
1825 2811 1885 2842 UT
1910 2810 2361 2843 EXCOMMUNICENTUR

476 2910 518 2943 'a
541 2914 610 2973 ¹⁸5⁶<
633 2904 655 2929 D
677 2902 850 2933 QUARTUM
869 2902 922 2927 sm
942 2900 1182 2926 PROCEDITUR.
1207 2889 1367 2926 Videtur
1381 2889 1486 2937 quod

442 3001 445 3006 ’
503 3014 555 3033 *W

560 2972 605 3006 „n
635 2956 760 2993 poena
796 2943 1123 2980 schismaticorum
1162 2954 1240 2979 non
1273 2942 1319 2979 sit
1347 2953 1486 2979 conve-

576 3004 584 3011 ²
609 2995 743 3034 niens
768 3004 809 3033 ut
833 2995 1224 3033 excommunicentur.
1254 2995 1486 3032 Excommu-

461 3003 625 3086 ᾋξὲἳῗῗνῆχ
636 3049 773 3087 nicatio
795 3049 897 3086 enim
921 3049 1088 3086 maxime
1112 3055 1262 3097 separat
1287 3047 1484 3085 hominem

422 3117 444 3141 a
473 3103 745 3140 communione
775 3110 1116 3139 sacramentorum.
1148 3101 1224 3138 Sed
1253 3101 1485 3148 Augustinus

423 3156 522 3203 dicit,
543 3156 582 3192 in
611 3155 707 3192 libro
736 3161 867 3192 contra
895 3156 1080 3192 Donatist.
1101 3154 1132 3202 *,
1163 3154 1267 3202 quod
1296 3154 1485 3203 baptisma

421 3216 547 3259 potest
573 3209 688 3258 recipi
721 3220 743 3245 a
771 3208 1023 3245 schismatico.
1072 3208 1174 3255 Ergo
1202 3207 1352 3243 videtur
1379 3206 1484 3255 quod

424 3261 766 3300 excommunicatio
796 3274 874 3298 non
903 3269 958 3298 est
977 3261 1211 3298 conveniens
1238 3272 1364 3308 poena
1388 3260 1483 3297 schi-

423 3316 551 3353 smatis
571 3321 599 3352 ².

477 3381 511 3406 2.
533 3370 765 3415 PRAETEREA,
787 3367 836 3404 ad
855 3366 988 3404 fideles
1010 3366 1146 3404 Christi
1175 3365 1335 3415 pertinet
1357 3373 1398 3403 ut
1418 3377 1484 3402 eos

477 3482 504 3515 α)
524 3482 680 3507 schismatis.
699 3495 718 3500 -
736 3480 910 3506 schismaticis
929 3480 1018 3505 PKxa.

1540 2889 1605 2936 qui
1626 2897 1712 2925 sunt
1733 2888 1891 2937 dispersi
1913 2889 2114 2926 reducant:
2135 2889 2237 2926 unde
2258 2896 2389 2926 contra
2413 2889 2604 2938 quosdam

1542 2941 1676 2978 dicitur
1695 2942 1833 2979 Ezech.
1853 2953 1963 2979 xxxrv
1976 2941 2016 2979 *ε
2049 2942 2160 2984 Quod
2176 2942 2361 2979 abiectum
2380 2947 2434 2979 est
2451 2954 2526 2980 non
2545 2953 2604 2980 re-

1539 2995 1707 3041 duxistis,
1737 2995 1838 3043 quod
1856 2995 2028 3043 perierat
2053 3007 2128 3032 non
2157 2995 2359 3044 quaesistis.
2402 2996 2479 3033 Sed
2507 2994 2604 3033 schi-

1539 3047 1685 3085 smatici
1705 3048 1994 3085 convenientius
2023 3049 2256 3085 reducuntur
2282 3060 2352 3097 per
2369 3047 2517 3097 aliquos
2538 3048 2604 3098 qui

1540 3101 1593 3138 eis
1623 3101 1914 3138 communicent.
1963 3102 2066 3149 Ergo
2094 3101 2247 3138 videtur
2273 3102 2376 3150 quod
2413 3113 2494 3138 non
2530 3101 2604 3139 sint

1539 3153 1910 3191 excommunicandi.

1594 3208 1627 3243 3.
1649 3208 1882 3254 PRAETEREA,
1903 3218 1974 3256 pro
1990 3207 2127 3244 eodem
2147 3214 2305 3255 peccato
2326 3218 2404 3244 non
2424 3206 2603 3254 infligitur

1539 3260 1676 3308 duplex
1695 3272 1843 3308 poena:
1873 3260 2086 3297 secundum
2112 3260 2203 3297 illud
2223 3260 2379 3297 Nahum
2406 3272 2419 3296 1
2443 3259 2479 3297 *z
2508 3259 2599 3297 Non

1538 3313 1716 3350 iudicabit
1741 3314 1844 3350 Deus
1872 3313 1927 3350 bis
1956 3313 1992 3350 in
2022 3313 2192 3362 idipsum.
2237 3312 2315 3350 Sed
2342 3325 2412 3361 pro
2440 3319 2600 3363 peccato

1538 3365 1749 3402 schismatis
1774 3365 1889 3414 aliqui
1916 3377 2045 3415 poena
2072 3365 2274 3415 temporali
2300 3366 2531 3414 puniuntur:
2559 3371 2601 3401 ut

2630 2960 2641 2972 ·
2655 2960 2726 2983 Vero.
2738 2967 2763 2988 4.

2627 3271 2760 3320 ᾆεζῗὲἒιὲῐ
2767 3272 2838 3321 ίιὲῐὲ
