2892 4056
199 622 208 630 ·
219 621 364 641 mererentur
372 625 409 640 ΑΒ.

200 658 208 666 “
219 659 290 681 Num.
306 665 322 680 1.

197 1405 206 1413 ·
222 1403 258 1425 ef.
273 1408 336 1425 num.
354 1409 379 1424 n.

439 190 488 237 96

437 274 511 298 runt
534 268 615 298 duo:
641 267 756 299 scilicet
778 268 826 298 ius
849 268 989 298 naturale
1006 274 1147 307 respectu
1171 266 1312 298 filiorum
1335 276 1440 304 curae;
1466 274 1495 298 et

438 311 574 342 admixta
597 310 772 347 infidelitas,
797 321 860 352 qua
883 311 1025 342 nutriunt
1049 320 1103 340 eos
1127 311 1166 340 ad
1190 320 1285 341 suum
1308 311 1414 342 ritum.
1456 311 1496 341 Et

437 355 510 386 licet
540 355 716 386 secundum
739 355 778 385 sit
800 355 936 390 malum,
967 362 996 385 et
1022 354 1054 384 in
1079 364 1117 384 eo
1149 361 1279 394 peccent
1305 355 1494 390 mortaliter;

438 406 468 429 et
490 406 620 439 propter
642 399 703 429 hoc
727 408 791 428 non
808 398 913 428 solum
937 397 1016 434 filiis,
1033 398 1086 427 sed
1110 397 1172 428 vita
1199 405 1229 428 et
1251 398 1359 439 seipsis
1383 398 1495 439 privari

437 442 569 482 possint,
593 442 635 472 ita
659 442 747 482 quod
771 449 900 482 possent
922 441 1001 472 iuste
1026 441 1206 471 annihilari:
1231 441 1371 482 primum
1390 450 1495 472 tamen

436 486 558 516 iustum
582 493 627 516 est
650 486 838 516 naturaliter.
873 486 914 515 Et
937 492 1102 524 propterea
1125 485 1225 522 Deus,
1251 492 1390 516 statuens
1414 485 1495 516 ordi-

438 540 511 560 nem
534 530 649 569 gratiae
673 530 712 559 ad
735 529 959 569 perfectionem
983 529 1103 559 ordinis
1118 536 1257 566 naturae,
1274 529 1353 560 illud
1376 530 1495 560 iustum

437 574 578 604 naturale
602 573 712 603 violari
735 583 801 602 non
824 573 907 608 vult,
933 572 1077 613 quamvis
1100 573 1160 612 ipsi
1176 574 1340 604 abutentes
1354 574 1415 603 hoc
1432 583 1496 603 me·

437 624 563 647 reantur
579 617 604 646 *.

491 661 558 690 VII.
575 660 626 689 Ad
637 659 792 689 rationem
806 669 880 699 ergo
892 659 977 690 Scoti
988 659 1004 678 *
1017 660 1130 690 dicitur
1141 661 1231 700 quod
1242 670 1409 700 processus
1420 669 1496 690 suus

437 704 531 734 habet
552 703 661 733 locum
685 710 760 733 tunc
784 703 891 733 solum
914 703 1043 744 quando
1068 714 1236 743 supremus
1260 704 1410 734 dominus
1428 704 1497 734 vult

436 747 494 778 sibi
519 746 639 777 obediri
663 756 728 776 non
745 747 890 778 obstante
905 747 1044 778 inferiori
1060 748 1181 778 ordine.
1207 748 1304 784 Quod
1321 758 1386 778 non
1403 754 1449 778 est
1463 747 1496 777 in

436 791 619 831 proposito:
644 790 799 830 quoniam
822 791 908 821 Deus
932 791 1039 822 statuit
1063 798 1235 832 utrumque
1266 791 1421 828 ordinem,
1444 801 1496 821 na-

436 841 524 865 turae
547 834 664 865 scilicet
687 841 717 865 et
738 833 829 870 fidei;
855 842 885 865 et
908 835 1016 865 statuit
1034 835 1179 865 ordinem
1200 835 1273 866 fidei
1296 835 1496 876 implendum

437 879 631 909 ministrante
655 877 713 908 sibi
736 879 846 908 ordine
870 885 1009 909 naturae.
1037 879 1078 910 Et
1101 886 1266 920 propterea
1289 879 1350 910 illis
1373 886 1496 911 tantum

435 922 611 963 imputatur
633 921 695 952 hoc
718 930 883 961 peccatum
911 923 966 963 qui
995 924 1170 953 secundum
1200 930 1328 954 naturae
1352 923 1496 954 ordinem

435 967 474 996 ad
498 966 559 996 hoc
582 972 737 996 tenentur.
763 984 782 988 —
805 967 846 997 Et
868 967 911 997 sic
934 973 1021 1007 patet
1043 968 1132 1008 quod
1155 967 1297 1008 exempla
1321 967 1406 998 Scoti
1430 977 1495 998 non

436 1017 509 1041 sunt
533 1017 642 1052 contra
665 1010 885 1050 propositum:
911 1011 985 1051 quia
1011 1019 1277 1052 praesupponunt
1308 1021 1495 1051 supremum

436 1054 605 1085 dominum
627 1054 707 1084 velle
734 1054 859 1095 impleri
882 1054 932 1085 ius
955 1055 1095 1095 supremi
1119 1055 1239 1086 ordinis
1262 1066 1327 1086 non
1352 1056 1495 1086 obstante

434 1097 590 1128 inferioris
606 1098 725 1128 ordinis
743 1098 821 1129 iure.
842 1099 914 1129 Hoc
930 1099 1015 1129 enirn
1031 1099 1126 1130 etiam
1141 1099 1209 1140 ipsa
1224 1100 1304 1131 ratio
1319 1099 1405 1130 Scoti
1421 1110 1496 1140 sup—

436 1142 543 1183 ponit;
568 1148 599 1173 et
621 1149 788 1182 propterea
811 1153 876 1174 non
901 1143 1071 1174 concludit.

492 1186 579 1216 Haec
601 1193 708 1217 autem
724 1196 790 1218 esse
814 1188 852 1218 de
872 1194 976 1217 mente
992 1186 1150 1222 Auctoris,
1168 1187 1223 1227 qui
1247 1193 1327 1217 recte
1351 1187 1494 1216 conside-

435 1237 481 1260 rat
503 1231 598 1261 verba
619 1230 738 1261 litterae
763 1238 794 1262 et
816 1231 1038 1271 responsiones
1062 1231 1101 1260 ad
1125 1237 1318 1270 argumenta,
1335 1230 1495 1270 percipere

435 1281 547 1313 potest.
578 1274 747 1314 Propterea
775 1285 912 1316 namque
936 1282 1000 1305 tam
1031 1274 1139 1314 paucis
1162 1281 1276 1314 quarto
1308 1281 1494 1313 argumento

435 1318 620 1349 satisfecisse
635 1328 668 1348 se
684 1319 770 1354 vidit,
788 1319 863 1359 quia
887 1318 1030 1349 medium
1053 1317 1193 1348 naturale
1210 1327 1276 1358 quo
1300 1327 1379 1357 puer
1401 1318 1494 1348 redu-

434 1362 552 1392 cendus
576 1369 623 1392 est
643 1362 676 1391 in
699 1363 814 1398 Deum,
839 1362 1014 1402 assignavit.
1030 1378 1051 1384 -
1066 1362 1107 1391 Et
1130 1361 1206 1391 haec
1230 1362 1268 1392 de
1291 1362 1407 1400 primo.

488 1405 571 1436 VIII.
589 1405 706 1442 Quoad
717 1406 894 1436 secundum
904 1406 930 1442 *,
951 1412 1019 1436 tota
1034 1404 1201 1435 difficultas
1218 1404 1360 1436 consistit
1374 1405 1406 1435 in
1421 1404 1494 1440 hoc,

434 1449 509 1490 quia
532 1448 587 1480 filii
613 1459 776 1480 servorum
799 1456 934 1491 possunt
949 1450 1029 1480 iuste
1046 1449 1089 1479 eis
1106 1448 1234 1479 auferri:
1260 1449 1369 1479 ablatis
1389 1455 1495 1479 autem

433 1494 514 1524 iuste
538 1503 555 1523 a
579 1502 653 1524 cura
676 1500 854 1533 parentum,
875 1494 938 1525 iam
962 1493 1041 1524 nulli
1056 1492 1091 1523 fit
1105 1493 1220 1523 iniuria
1236 1493 1261 1523 si
1281 1493 1351 1523 Iesu
1367 1492 1495 1524 Christo

434 1547 490 1578 per
512 1537 707 1577 baptismum
735 1545 965 1569 consecrentur.
997 1538 1048 1568 Ad
1070 1537 1206 1568 veritatis
1235 1544 1342 1568 autem
1370 1537 1495 1567 eviden-

433 1582 520 1617 tiam,
546 1581 805 1621 distinguendum
829 1589 875 1613 est
889 1583 970 1613 inter
985 1581 1017 1611 id
1033 1581 1122 1622 quod
1137 1581 1282 1621 provenit
1296 1591 1333 1611 ex
1349 1580 1495 1611 servitute

435 1626 549 1656 directe
573 1632 603 1656 et
625 1635 681 1665 per
704 1635 752 1662 se;
779 1633 808 1657 et
830 1626 862 1656 id
886 1626 975 1667 quod
999 1624 1144 1666 provenit
1167 1635 1203 1655 ex
1227 1635 1263 1655 ea
1281 1635 1338 1665 per
1351 1624 1494 1655 accidens

434 1679 489 1700 seu
514 1679 550 1700 ex
573 1670 789 1710 consequenti.
814 1669 900 1700 Cum
924 1670 1010 1701 enim
1029 1669 1161 1699 servitus
1178 1679 1241 1710 qua
1255 1668 1379 1699 homini
1394 1669 1494 1698 homo

434 1722 541 1744 servus
561 1719 607 1743 est
628 1713 726 1744 civilis
745 1714 793 1750 sit,
809 1715 848 1744 ad
865 1723 901 1744 ea
917 1720 1042 1745 tantum
1062 1723 1144 1753 quae
1161 1712 1259 1743 civilis
1282 1712 1401 1743 ordinis
1422 1719 1496 1742 sunt

434 1767 490 1798 per
512 1767 545 1787 se
568 1763 599 1786 et
622 1757 736 1788 directe
759 1767 791 1788 se
815 1758 968 1788 extendit:
993 1763 1028 1787 ut
1052 1756 1178 1787 effectus
1195 1756 1296 1787 causis
1313 1756 1495 1796 proportio-

434 1801 519 1832 nales
535 1799 608 1831 sint.
632 1801 764 1842 Propter
778 1801 867 1843 quod
884 1801 1008 1832 licitum
1025 1807 1072 1831 est
1087 1800 1183 1831 servis
1199 1801 1375 1838 comedere,
1393 1800 1495 1831 colere

435 1889 529 1919 minis
553 1898 704 1920 exercere.
735 1889 782 1919 Ex
806 1888 1012 1930 consequenti
1042 1894 1149 1919 autem
1177 1898 1232 1919 seu
1257 1899 1313 1928 per
1336 1887 1495 1925 accidens,

435 1933 711 1974 quemadmodum
730 1933 905 1964 extenditur
927 1934 967 1964 ad
990 1943 1026 1963 ea
1049 1942 1131 1973 quae
1155 1932 1327 1963 naturalis'
1319 1932 1397 1963 iuris
1411 1939 1495 1969 sunt,

435 1978 478 2009 ita
501 1977 541 2007 ad
564 1986 600 2007 ea
623 1986 704 2018 quae
728 1977 825 2007 divini
848 1984 922 2008 sunt
943 1977 1029 2008 iuris.
1055 1977 1190 2007 Constat
1213 1983 1320 2007 autem
1335 1977 1424 2018 quod
1440 1977 1495 2007 do—

436 2022 542 2052 minus
557 2026 662 2061 potest
684 2022 818 2052 vendere
833 2021 983 2061 parvulos
999 2030 1163 2051 servorum
1179 2030 1312 2051 suorum
1326 2020 1359 2051 in
1375 2029 1495 2058 servos;

436 2072 467 2096 et
489 2075 545 2105 per
563 2065 625 2095 hoc
648 2074 684 2095 ex
700 2066 905 2106 consequenti
927 2065 1107 2096 subtrahere
1131 2074 1185 2095 eos
1202 2074 1294 2095 curae
1314 2071 1496 2104 parentum,

436 2119 518 2151 quae
537 2115 584 2140 est
599 2109 664 2139 de'
656 2119 723 2140 iure
739 2117 878 2140 naturae.
903 2109 1007 2146 Pari‚'
999 2119 1101 2139 immo
1118 2108 1230 2139 maiori
1246 2108 1376 2145 ratione,
1393 2115 1498 2149 potest

437 2163 492 2184 eos
516 2154 588 2183 dare
612 2152 705 2184 alicui
725 2152 904 2184 Christiano
924 2160 959 2184 ut
976 2159 1197 2184 consecrentur
1212 2152 1356 2184 Creatori
1370 2162 1444 2190 suo;
1469 2159 1498 2184 et

437 2207 492 2238 per
515 2197 577 2227 hoc
599 2197 704 2228 invitis
721 2197 903 2237 parentibus
924 2206 960 2228 ea
978 2207 1060 2239 quae
1077 2203 1151 2228 sunt
1166 2196 1264 2227 divini
1280 2197 1357 2228 iuris
1372 2197 1405 2228 in
1421 2206 1498 2238 pue-

436 2252 489 2272 ros
514 2251 664 2272 exercere.

491 2285 532 2315 Et
555 2285 631 2315 haec
654 2291 701 2315 est
714 2285 837 2316 veritas.
860 2285 902 2315 Et
920 2291 1050 2325 propter
1065 2284 1141 2315 haec
1158 2285 1223 2315 duo
1240 2286 1362 2315 Auctor
1375 2284 1498 2315 duabus

436 2328 495 2359 viis
518 2328 551 2358 in
574 2329 675 2359 littera
697 2330 858 2370 processit.
882 2328 930 2359 Ex
953 2338 992 2358 eo
1016 2328 1101 2358 enim
1116 2329 1205 2369 quod
1220 2338 1275 2369 per
1291 2338 1323 2358 se
1339 2335 1370 2359 et
1385 2328 1498 2359 directe

438 2372 570 2403 servitus
593 2372 633 2402 ad
656 2372 757 2403 civilia
780 2382 813 2402 se
837 2372 983 2408 extendit,
1008 2371 1083 2402 dixit
1106 2373 1194 2412 quod
1217 2371 1272 2403 filii
1297 2372 1497 2409 Iudaeorum,

438 2426 520 2458 quos
545 2416 653 2447 asserit
676 2426 742 2447 esse
765 2426 872 2447 servos
895 2416 1062 2452 Ecclesiae,
1079 2425 1145 2446 non
1163 2424 1236 2447 sunt
1259 2416 1364 2447 invitis
1388 2415 1499 2457 pai-en-

438 2460 522 2491 tibus
537 2460 733 2500 baptizandi:
758 2467 789 2491 et
804 2460 893 2491 bene.
918 2460 965 2490 Ex
980 2469 1019 2490 eo
1035 2469 1110 2490 vero
1126 2460 1215 2500 quod
1231 2469 1268 2490 ex
1290 2460 1496 2501 consequenti

438 2514 493 2535 seu
518 2514 574 2544 per
596 2503 748 2540 accidens,
773 2511 847 2545 post
868 2503 984 2534 iustam
1008 2504 1254 2534 subtractionem
1273 2514 1292 2534 a
1306 2504 1498 2544 parentibus,

438 2549 500 2580 hoc
523 2553 627 2589 potest
650 2558 717 2579 esse
739 2548 871 2585 licitum,
895 2557 972 2578 usus
992 2554 1038 2578 est
1051 2548 1124 2578 loco
1141 2548 1179 2578 ab
1199 2547 1384 2579 auctoritate
1406 2557 1499 2587 nega-

439 2591 517 2623 tive:
542 2591 658 2623 scilicet
685 2592 760 2633 quia
782 2591 922 2623 Ecclesia
951 2601 1016 2622 non
1041 2591 1220 2630 consuevit,
1244 2591 1320 2632 quia
1343 2591 1500 2633 Sylvester

439 2643 470 2667 et
492 2636 681 2667 Ambrosius
704 2645 769 2666 non
793 2635 1023 2677 quaesiverunt.
1049 2635 1150 2676 Super
1173 2645 1237 2676 qua
1259 2642 1366 2667 tamen
1389 2636 1497 2667 Eccle-

439 2680 503 2711 siae
527 2679 755 2711 consuetudine
779 2679 890 2711 fundat
913 2679 1089 2710 doctrinam
1114 2689 1215 2716 suam,
1232 2680 1392 2731 reddendo
1415 2674 1500 2710 illius

440 2723 605 2755 rationem.

498 2768 550 2798 lx.
574 2768 625 2798 Ad
649 2767 738 2798 cuius
757 2767 932 2808 pleniorem
955 2767 1151 2798 intellectum
1174 2767 1253 2798 scito
1269 2767 1358 2808 quod
1379 2767 1425 2798 uti
1440 2767 1498 2798 hac

1135 189 1401 235 QUAESTIO
1431 191 1482 238 X,
1511 189 1807 226 ARTICULUS
1836 190 1905 225 XII

1549 267 1611 303 via,
1636 274 1672 297 ut
1695 266 1810 296 scilicet
1832 275 1869 296 ex
1892 266 2098 306 consequenti
2126 266 2216 305 pueri
2243 265 2419 298 infidelium
2442 277 2606 298 servorum

1549 310 1745 350 baptizentur
1767 309 1872 339 invitis
1887 309 2078 349 parentibus,
2095 309 2248 350 contingit
2265 311 2345 341 bene
2361 318 2391 341 et
2406 311 2501 341 male:
2527 312 2606 342 bene

1549 354 1689 394 quidem,
1714 353 1739 383 si
1763 353 1871 383 omnia
1885 359 2062 383 consonant
2077 359 2177 383 rectae
2193 353 2322 391 rationi;
2345 355 2428 385 male
2447 362 2564 392 autern,
2581 355 2606 386 si

1549 397 1668 438 aliquid
1692 396 1856 427 dissonans
1880 397 2046 427 concurrit.
2071 396 2111 426 Et
2128 397 2202 437 quia
2217 404 2252 428 ut
2266 397 2299 428 in
2315 398 2458 438 pluribus
2474 409 2606 429 concur-

1550 448 1623 471 runt
1646 440 1745 471 multa
1769 440 1896 471 dissona
1918 447 2019 470 rectae
2042 440 2166 476 rationi,
2189 440 2261 471 ideo
2284 441 2423 472 Ecclesia
2446 452 2512 472 non
2532 452 2606 473 con-

1550 485 1651 515 suevit
1665 485 1726 515 hoc
1741 484 1850 515 facere.
1874 485 1948 514 ldeo
1963 484 1995 514 in
2011 484 2112 514 littera
2127 484 2351 516 determinatur
2366 493 2431 516 tam
2448 486 2486 516 de
2502 486 2607 526 pueris

1550 529 1741 559 Iudaeorum
1764 538 1861 569 quam
1884 528 2020 559 aliorum
2052 527 2229 558 infidelium
2251 528 2347 560 simul
2369 539 2435 560 uno
2459 537 2607 561 contextu

1549 573 1638 613 quod
1655 582 1719 603 non
1736 579 1810 603 sunt
1824 572 1928 603 invitis
1944 572 2126 612 parentibus
2141 572 2331 612 baptizandi.
2352 573 2504 604 Doctrina
2519 583 2607 604 nam-

1550 627 1612 657 que
1636 616 1763 646 moralis
1780 617 1955 647 secundum
1971 616 2003 646 id
2019 615 2107 656 quod
2130 622 2166 646 ut
2183 615 2359 655 plurimum
2379 617 2525 649 convenit
2547 624 2607 648 tra-

1551 661 1653 691 denda
1676 667 1732 691 est.

1607 703 1820 735 Interveniunt
1843 710 1950 734 autem
1966 704 2005 733 ad
2028 703 2133 733 minus
2153 703 2218 733 duo
2239 702 2440 734 dissonantia.
2464 705 2607 735 Primum

1550 755 1596 778 est
1625 747 1803 788 periculum
1831 747 1904 778 fidei
1927 747 1959 777 in
1989 747 2065 787 ipsis
2087 746 2236 787 parvulis,
2263 756 2337 777 cum
2360 746 2476 779 fuerint
2498 748 2607 779 adulti.

1551 792 1648 829 Quod
1675 801 1741 822 non
1764 791 1896 822 evitatur
1918 802 1955 822 ex
1983 791 2195 822 subtractione
2219 800 2331 821 eorum
2355 801 2372 820 a
2395 801 2469 822 cura
2496 801 2606 832 paren-

1549 842 1627 867 tum.
1649 835 1732 873 Quia
1756 845 1830 866 cum
1852 835 1951 866 adulti
1970 835 2086 866 fuerint
2109 841 2139 865 et
2161 840 2305 874 parentes
2325 843 2401 864 suos
2415 834 2449 864 in
2468 834 2528 866 alia
2546 835 2607 866 fide

1551 879 1778 920 conspexerint,
1803 879 1952 910 naturalis
1975 889 2065 909 amor
2089 879 2128 909 ad
2150 885 2295 918 parentes
2319 878 2477 915 invitabit;
2502 885 2532 910 et
2554 885 2609 910 aut

1548 924 1642 955 vetita
1665 923 1861 954 conversatio
1885 923 1984 963 magis
2013 922 2207 959 sollicitabit;
2231 929 2286 953 aut
2303 921 2456 962 permissa
2480 932 2608 953 eonver-

1550 968 1628 999 satio
1653 967 1777 998 facilem
1800 967 1885 997 viam
1912 966 2104 1007 perversioni
2127 966 2222 997 dabit.
2242 984 2263 989 -
2287 966 2470 997 Secundum
2493 973 2540 998 est
2561 966 2609 997 in-

1549 1011 1645 1042 famia
1666 1011 1748 1047 fidei,
1773 1011 1862 1052 quasi
1886 1021 1952 1042 non
1968 1011 2007 1041 sit
2023 1021 2040 1040 a
2055 1011 2135 1046 Deo,
2152 1010 2207 1051 qui
2224 1011 2318 1041 corda
2334 1010 2505 1041 hominum
2520 1010 2608 1051 regit,

1549 1063 1585 1086 ut
1609 1056 1798 1095 compellere
1819 1055 1896 1085 velit
1918 1055 2057 1085 Ecclesia
2080 1055 2142 1085 hoc
2165 1055 2264 1085 modo
2281 1054 2320 1085 ad
2335 1053 2447 1084 fidem:
2473 1064 2547 1085 cum
2562 1061 2607 1085 ta—

1549 1109 1623 1130 men
1646 1106 1792 1139 oporteat
1819 1106 1943 1130 sanctos
1970 1099 2010 1129 ab
2042 1099 2091 1129 his
2112 1100 2168 1139 qui
2182 1098 2272 1140 foris
2294 1104 2369 1130 sunt
2395 1099 2608 1129 testimonium

1549 1143 1665 1174 habere
1680 1143 1706 1173 *.

1605 1186 1696 1217 Unde
1711 1186 1848 1215 dicentes
1864 1186 1952 1225 quod
1971 1185 2060 1225 pueri
2075 1185 2265 1216 Iudaeorum
2281 1193 2416 1226 possunt
2430 1185 2536 1217 invitis
2555 1196 2610 1226 pa-

1548 1229 1688 1260 rentibus
1714 1228 1874 1268 baptizari,
1899 1228 2046 1259 adhibitis
2069 1228 2208 1265 cautelis,
2225 1229 2391 1270 dupliciter
2413 1229 2543 1260 deficere
2565 1229 2611 1260 vi-

1549 1274 1672 1303 dentur.
1696 1273 1813 1308 Primo,
1837 1272 1870 1302 in
1894 1272 1955 1302 hoc
1978 1272 2066 1312 quod
2087 1272 2224 1302 cautelas
2247 1283 2284 1303 ex
2306 1279 2395 1313 parte
2417 1273 2610 1304 auctoritatis

1549 1317 1706 1347 Ecclesiae
1730 1326 1795 1346 non
1819 1316 1938 1352 dicunt,
1955 1316 2010 1346 sed
2033 1316 2240 1355 parvulorum
2264 1323 2397 1348 tantum.
2416 1333 2434 1339 -
2453 1317 2610 1354 Secundo,

1548 1361 1637 1402 quod
1667 1360 1844 1391 secundum
1874 1359 2012 1390 cautelas
2034 1369 2117 1400 quae
2139 1366 2176 1390 ut
2203 1359 2380 1400 plurimum
2403 1360 2522 1400 apponi
2545 1369 2612 1391 non

1549 1412 1699 1445 possunt,
1722 1403 1900 1435 'doctrinam
1923 1403 2052 1434 faciunt.
2077 1403 2163 1434 Cum
2185 1408 2291 1434 tamen
2318 1404 2504 1444 oppositum
2532 1410 2613 1436 esset

1550 1449 1743 1480 docendum:
1768 1447 1886 1478 scilicet
1901 1448 1990 1488 quod
2014 1447 2226 1478 communiter
2248 1457 2314 1479 non
2336 1448 2418 1485 licet,
2433 1447 2490 1478 sed
2512 1455 2612 1490 quana

1549 1493 1665 1534 doque,
1690 1492 1821 1523 exclusis
1844 1491 2148 1526 inconvenientibus,
2165 1498 2270 1531 potest
2287 1492 2390 1522 licere.

1600 1537 1640 1568 X.
1665 1537 1706 1567 Et
1727 1545 1784 1576 per
1798 1535 1875 1566 haec
1890 1542 1976 1576 patet
1991 1541 2022 1566 et
2036 1536 2202 1576 responsio
2218 1536 2258 1566 ad
2277 1535 2410 1573 obiecta,
2428 1541 2459 1566 et
2478 1534 2612 1567 intentio

1549 1591 1584 1612 ac
1606 1581 1653 1611 vis
1671 1580 1833 1611 rationum
1846 1580 1976 1612 litterae.
2002 1579 2167 1617 Quoniam
2181 1580 2294 1620 prima,
2311 1580 2431 1612 ducens
2447 1579 2487 1610 ad
2501 1579 2612 1611 incana

1548 1625 1687 1661 veniens,
1712 1624 1894 1655 universalis
1918 1631 1964 1654 est
1986 1623 2176 1664 simpliciter.
2202 1624 2356 1660 Secunda,
2381 1623 2550 1660 ostensiva,
2565 1630 2613 1655 est

1549 1668 1732 1699 universalis
1747 1675 1802 1699 aut
1818 1668 1939 1698 seclusa
1953 1668 2074 1699 ratione
2090 1668 2267 1699 servitutis:
2292 1675 2356 1704 aut,
2374 1675 2404 1699 et
2417 1667 2437 1687 *
2450 1667 2566 1699 melius
2581 1674 2612 1699 et

1549 1712 1749 1753 profundius,
1774 1712 1888 1742 directe
1911 1718 1942 1742 et
1965 1721 2020 1752 per
2043 1721 2076 1742 se
2098 1712 2273 1753 loquendo,
2297 1712 2377 1742 idest
2396 1711 2512 1743 'stando
2531 1710 2612 1742 infra

1548 1756 1663 1787 limites
1687 1765 1800 1786 eorum
1823 1756 1862 1786 ad
1878 1765 1960 1796 quae
1983 1755 2099 1786 directe
2122 1762 2153 1786 et
2167 1765 2223 1796 per
2243 1766 2276 1787 se
2292 1766 2325 1787 se
2340 1755 2479 1787 extendit
2499 1755 2612 1786 infide-

1548 1801 1628 1831 lium
1651 1800 1793 1836 servitus,
1818 1806 1853 1830 ut
1875 1799 2145 1839 praedeclaratum
2170 1807 2216 1831 est
2230 1799 2258 1831 ³.

1601 1844 1643 1874 Et
1665 1853 1720 1884 per
1738 1844 1815 1874 haec
1830 1844 1940 1874 eadem
1956 1850 2042 1883 patet
2057 1843 2155 1884 quod.
2170 1843 2252 1874 infra
2265 1843 2342 1875 tales
2357 1842 2472 1874 limites
2487 1843 2612 1880 stando,

1550 1888 1670 1928 optime
1685 1888 1762 1919 dixit
1777 1890 1897 1918 Auctor
1908 1887 1925 1906 *
1940 1888 2029 1928 quod
2051 1887 2166 1918 iniuria
2185 1887 2220 1918 fit
2238 1887 2361 1918 Iudaeis
2375 1887 2403 1918 si
2424 1885 2481 1917 filii
2500 1894 2613 1918 eorum

1549 1932 1625 1973 ipsis
1648 1931 1752 1963 invitis
1775 1931 1992 1972 baptizantur,
2018 1938 2048 1962 et
2076 1931 2137 1962 alia
2158 1931 2356 1962 huiusmodi.
2391 1930 2516 1968 Quibus
2545 1938 2612 1966 non

1549 1975 1659 2007 satisfit
1682 1985 1699 2006 a
1722 1975 1876 2006 Durando
1900 1985 1957 2006 nec
1981 1974 2059 2012 aliis,
2075 1975 2157 2006 infra
2171 1975 2244 2006 illos
2259 1975 2375 2006 limites
2389 1974 2516 2006 stando:
2539 1974 2615 2006 licet

1549 2020 1739 2060 egrediendo
1763 2020 1802 2050 ad
1825 2029 1881 2060 per
1903 2019 2047 2050 accidens
2071 2025 2102 2050 et
2123 2019 2156 2049 id
2179 2019 2269 2061 quod
2285 2026 2330 2051 est
2345 2028 2382 2050 ex
2405 2017 2613 2060 consequenti

1550 2074 1585 2095 ac
1603 2071 1637 2095 ut
1652 2064 1684 2094 in
1700 2063 1912 2104 paucioribus,
1929 2072 2040 2094 verum
2063 2063 2194 2100 dicatur,
2214 2063 2307 2094 nobis
2323 2072 2389 2094 non
2408 2062 2611 2099 contrarium,

1550 2109 1604 2139 sed
1628 2118 1818 2140 consonum.
1842 2108 1931 2138 Patet
1949 2117 2088 2148 namque
2106 2107 2196 2148 quod
2210 2109 2333 2138 Auctor
2346 2107 2462 2138 fatetur
2477 2106 2612 2138 ludaeos

1551 2162 1617 2183 esse
1632 2162 1738 2183 servos
1753 2151 1911 2183 Ecclesiae
1921 2152 1952 2188 *;
1970 2158 2001 2182 et
2016 2152 2104 2192 quod
2119 2151 2271 2192 parvulus
2286 2151 2345 2182 sub
2358 2160 2432 2182 cura
2443 2157 2611 2191 parentum

1551 2203 1598 2227 est
1619 2196 1725 2237 aliqua
1747 2205 1796 2226 res
1818 2196 1904 2234 eius,
1929 2202 1960 2226 et
1990 2195 2071 2226 sicut
2099 2195 2217 2226 animal
2246 2195 2445 2231 irrationale;
2469 2201 2500 2225 et
2522 2192 2611 2236 quod

1549 2240 1688 2271 Ecclesia
1711 2249 1777 2270 non
1800 2239 1873 2270 facit
1896 2239 1939 2270 eis
1962 2239 2110 2270 iniuriam
2129 2239 2329 2280 disponendo
2353 2239 2392 2270 de
2415 2238 2459 2269 eis
2483 2245 2514 2270 et
2536 2238 2613 2269 alie-

1550 2284 1656 2315 nando
1673 2293 1727 2315 eos
1737 2284 1754 2302 *
1756 2283 1818 2314 ‚Et
1829 2283 1919 2324 quod
1931 2283 2003 2323 plus
2019 2290 2075 2320 est,
2089 2293 2163 2314 cum
2178 2290 2323 2324 parentes
2338 2282 2479 2313 infideles
2494 2282 2613 2320 libero!
2639 2286 2648 2295 ·

1551 2334 1673 2359 constet
1695 2327 1768 2358 dare
1788 2337 1919 2367 operam
1934 2327 2084 2358 continue
2099 2328 2138 2358 ad
2153 2327 2393 2367 impediendum
2407 2325 2504 2356 fidem
2519 2318 2613 2357 Chri«

1551 2371 1685 2403 stianam
1720 2372 1752 2402 in
1779 2371 1866 2408 filiis,
1897 2381 1934 2402 ex
1962 2371 2103 2402 doctrina
2133 2371 2244 2402 tradita
2273 2371 2306 2401 in
2334 2370 2466 2402 articulo
2497 2377 2612 2403 octavo

1551 2416 1698 2447 debellari
1722 2422 1856 2456 possunt
1879 2422 2008 2455 propter
2030 2416 2102 2446 hoc.

1606 2459 1692 2491 Cum
1715 2459 1763 2490 his
1786 2466 1892 2490 tamen
1915 2459 2049 2495 adverte,
2074 2458 2202 2495 novitie,
2222 2458 2312 2500 quod
2329 2457 2420 2499 pueri
2434 2456 2611 2489 infidelium

1551 2503 1606 2544 qui
1629 2504 1669 2533 ad
1692 2509 1794 2544 partes
1813 2501 1955 2533 fidelium
1973 2503 2157 2535 deferuntur
2172 2509 2203 2534 et
2217 2502 2399 2533 venduntur
2414 2501 2610 2539 Christiania,

1551 2547 1696 2588 quamvis
1719 2557 1785 2578 non
1809 2553 1931 2578 constet
1953 2547 1991 2578 de
2014 2547 2096 2578 iusta
2119 2546 2276 2578 ablatione
2295 2546 2471 2577 eorundem
2493 2555 2512 2576 a
2536 2554 2611 2576 cura

1550 2597 1728 2632 parentum,
1745 2590 1820 2632 quia
1834 2598 1941 2621 tamen
1957 2590 2024 2622 sine
2042 2596 2210 2631 parentum
2226 2600 2309 2627 cura,
2327 2589 2565 2621 conversatione
2580 2595 2612 2621 et

1551 2635 1742 2676 cognitione,
1755 2635 1849 2666 etiam
1861 2635 1894 2665 in
1909 2645 1975 2675 spe,
1989 2635 2165 2666 secundum
2179 2634 2358 2666 humanum
2374 2642 2513 2670 cursum,
2525 2640 2610 2670 aaut,

1551 2680 1671 2720 absque
1690 2679 1872 2720 parentibus
1887 2686 2063 2710 censentur.
2086 2679 2127 2709 Et
2142 2686 2309 2719 propterea
2324 2677 2464 2709 Ecclesia
2480 2684 2614 2708 consue-

1550 2723 1596 2754 vit
1619 2733 1673 2754 eos
1696 2723 1864 2763 baptizare.

2636 1139 2667 1161 *1
2675 1139 2710 1161 ad
2721 1139 2778 1162 Tim.
2793 1145 2844 1167 cap.

2636 1172 2671 1194 ιιι,
2685 1172 2746 1192 ,va-⁸.
2759 1172 2780 1194 7.

2637 1673 2647 1682 ·
2661 1673 2686 1693 et
2698 1677 2746 1694 on.
2761 1671 2786 1694 P.

2637 1804 2649 1816 ⁴
2662 1803 2734 1826 Nam.
2747 1809 2795 1826 vm.

2638 1893 2719 1942 ἓνὲτι.
2730 1892 2779 1915 Sed
2791 1899 2846 1915 wn-

2636 2157 2647 2168 ⁸
2661 2156 2699 2179 Ad
2711 2162 2737 2186 33
2751 2160 2795 2179 art.
2813 2162 2848 2179 ιο.
