2892 4056
1003 158 1268 205 QUAESTIO
1296 158 1349 205 X,
1378 157 1672 194 ARTICULUS
1701 158 1736 193 X

290 234 492 284 praecipue
512 246 559 270 ne
584 246 763 282 magnam
790 236 1076 274 familiaritatem
1097 250 1182 274 cum
1205 238 1256 274 eis
1275 238 1341 274 ha-

290 288 414 334 beant,
434 287 497 323 vel
516 287 662 334 absque
682 289 900 326 necessitate
921 289 974 326 eis
994 291 1287 327 communicent.

343 341 401 376 An
421 350 558 376 PRIMUM
573 338 584 364 t
599 351 696 377 ERGO
715 353 898 379 monimum
917 343 1021 390 quod
1041 343 1231 380 Dominus
1250 342 1341 380 illud

289 391 471 440 praecipit
499 392 546 428 de
566 392 634 428 illis
653 394 825 440 gentibus
854 407 1015 443 quarum
1043 403 1180 432 terram
1203 396 1343 443 ingres-

291 444 367 481 suri
386 449 404 471 η
432 452 538 481 erant
566 445 713 492 ludaei,
745 447 808 494 qui
837 454 944 483 erant
970 448 1080 495 proni
1109 449 1157 484 ad
1185 448 1343 485 idolola-

290 496 415 533 triam:
447 504 482 533 et
505 497 591 533 ideo
611 498 823 535 timendum
849 507 928 536 erat
961 511 1008 535 ne
1027 511 1095 547 per
1123 502 1342 538 continuam

291 549 619 587 conversationem
647 563 734 588 curn
762 552 815 588 eis
843 551 1094 588 alienarentur
1121 564 1143 589 a
1176 553 1264 590 fide.
1295 554 1344 590 Et

257 613 263 624 ⁵
290 601 378 638 ideo
398 601 538 638 ibidem
553 602 573 624 *
601 603 790 641 subditur:
814 604 912 645 Quia
930 605 1078 640 seducet
1088 606 1218 651 filium
1238 611 1342 642 tuum

290 665 337 690 ne
362 661 541 702 sequatur
567 668 638 692 me.

342 708 402 743 An
421 719 610 745 secuunum
638 718 821 744 monimum
849 708 953 755 quod
976 709 1145 746 Ecclesia
1172 710 1210 746 in
1229 708 1241 730 ⁰
1262 710 1344 746 infi-

290 758 393 795 deles
421 772 500 796 non
527 761 643 797 habet
669 760 849 797 iudicium
883 760 1011 808 quoad
1043 771 1210 809 poenam
1239 763 1343 811 spiri-

289 813 430 848 tualem
460 812 512 849 eis
541 812 797 860 infligendam.
837 812 963 849 Habet
997 821 1124 850 tamen
1162 815 1343 852 iudicium

290 876 404 913 super
431 865 578 913 aliquos
609 865 783 902 infideles
814 864 942 913 quoad
973 867 1225 922 temporalem
1253 879 1345 916 poe-
1369 863 1371 871 ’

340 986 366 1018 ζ)
383 985 428 1010 Aa
442 986 569 1017 priunum.
585 998 606 1005 -
624 986 671 1010 Hic
689 985 798 1010 solvitur
811 991 992 1017 argumentum
1011 986 1066 1011 Sed
1082 989 1190 1016 contr-cu
1209 988 1282 1012 deest
1300 995 1342 1012 so-

290 1021 353 1046 lutio
371 1020 447 1053 primi
466 1020 618 1052 argumenti.
1087 1035 1091 1037 -

341 1055 368 1088 η)
388 1055 543 1089 ingressuri.
563 1070 579 1074 —
599 1055 712 1089 ingressi
730 1055 940 1082 ABCEFGHLR.

2398 170 2441 205 91

1396 247 1485 272 nam
1507 235 1769 282 infligendam:
1799 235 1847 273 ad
1875 235 1980 284 quod
2007 234 2164 283 pertinet
2192 234 2296 283 quod
2320 235 2449 271 Eccle-

1396 288 1451 324 sia
1479 287 1706 336 aliquando,
1739 296 1895 337 propter
1923 287 2067 336 aliquas
2095 287 2274 335 speciales
2303 288 2448 335 culpas,

1396 340 1579 377 subtrahit
1606 340 1792 389 aliquibus
1820 340 2034 378 infidelibus
2067 339 2379 377 communionem
2406 340 2450 376 fi—

1397 392 1550 429 delium.

1449 446 1508 481 An
1527 457 1686 482 TERTmM
1707 457 1889 483 montinum
1914 446 2018 493 quod
2038 444 2157 492 magis
2181 452 2237 481 est
2255 443 2450 492 probabile

1398 497 1502 545 quod
1531 510 1681 544 servus,
1719 498 1783 546 q'ui
1810 499 1948 546 regitur
1974 497 2134 546 imperio
2163 496 2329 542 domini,
2364 508 2452 533 con-

1396 557 1566 587 vertatur
1593 551 1641 587 ad
1670 550 1787 587 fidem
1817 551 1962 587 domini
1990 550 2132 593 fidelis,
2169 561 2284 598 quam
2314 561 2335 585 e
2364 561 2452 586 con-

1397 614 1524 639 verSO.
1561 603 1609 639 Et
1636 603 1722 639 ideo
1751 615 1830 639 non
1859 611 1914 639 est
1940 602 2172 651 prohibitum
2202 602 2293 649 quin
2320 601 2452 638 fideles

1397 655 1566 691 habeant
1593 667 1725 692 servos
1753 655 1936 692 infideles.
1967 656 2006 692 Si
2027 662 2156 691 tamen
2184 654 2341 691 domino
2362 660 2369 674 ‘
2388 666 2452 702 pe-

1399 707 1558 743 riculum
1586 707 1800 744 immineret
1836 720 1882 744 ex
1919 708 2188 745 communione
2224 707 2306 743 talis
2334 706 2452 753 servi,

1399 759 1556 796 deberet
1575 772 1663 796 eum
1685 772 1707 796 a
1725 772 1766 796 se
1787 760 1964 796 abiicere:
1994 760 2203 796 secundum
2232 759 2321 796 illud
2347 771 2453 795 man-

1398 812 1530 848 datum
1550 812 1718 858 Domini,
1740 813 1874 849 Matth.
1897 825 1919 848 v
1932 812 1952 833 ’¹‘
1967 820 2003 848 et
2021 818 2038 833 ²
2056 824 2140 848 xvm
2154 811 2210 848 *ἢ
2231 812 2272 847 Si
2284 823 2351 859 pes
2369 818 2453 848 tuus

1395 863 1707 912 scandalizaverit
1723 870 1768 909 te,
1789 865 1963 901 abscinde
1981 876 2065 901 eum
2085 870 2119 900 et
2131 864 2275 911 proiice
2292 865 2358 901 abs
2377 870 2422 900 te.

1451 987 1475 1020 0)
1496 989 1615 1014 Ecclesia
1634 990 1669 1014 in.
1688 1004 1706 1009 -
1725 990 1786 1015 licet
1806 991 1922 1016 Ecclesia
1940 998 2022 1023 supra
2041 991 2072 1020 G,
2093 991 2209 1016 Ecclesia
2228 996 2322 1017 contra
2340 993 2396 1017 Pla.

1451 1024 1470 1056 ι)
1490 1025 1607 1049 domino.
1625 1038 1644 1044 —
1664 1026 1765 1050 domini
1782 1026 2015 1059 ABCDEFIKan
2034 1031 2059 1050 et
2077 1034 2103 1051 x.

1450 1059 1475 1092 κ)
1500 1059 1524 1083 V
1538 1062 1574 1084 et.
1592 1074 1611 1078 -
1630 1060 1692 1085 Om.
1711 1060 1756 1091 Pa,
1776 1066 1841 1093 spat.
1860 1068 1916 1085 vac.
1935 1061 1956 1085 D
1963 1068 1970 1090 ;
1989 1069 2036 1093 pro
2055 1061 2185 1090 abscinde,
2205 1068 2267 1086 erue
2285 1062 2393 1087 codices.

954 1127 1286 1161 Commenta-ia.
1307 1128 1560 1163 Cardinalis
1581 1130 1781 1163 Caietani

290 1202 337 1268 Iu
348 1194 480 1226 articulo
496 1205 584 1226 nono
601 1196 743 1227 eiusdem
759 1198 953 1238 quaestionis
969 1198 1093 1228 adverte
1106 1197 1340 1229 distinctionem

316 1239 356 1269 de
373 1239 492 1270 iudicio
511 1240 664 1280 spirituali
679 1241 731 1271 vel
747 1242 914 1282 temporali
934 1242 1014 1272 circa
1031 1241 1183 1272 infideles.
1208 1242 1249 1272 Et
1264 1243 1342 1274 scito

266 1326 273 1327 ἶ
288 1283 529 1324 quodrmnfest
544 1294 648 1315 sermo
667 1285 706 1316 de
725 1286 879 1325 spin’tuali
897 1286 947 1316 vel
965 1286 1132 1326 temporali
1151 1286 1258 1326 quoad
1278 1287 1344 1318 cul-
1371 1292 1372 1308 ³

1398 1210 1489 1230 mum
1512 1200 1652 1241 ingressi,
1684 1211 1750 1231 non
1773 1208 1969 1238 exercentur;
2008 1202 2061 1232 sed
2085 1202 2282 1241 temporales,
2322 1203 2362 1233 Et
2387 1204 2457 1234 licet

1399 1244 1554 1282 Ecclesia,
1579 1251 1614 1275 ut
1636 1244 1766 1275 inferius
1787 1245 1804 1264 *
1828 1245 1954 1281 dicitur,
1979 1245 2079 1285 possit
2104 1245 2217 1285 punire
2245 1247 2458 1286 temporaliter

1400 1288 1494 1319 etiam
1515 1287 1656 1319 infideles
1679 1289 1735 1329 qui
1750 1299 1816 1319 non
1837 1289 2026 1330 delinquunt
2045 1290 2273 1320 commorando
2289 1290 2369 1321 inter
2382 1290 2457 1321 fide-

286 1336 380 1367 pam,
408 1328 464 1358 sed
486 1329 594 1369 quoad
622 1339 770 1370 poenam.
812 1330 896 1360 Nam
925 1339 983 1370 pro
1007 1330 1109 1370 culpis
1131 1329 1346 1370 spiritualibus
1371 1335 1373 1379 l
1399 1333 1454 1368 les,
1479 1338 1514 1363 ut
1530 1339 1615 1371 patet
1638 1343 1675 1363 ex
1691 1333 1780 1363 dictis
1795 1333 1821 1369 *‚
1846 1333 1935 1373 quod
1953 1333 2069 1364 scilicet
2090 1340 2220 1373 propter
2232 1334 2457 1374 impedimenta

287 1370 393 1413 puniri
415 1379 567 1414 possunt:
593 1380 628 1404 ut
649 1373 683 1403 in
699 1374 842 1414 sequenti
865 1373 995 1404 articulo
1020 1375 1059 1404 de
1073 1374 1263 1406 infidelitatis
1286 1385 1346 1414 pu-
1372 1393 1373 1404 ι
1400 1375 1472 1405 fidei
1502 1383 1637 1415 possunt
1664 1376 1804 1406 infideles
1835 1377 1983 1417 compelli
2011 1383 2042 1408 et
2065 1377 2212 1407 debellari
2220 1386 2228 1414 ;
2259 1388 2324 1408 non
2352 1385 2457 1409 tamen

288 1414 408 1446 uitione
424 1416 546 1447 dicitur.
570 1417 612 1447 Et
626 1417 746 1447 dictum
762 1424 809 1448 est
823 1418 855 1447 in
872 1417 1070 1458 praecedenti
1085 1419 1172 1459 quod
1189 1428 1247 1458 pro
1267 1418 1347 1448 blas·
1372 1405 1375 1473 Ι*
1400 1426 1529 1458 excepto
1560 1419 1633 1449 belli
1656 1420 1774 1450 iudicio
1797 1420 1871 1451 facit
1892 1421 1969 1456 hoc,
1994 1420 2053 1450 nisi
2075 1421 2108 1451 in
2131 1431 2206 1451 casu
2228 1421 2261 1451 in
2284 1421 2385 1453 littera
2407 1432 2458 1452 ex—

287 1459 423 1498 phemiis
458 1466 489 1491 et
519 1460 767 1491 dissuasionibus
798 1467 828 1491 et
857 1461 1091 1500 impedimentis
1122 1461 1196 1492 fidei
1225 1462 1348 1501 possint
1373 1474 1375 1492 5
1399 1462 1515 1502 posim,
1540 1462 1657 1493 scilicet
1680 1473 1753 1493 cum
1778 1464 1966 1504 delinquunt
1990 1471 2221 1495 commorantes
2244 1465 2324 1495 inter
2341 1464 2457 1496 fideles.

85 1505 105 1546 ι’
149 1508 170 1539 „¹
221 1515 226 1518 ⁴
287 1503 453 1543 compelli,
478 1510 535 1535 etc.
571 1504 633 1534 Sed
663 1514 784 1544 poenae
814 1504 990 1544 spirituales
1022 1506 1054 1535 in
1084 1505 1263 1536 infidelibus
1291 1505 1347 1546 qui

287 1547 421 1579 omnino
444 1546 521 1578 foris
544 1554 618 1578 sunt
652 1554 763 1588 utpote
786 1558 844 1579 nec
867 1548 950 1579 fores
973 1549 1130 1580 Ecclesiae
1153 1559 1209 1589 per
1231 1549 1332 1589 baptis
1373 1505 1376 1565 1
1401 1505 1442 1536 Et
1470 1513 1636 1546 propterea
1665 1507 1741 1537 haec
1768 1507 1862 1537 verba
1890 1510 2011 1538 Auctor
2040 1507 2116 1538 dixit
2147 1508 2179 1538 in
2207 1518 2338 1548 corpore
2370 1516 2399 1539 et
2426 1509 2458 1539 in

620 1570 628 1584 ‚
1334 1567 1346 1572 -
1374 1568 1377 1574 .

1402 1549 1607 1589 responsione
1631 1551 1669 1580 ad
1689 1551 1875 1581 secundum.

1074 1666 1390 1710 ARTICULUS
1420 1667 1672 1710 DECIMUS

445 1749 598 1781 UTRUM
623 1750 844 1781 1NF1DELEs
865 1750 1041 1782 POSSINT
1064 1751 1236 1782 HABERE
1260 1751 1604 1782 PRAELArioNEM
1627 1751 1707 1782 SEU
1730 1751 1950 1782 DOMINIUM
1974 1751 2108 1782 SUPRA
2132 1752 2318 1783 FIDELES‘

327 1840 385 1866 '1⁴³5'
404 1841 473 1881 ldaes'

307 1924 341 1972 [γ’
362 1943 423 1983 3⁷:
440 1934 467 1968 Υ,
499 1929 560 1964 vel
580 1928 795 1966 dominium
815 1941 929 1978 supra
948 1930 1093 1967 fideles.
1123 1930 1223 1967 Dicit
1242 1930 1344 1967 enirn

302 1956 439 2014 'lss'ffl’
456 1973 486 2015 Χ
498 1983 716 2028 Apostolus,
747 1983 760 2018 1
789 1982 842 2018 ad
871 1983 966 2019 Tim.
989 1994 1024 2019 vl
1043 1983 1080 2019 *z
1113 1983 1346 2031 Quicumque

285 2037 374 2068 sunt
387 2034 456 2068 sub
475 2034 566 2082 iugo
592 2035 693 2070 servi
709 2034 880 2070 dominos
905 2046 993 2071 suos
1011 2036 1116 2072 omni
1131 2037 1275 2072 honore
1293 2036 1346 2072 di-

285 2095 383 2134 gnos
401 2086 649 2123 arbitrentur.-
678 2094 714 2122 et
732 2086 838 2135 quod
862 2087 1038 2135 loquatur
1057 2088 1104 2125 de
1130 2088 1346 2125 infidelibus

285 2144 390 2186 patet
417 2150 487 2186 per
515 2140 589 2175 hoc
617 2140 721 2188 quod
750 2138 876 2176 subdit
895 2141 932 2176 *:
966 2140 1042 2182 Qui
1065 2146 1190 2178 autem
1210 2141 1348 2188 fideles

287 2190 424 2237 liabent
453 2192 623 2229 dominos
653 2204 729 2230 non
761 2197 1012 2230 contemnant.
1046 2193 1095 2233 Et
1128 2195 1142 2230 l
1167 2194 1246 2231 Pet.
1281 2206 1303 2230 11
1327 2193 1347 2215 '¹‘

288 2242 445 2280 dicitur:
473 2244 597 2290 Servi,
624 2245 761 2282 subditi
785 2250 898 2282 estote
924 2246 963 2282 in
991 2246 1096 2282 omni
1121 2247 1255 2283 timore
1282 2247 1348 2283 do-

289 2295 419 2341 minis,
453 2307 528 2333 non
556 2302 699 2334 tantum
728 2299 833 2334 honis
859 2304 897 2334 et
921 2299 1113 2344 modestis,
1143 2299 1209 2335 sed
1234 2300 1346 2335 etiam

289 2347 461 2397 dyscolis.
490 2349 595 2387 Non'
608 2357 736 2388 autem
755 2351 830 2387 hoc
852 2351 1133 2400 praeciperetur
1154 2363 1224 2400 per
1243 2353 1348 2400 Apo-

228 2436 229 2439 ,
290 2394 463 2453 stolicam
483 2401 695 2440 doctrinam
715 2401 784 2441 nisi
802 2401 974 2441 infideles
996 2411 1153 2452 possent
1170 2404 1346 2442 fidelibus

83 2435 87 2439 ’
126 2440 261 2479 ἫῚ-,
289 2451 479 2502 Ρρῃεεεεε.
522 2454 624 2501 Ergo
659 2454 811 2492 videtur
846 2455 950 2503 quod
989 2455 1161 2493 infideles
1201 2455 1347 2504 possint

260 2518 267 2521 ’
291 2518 466 2555 praeesse
495 2507 683 2545 fidelibus.

346 2571 380 2595 2.
412 2560 646 2606 PRAETEREA,
676 2560 909 2609 quicumque
929 2567 1014 2596 sunt
1043 2560 1090 2596 de
1118 2559 1259 2596 familia
1284 2560 1347 2596 ali-

291 2611 398 2648 cuius
416 2612 594 2660 principis
614 2613 774 2649 subsunt
794 2612 839 2648 ei.
862 2612 939 2648 Sed
957 2613 1090 2649 fideles
1109 2612 1222 2661 aliqui
1243 2620 1348 2649 erant

292 2666 339 2702 de
354 2664 505 2701 familiis
520 2670 538 2686 ²
552 2665 761 2702 infidelium
776 2664 1010 2712 principum:
1030 2665 1132 2702 unde
1151 2665 1285 2702 dicitur
1298 2665 1349 2701 ad

290 2717 446 2766 Philipp.
472 2717 555 2754 1v*:
583 2717 756 2755 Salutant
776 2729 843 2754 vos
870 2729 999 2754 omnes
1022 2717 1152 2763 sancti,
1181 2718 1348 2754 maxime

290 2775 415 2807 autem
436 2770 502 2818 qui
517 2771 562 2807 de
580 2771 753 2808 Caesaris
771 2770 882 2807 domo
900 2776 996 2816 sunt,
1017 2770 1155 2807 scilicet
1170 2770 1345 2816 Neronis,

291 2823 357 2876 qui
384 2822 546 2866 infidelis
580 2831 670 2861 erat.
704 2824 806 2871 Ergo
834 2823 1006 2861 infideles
1043 2830 1202 2871 possunt
1228 2823 1347 2860 fideli-

293 2875 392 2915 bus,.‚
416 2873 580 2913 raeeSse.

299 2926 301 2928 ’
323 2922 326 2929 ’
347 2924 392 2975 3,ζ
432 2939 634 2975 mnam,
655 2928 749 2965 sicut
775 2927 1030 2977 Philosophus
1058 2927 1156 2977 dicit,
1181 2927 1220 2964 in
1247 2928 1347 2966 IPo-

253 2989 264 2994 ·
293 2973 390 3026 my,
410 2978 545 3021 servus
564 2987 620 3018 est
636 2979 929 3018 instrumentum
950 2979 1095 3018 domini
1113 2980 1150 3017 in
1169 2979 1227 3017 his
1247 2971 1345 3028 quae

293 3026 343 3072 ad
367 3031 579 3071 humanam
605 3028 725 3080 vitam
752 3033 960 3081 pertinent,
994 3032 1088 3070 sicut
1117 3040 1152 3070 et
1179 3031 1347 3071 minister

293 3083 444 3126 artificis
481 3093 537 3125 est
573 3085 865 3124 instrumentum
903 3085 1055 3123 artificis
1090 3085 1129 3122 in
1163 3085 1222 3122 his
1248 3097 1346 3134 quae

291 3136 483 3187 pertinent
515 3137 564 3176 ad
580 3175 581 3178 ,
600 3136 862 3188 operationem
900 3138 998 3175 artis.
1037 3138 1114 3175 Sed
1145 3137 1185 3174 in
1211 3137 1348 3177 talibus

293 3198 418 3241 potest
452 3188 576 3229 fidelis
611 3190 754 3229 infideli
791 3189 945 3229 subiici:
982 3197 1143 3238 possunt
1169 3189 1271 3227 enim
1304 3190 1349 3228 fi-

236 3232 237 3235 *
295 3242 397 3281 deles
424 3238 635 3281 infidelium
665 3242 791 3286 coloni
818 3255 911 3280 esse.
941 3242 1043 3290 Ergo
1061 3241 1235 3280 infideles
1261 3254 1348 3292 pos.-

348 3359 375 3387 α)
388 3356 513 3389 familiis.
531 3356 670 3388 -familia
689 3356 780 3385 PCLn,
791 3355 906 3388 famulis
925 3355 942 3379 l.

349 3390 374 3424 β)
397 3391 482 3416 Qdit.
501 3405 520 3410 -
540 3391 649 3416 Cederct
667 3391 714 3415 Pa.

347 3427 373 3460 γ)
392 3426 576 3452 subiiciuntur.
594 3439 611 3444 —
628 3426 821 3450 submittuntur
835 3424 1019 3457 CEFGpABK,
1031 3425 1181 3450 subduntur
1198 3425 1296 3457 DInpx,
1309 3425 1350 3450 di-

331 1856 375 1877 „5
438 1869 447 1872 q
498 1834 520 1860 n
539 1835 700 1860 DECIMUM
720 1835 773 1860 sic
801 1835 1040 1861 PROCEDITUR.
1060 1825 1220 1862 Videtur
1238 1825 1343 1873 quod
1404 1833 1490 1862 sunt
1517 1824 1694 1861 fidelibus
1722 1825 1876 1873 praefici
1906 1825 2017 1862 etiam
2047 1834 2231 1874 quantum
2262 1828 2309 1864 ad
2339 1825 2461 1865 domi‘

332 1865 670 1935 47ΔΞΔίιιῘὶεῑὶετΙεε
706 1876 852 1924 possint
892 1877 1034 1915 habere
1070 1878 1343 1926 praelationem
1403 1878 1523 1914 nium.

1456 1931 1530 1966 SED
1560 1940 1704 1967 CONTRA
1727 1941 1794 1966 EST
1821 1929 1926 1977 quod
1947 1931 1995 1966 ad
2016 1942 2104 1966 eum
2124 1931 2187 1979 qui
2208 1940 2359 1979 praeest
2376 1945 2460 1982 per-

1401 1982 1493 2019 tinet
1519 1983 1661 2019 habere
1689 1981 1870 2018 iudicium
1899 1994 2014 2030 super
2038 1995 2104 2019 eos
2132 1982 2270 2031 quibus
2297 1994 2458 2032 praeest.

1402 2036 1478 2072 Sed
1508 2035 1679 2072 infideles
1708 2047 1786 2070 non
1814 2043 1974 2082 possunt
1993 2034 2159 2071 iudicare
2189 2036 2235 2072 de
2263 2037 2457 2075 fidelibus:

1402 2088 1489 2124 dicit
1510 2088 1610 2124 enim
1626 2088 1844 2135 Apostolus,
1863 2088 1875 2123 I
1897 2088 1948 2124 ad
1970 2088 2056 2124 Cor.
2073 2100 2107 2124 vl
2127 2087 2162 2124 *z
2187 2090 2311 2125 Audet
2326 2091 2460 2138 aliquis

1400 2146 1577 2186 vestrum,
1597 2141 1738 2176 habens
1756 2139 1946 2189 negotium
1971 2141 2150 2177 adversus
2173 2141 2345 2188 alterum,
2366 2144 2459 2179 iudi—

1401 2193 1484 2230 cari
1500 2193 1603 2241 apud
1620 2193 1776 2240 iniquos,
1797 2192 1894 2229 idest
1912 2192 2096 2240 infideles,
2113 2199 2149 2230 et
2163 2205 2237 2230 non
2256 2196 2358 2243 apud
2374 2208 2458 2232 san-

1401 2246 1508 2283 ctos?
1535 2247 1638 2293 Ergo
1662 2245 1812 2283 videtur
1835 2245 1939 2293 quod
1964 2245 2137 2282 infideles
2155 2246 2334 2284 fidelibus
2352 2260 2459 2296 prae-

1402 2310 1486 2335 esse
1514 2311 1591 2335 non
1619 2297 1777 2346 possint.

1453 2352 1678 2387 RESPONDEO
1698 2361 1882 2386 monimum
1901 2350 2005 2398 quod
2035 2350 2131 2387 circa
2159 2351 2234 2386 hoc
2264 2352 2461 2400 dupliciter

1400 2404 1504 2451 loqui
1518 2415 1736 2452 possumus
1757 2403 1844 2439 Uno
1865 2403 1996 2449 modo,
2014 2403 2060 2439 de
2081 2403 2251 2440 dominio
2271 2405 2333 2440 vel
2352 2417 2459 2454 prae-

1400 2456 1539 2492 latione
1564 2454 1774 2492 infidelium
1795 2467 1909 2502 super
1926 2455 2059 2492 fideles
2079 2448 2126 2492 de
2145 2468 2248 2492 novo
2269 2457 2461 2494 instituen-

1387 2507 1461 2544 da.
1484 2508 1545 2544 *Et
1571 2508 1647 2544 hoc
1674 2507 1778 2543 nullo
1810 2507 1928 2543 modo
1962 2507 2125 2555 permitti
2155 2508 2277 2546 debet.
2317 2508 2460 2547 Cedit?

1403 2559 1503 2595 enim
1532 2559 1606 2595 hoc
1625 2559 1663 2595 in
1683 2558 1903 2595 scandalum
1925 2567 1961 2595 et
1979 2559 2017 2596 in
2035 2561 2246 2608 periculum
2274 2562 2382 2598 fidei:
2411 2562 2458 2598 de

1401 2612 1499 2648 facili
1527 2611 1628 2648 enim
1658 2611 1707 2648 illi
1731 2611 1795 2658 qui
1815 2611 2062 2648 subiiciuntur
2080 2618 2096 2640 Υ
2124 2613 2285 2649 aliorum
2314 2614 2459 2650 iurisdi-

1402 2663 1742 2715 ctioniimmutari
1774 2671 1932 2711 possunt
1963 2665 2011 2700 ab
2041 2665 2092 2700 eis
2130 2666 2266 2713 quibus
2300 2667 2459 2702 subsunt

1401 2712 1675 2764 utsseq'uantur
1704 2728 1837 2753 eorum
1865 2716 2079 2764 imperium,
2109 2717 2179 2754 nisi
2207 2718 2260 2754 illi‘
2283 2718 2348 2766 qui
2372 2720 2459 2755 sub-

1400 2777 1487 2806 sunt
1505 2769 1641 2806 fuerint
1669 2781 1828 2816 magnae
1846 2769 2004 2806 virtutis.
2035 2770 2083 2806 Et
2102 2770 2269 2807 similiter
2288 2771 2458 2807 infideles

1373 2861 1375 2867 ,
1401 2829 1651 2860 contemnunt
1664 2822 1781 2859 fidem
1799 2822 1828 2858 si
1843 2821 2014 2858 fidelium
2031 2822 2198 2860 defectus
2214 2831 2455 2871 cognoscant.

1401 2875 1450 2912 Et
1489 2875 1574 2911 ideo
1603 2875 1808 2922 Apostolus
1844 2874 2036 2923 prohibuit
2071 2875 2175 2924 quod
2211 2876 2344 2913 fideles
2381 2888 2459 2913 non

1401 2927 1630 2964 contendant
1649 2926 1786 2964 iudicio
1811 2939 1940 2964 coram
1960 2927 2081 2964 iudice
2101 2927 2243 2965 infideli
2257 2927 2288 2965 ⁸.
2309 2929 2359 2965 Et
2371 2928 2459 2966 ideo

1400 2980 1502 3018 nullo
1517 2980 1634 3017 modo
1650 2978 1829 3028 permittit
1843 2980 2013 3017 Ecclesia
2027 2980 2132 3027 quod
2147 2980 2318 3018 infideles
2333 2982 2459 3030 aequi-

1400 3040 1483 3070 rant
1502 3032 1713 3070 dominium
1742 3044 1854 3080 super
1880 3032 2024 3079 fideles,
2045 3034 2107 3070 vel
2134 3033 2458 3081 qualitercumque

1401 3085 1454 3122 eis
1481 3085 1746 3134 praeficiantur
1772 3084 1811 3121 in
1839 3084 1964 3134 aliquo
1993 3084 2132 3122 officio.

1451 3137 1538 3174 Alio
1573 3137 1691 3174 modo
1729 3149 1934 3185 possumus
1970 3138 2074 3187 loqui
2107 3138 2154 3175 de
2192 3138 2360 3175 dominio
2396 3139 2458 3174 vel

1400 3190 1632 3239 praelatione
1651 3190 1727 3227 iam
1746 3189 2020 3238 praeexistenti.
2045 3190 2120 3228 Ubi
2140 3189 2456 3228 considerandum

1401 3250 1456 3279 est
1482 3243 1586 3290 quod
1611 3241 1824 3279 dominium
1844 3249 1881 3278 et
1898 3240 1912 3264 δ
1940 3243 2119 3291 praelatio
2140 3242 2351 3280 introducta
2372 3250 2458 3278 sunt

1405 3356 1548 3381 mittuntur
1566 3356 1611 3386 sK,
1626 3356 1815 3380 subvertuntur
1833 3357 1959 3386 (aliorum
1975 3357 2208 3387 introductionem)
2222 3357 2254 3380 Η.
2267 3370 2283 3374 -
2297 3357 2345 3380 Pro
2364 3356 2458 3380 immu-

1404 3392 1466 3420 tari,
1487 3391 1589 3415 imitari
1607 3391 1676 3423 DpF,
1696 3391 1830 3416 incantari
1849 3392 1888 3416 ed.
1907 3399 1933 3416 a.

1456 3424 1480 3458 δ)
1500 3429 1534 3451 et.
1553 3440 1570 3444 —
1590 3427 1631 3450 vel
1649 3426 1719 3450 PHa.

2484 1250 2557 1270 ‘Art-

2483 1340 2494 1351 '
2509 1341 2559 1362 An.

2487 2936 2494 2943 ·
2518 2933 2554 2955 Cf.

2486 2962 2577 2981 contra.

2482 820 2490 827 ”
2506 817 2572 839 Vers.
2582 823 2620 846 3⁰·

2578 853 2593 869 x

2480 879 2502 890 '³
2517 878 2583 900 Ven-
2598 879 2620 899 8.

2572 1254 2622 1276 seq.

2575 1339 2680 1368 praeced.

2487 2101 2494 2107 ·
2510 2098 2576 2120 Vers.
2593 2105 2609 2119 1.

2575 2939 2621 2961 arg.
2648 2933 2696 2955 Sed
