2892 4056
137 1048 164 1070 p

233 1085 250 1103 fl

136 1213 168 1230 V!-

137 1923 211 1972 :rQu'

233 1922 348 1951 praeced„

179 1955 208 1998 'iu
217 1979 289 2002 xmu,
304 1979 347 1997 nrt.

136 1977 348 2059 i3..—dC²t‘.'1⁸⁸²¹¹-²t’11⁸6⁸,

137 2062 176 2084 qu
191 2061 252 2082 un,
267 2058 309 2077 nrt.
327 2061 347 2083 5.

1037 141 1304 187 QUAESTIO
1334 141 1475 188 XLIX,
1505 141 1801 178 ARTICULUS
1830 141 1880 178 Vl

2472 143 2544 190 371

1047 253 1379 287 Commentafia
1400 254 1651 295 Cardinalis
1673 255 1873 287 Caietam

403 344 423 364 Ν
439 333 572 364 articulo
589 333 701 374 quinto
724 333 803 364 scito
820 333 908 375 quod
931 333 1108 364 intellectus
1130 341 1160 364 et
1175 334 1265 370 ratio,
1289 341 1325 364 ut
1345 340 1433 364 actus

377 346 495 415 Isunt‚
526 385 692 418 ponuntur
715 385 818 418 partes
848 378 1050 418 prudentiae:
1086 385 1117 408 et
1139 378 1228 418 quod
1259 378 1436 419 aequivalet

374 423 487 459 dicere,
511 423 655 453 Potentia
679 422 853 453 secundum
875 422 960 462 quod
981 422 1087 452 subest
1110 422 1284 452 intellectui
1300 423 1437 463 ponitur

1491 344 1556 364 una
1574 344 1671 374 pars,
1696 339 1726 364 et
1741 335 1915 365 secundum
1937 335 2021 375 quod
2042 335 2148 365 subest
2166 335 2326 366 discursui
2349 335 2453 365 altera
2470 344 2552 375 pars

1486 378 1699 452 pruccilentiae,
1739 385 1770 409 et
1792 379 1894 410 dicere
1917 379 2005 419 quod
2037 384 2170 419 uterque
2197 384 2288 410 actus
2313 380 2450 419 ponitur
2471 388 2553 419 pars

1487 432 1554 462 pru
1579 423 1694 453 entiae.

1504 501 1596 508 mam-

1186 557 1502 600 ARTICULUS
1532 558 1740 601 SEXTUS

851 650 1007 681 UTRUM
1030 649 1325 681 PROVIDENTIA
1348 650 1521 680 DEBEAT
1544 650 1645 681 Pom
1670 651 1776 681 PARS
1799 651 2077 681 PRUDENTIAE

589 730 640 760 Qu.
658 728 775 761 praeced.
782 735 790 758 ;
809 728 877 752 Part.
896 727 914 758 l,
934 735 978 759 qu.
997 735 1056 757 xxu.
1076 733 1122 752 art.
1146 735 1172 758 ¹3
1192 728 1223 752 111
1243 728 1325 757 Sem„
1345 727 1404 752 dist.
1422 735 1507 759 xxxm,
1526 736 1571 760 qu.
1590 735 1627 759 111,
1647 733 1692 753 art.
1717 736 1738 759 1,
1757 729 1807 761 qu*
1831 736 1851 758 1,
1872 736 1895 760 2,
1914 736 1932 760 4
1939 735 1946 759 3
1967 729 2008 754 De
2026 729 2119 759 Verit„
2139 737 2184 762 qu.
2202 736 2226 759 v,
2246 734 2292 754 art.
2315 737 2337 754 1.

409 813 432 832 Ἰ
464 818 470 830 1
530 829 534 833 ,

403 817 561 913 ’ς’-ξ..

394 892 447 963 ἰγ’
456 922 517 949 *r
528 890 751 946 fidentiae.
781 903 886 940 Nihil
914 903 1016 940 enirn
1044 912 1099 940 est
1126 916 1213 952 pars
1233 903 1291 939 sui
1310 903 1438 952 ipsius.

434 935 517 986 ζ.

562 822 566 829 «
589 811 611 836 D
630 810 772 836 513wa
799 809 853 835 stc
881 809 1122 835 Pnocenrrun.
1143 798 1305 837 Videtur
1333 798 1467 848 quod

376 1116 489 1153 etiam
510 1127 653 1152 nomen
668 1116 930 1164 providentiae
948 1116 1121 1163 sumitur,
1142 1123 1184 1153 ut
1206 1116 1363 1152 Boetius
1389 1115 1442 1152 di-

373 1234 463 1271 pars
491 1222 729 1270 prudentiae.
774 1243 776 1245 ·

425 1275 739 1324 pai-emam
768 1275 972 1334 prudentia
1010 1283 1065 1313 est
1099 1275 1225 1312 solum
1262 1274 1441 1323 practica.

376 1303 483 1365 Sed
482 1328 727 1388 providentia
763 1336 892 1377 potest
919 1328 1035 1365 etiam
1068 1341 1151 1365 esse
1188 1328 1442 1376 speculativa:

375 1381 466 1431 quia
483 1381 595 1427 visio,
616 1394 662 1418 ex
682 1393 758 1430 qua
777 1380 792 1411 β
821 1381 983 1418 sumitur
1002 1393 1147 1418 nomen
1166 1381 1443 1429 providentiae,

375 1433 497 1482 magis
524 1434 689 1484 pertinet
717 1434 766 1471 ad
795 1434 1071 1483 speculativam
1100 1446 1216 1483 quam
1243 1435 1291 1471 ad
1311 1446 1445 1482 opera-

375 1487 506 1525 tivam.
536 1488 640 1535 Ergo
659 1486 904 1536 providentia
922 1499 1001 1524 non
1021 1494 1078 1523 est
1102 1499 1190 1536 pars
1209 1487 1444 1534 prudentiae.

431 1541 466 1578 3.
486 1540 729 1588 PRAETEREA,
756 1539 974 1588 principalis
1002 1547 1108 1577 actus
1137 1540 1362 1588 prudentiae
1392 1549 1448 1578 est

374 1593 618 1643 praecipere,
648 1593 863 1630 secundarii
881 1598 897 1621 Υ
927 1600 1056 1630 autem
1085 1593 1254 1630 iudicare
1293 1601 1329 1630 et
1357 1606 1446 1630 con-

375 1645 500 1684 siliari.
531 1646 608 1684 Sed
628 1646 719 1684 nihil
738 1647 879 1684 horum
900 1645 1054 1684 videtur
1071 1646 1273 1697 importari
1291 1647 1446 1696 proprie

374 1712 444 1750 per
471 1712 619 1737 nomen
645 1700 926 1748 providentiae.
964 1700 1066 1747 Ergo
1095 1699 1338 1748 providentia
1365 1712 1445 1737 non

377 1761 433 1791 est
460 1765 550 1801 pars
577 1752 817 1801 prudentiae.

375 1859 442 1908 qui
468 1867 619 1907 ponunt
645 1859 931 1908 providentiam
959 1866 1108 1907 partem
1138 1859 1377 1907 prudentiae,
1406 1866 1448 1896 ut

377 1924 423 1950 ex
452 1912 560 1949 dictis
578 1911 599 1933 ²⁸²
626 1919 742 1961 patet.

430 1966 657 2002 Responmzo
676 1977 862 2003 mcENDuM
882 1966 999 2014 quod,
1019 1964 1116 2002 sicut
1134 1976 1249 2013 supra
1262 1964 1283 1986 *
1302 1965 1446 2002 dictum
1471 1960 1473 1972 ²

376 2025 443 2065 est,
472 2018 677 2066 prudentia
704 2019 860 2067 proprie
881 2026 937 2055 est
965 2018 1065 2055 circa
1090 2030 1136 2055 ea
1155 2030 1254 2066 quae
1283 2026 1370 2055 sunt
1398 2020 1446 2057 ad
1471 2038 1473 2044 ·

375 2071 517 2116 finem3
548 2079 583 2107 et
610 2071 686 2107 hoc
706 2071 756 2108 ad
784 2072 865 2108 eius
891 2071 1062 2108 officium
1091 2071 1247 2120 proprie
1271 2071 1445 2120 pertinet,

377 2177 593 2215 necessaria
625 2177 699 2215 sint
726 2185 884 2226 propter
911 2177 1032 2214 finem
1061 2189 1162 2225 quae
1198 2177 1448 2214 subiiciuntur

377 2230 530 2268 divinae
559 2230 823 2278 providentiae
842 2229 868 2278 ⁶,
896 2231 1091 2268 humanae
1118 2237 1248 2267 tamen
1280 2231 1447 2279 pruden-

377 2284 451 2321 tiae
479 2295 559 2320 non
586 2283 838 2321 subiiciuntur
857 2283 927 2320 nisi
957 2283 1214 2331 contingentia
1238 2283 1448 2332 operabilia
1472 2318 1473 2324 ,

378 2348 478 2386 quae
507 2348 576 2385 per
602 2336 803 2374 hominem
829 2344 991 2384 possunt
1017 2336 1102 2373 fieri
1129 2341 1287 2384 pro'pter
1312 2338 1445 2374 finem.

378 2389 587 2428 Praeterita
606 2396 735 2426 autem
761 2389 799 2426 in
817 2389 1084 2426 necessitatem
1104 2389 1300 2436 quandam
1329 2397 1450 2426 trans-

379 2450 486 2481 eunt:
516 2442 606 2490 quia
631 2441 868 2492 impossibile
890 2450 946 2479 est
969 2454 1048 2479 non
1073 2454 1156 2479 esse
1175 2443 1282 2489 quod
1305 2442 1448 2478 factum

381 2504 446 2534 est.
478 2495 659 2533 Similiter
678 2496 791 2533 etiam
818 2495 1044 2545 praesentia,
1066 2495 1292 2544 inquantum
1319 2495 1448 2532 huius·
1471 2512 1474 2536 ι

435 2610 462 2642 α)
477 2617 565 2642 porro
584 2610 686 2635 videns.
707 2623 725 2628 —-
743 2610 841 2641 procul
858 2609 951 2634 videns
975 2609 1028 2640 PG,
1048 2599 1236 2641 providensi,
1252 2615 1338 2640 porro
1354 2609 1447 2640 provi.

382 2646 577 2714 denssfssuizf-
595 2688 647 2712 quo
666 2680 861 2704 ABDEFGIxn.

433 2717 461 2750 γ)
480 2716 643 2741 secundarii.
662 2729 681 2733 —
699 2715 875 2740 secundarius
894 2715 971 2740 PHL.

589 851 830 901 providentia
848 862 927 887 non
957 851 1094 887 debeat
1121 851 1214 899 poni
1241 863 1329 909 pars
1353 863 1440 899 pru·

1466 914 1467 922 ¹
1492 915 1614 951 quens
1651 911 1705 940 est
1734 904 1839 952 quod
1869 905 2125 952 contingentia
2162 905 2306 952 futura,

478 952 533 1000 {3⁷³2
548 952 666 995 X§Sed
685 956 927 1005 providentia
941 956 1095 994 videtur
1113 956 1216 993 idem
1237 968 1321 992 esse
1336 956 1442 1005 quod
1466 953 1467 960 ’

136 1021 207 1043 urm.
219 1021 248 1047 x
263 1021 346 1043 namt.
373 1009 593 1060 prudentia:
610 1010 700 1058 quia
715 1017 756 1046 ut
772 1009 939 1046 Isidorus
954 1010 1054 1057 dicit,
1071 1009 1440 1058 inlibroEtymolw
1408 1008 1429 1031 '¹‘

1490 798 1610 845 modi,
1632 798 1896 836 necessitatem
1918 799 2111 848 quandam
2132 799 2293 835 habent:
2324 811 2480 835 necesse
2502 806 2558 834 est

1492 850 1593 887 enim
1624 851 1824 888 Socratem
1853 852 1987 889 sedere
2017 853 2108 889 dum
2137 852 2254 888 sedet.
2284 852 2394 888 Unde
2425 863 2556 888 conse-

2344 904 2556 941 secundum

1493 956 1598 1003 quod
1619 964 1706 992 sunt
1733 969 1802 1005 per
1820 957 2019 994 hominem
2043 958 2081 994 in
2100 958 2218 994 finem
2245 958 2438 994 humanae
2456 957 2557 994 vitae

1466 1053 1468 1056 y
1493 1008 1727 1056 ordinabilia,
1748 1010 1962 1058 pertineant
1985 1011 2034 1046 ad
2058 1010 2312 1059 prudentiam.
2343 1010 2558 1059 Utrumque

368 1063 539 1112 prudens
565 1063 700 1100 dicitur
727 1063 837 1111 quasi
858 1075 977 1112 porro
1015 1064 1145 1100 videns
1165 1068 1201 1109 α,
1229 1069 1266 1099 et
1294 1075 1339 1099 ex
1365 1064 1442 1099 hoc
1466 1057 1468 1077 ²

1493 1069 1622 1099 autem
1642 1063 1783 1099 horum
1802 1062 2027 1111 importatur
2046 1063 2085 1100 in
2105 1063 2260 1100 nomine
2278 1063 2556 1112 providentiae:

1467 1115 1674 1166 ¹importat
1711 1115 1814 1152 enim
1843 1116 2083 1164 providentia
2117 1124 2332 1165 respectum
2366 1117 2560 1165 quendam

136 1180 211 1202 ’Lib
227 1179 261 1206 V
283 1186 346 1208 pros
375 1169 436 1216 cit,
457 1168 494 1206 in
514 1169 591 1205 fine
610 1170 657 1206 de
680 1170 829 1206 Consol.
849 1169 870 1191 '¹‘
897 1170 1001 1217 Ergo
1020 1168 1261 1218 providentia
1280 1181 1360 1206 non
1389 1177 1444 1206 est
1467 1177 1468 1220 }
1494 1168 1653 1205 alicuius
1682 1168 1866 1216 distantis,
1895 1170 1944 1207 ad
1972 1169 2077 1218 quod
2106 1182 2151 1206 ea
2179 1182 2276 1218 quae
2306 1169 2344 1205 in
2371 1169 2561 1217 praesenti

1494 1229 1700 1258 occurrunt
1722 1222 1935 1260 ordinanda
1949 1228 1961 1244 ³
1982 1231 2080 1260 sunt.
2110 1222 2221 1260 Unde
2244 1222 2485 1270 providentia
2505 1231 2562 1259 est

1494 1287 1582 1323 pars
1611 1275 1847 1323 prudentiae.

1548 1330 1607 1364 AD
1627 1340 1764 1365 PRlMUM
1783 1340 1882 1365 ERGO
1906 1341 2091 1366 ῡιεΕΝουΜ
2111 1329 2215 1377 quod
2236 1328 2562 1376 quandocumque

1496 1381 1616 1417 multa
1644 1382 1886 1428 requiruntur
1914 1382 1963 1418 ad
1991 1394 2134 1428 unum,
2173 1393 2328 1418 necesse
2357 1389 2414 1417 est
2441 1392 2562 1417 unum

1498 1445 1634 1470 eorum
1664 1446 1745 1470 esse
1774 1434 2003 1482 principale,
2033 1434 2081 1471 ad
2110 1435 2216 1483 quod
2245 1434 2376 1472 omnia
2404 1434 2476 1470 alia
2504 1445 2563 1469 or—

1497 1486 1687 1523 dinantur.
1734 1487 1846 1524 Unde
1875 1495 1911 1523 et
1938 1487 1976 1523 in
2005 1487 2178 1535 quolibet
2209 1495 2289 1524 toto
2323 1499 2480 1523 necesse
2509 1493 2565 1523 est

1498 1551 1582 1576 esse
1601 1551 1720 1576 unam
1746 1547 1896 1588 partem
1914 1540 2115 1576 formalem
2137 1548 2173 1576 et
2191 1539 2563 1588 praedominantem,

1498 1605 1520 1629 a
1544 1605 1621 1641 qua
1647 1599 1771 1629 totum
1800 1593 1985 1629 unitatem
2013 1593 2141 1630 habet.
2172 1593 2221 1629 Et
2248 1592 2460 1629 secundum
2490 1593 2565 1629 hoc

1496 1645 1739 1694 providentia
1776 1654 1832 1682 est
1866 1645 2111 1694 principalior
2138 1646 2235 1683 inter
2267 1658 2403 1682 omnes
2439 1653 2564 1694 partes

1496 1698 1743 1748 prudentiae:
1773 1699 1863 1747 quia
1883 1698 2014 1736 omnia
2041 1699 2114 1736 alia
2135 1711 2234 1748 quae
2255 1699 2498 1747 requiruntur
2516 1699 2565 1735 ad

1471 1767 1473 1803 ᾗ
1497 1752 1742 1800 prudentiam
1785 1753 1834 1789 ad
1870 1753 1946 1788 hoc
1978 1753 2194 1789 necessaria
2228 1760 2316 1789 sunt
2348 1760 2390 1788 ut
2425 1752 2564 1800 aliquid

431 1807 506 1843 SED
534 1817 683 1843 CONTRA
711 1818 778 1843 Esr
801 1805 1007 1843 auctoritas
1031 1805 1146 1842 Tullii
1184 1813 1220 1842 et
1247 1805 1446 1852 Macrobii,
1471 1811 1473 1814 ’

1498 1812 1599 1842 recte
1624 1805 1820 1842 ordinetur
1843 1806 1892 1842 ad
1918 1805 2051 1842 finem.
2082 1806 2131 1842 Et
2157 1805 2245 1842 ideo
2274 1817 2419 1842 nomen
2448 1805 2565 1853 ipsius

1497 1858 1721 1907 prudentiae
1750 1858 1912 1895 sumitur
1931 1870 1953 1894 a
1980 1858 2233 1906 providentia,
2263 1858 2358 1895 sicut
2386 1871 2408 1894 a
2428 1858 2565 1906 princi-

1498 1911 1633 1960 paliori
1662 1923 1730 1948 sua
1757 1919 1877 1960 parte.

1552 1966 1611 2001 An
1630 1976 1821 2002 SECUNDUM
1841 1977 2027 2002 mcENDUM
2043 1964 2150 2014 quod
2168 1964 2377 2012 speculatio
2394 1971 2449 2000 est
2468 1964 2566 2001 circa

1498 2017 1729 2055 universalia
1757 2025 1793 2054 et
1822 2017 1921 2054 circa
1950 2018 2185 2064 necessaria,
2216 2029 2315 2065 quae
2353 2017 2565 2054 secundum

1471 2077 1473 2123 j
1499 2083 1540 2108 se
1559 2083 1639 2108 non
1667 2077 1755 2107 sunt
1781 2071 1929 2119 procul,
1961 2084 2050 2108 cum
2079 2072 2151 2108 sint
2177 2070 2323 2119 ubique
2343 2078 2378 2107 et
2397 2082 2564 2118 semper:

374 2132 418 2162 ut
435 2123 486 2162 ad
504 2124 626 2162 finem
646 2124 772 2162 debite
793 2124 1027 2162 ordinentur.
1049 2125 1098 2161 Et
1117 2124 1297 2172 quamvis
1321 2124 1447 2174 aliqua

1500 2124 1568 2160 etsi
1598 2123 1671 2160 sint
1689 2124 1823 2172 procul
1842 2125 1972 2173 quoad
2002 2137 2084 2171 nos,
2114 2124 2340 2172 inquantum
2363 2124 2411 2160 ab
2431 2135 2566 2160 eorum

1500 2176 1715 2225 cognitione
1737 2176 1949 2214 deficimus.
1979 2178 2091 2215 Unde
2118 2176 2360 2226 providentia
2384 2189 2462 2213 non
2481 2189 2567 2225 pro-

1498 2230 1579 2279 prie
1600 2229 1737 2267 dicitur
1755 2229 1794 2266 in
1814 2230 2069 2279 speculativis,
2090 2230 2158 2267 sed
2177 2230 2302 2267 solum
2322 2229 2360 2266 in
2379 2229 2565 2278 practicis.

1553 2285 1612 2319 An
1630 2294 1791 2320 TERTmM
1810 2295 1994 2321 DlCENnuM
2014 2283 2120 2331 quod
2144 2283 2182 2320 in
2201 2290 2304 2319 recta
2329 2282 2567 2320 ordinatione

1503 2336 1553 2373 ad
1576 2336 1709 2383 finem,
1733 2348 1834 2384 quae
1853 2335 1866 2361 ζ
1893 2336 2098 2374 includitur
2125 2336 2164 2373 in
2191 2335 2335 2372 ratione
2364 2335 2568 2384 providen-

1503 2389 1596 2435 tiae,
1635 2389 1862 2437 importatur
1897 2390 2084 2426 rectitudo
2122 2389 2267 2426 consilii
2304 2396 2339 2425 et
2375 2389 2502 2426 iudicii
2534 2396 2569 2425 et

1503 2441 1714 2490 praecepti,
1744 2441 1825 2478 sine
1853 2442 1993 2489 quibus
2021 2444 2137 2479 recta‘
2151 2442 2337 2479 ordinatio
2372 2442 2421 2478 ad
2449 2442 2568 2478 finem

1505 2507 1589 2531 esse
1617 2506 1696 2531 non
1723 2502 1861 2542 potest.

2066 2573 2086 2580 x

1555 2607 1580 2639 ὃ)
1595 2608 1792 2640 providentiae.
1810 2621 1829 2626 -
1844 2608 2006 2639 prudentiae
2028 2608 2175 2632 ABIKLRa.
2187 2621 2207 2625 —
2225 2607 2316 2632 Statim
2335 2615 2382 2639 pro
2396 2608 2567 2639 prudentiae,

1498 2643 1688 2675 providentiae
1707 2643 1892 2668 PCDFGHsK.

1555 2678 1576 2710 ε)
1597 2678 1634 2703 ad
1653 2678 1724 2710 quod
1742 2685 1799 2703 ea...
1819 2678 1985 2704 ordinanda.
1998 2692 2016 2696 —
2035 2678 2072 2702 ad
2090 2685 2149 2703 ea...
2168 2681 2194 2702 et
2213 2678 2366 2702 ordinanda
2386 2678 2432 2702 Pa.

1553 2713 1579 2746 ζ)
1599 2721 1675 2746 quae.
1694 2727 1713 2732 -
1730 2714 1776 2746 qui
1795 2714 1823 2739 P.

1067 2784 1399 2816 commentaria
1422 2784 1672 2817 cardinalis
1695 2784 1895 2816 Caietam

385 2876 432 2939 IN
456 2865 590 2896 articulo
615 2871 718 2902 sexto,
747 2864 780 2894 in
810 2863 1018 2903 responsione
1049 2863 1088 2893 ad
1119 2863 1278 2902 primurn,
1312 2862 1448 2893 dubium
1473 2863 1476 2868 ’

414 2909 566 2945 occurrit,
592 2909 667 2949 quia
690 2918 756 2938 non
781 2915 911 2948 apparet
935 2908 1030 2948 quin,
1055 2907 1214 2938 sumendo
1245 2907 1448 2947 prudentiam

383 2953 529 2995 proprie,
560 2959 596 2983 ut
618 2952 736 2983 scilicet
763 2959 810 2982 est
832 2952 1031 2992 praeceptiva
1062 2961 1175 2981 eorum
1198 2957 1386 2991 quae-sunt
1409 2951 1448 2981 ad

383 2998 483 3029 finem
503 2996 638 3033 virtutis,
661 2996 748 3026 idem
770 3003 909 3036 ponatur
931 3006 1004 3036 pars
1027 2996 1076 3026 sui
1099 2995 1215 3035 ipsius,
1241 2995 1320 3025 dum
1343 2995 1450 3035 provi-

385 3041 490 3073 dentia
513 3041 645 3082 ponitur
660 3051 732 3080 pars
748 3040 943 3080 prudentiae.
967 3039 1169 3070 Providentia
1190 3040 1274 3069 enim
1298 3039 1450 3076 humana,

384 3093 421 3117 ut
440 3087 480 3116 ad
503 3084 705 3126 prudentiam
729 3091 858 3123 spectat,
883 3084 960 3114 nihil
976 3084 1061 3114 aliud
1085 3091 1131 3114 est
1146 3094 1242 3124 quarn
1264 3083 1343 3113 ratio
1363 3093 1451 3124 prae-

385 3130 508 3171 ceptiva
532 3139 644 3160 eorum
669 3138 751 3169 quae
771 3135 846 3158 sunt
869 3128 908 3158 ad
930 3127 1028 3158 finem
1052 3127 1184 3158 virtutis.

441 3175 491 3205 Ad
519 3174 581 3204 hoc
604 3173 719 3203 dicitur
742 3173 831 3213 quod
856 3171 1021 3212 diligenter
1053 3171 1176 3202 notanti
1207 3171 1450 3211 responsionem

385 3219 506 3250 litterae
531 3225 661 3258 apparet
684 3217 813 3252 solutio,
833 3216 1008 3247 consistens
1027 3216 1059 3246 in
1079 3216 1150 3252 hoc,
1171 3216 1259 3256 quod
1283 3215 1451 3255 prudentia

386 3269 491 3304 potest
515 3262 682 3302 dupliciter
698 3261 791 3291 sumi.
817 3261 890 3291 Uno
917 3261 1028 3296 modo,
1051 3267 1087 3291 ut
1103 3259 1257 3300 significat
1280 3260 1450 3290 formalem

386 3314 417 3338 et
432 3306 639 3347 principalem
655 3305 840 3346 prudentiae
855 3312 986 3345 partem,
1003 3314 1085 3346 quae
1102 3311 1148 3334 est
1163 3311 1246 3334 recta
1264 3304 1343 3335 ratio
1361 3314 1449 3344 prae·
1475 3314 1477 3319 =

387 3351 518 3392 cepfiva,
538 3358 573 3381 ut
596 3350 713 3381 scilicet
728 3349 932 3389 distinguitur
948 3359 964 3379 a
980 3348 1089 3379 ceteris
1107 3349 1145 3378 ad
1161 3347 1264 3388 ipsam
1280 3348 1448 3389 requisitis.

386 3396 427 3426 Et
442 3395 484 3425 sic
501 3395 668 3435 prudentia
689 3401 734 3424 est
749 3393 956 3433 providentia,
974 3400 1009 3423 ut
1024 3393 1057 3422 in
1077 3402 1210 3432 corpore
1230 3392 1351 3423 articuli
1376 3402 1447 3433 pro-

387 3441 488 3471 batur.
507 3457 525 3462 -
542 3439 616 3470 Alio
633 3439 744 3474 modo,
760 3444 796 3469 ut
818 3437 972 3477 significat
995 3437 1128 3468 eandem
1144 3443 1266 3477 partem
1290 3444 1320 3467 et
1336 3446 1447 3467 omnes

1500 2863 1576 2893 alias
1593 2863 1625 2893 in
1641 2862 1752 2892 ordine
1775 2862 1815 2892 ad
1838 2862 1951 2902 ipsam.
1976 2862 2017 2892 Et
2032 2861 2075 2892 sic
2092 2869 2138 2892 est
2152 2862 2239 2892 velut
2262 2871 2380 2891 nomen
2402 2862 2567 2892 cuiusdam

1499 2907 1617 2943 totius,
1642 2906 1816 2937 formaliter
1846 2914 1952 2936 tamen
1984 2906 2190 2946 principalem
2224 2913 2345 2946 partem
2379 2906 2566 2946 importans,

1500 2951 1591 2992 quasi
1616 2951 1697 2981 sicut
1719 2951 1897 2981 animatum
1923 2949 2099 2990 significans
2124 2950 2263 2980 animam
2287 2950 2319 2980 in
2343 2957 2502 2980 concreto.
2527 2951 2568 2980 Et

1501 2995 1546 3026 sic
1569 2995 1768 3035 providentia
1799 2994 1930 3035 ponitur
1953 2994 2134 3034 principalis
2162 3001 2192 3025 et
2216 2994 2359 3024 formalis
2386 3004 2458 3035 pars
2481 2994 2566 3025 eius:

1501 3050 1537 3070 ac
1561 3039 1586 3069 si
1611 3039 1766 3069 diceretur
1789 3039 1879 3079 quod
1902 3049 1969 3069 esse
1993 3038 2230 3079 praeceptivum
2253 3038 2320 3068 eius
2344 3039 2433 3079 quod
2459 3045 2506 3069 est
2527 3039 2567 3068 ad

1502 3082 1600 3113 finem
1635 3083 1716 3113 vitae
1748 3083 1906 3112 humanae
1944 3090 1990 3113 est
2025 3093 2096 3122 pars
2126 3082 2311 3123 prudentiae
2341 3089 2567 3113 connumerata

1503 3135 1625 3168 septem
1650 3127 1728 3157 aliis.
2195 3145 2199 3148 -

1556 3172 1692 3202 Adverte
1715 3178 1821 3201 tamen
1837 3171 1926 3211 quod
1950 3171 2116 3210 prudentia
2141 3170 2211 3201 licet
2226 3171 2325 3200 modo
2346 3170 2430 3200 dicto
2451 3169 2566 3200 coinci-

1503 3216 1556 3246 dat
1579 3225 1654 3246 cum
1677 3215 1885 3255 providentia,
1909 3225 1976 3245 non
1998 3221 2104 3245 tamen
2128 3214 2171 3245 ita
2190 3215 2364 3245 coincidere
2381 3213 2515 3254 accipias
2531 3220 2568 3244 ut

1503 3268 1700 3300 synonyma:
1739 3259 1895 3300 quoniam
1919 3258 2092 3290 formaliter
2115 3259 2352 3298 distinguuntur
2375 3258 2455 3288 sicut
2479 3267 2567 3288 com-

1503 3314 1600 3334 mune
1624 3311 1654 3334 et
1678 3303 1856 3343 proprium.
1879 3303 1962 3333 Nam
1986 3303 2184 3343 providentia
2207 3310 2313 3333 actum
2337 3302 2392 3343 qui
2417 3309 2463 3332 est
2482 3308 2566 3332 recte

1475 3371 1477 3388 2
1503 3348 1664 3383 ordinare,
1689 3347 1855 3388 prudentia
1886 3357 1961 3377 vero
1992 3354 2097 3377 actum
2122 3347 2176 3387 qui
2201 3355 2246 3377 est
2277 3354 2358 3376 recte
2388 3346 2566 3386 praecipere

1501 3392 1628 3432 respicit
1642 3391 1831 3422 formaliter:
1857 3398 1979 3422 constat
1995 3398 2102 3421 autem
2117 3391 2204 3432 quod
2229 3391 2407 3430 praecipere
2424 3400 2456 3420 se
2473 3390 2567 3420 habet

1503 3437 1541 3466 ad
1566 3436 1710 3466 ordinare
1734 3442 1769 3466 ut
1785 3435 1914 3466 inferius
1938 3435 1977 3466 ad
1994 3435 2147 3476 superius.
2173 3435 2264 3466 Unde
2288 3435 2320 3464 in
2344 3435 2444 3465 littera
2461 3434 2567 3474 provi-
