2892 4056
209 731 315 778 ι’(Ξὲ..<]ιι.
310 731 421 756 .1,n-x111

200 2058 209 2068 ‘
225 2058 291 2079 Vers.
304 2064 338 2086 3²·

302 3062 316 3095 β

200 3101 302 3122 ἈιΙιειι.
306 3100 389 3125 ‚Hiarl

199 3127 306 3180 {2¹33ae
304 3106 411 3184 νέἔὲξέξ

199 3180 309 3227 ῗιιιέδῖἰδ.
318 3179 378 3231 5le
382 3179 411 3226 :ig

187 3238 410 3290 ·g1?fy¹,¹‚¹‡10m²‚³‘¹¹,1,1

200 3286 252 3306 :.xl
236 3265 305 3312 xystu!
306 3284 367 3306 naM
369 3285 410 3305 nh.

455 198 524 222 112

1149 183 1413 229 QUAESTIO
1443 185 1544 230 xlv,

1575 184 1868 220 ARTICULUS
1898 185 1911 219 l
1957 220 1959 222 ,

980 373 1389 449 QUAESTIO
1432 370 2082 447 DECIMAQUARTA

913 483 995 522 DE
1029 481 1417 522 BLASPHEMIA
1450 483 1510 522 IN
1545 481 1826 522 SPIRITUM
1859 479 2152 522 SANCTUM

1227 587 1261 611 IN
1291 587 1463 618 QUATUOR
1490 586 1691 612 ARTICULOS
1719 586 1835 612 DIVISA

531 684 638 709 EINDE
666 670 985 708 considerandum
1015 677 1070 707 est
1096 670 1135 706 in
1163 671 1314 719 speciali
1334 671 1380 708 de
1407 672 1502 707 blas-

450 685 684 783 Dphemia
710 724 749 760 in
777 723 959 772 Spiritum
988 723 1170 759 Sanctum
1189 724 1219 759 ²⁸.
1528 718 1529 736 ³

448 781 496 815 Et
525 777 622 815 circa
649 778 724 813 hoc
751 783 984 824 quaeruntur
1011 783 1183 823 quatuor.

500 830 646 867 Primo:
667 836 794 866 utrum
812 828 1050 877 blasphemia
1063 829 1126 866 vel
1145 836 1346 877 peccatum
1360 828 1399 864 in
1419 828 1501 877 Spi-
1528 825 1530 890 ξ

553 882 664 919 ritum
693 883 875 919 Sanctum
905 882 951 918 sit
977 881 1080 919 idem
1109 882 1213 930 quod
1236 888 1436 930 peccatum
1457 893 1501 918 ex
1528 891 1530 934 j

553 943 653 972 certa
682 934 834 972 malitia.
1528 953 1530 984 1

1609 672 1809 709 Secundo:
1839 672 1886 709 de
1915 672 2114 722 speciebus
2142 671 2253 708 huius
2279 673 2436 720 peccati.

1609 737 1760 774 Tertio:
1789 745 1916 774 utrum
1946 737 1992 774 sit
2019 736 2287 774 irremissibile.

1609 803 1774 850 Quarto:
1804 810 1931 840 utrum
1960 802 2091 852 aliquis
2119 802 2238 851 possit
2262 813 2421 850 peccare
2439 801 2479 839 in
2499 802 2614 852 Spiri-

1662 876 1743 905 tum
1764 869 1948 906 Sanctum
1967 880 1989 905 a
2006 867 2203 917 principio,
2221 875 2427 914 antequam
2438 866 2514 909 ,alia
2527 880 2616 916 pec-

1663 941 1744 971 cata
1773 933 1994 970 committat.

2255 995 2267 1012 ῑ

1250 1043 1568 1085 ARTICULUS
1598 1043 1802 1084 PRIMUS

518 1137 673 1168 UTRUM
697 1136 935 1168 PECCATUM
959 1137 1002 1168 IN
1026 1137 1228 1168 SPIRITUM
1251 1136 1458 1167 SANCTUM
1481 1136 1547 1167 SIT
1571 1136 1676 1166 IDEM
1700 1136 1822 1173 QUOD
1846 1135 2083 1167 PECCATUM
2106 1137 2163 1167 Ex
2187 1136 2333 1168 CERTA
2356 1137 2539 1168 MALITIA

584 1215 605 1239 11
625 1215 706 1244 Sent„
726 1215 784 1239 dist.
803 1221 871 1245 xun,
890 1219 937 1239 art.
961 1222 981 1244 1,
1003 1220 1031 1243 23
1051 1214 1092 1238 De
1111 1213 1192 1242 Malo,
1213 1221 1257 1245 qu.
1272 1220 1297 1242 ιι,
1318 1217 1363 1236 art.
1382 1211 1407 1243 8,
1426 1213 1457 1236 ad
1476 1219 1493 1244 4
1500 1220 1507 1242 ;
1527 1220 1571 1245 qu.
1585 1220 1622 1243 m,
1641 1217 1687 1237 art.
1710 1220 1752 1243 143
1774 1212 1868 1242 Quodl.
1888 1213 1917 1243 Π,
1936 1220 1980 1244 qu.
1998 1219 2051 1243 vm,
2074 1217 2119 1237 art.
2141 1220 2162 1244 ι;
2182 1213 2212 1238 In
2232 1212 2339 1244 Matth.,
2353 1221 2409 1247 cap.
2427 1222 2474 1245 x11;

1342 1247 1386 1272 Ad
1402 1247 1489 1278 Rom.⁷

479 1354 487 1361 s
524 1339 537 1362 ,ι
559 1342 627 1381 fl«
653 1330 675 1355 ι)
704 1330 841 1354 PR1M1JM
869 1330 921 1354 sm
950 1329 1189 1354 PROCEmTUR.
1218 1316 1378 1353 Videtur
1396 1316 1501 1366 quod

580 1371 625 1431 ’ῆς
651 1378 851 1419 peccatum
880 1371 917 1407 in
947 1370 1126 1419 Spiritum
1156 1370 1337 1406 Sanctum
1357 1381 1436 1406 non
1456 1369 1502 1406 sit

567 1444 570 1446 ·
594 1422 754 1466 (sidem
784 1424 888 1471 quod
915 1431 1115 1498 peccatum
1145 1434 1190 1459 ex
1218 1429 1318 1459 certa
1342 1422 1496 1459 malitia.

554 1468 640 1511 Χ
653 1477 856 1513 Peccatum
885 1477 1024 1513 enim⁶²
1051 1476 1089 1512 in
1119 1475 1297 1524 Spiritum
1318 1476 1499 1549 Sanctum
1526 1512 1527 1520 ,

442 1537 499 1566 est
498 1494 724 1577 peccatum
751 1529 1030 1578 blasphemiae:
1059 1536 1101 1565 ut
1127 1536 1229 1577 patet
1248 1529 1487 1566 Matth.x11

442 1582 520 1619 Sed
539 1593 618 1618 non
638 1594 754 1619 omne
773 1591 972 1631 peccatum
994 1595 1038 1619 ex
1059 1589 1159 1618 certa
1179 1581 1319 1618 malitia
1339 1589 1394 1619 est
1411 1593 1500 1631 pec-

442 1642 568 1671 catum
584 1635 861 1684 blasphemiae:
883 1635 1062 1683 contingit
1079 1634 1179 1671 enim
1195 1635 1314 1672 multa
1328 1635 1398 1672 alia
1412 1647 1500 1684 pec—

442 1695 614 1724 catorum
642 1700 781 1735 genera
810 1700 854 1724 ex
883 1697 983 1725 certa
1011 1687 1152 1724 malitia
1173 1687 1366 1725 committi.
1398 1689 1498 1736 Ergo

439 1748 639 1788 peccatum
674 1741 713 1777 in
751 1741 931 1789 Spiritum
970 1742 1152 1778 Sanctum
1190 1748 1360 1777 non'est
1396 1741 1499 1778 idern
1526 1752 1527 1757 ¹

441 1793 547 1841 quod
573 1801 774 1841 peccatum
804 1806 849 1830 ex
878 1801 978 1830 certa
1007 1793 1158 1830 malitia.

495 1858 529 1882 2.
560 1846 794 1893 PRAETEREA,
823 1854 1022 1895 peccatum
1043 1858 1088 1883 ex
1109 1853 1209 1882 certa
1237 1845 1378 1882 malitia
1407 1845 1499 1882 divi·
1526 1828 1528 1876 i

441 1898 539 1935 ditur
575 1907 706 1936 contra
736 1907 936 1948 peccatum
971 1911 1016 1936 ex
1049 1898 1259 1947 ignorantia
1294 1906 1329 1935 et
1371 1905 1500 1935 contra
1525 1877 1528 1921 i

439 1958 640 2000 peccatum
670 1964 714 1988 ex
742 1952 970 1989 infirmitate.
1001 1953 1078 1990 Sed
1105 1959 1304 2001 peccatum
1326 1951 1364 1988 in
1385 1952 1499 2000 Spiri-

439 2011 520 2041 tum
542 2005 724 2042 Sanctum
745 2005 924 2043 dividitur
938 2012 1068 2042 contra
1085 2013 1286 2054 peccatum
1306 2004 1343 2040 in
1362 2005 1497 2042 Filium

439 2057 626 2094 hominis:
655 2065 696 2094 ut
714 2065 816 2106 patet
835 2059 969 2095 Matth.
990 2070 1038 2095 xii
1058 2057 1088 2094 *.
1119 2059 1221 2106 Ergo
1240 2065 1440 2107 peccatum
1460 2058 1498 2095 in

441 2110 620 2159 Spiritum
651 2111 833 2148 Sanctum
863 2124 941 2148 non
969 2118 1026 2147 est
1051 2111 1153 2148 idem
1174 2111 1277 2160 quod
1296 2118 1496 2160 peccatum

439 2175 485 2199 ex
514 2171 613 2200 certa
641 2163 800 2200 malitia:
830 2164 918 2211 quia
947 2175 1112 2211 quorum
1141 2165 1315 2213 opposita
1340 2172 1426 2201 sunt
1445 2164 1497 2201 di-

438 2228 561 2263 versa,
590 2216 672 2265 ipsa
700 2229 854 2265 quoque
883 2224 970 2253 sunt
998 2217 1159 2253 diversa.

494 2271 527 2306 3.
553 2270 784 2317 PRAETEREA‚
809 2277 1010 2318 peccatum
1038 2270 1075 2306 in
1104 2269 1285 2318 Spiritum
1314 2270 1494 2307 Sanctum

439 2328 495 2357 est
513 2323 710 2369 quoddam
730 2335 849 2370 genus
867 2322 1012 2371 peccati
1032 2322 1093 2359 cui
1112 2322 1380 2360 determinatae
1414 2335 1497 2371 spe-

439 2374 514 2411 cies
543 2376 792 2423 assignantur.
823 2375 900 2412 Sed
925 2383 1125 2435 peccatum
1155 2388 1199 2412 ex
1228 2383 1328 2412 certa
1355 2375 1496 2412 malitia

438 2438 517 2463 non
545 2435 601 2464 est
628 2429 788 2477 speciale
816 2441 935 2476 genus
962 2428 1118 2488 peccati,
1139 2428 1206 2465 sed
1233 2436 1288 2466 est
1307 2429 1494 2477 quaedam

439 2481 605 2518 conditio
633 2482 696 2518 vel
725 2481 1002 2519 circumstantia
1034 2481 1217 2529 generalis
1246 2493 1344 2535 quae
1372 2489 1496 2530 potest

439 2545 520 2570 esse
549 2534 648 2571 circa
676 2534 804 2571 omnia
830 2542 1075 2584 peccatorum
1103 2546 1254 2582 genera.
1284 2535 1386 2582 Ergo
1410 2546 1496 2583 pec-

439 2594 564 2624 catum
591 2587 630 2625 in
658 2588 839 2636 Spiritum
865 2588 1047 2625 Sanctum
1076 2599 1154 2624 non
1183 2595 1238 2624 est
1265 2587 1367 2624 idem
1392 2588 1495 2636 quod

437 2647 635 2688 peccatum
666 2653 710 2676 ex
738 2648 837 2678 certa
861 2640 1012 2678 malitia.

492 2693 566 2729 SED
594 2705 740 2730 CONTRA
768 2705 834 2730 Es‘r
861 2694 966 2743 quod
990 2693 1170 2740 Magister
1189 2692 1288 2739 dicit,
1308 2705 1392 2730 xmn
1413 2692 1494 2730 dist.

438 2747 470 2782 11
499 2745 561 2783 lib.
591 2747 708 2792 Sent.,
738 2747 844 2795 quod
871 2747 930 2783 ille
964 2754 1095 2795 peccat
1122 2746 1160 2782 in
1195 2722 1375 2795 Spiritum
1404 2745 1496 2782 San-

439 2806 540 2851 ctum
569 2800 632 2836 cui
648 2799 791 2837 malitia
804 2805 962 2849 propter
979 2811 1018 2837 se
1026 2799 1162 2848 placet.
1192 2799 1278 2836 Hoc
1293 2806 1422 2835 autem
1442 2805 1497 2835 est

436 2864 596 2900 peccare
625 2865 670 2889 ex
699 2860 800 2890 certa
819 2853 970 2890 malitia.
1001 2853 1104 2900 Ergo
1123 2851 1224 2889 idem
1244 2851 1395 2889 videtur
1415 2863 1496 2888 esse

437 2913 637 2954 peccatum
659 2917 701 2942 ex
731 2914 832 2942 certa
851 2905 993 2943 malitia
1012 2906 1116 2954 quod
1135 2912 1335 2954 peccatum
1356 2904 1394 2941 in
1415 2904 1498 2953 Spi-

438 2958 551 2994 ritum
581 2959 775 2995 Sanctum.

492 3011 716 3059 REspompsso
745 3022 927 3049 DICENDUM
957 3010 1063 3059 quod
1086 3011 1132 3047 de
1154 3017 1311 3060 peccato
1331 3021 1400 3046 seu
1418 3010 1496 3046 bla-

439 3063 612 3111 sphemia
637 3061 652 3093 β
679 3063 717 3100 in
747 3062 925 3113 Spiritum
955 3063 1137 3101 Sanctum
1164 3062 1353 3112 tripliciter
1380 3061 1497 3111 aliqui

437 3117 655 3164 loquuntur.
685 3117 840 3165 Antiqui
869 3117 970 3153 enim
1000 3117 1187 3163 doctores,
1218 3116 1358 3153 scilicet
1379 3116 1497 3152 Atha—

438 3170 576 3216 nasius,
597 3169 773 3216 Hilarius,
794 3169 1031 3216 Ambrosius,
1053 3169 1307 3228 Hieronymus
1322 3177 1358 3205 et
1378 3169 1497 3216 Chry-

379 3238 410 3258 ιο·
438 3230 630 3260 sostomus
659 3223 679 3242 ²⁸
730 3223 858 3259 dicunt
887 3235 967 3259 esse
1004 3229 1203 3270 peccatum
1242 3222 1279 3258 in
1316 3221 1495 3270 Spiritum

440 3277 621 3313 Sanctum
651 3275 823 3323 quando,
854 3275 901 3312 ad
936 3275 1116 3321 litteram,
1147 3274 1287 3323 aliquid
1324 3275 1496 3323 blasphe-

490 3412 517 3442 αι)
537 3411 614 3435 enim.
631 3423 651 3431 —·
669 3411 730 3435 Om.
749 3409 988 3434 ABCDEFHlea.

492 3445 516 3477 β)
535 3453 581 3471 seu
596 3445 765 3477 blasphemia.
778 3459 797 3464 -
815 3445 933 3477 sequitur
946 3445 1106 3476 blasphemia
1126 3445 1312 3477 ABFHpCEK,
1326 3452 1372 3469 seu
1383 3445 1415 3469 de
1427 3445 1494 3469 blas-

433 3481 542 3512 phemia
561 3481 607 3506 IsC
627 3486 651 3506 et
670 3488 695 3510 n,
714 3480 747 3505 de
765 3488 816 3512 quo
834 3480 953 3512 sequitur
971 3480 1131 3511 blasphemia
1151 3481 1180 3510 L,
1199 3480 1374 3512 blasphemiae
1393 3481 1424 3504 (jv.

1508 1255 1564 1279 cap
1581 1255 1607 1278 n,
1626 1248 1685 1272 lect.
1702 1255 1721 1272 ι.

1555 1329 1660 1354 mum
1681 1317 1813 1354 dicitur
1841 1325 1971 1355 contra
1992 1318 2171 1367 Spiritum
2195 1318 2398 1356 Sanctum:
2427 1318 2509 1356 sive
2536 1320 2616 1368 Spi-

1555 1371 1646 1407 ritus
1674 1371 1831 1407 Sanctus
1864 1371 2067 1421 accipiatur
2095 1371 2306 1408 secundum
2332 1371 2435 1420 quod
2465 1379 2520 1408 est
2547 1383 2616 1409 no—

1555 1436 1646 1460 men
1684 1424 1877 1461 essentiale
1915 1423 2146 1461 conveniens
2188 1424 2255 1461 toti
2284 1424 2478 1471 Trinitati,
2509 1424 2616 1462 cuius

1555 1476 1744 1525 quaelibet
1760 1488 1924 1526 persona
1953 1485 1988 1514 et
2007 1477 2156 1526 spiritus
2185 1484 2241 1514 est
2274 1485 2310 1514 et
2334 1485 2504 1524 sanctus;
2533 1478 2614 1515 sive

1491 1540 1527 1586 ·}
1554 1536 1668 1577 prout
1687 1537 1741 1566 est
1759 1542 1903 1567 nomen
1920 1531 2120 1578 personale
2139 1530 2250 1567 unius
2269 1530 2307 1567 in
2323 1530 2506 1568 Trinitate
2531 1541 2616 1585 per-

1526 1590 1527 1630 ]
1555 1594 1683 1620 sonae.
1713 1583 1763 1619 Et
1781 1583 1992 1620 secundum
2012 1584 2087 1620 hoc
2106 1583 2351 1631 distinguitur,
2367 1584 2501 1621 Matth.
2518 1583 2603 1620 xu*

1526 1636 1527 1646 ³
1555 1635 1792 1695 blasphemia
1815 1636 1853 1672 in
1873 1636 2054 1685 Spiritum
2080 1636 2262 1673 Sanctum
2283 1643 2414 1673 contra
2441 1612 2617 1686 blasphe-

1555 1688 1672 1725 miam
1696 1688 1734 1725 in
1754 1688 1890 1726 Filium
1910 1689 2086 1726 hominis
2118 1689 2288 1726 Christus
2309 1689 2410 1726 enim
2430 1689 2615 1738 operaba-

1555 1749 1615 1777 tur
1639 1742 1828 1789 quaedam
1857 1742 2087 1789 humanitus,
2113 1742 2366 1790 comedendo,
2388 1740 2556 1779 bibendo
2581 1748 2619 1779 et

1526 1792 1527 1827 I
1555 1793 1624 1830 alia
1656 1794 1874 1831 huiusmodi
1910 1794 2104 1841 faciendo3
2136 1802 2172 1832 et
2198 1795 2389 1844 quaedam
2419 1794 2614 1842 divinitus,

1554 1846 1693 1883 scilicet
1722 1846 1930 1884 daemones
1960 1847 2156 1896 eiiciendo,
2186 1855 2359 1885 mortuos
2387 1847 2615 1897 suscitando,

1555 1906 1592 1935 et
1611 1907 1736 1936 cetera
1749 1905 1765 1927 Υ
1785 1899 2022 1946 huiusmodi3
2043 1912 2140 1949 quae
2161 1901 2318 1950 quidem
2337 1900 2474 1948 agebat
2493 1906 2530 1937 et
2546 1903 2618 1950 pe'r

1553 1953 1732 1989 virtutem
1761 1953 1937 2001 propriae
1966 1953 2180 1997 divinitatis,
2203 1962 2238 1990 et
2255 1966 2324 2002 per
2352 1953 2614 2002 operationem

1555 2006 1714 2054 Spiritus
1730 2006 1869 2053 Sancti,
1886 2017 1964 2054 quo
1993 2007 2204 2044 secundum
2233 2006 2509 2043 humanitatem
2538 2014 2618 2044 erat

1554 2059 1728 2107 repletuS.
1764 2059 1891 2096 ludaei
1928 2066 2055 2095 autern
2087 2059 2213 2108 primo
2251 2059 2408 2108 quidem
2447 2058 2616 2097 dixerant

1553 2111 1830 2160 blasphemiam
1867 2112 1905 2148 in
1933 2111 2069 2148 Filium
2104 2112 2288 2160 hominis,
2318 2124 2405 2149 cum
2440 2112 2617 2149 dicebant

1554 2177 1642 2201 eum
1669 2176 1867 2210 voracem,
1900 2170 2111 2212 potatorem
2147 2165 2227 2202 vini
2262 2171 2297 2202 et
2322 2164 2615 2213 publicanorum

1551 2223 1783 2262 amatorem,
1812 2224 1853 2253 ut
1884 2217 2044 2258 habetur
2072 2218 2206 2255 Matth.
2231 2229 2267 2254 xi
2293 2217 2323 2253 ²¹⁶.
2357 2218 2650 2256 Postmodum·

1552 2278 1681 2307 autem
1718 2270 2080 2329 blasphemaverunt
2111 2270 2150 2307 in
2187 2269 2369 2329 Spiritum
2407 2271 2592 2318 Sanctum

1553 2323 1645 2360 dum
1665 2335 1782 2371 opera
1809 2335 1908 2371 quae
1927 2323 2007 2372 ipse
2027 2324 2258 2382 operabatur
2279 2323 2417 2360 virtute
2435 2300 2615 2373 proprisi

1552 2375 1752 2413 divinitatis
1773 2383 1808 2412 et
1826 2388 1896 2424 per
1909 2376 2181 2436 operationem
2203 2375 2363 2424 Spiritus
2392 2376 2619 2423 Sanctum

1550 2429 1764 2466 tribuebant
1798 2429 1958 2488 principi
1996 2428 2288 2466 daemoniorum
2319 2429 2351 2465 *.
2384 2429 2433 2465 Et
2459 2436 2619 2489 propter

1549 2483 1624 2519 hoc
1644 2482 1818 2519 dicuntur
1844 2481 1883 2518 in
1904 2481 2083 2531 Spiritum
2104 2481 2287 2519 Sanctum
2315 2457 2612 2533 blasphemasse.

1603 2534 1835 2582 Augustinus
1862 2542 2010 2580 autem,
2041 2534 2078 2572 in
2106 2534 2202 2572 libro
2230 2534 2276 2572 de
2307 2534 2416 2572 Verh.
2441 2534 2558 2576 Dom.
2577 2534 2618 2583 ’,Σ

1551 2587 1828 2636 blasphemiam
1857 2588 1918 2624 vel
1946 2595 2145 2636 peccatum
2165 2587 2203 2625 in
2223 2587 2405 2636 Spiritum
2429 2588 2617 2628 Sanctum

1549 2640 1639 2678 dicit
1658 2653 1740 2677 esse
1758 2641 1913 2677 finalem
1938 2640 2276 2690 impoenitentiam,
2297 2641 2452 2689 quando
2472 2640 2617 2678 scilicet

1550 2693 1682 2742 aliquis
1695 2701 1915 2742 perseverat
1929 2693 1966 2730 in
1981 2700 2139 2742 peccato
2155 2693 2304 2730 mortali
2313 2705 2435 2744 usque
2446 2694 2495 2730 ad
2504 2688 2617 2745 morl

1549 2753 1638 2782 tem.
1670 2746 1785 2793 Quod
1805 2746 1960 2795 quidem
1980 2756 2058 2783 non
2079 2746 2204 2784 solum
2223 2745 2344 2783 verbo
2373 2745 2448 2783 oris
2466 2746 2521 2797 fit,
2541 2740 2618 2798 sessl'¹

1550 2798 1662 2835 etiam
1683 2799 1804 2835 verbo
1825 2798 1948 2835 cordis
1967 2807 2003 2835 et
2023 2799 2158 2847 operis,
2180 2811 2257 2835 non
2276 2810 2355 2836 uno
2372 2797 2439 2835 sed
2466 2799 2610 2839 multis
2616 2837 2618 2843 s
2648 2800 2650 2802 ’
2691 2790 2711 2803 ’ζ’

1551 2852 1637 2888 Hoc
1652 2858 1780 2889 autem
1794 2852 1970 2897 verbum,
1981 2851 2033 2888 sic
2049 2859 2260 2900 acceptum,
2274 2851 2407 2889 dicitur
2422 2863 2504 2889 esse
2520 2863 2610 2889 eon-

1550 2912 1606 2941 tra
1622 2904 1803 2953 Spiritum
1820 2905 2013 2952 Sanctum,
2026 2905 2115 2954 quia
2131 2913 2186 2941 est
2200 2913 2331 2941 contra
2346 2904 2618 2965 remissionem

1550 2965 1814 3006 peccatorum,
1834 2969 1932 3007 quae
1960 2958 2002 2994 fit
2031 2969 2098 3006 per
2118 2957 2297 3007 Spiritum
2329 2957 2524 3005 Sanctum,

1552 3018 1606 3047 est
1626 3010 1758 3048 caritas
1775 3008 1924 3048 Patris⁶
1943 3017 1978 3047 et
2000 3010 2093 3048 Filii.
2115 3011 2198 3061 Nec
2218 3011 2293 3047 hoc
2309 3010 2499 3048 Dominus
2514 2959 2618 3065 ’ἆὲᾗῆ

1552 3063 1699 3101 Iudaeis
1718 3062 1827 3112 quasi
1845 3063 1914 3112 ipsi
1926 3072 2130 3112 peccarent
2147 3063 2186 3102 in
2206 3063 2387 3123 Spiritum
2408 3064 2617 3107 Sanctum:-

1551 3116 1724 3153 nondum
1754 3116 1854 3153 enim
1880 3125 1985 3153 erant
2007 3117 2168 3154 finaliter
2196 3116 2496 3166 impoenitentes.
2533 3116 2610 3154 Sed

1551 3169 1749 3206 admonuit
1764 3182 1830 3206 eos
1846 3181 1905 3216 ne,
1917 3169 2256 3218 taliterloquentes,
2273 3169 2322 3207 ad
2341 3170 2416 3206 hoc
2434 3168 2609 3218 perveni-

1552 3230 1633 3259 rent
1661 3222 1766 3270 quod
1790 3222 1827 3259 in
1848 3222 2028 3271 Spiritum
2050 3223 2231 3259 Sanctum
2251 3230 2463 3272 peccarent.
2489 3222 2538 3258 Et
2557 3221 2609 3258 sic

1551 3274 1833 3322 intelligendum
1872 3283 1927 3312 est
1960 3276 2065 3324 quod
2103 3275 2236 3312 dicitur
2273 3276 2392 3312 Marc.
2434 3287 2490 3321 111,
2519 3273 2606 3320 ubi,

1600 3409 1627 3442 γ)
1646 3412 1742 3434 cetera.
1760 3423 1778 3427 —
1796 3410 1851 3434 alia
1870 3410 1915 3438 Pa,
1936 3417 1988 3434 om.
2009 3410 2038 3434 C.

1600 3443 1626 3476 ὃ)
1645 3445 1744 3469 Patris.
1758 3458 1775 3463 —
1788 3447 1814 3469 et
1832 3445 1921 3469 Patris
1942 3443 2033 3469 PBFa.

2643 1591 2654 1602 ·
2667 1577 2735 1612 vei-⁸.
2750 1582 2784 1618 32.

2642 2237 2732 2260 ‘Va-u.
2748 2244 2779 2266 ¹9·

2639 2437 2735 2461 ’Matth.
2742 2444 2782 2466 ιιι,
2792 2444 2851 2462 ven.

2638 2470 2676 2492 24.
