2892 4056
437 235 512 280 384

1134 232 1402 279 QUAESTIO
1431 232 1513 279 LII,
1543 231 1839 268 ARTICULUS
1870 232 1901 268 11

1095 344 1428 376 Commenta-ria
1450 343 1702 377 Cardinalis
1723 344 1925 377 Caietam

463 443 483 462 N
507 432 638 463 articulo
652 431 755 471 primo
772 428 966 470 quaestionis
982 427 1421 468 quinquagesimaesecundae
1438 427 1491 457 ad-

437 444 547 507 Iverte
570 476 657 516 quod
672 475 794 505 donum
809 472 931 504 consilii
947 473 986 502 ab
1002 471 1129 502 eubulia
1144 478 1210 502 tam
1225 471 1378 512 acquisita
1393 480 1492 511 quam

432 520 535 551 infusa
564 529 629 549 non
659 519 764 549 solum
792 516 891 547 differt
914 516 1090 547 secundum
1120 525 1327 546 communem
1350 514 1492 545 differen-

433 565 508 596 tiam
531 563 607 593 doni
631 573 648 592 a
670 562 793 597 virtute,
817 561 892 601 quia
916 559 1036 600 perficit
1058 559 1161 590 altiori
1184 560 1294 595 modo,
1315 559 1432 589 scilicet
1455 558 1494 588 ad

433 607 665 648 superhumane
689 605 903 645 operandum;
934 604 989 634 sed
1012 604 1189 634 secundum
1212 602 1375 643 propriam
1399 602 1492 632 ratio-

1544 435 1628 456 nem.
1661 424 1744 462 Quia
1768 423 1896 454 eubulia
1925 431 1970 455 est
1997 430 2079 455 recte
2112 423 2306 454 consiliativa
2336 424 2450 455 active:
2483 426 2606 457 donum

1544 475 1652 500 autem
1675 467 1798 499 consilii
1813 475 1859 499 est
1874 474 1956 499 recte
1972 467 2206 498 consiliativum
2221 467 2353 508 passive,
2373 469 2481 509 quoad
2503 469 2607 510 ipsam

1546 512 1788 554 acquisitionem
1812 511 1945 548 consilii,
1970 519 2005 543 ut
2027 511 2059 542 in
2082 511 2290 551 responsione
2313 513 2353 543 ad
2376 512 2517 552 primum
2533 513 2607 543 dici-

1546 564 1607 588 tur.
1633 556 1788 594 Quamvis
1811 563 1978 597 acceptum
2009 556 2073 586 iam
2096 555 2266 586 consilium
2298 556 2396 587 active
2421 556 2547 596 dirigat3
2572 563 2608 588 ut

1547 602 1581 631 in
1609 601 1752 642 sequenti
1776 600 1919 637 articulo,
1943 600 1975 631 in
2004 599 2211 640 responsione
2235 600 2274 630 ad
2298 600 2458 637 ultimum,
2484 600 2606 632 dicitur.

1196 764 1514 806 ARTICULUS
1544 762 1844 805 SECUNDUS

839 866 994 897 UTRUM
1017 865 1175 897 DONUM
1199 865 1381 897 CONSILII
1406 864 1692 896 RESPONDEAT
1715 864 1895 895 VIRTUTI
1919 863 2198 895 PRUDENTIAE

819 955 874 979 Art.
893 954 1019 987 praeced„
1039 954 1071 978 ad
1094 961 1121 984 13
1141 953 1172 978 111
1192 953 1275 982 Seni„
1295 953 1355 978 dist.
1372 960 1452 982 xxxiv,
1472 960 1518 985 qu.
1535 959 1553 982 ι,
1573 957 1620 977 art.
1640 959 1669 982 2;
1689 951 1747 977 dist.
1765 958 1838 983 xm,
1857 959 1902 984 qu.
1920 958 1948 981 n,
1967 956 2015 977 art.
2035 959 2060 983 4,
2079 951 2129 983 qu‘
2152 958 2173 980 1,
2194 958 2218 975 2.

514 1063 519 1074 ι
558 1066 613 1105 a«
642 1055 664 1079 ι)
681 1054 872 1079 SECUNDUM
887 1054 940 1079 stc
955 1053 1197 1079 PROCEDITUR.
1208 1041 1370 1078 Videtur
1386 1040 1490 1090 quod

466 1087 502 1115 *5¹
557 1086 614 1155 'fij
642 1096 788 1133 donum
818 1094 961 1132 consilii
990 1107 1068 1131 non
1098 1094 1328 1143 respondeat
1351 1105 1491 1131 conve-

446 1180 568 1229 ²317*
596 1193 679 1238 in
708 1213 778 1238 suo
817 1213 996 1250 supremo
1035 1200 1180 1247 attingit
1216 1199 1254 1236 id
1293 1198 1398 1247 quod
1436 1206 1492 1235 est

430 1253 623 1302 superius,
661 1262 702 1291 ut
736 1261 840 1303 patet
866 1266 935 1303 per
971 1253 1219 1301 Dionysium,
1252 1264 1301 1289 vu
1331 1264 1413 1301 cap.
1446 1252 1492 1288 de

193 1309 291 1331 ’S·T¹¹·
307 1310 358 1331 ¹⁶⁰1·
371 1315 401 1330 Ν·
428 1307 516 1344 Βίν.
536 1307 653 1344 Nom.
674 1307 708 1343 *ε
739 1306 834 1343 sicut
853 1307 973 1343 homo
994 1305 1138 1353 attingit
1162 1305 1339 1353 angelum
1358 1317 1491 1341 secun-
1516 1303 1518 1321 ³

430 1360 521 1397 dum
551 1360 795 1397 intellectum.
836 1359 914 1396 Sed
940 1358 1060 1396 virtus
1090 1358 1288 1395 cardinalis
1316 1365 1372 1394 est
1399 1357 1492 1394 infe-

430 1413 506 1450 rior
534 1413 660 1460 dono,
697 1419 739 1449 ut
775 1411 1119 1461 supra*habitum
1154 1419 1220 1448 est.
1259 1411 1361 1447 Cum
1399 1423 1490 1458 ergo

430 1465 628 1502 consilium
657 1465 703 1502 sit
730 1465 877 1514 primus
897 1471 934 1502 et
953 1465 1108 1502 infimus
1129 1472 1234 1502 actus
1253 1463 1490 1513 prudentiae,

430 1531 629 1567 supremus
649 1525 775 1556 autem
797 1526 901 1555 actus
922 1517 1002 1555 eius
1023 1526 1078 1554 est
1095 1517 1326 1566 praecipere,
1342 1517 1492 1554 medius

191 1416 199 1424 ⁸
218 1415 239 1436 ῙΑ
266 1415 324 1441 11⁸⁶,
349 1420 387 1442 qu.

190 1447 269 1467 vaui,
285 1445 327 1463 art.
343 1440 365 1462 8.

430 1579 560 1609 autern
580 1571 763 1618 iudicare;
787 1571 941 1609 videtur
960 1571 1066 1620 quod
1086 1570 1234 1608 donum
1254 1570 1493 1619 respondens

428 1624 655 1675 prudentiae
675 1637 754 1662 non
774 1624 820 1661 sit
840 1623 1054 1671 consilium,
1077 1624 1144 1661 sed
1164 1623 1286 1672 magis
1310 1622 1492 1660 iudicium

429 1679 492 1716 vel
520 1685 783 1727 praeceptum.

484 1743 519 1768 2.
549 1732 787 1777 PRAETEREA,
815 1730 882 1766 uni
900 1729 1030 1767 virtuti
1059 1729 1291 1766 sufficienter
1310 1728 1492 1765 auxilium

429 1784 634 1833 praebetur
651 1795 721 1832 per
738 1795 861 1820 unum
881 1783 1046 1820 donum:
1076 1782 1166 1831 quia
1186 1788 1331 1829 quanto
1352 1781 1494 1830 aliquid
1518 1795 1519 1802 ¹

430 1844 487 1874 est
505 1836 680 1885 superius
703 1843 808 1873 tanto
829 1843 885 1873 est
912 1836 1034 1884 magis
1062 1834 1224 1882 unitum,
1249 1842 1291 1871 ut
1308 1835 1494 1883 probatur
1518 1834 1519 1840 ’

430 1891 469 1927 in
496 1890 592 1926 libro
630 1890 676 1926 de
709 1889 841 1926 Causis
860 1888 890 1926 ²¹⁸.
930 1889 1008 1926 Sed
1045 1888 1272 1937 prudentiae
1309 1887 1519 1925 auxilium]

192 1951 200 1960 ·
226 1952 293 1978 Prot>-
318 1956 352 1976 w,
375 1956 402 1976 x,
429 1944 635 1993 praebetur
653 1954 723 1992 per
743 1942 891 1979 donum
920 1942 1113 1989 scientiae,
1135 1953 1235 1989 quae
1264 1953 1343 1978 non
1368 1941 1492 1978 solum
1518 1949 1519 1958 ¹

192 1983 247 2000 XVI!-

432 2004 488 2033 est
515 1995 769 2045 speculativa,
809 1995 877 2033 sed
906 1995 1020 2032 etiam
1049 1994 1234 2044 practica,
1271 2001 1314 2031 ut
1341 2006 1456 2043 supra
1474 1993 1495 2016 ²¹²

193 2054 201 2062 ⁸
217 2052 264 2079 Qu·
280 2057 312 2077 '¹‘
326 2055 369 2072 ‘¹¹‘-
382 2057 403 2079 3·
430 2049 604 2087 habiturn
626 2056 692 2086 est.
723 2049 826 2096 Ergo
847 2049 995 2086 donum
1016 2047 1162 2085 consilii
1190 2059 1270 2084 non
1289 2047 1496 2096 respondet

429 2102 559 2140 virtuti
586 2102 824 2151 prudentiae.

486 2157 520 2193 3.
551 2156 793 2203 PRAETEREA,
824 2154 873 2191 ad
891 2154 1134 2203 prudentiam
1159 2152 1316 2203 proprie
1334 2153 1496 2202 pertinet

188 2216 195 2225 “
218 2214 264 2241 Qu·
285 2221 306 2241 L,
326 2217 367 2235 ³¹¹1·
386 2219 402 2239 ¹»
432 2208 603 2257 dirigere,
632 2216 675 2245 ut
703 2219 816 2257 supra
834 2207 855 2229 ²¹⁸
873 2207 1047 2244 habitum
1077 2214 1143 2244 est.
1180 2206 1259 2244 Sed
1277 2206 1327 2243 ad
1347 2208 1493 2245 donum

193 2240 220 2262 ad
236 2247 251 2262 ι.

432 2261 578 2299 consilii
596 2261 760 2310 pertinet
778 2259 884 2310 quod
901 2260 1022 2298 homo
1043 2260 1223 2308 dirigatur
1242 2272 1264 2296 a
1282 2260 1381 2307 Deo,
1400 2259 1497 2297 sicut
1520 2279 1521 2288 ι

193 2319 386 2347 ‘An-Weced·
432 2315 575 2352 dictum
605 2322 662 2351 est
679 2314 711 2351 ³¹².
741 2315 844 2362 Ergo
875 2313 1022 2350 donum
1053 2313 1198 2350 consilii
1226 2324 1306 2350 non
1332 2313 1497 2361 pertinet
1520 2309 1522 2356 ἶ

432 2368 480 2406 ad
507 2368 689 2405 virtutem
716 2365 955 2416 prudentiae.

487 2422 561 2458 SED
582 2432 729 2458 CONTRA
749 2432 816 2457 EST
843 2420 949 2468 quod
978 2419 1126 2456 donum
1156 2417 1301 2455 consilii
1323 2426 1379 2454 est
1398 2418 1497 2455 circa

434 2486 478 2511 ea
507 2486 606 2522 quae
639 2481 727 2511 sunt
758 2474 906 2521 agenda
938 2479 1095 2522 propter
1121 2472 1251 2509 finem.
1292 2471 1367 2508 Sed
1398 2471 1522 2525 circa,

432 2528 528 2564 haec
549 2527 662 2564 etiam
683 2534 738 2564 est
755 2526 969 2575 prudentia.
999 2526 1101 2573 Ergo
1132 2524 1202 2562 sibi
1227 2524 1393 2561 invicem
1414 2536 1496 2560 cor-
1521 2531 1523 2570 ᾗ

433 2581 677 2629 respondent.

486 2634 713 2670 RESPONDEO
729 2644 913 2669 DICENDUM
934 2631 1041 2680 quod
1055 2629 1283 2680 principium
1305 2630 1495 2667 motivum

487 2767 513 2800 α)
532 2766 568 2791 ad
582 2765 712 2798 superius.
720 2779 738 2784 -
748 2765 818 2797 quod
832 2767 953 2790 movetur
965 2764 1002 2789 ad
1011 2764 1133 2796 superius
1143 2767 1169 2789 et
1183 2765 1301 2797 refertur
1311 2763 1337 2788 in
1352 2763 1436 2795 ipsum
1447 2763 1494 2787 Pa.

551 1169 557 1173 f
586 1154 607 1192 ἦ
641 1148 787 1185 nienter
802 1148 930 1185 virtuti
954 1147 1188 1197 prudentiae.
1212 1147 1369 1183 Inferius
1390 1146 1491 1183 enim
1517 1142 1518 1175 ἶ

1517 1052 1519 1062 ’
1542 1040 1698 1077 inferius
1717 1039 1924 1089 praecipue
1944 1039 2147 1076 adiuvatur
2172 1046 2208 1075 et
2226 1038 2422 1088 perficitur
2446 1051 2515 1087 per
2533 1039 2609 1075 hoc

1517 1086 1518 1130 ἷ
1545 1092 1652 1140 quod
1670 1100 1850 1130 movetur
1869 1105 1891 1129 a
1910 1092 2097 1140 superiori
2117 1092 2265 1129 motivo
2286 1091 2490 1140 principio:
2514 1091 2610 1128 sicut

1546 1158 1685 1194 corpus
1714 1145 1752 1181 in
1780 1145 1856 1181 hoc
1884 1145 1990 1193 quod
2018 1151 2197 1181 movetur
2224 1157 2247 1181 a
2274 1144 2418 1193 spiritu.
2449 1144 2610 1181 Manife-

1517 1178 1518 1244 1
1545 1206 1646 1235 stum
1667 1205 1724 1234 est
1743 1205 1871 1234 autem
1901 1197 2006 1245 quod
2030 1196 2216 1234 rectitudo
2241 1196 2397 1234 rationis
2415 1198 2609 1234 humanae

1517 1247 1518 1293 ζ
1545 1258 1791 1300 comparatur
1805 1250 1854 1287 ad
1869 1250 2057 1287 rationem
2077 1249 2247 1286 divinam
2267 1249 2363 1286 sicut
2380 1250 2609 1299 principium

1544 1304 1736 1341 motivum
1765 1303 1918 1340 inferius
1951 1303 1999 1340 ad
2033 1302 2208 1351 superius
2228 1307 2261 1338 ²:
2292 1301 2387 1339 ratio
2418 1302 2520 1339 enim
2549 1315 2611 1339 ae-

1517 1390 1518 1396 ,
1543 1364 1650 1394 terna
1679 1364 1736 1394 est
1763 1368 1945 1405 suprema
1973 1356 2102 1404 regula
2127 1355 2252 1392 omnis
2280 1356 2475 1392 humanae
2503 1355 2611 1392 recti-

1516 1399 1518 1451 ἶ
1544 1410 1698 1447 tudinis.
1729 1410 1778 1446 Et
1806 1409 1894 1446 ideo
1922 1407 2139 1458 prudentia,
2170 1420 2268 1457 quae
2296 1407 2478 1457 importat
2504 1407 2611 1446 recti-

1517 1457 1518 1500 Ῑ
1544 1463 1718 1500 tudinem
1747 1462 1922 1509 rationis,
1961 1462 2129 1499 maxime
2161 1461 2358 1510 perficitur
2392 1467 2429 1498 et
2460 1460 2612 1498 iuvatur

1517 1547 1518 1577 1
1545 1517 1758 1553 secundum
1786 1515 1892 1565 quod
1921 1516 2112 1563 regulatur
2144 1522 2181 1552 et
2208 1521 2385 1551 movetur
2417 1526 2441 1551 a
2469 1513 2612 1563 Spiritu

1517 1610 1518 1620 γ
1546 1571 1699 1607 Sancto.
1730 1569 1848 1617 Quod
1875 1568 2039 1618 pertinet
2066 1568 2115 1605 ad
2141 1569 2287 1606 donum
2317 1567 2475 1614 consilii,
2494 1574 2538 1604 ut
2556 1567 2613 1605 di-

1517 1624 1519 1627 “
1545 1630 1649 1660 ctum
1670 1629 1725 1659 est
1742 1621 1773 1659 ²⁸.
1803 1621 1917 1659 Unde
1946 1621 2094 1659 donum
2123 1620 2267 1658 consilii
2296 1620 2504 1669 respondet
2522 1630 2612 1670 pru-

1547 1675 1716 1721 dentiae,
1745 1675 1843 1712 sicut
1869 1675 1992 1723 ipsam
2021 1674 2208 1711 adiuvans
2233 1681 2270 1710 et
2287 1673 2503 1722 perficiens.

1598 1730 1657 1765 An
1690 1740 1828 1765 Panium
1865 1739 1963 1764 ERGO
2001 1731 2187 1764 mer-,unum
2223 1726 2330 1776 quod
2367 1726 2537 1764 iudicare
2575 1733 2614 1764 et

1545 1781 1766 1830 praecipere
1794 1793 1874 1817 non
1900 1788 1955 1817 est
1982 1780 2090 1826 moti,
2115 1780 2184 1816 sed
2212 1779 2415 1817 moventis.
2446 1780 2496 1816 Et
2522 1779 2612 1828 quia

1545 1834 1583 1871 in
1613 1834 1724 1871 donis
1762 1833 1923 1882 Spiritus
1953 1832 2081 1870 Sancti
2114 1843 2224 1869 mens
2252 1833 2424 1869 humana
2461 1844 2541 1869 non
2570 1844 2610 1869 se

1544 1887 1660 1925 habet
1677 1895 1720 1924 ut
1739 1898 1914 1933 movens,
1936 1886 2005 1923 sed
2032 1885 2154 1934 magis
2181 1892 2224 1922 ut
2251 1892 2370 1932 mota,
2389 1891 2432 1922 ut
2460 1896 2575 1934 supra
2590 1884 2613 1906 *

1546 1940 1689 1978 dictum
1719 1947 1793 1985 est3
1822 1939 1911 1977 inde
1941 1947 1997 1976 est
2033 1938 2140 1987 quod
2172 1950 2252 1975 non
2280 1938 2350 1975 fuit
2377 1937 2612 1975 conveniens

1547 1994 1651 2043 quod
1681 1993 1830 2030 donum
1864 1993 2170 2041 correspondens
2202 1990 2428 2040 prudentiae
2459 2001 2613 2040 praece-

1519 2054 1520 2074 1
1545 2054 1656 2097 ptum
1686 2046 1873 2083 diceretur
1899 2045 1961 2083 vel
1990 2045 2185 2093 iudicium,
2212 2045 2279 2082 sed
2308 2043 2522 2090 consilium,
2543 2054 2614 2092 per

1519 2094 1521 2123 ἶ
1546 2100 1651 2149 quod
1678 2106 1805 2148 potest
1833 2098 2036 2147 significari
2066 2097 2187 2135 motio
2216 2097 2355 2134 mentis
2393 2096 2611 2134 consiliatae

1547 2154 1595 2190 ab
1625 2152 1698 2190 alio
1729 2152 1965 2189 consiliante.

1599 2208 1658 2243 Ab
1687 2217 1878 2242 SECUNDUM
1906 2215 2090 2241 DICENDUM
2119 2202 2226 2251 quod
2253 2202 2434 2240 scientiae
2464 2202 2611 2240 donum

1547 2271 1626 2296 non
1645 2258 1787 2296 directe
1807 2258 2014 2306 respondet
2031 2255 2270 2306 prudentiae,
2292 2267 2381 2292 cum
2401 2255 2447 2292 sit
2470 2255 2510 2292 in
2527 2266 2614 2304 spe-

1520 2363 1522 2412 }
1549 2377 1635 2402 earn
1664 2364 1828 2402 adiuvat.
1863 2364 2021 2400 Donum
2050 2369 2180 2399 autem
2209 2361 2356 2398 consilii
2387 2361 2527 2398 directe
2556 2372 2614 2398 re-

1520 2413 1522 2420 ’
1547 2417 1714 2467 spondet
1731 2416 1967 2465 prudentiae,
1984 2415 2081 2452 sicut
2099 2415 2199 2452 circa
2223 2414 2361 2452 eadem
2383 2414 2558 2452 existens.

1601 2472 1660 2506 An
1679 2481 1839 2506 TERTIUM
1859 2480 2044 2506 mOENDUM
2072 2469 2178 2517 quod
2205 2480 2370 2506 movens
2398 2474 2547 2504 motum
2566 2478 2613 2503 ex

1548 2524 1623 2560 hoc
1651 2523 1756 2571 quod
1784 2529 1963 2559 movetur
1989 2528 2135 2559 movet.
2165 2521 2277 2559 Unde
2305 2532 2415 2563 mens
2442 2521 2613 2558 humana

1549 2589 1595 2613 ex
1623 2577 1698 2613 hoc
1725 2576 1808 2625 ipso
1838 2575 1944 2624 quod
1972 2574 2142 2623 dirigitur
2170 2586 2192 2611 a
2221 2574 2361 2623 Spiritu
2390 2566 2545 2621 Sancto,
2569 2573 2614 2610 fit

1521 2661 1523 2673 ,
1546 2637 1684 2679 potens
1713 2628 1874 2677 dirigere
1903 2640 1943 2665 se
1973 2635 2010 2665 et
2038 2628 2146 2665 alios.

1603 2761 1628 2794 β)
1649 2762 1675 2786 in
1695 2761 1866 2794 speculativa.
1880 2774 1899 2780 -
1916 2761 1997 2786 etiam
2011 2760 2175 2793 speculativa
2192 2759 2401 2784 ABEFGlKLsC
2419 2765 2445 2784 et
2462 2767 2507 2792 im,
2521 2766 2613 2792 specu·-

1550 2797 1633 2822 latn‘va
1651 2797 1698 2829 pC,
1718 2797 1745 2821 in
1765 2796 1934 2828 speculativis
1954 2796 2002 2820 Pa.

1107 2878 1440 2911 Commentario.
1462 2875 1713 2909 Cardine-lis
1735 2875 1936 2908 Caietam

463 2970 482 2990 N
507 2959 638 2990 articulo
662 2959 801 2990 secundo
825 2959 949 2989 adverte
973 2958 1061 2999 quod
1085 2957 1170 2988 dona
1193 2957 1280 2987 aliter
1302 2955 1494 2996 respondent

437 2972 570 3034 Ivirtuti
600 3003 812 3043 theologicae,
837 3010 867 3033 et
890 3003 978 3033 aliter
1006 3002 1114 3032 virtuti
1146 3001 1270 3032 morali.
1300 3001 1384 3031 Nam
1409 3000 1494 3030 dona

434 3047 577 3078 medium
599 3053 706 3078 tenent
727 3047 836 3078 locum
859 3047 938 3078 inter
960 3046 1154 3086 theologicas
1177 3052 1208 3076 et
1230 3044 1367 3076 morales
1394 3044 1494 3074 virtu-

433 3099 494 3124 tes:
511 3098 584 3122 sunt
599 3091 683 3122 enim
694 3091 850 3122 nobiliora
865 3090 1048 3127 moralibus,
1064 3091 1119 3121 sed
1135 3089 1331 3130 theologicae
1346 3095 1420 3119 sunt
1436 3097 1494 3118 no-

197 3133 333 3181 [xssssnlffij
345 3138 393 3181 35¹¹·
434 3136 560 3167 biliores
576 3136 662 3176 ipsis,
679 3142 714 3166 ut
730 3146 765 3166 ex
781 3135 965 3176 supradictis
980 3135 997 3154 '¹‘
1013 3141 1107 3175 patet.
1132 3135 1173 3165 Et
1188 3140 1356 3175 propterea
1370 3132 1492 3164 theolo-

267 3176 272 3186 ⁷
435 3180 510 3220 gicis
532 3179 699 3210 virtutibus
723 3179 914 3220 respondent
937 3179 1027 3219 quasi
1044 3187 1174 3219 organa:
1199 3177 1371 3208 moralibus
1387 3183 1494 3207 autem

1547 2955 1638 2996 quasi
1661 2955 1793 2985 formae.
1817 2955 1859 2985 Et
1881 2954 1921 2984 ad
1943 2954 2006 2984 hoc
2028 2954 2257 2984 insinuandum
2281 2955 2402 2984 Auctor
2424 2953 2456 2983 in
2479 2959 2613 2984 tractatu

1546 3000 1608 3030 hoc
1632 2999 1671 3030 de
1694 2999 1871 3039 prudentia,
1888 3008 1970 3039 quae
1984 2998 2126 3039 primum
2139 3005 2224 3030 tenet
2246 2998 2280 3028 in
2302 2997 2477 3028 moralibus
2491 2997 2612 3034 locum,

1547 3044 1738 3084 assignando
1762 3043 1865 3074 eidem
1887 3044 2025 3079 donum,
2050 3053 2117 3073 non
2141 3042 2296 3074 conclusit
2325 3042 2414 3083 quod
2443 3041 2615 3082 respondet

1546 3088 1732 3129 prudentiae
1755 3087 1939 3127 simpliciter
1962 3094 1992 3118 et
2015 3087 2170 3125 absolute,
2191 3087 2246 3117 sed
2269 3086 2398 3123 addidit,
2422 3087 2506 3118 sicut
2520 3085 2612 3117 adiu-

1548 3142 1627 3163 vans
1650 3137 1681 3163 εἰ
1699 3132 1879 3173 perficiens.

1549 2311 1712 2349 culativa
1726 2309 1742 2340 β
1754 2310 1791 2347 ¹¹²:
1813 2311 1881 2348 sed
1900 2310 2112 2347 secundum
2131 2308 2326 2357 quandam
2348 2308 2612 2345 extensionem
2637 2344 2649 2356 ,

2638 1630 2648 1641 '
2661 1629 2730 1658 ibid„
2744 1629 2773 1651 nd
2788 1635 2804 1651 1.

2638 1889 2648 1898 ·
2662 1888 2712 1909 An.
2730 1887 2847 1915 pneced.;

2637 1914 2719 1963 {2:11¹}
2725 1919 2847 1943 qmuvm,
