2892 4056
59 1890 151 1914 'Ven-
165 1897 189 1920 9.

57 3158 237 3186 ‘Ama-dn.

248 1148 255 1154 '
300 1151 442 1190 dictum
476 1159 542 1189 est.

1009 146 1274 193 QUAESTIO
1304 147 1335 192 I,
1365 145 1658 182 ARTICULUS
1686 145 1772 182 VIII

308 236 371 257 una
393 231 475 256 aetas
499 224 654 264 posterior
677 225 791 255 habeat
813 226 958 256 doctores
977 225 1008 254 in
1025 225 1073 255 his
1091 234 1171 265 quae
1195 231 1268 254 sunt
1290 223 1362 254 fidei

306 269 545 311 praestantiores
569 268 674 309 aliqua
698 275 796 300 aetate
819 269 975 305 anteriori,
1002 268 1147 309 quamvis
1170 278 1235 298 non
1259 267 1361 298 omni:

305 320 383 354 puta
412 313 500 354 quod
526 312 560 342 in
583 319 682 343 aetate
705 312 779 343 anni
802 312 960 343 millesimi
984 312 1100 343 fuerint
1127 311 1283 342 doctiores
1307 311 1362 341 do-

306 363 406 388 ctores
433 355 465 386 in
492 355 554 386 fide
577 366 676 396 quam
706 357 736 386 in
762 363 861 387 aetate
885 356 957 386 anni
987 355 1245 395 octingentesimi.
1278 354 1362 392 Quia

305 400 361 431 etsi
384 400 564 440 regulariter
586 399 690 430 divina
714 400 854 431 doctrina
873 400 1021 440 procedat
1035 399 1210 430 secundum
1233 398 1362 439 propin-

303 444 457 484 quitatem
480 444 519 473 ad
544 443 715 480 Christum,
740 454 805 474 non
829 451 934 474 tamen
958 443 1081 482 alligata
1105 449 1150 473 est
1172 442 1362 472 illuminatio

304 488 372 518 eius
395 488 434 518 ad
457 487 601 518 ordinem
623 488 730 518 istum.
755 487 856 519 Cuius
887 487 1014 527 signum
1041 493 1087 516 est
1117 486 1205 526 quod
1228 487 1361 527 Moysen

2429 156 2471 181 21

1418 223 1553 253 creditur
1576 223 1711 254 elevasse
1735 223 1774 253 ad
1797 222 1952 253 visionem
1976 222 2098 252 divinae
2122 222 2286 258 essentiae,
2317 224 2355 252 ad
2379 233 2477 263 quam

1418 267 1543 297 nullum
1559 267 1771 307 posteriorum
1794 267 2087 307 proximiorumque
2111 266 2210 306 magis
2228 266 2354 298 Christo
2379 268 2477 297 credi-

1417 318 1467 340 tur
1490 311 1647 341 elevatum
1661 321 1737 341 esse.
1762 311 1935 351 Nunquam
1957 317 2063 341 tamen
2087 309 2215 341 fuerunt
2237 318 2291 341 aut
2314 317 2405 341 erunt
2421 312 2477 341 do-

1417 354 1527 384 ctiores
1554 364 1651 394 quam
1675 354 1836 395 Apostoli,
1859 355 1939 385 sicut
1961 364 2018 385 nec
2041 353 2255 395 perfectiores:
2283 361 2318 385 ut
2339 361 2426 394 patet
2441 365 2477 385 ex

1415 398 1519 437 glossa
1543 398 1582 428 ad
1604 398 1694 429 Rom.
1711 409 1764 428 vm
1778 399 1804 429 *.
1820 416 1839 420 —
1856 399 1896 430 Et
1911 405 1957 429 est
1980 407 2103 439 semper
2118 408 2222 429 sermo
2239 399 2276 428 de
2292 397 2364 428 fidei
2380 398 2476 429 scien-

1416 442 1459 472 tia
1483 441 1595 477 infusa,
1614 452 1678 472 non
1703 443 1741 472 de
1766 442 1932 482 acquisita:
1965 450 2000 473 ut
2023 449 2109 483 patet
2131 443 2162 472 in
2186 442 2296 478 littera,
2313 442 2367 473 ubi
2390 443 2476 473 Deus

1416 486 1528 516 doctor
1551 492 1581 516 et
1604 495 1708 525 agens,
1734 486 1834 516 homo
1853 496 1927 517 vero
1948 486 2120 527 discipulus
2147 493 2177 517 et
2200 486 2320 527 patiens
2335 486 2474 527 ponitur.

1081 629 1397 672 ARTICULUS
1427 630 1698 672 OCTAVUS

770 723 925 760 UTRUM
949 721 1154 753 ARTICULI
1179 722 1290 752 FIDEI
1317 721 1655 753 CONVENIENTER
1680 722 2007 755 ENUMERENTUR

460 812 491 837 111
510 812 593 841 δοιῇ,
613 812 671 836 dist.
690 818 746 841 xxv,
765 817 811 843 qu.
829 817 847 839 ι,
866 815 913 834 arr
933 816 960 839 ²5
983 808 1447 841 Compend.T}1eol.,cap.ccx1.v1;
1466 809 1499 833 de
1516 810 1576 833 Art.
1595 809 1655 834 Fid.
1675 813 1701 834 et
1719 810 1796 835 Sacr.
1816 811 1899 840 Eccl.;
1920 811 2021 843 Expos.
2048 812 2086 836 1⁶·
2105 812 2192 842 Deera,
2211 820 2267 845 cap.
2285 820 2313 838 11.

343 925 362 936 f„
389 911 394 921 =
417 910 472 936 §.K
484 914 488 922 «
512 901 535 927 t>
551 900 723 926 OCTAVUM
742 900 795 924 sm
810 898 1050 924 PROCEDH'UR.
1079 887 1237 923 Videtur
1256 886 1360 934 quod

329 924 396 968 '²³⁸
432 922 486 985 ’ξ’-’,ἣ
512 941 822 979 inconvenienter
846 940 988 977 articuli
1015 939 1105 976 fidei
1136 951 1360 976 enumeren-

405 1013 437 1036 ς
450 982 502 1043 'ff
511 1001 582 1031 tur.
611 994 669 1030 Ea
693 993 796 1030 enim
816 1005 915 1053 quae
942 999 1103 1051 possunt
1131 991 1275 1028 ratione
1297 992 1360 1028 de-

357 1068 367 1083 0
383 1042 447 1078 ''⁰¹5ss
470 1040 758 1084 &monstrativa
774 1046 857 1083 sciri
873 1057 951 1082 non
966 1044 1153 1104 pertinent
1168 1045 1216 1082 ad
1241 1043 1358 1081 fidem

299 1107 342 1136 ut
378 1092 481 1148 apud
517 1111 654 1137 omnes
683 1104 699 1120 ‘²
728 1099 801 1136 sint
836 1098 1047 1146 credibilia,
1076 1098 1172 1135 sicut
1206 1109 1319 1146 supra
1339 1097 1358 1117 *

591 1152 669 1189 Sed
695 1152 824 1190 Deum
853 1164 934 1189 esse
962 1163 1083 1188 unum
1119 1158 1244 1199 potest
1276 1162 1359 1186 esse

300 1204 436 1242 scitum
449 1217 519 1254 per
535 1205 914 1242 demonstrationem:
935 1204 1038 1241 unde
1055 1211 1089 1240 et
1103 1203 1359 1252 Philosophus

266 1271 274 1309 J
299 1257 431 1296 hoc1n
451 1259 532 1305 Xll
539 1258 753 1307 Metaphys.
774 1257 794 1279 ’¹‘
821 1258 968 1305 probat,
999 1264 1034 1293 et
1053 1256 1160 1293 multi
1188 1256 1248 1293 alii
1275 1255 1357 1304 phi—

271 1319 274 1320 ’
294 1308 451 1359 ΓρεόΡΙιί
469 1311 519 1349 ad
538 1311 612 1348 hoc
628 1310 971 1348 demonstrationes
990 1310 1228 1347 induxerunt.
1256 1309 1356 1357 Ergo

294 1364 428 1402 Deum
457 1376 540 1401 esse
559 1376 680 1401 unum
708 1375 787 1400 non
813 1363 927 1400 debet
952 1362 1044 1410 poni
1063 1374 1163 1399 unus
1182 1361 1357 1399 articulus

298 1415 400 1453 fidei.

311 1493 314 1496 «
352 1480 388 1505 2.
422 1469 663 1515 PRAETEREA,
703 1468 797 1504 sicut
833 1468 879 1504 de
916 1466 1137 1503 necessitate
1174 1466 1263 1503 fidei
1303 1473 1358 1502 est

296 1512 404 1570 ‚quod
432 1521 633 1558 credamus
660 1521 787 1557 Deum
817 1520 1133 1578 omnipotentem,
1163 1519 1214 1556 ita
1243 1519 1356 1555 etiam

295 1573 404 1621 quod
428 1573 629 1610 credamus
655 1585 742 1610 eum
769 1572 899 1609 omnia
919 1572 1099 1610 scientem
1123 1579 1158 1608 et
1178 1572 1356 1608 omnibus

294 1625 582 1676 providentem3
619 1633 656 1662 et
693 1626 791 1663 circa
827 1633 1032 1674 utrumque
1070 1637 1203 1662 eorum
1243 1625 1356 1674 aliqui

292 1686 530 1720 erraverunt.
563 1679 705 1716 Debuit
725 1691 813 1726 ergo
833 1678 928 1716 inter
947 1678 1123 1715 articulos
1156 1677 1245 1714 fidei
1274 1678 1356 1714 fieri

294 1732 440 1777 mentio
473 1732 519 1769 de
547 1731 731 1781 sapientia
764 1739 800 1768 et
827 1731 1065 1780 providentia
1093 1731 1231 1777 divina,
1263 1731 1357 1767 sicut

297 1792 336 1823 et
361 1785 410 1823 de
437 1784 724 1834 omnipotentia.

353 1838 386 1875 3.
408 1838 640 1884 PRAETEREA,
662 1837 798 1874 eadem
819 1844 873 1873 est
893 1836 1023 1873 notitia
1050 1835 1170 1873 Patris
1196 1843 1231 1872 et
1251 1836 1354 1873 Filii:

298 1890 510 1928 secundum
538 1890 630 1927 illud
659 1891 761 1927 Ioan.
782 1902 842 1926 xiv
864 1890 901 1925 *ε
950 1889 1023 1931 Qui
1048 1889 1147 1925 videt
1173 1901 1233 1925 me
1260 1890 1359 1926 videt

297 1949 334 1980 et
348 1944 511 1980 Patrem.
534 1943 635 1990 Ergo
655 1955 754 1980 unus
778 1950 924 1979 tantum
944 1941 1119 1978 articulus
1139 1941 1253 1978 debet
1272 1955 1355 1979 esse

298 1996 344 2035 de
373 1996 484 2033 Patre
513 2003 550 2032 et
578 1995 694 2041 Filio;
716 2003 762 2042 et,
795 1995 929 2032 eadem
958 1994 1115 2042 ratione,
1146 1994 1193 2031 de
1215 1995 1355 2044 Spiritu

296 2049 449 2086 Sancto.

347 2113 385 2148 4.
414 2102 653 2148 PRAETEREA,
682 2112 846 2149 persona
883 2100 1001 2137 Patris
1038 2112 1117 2136 non
1146 2108 1202 2137 est
1229 2100 1355 2138 minor

296 2166 411 2204 quam
437 2153 519 2191 Filii
547 2161 584 2190 et
603 2153 762 2202 Spiritus
783 2153 920 2190 Sancti.
952 2153 1029 2190 Sed
1056 2152 1183 2202 plures
1212 2152 1354 2190 articuli

294 2213 489 2256 ponuntur
515 2206 614 2244 circa
646 2218 852 2255 personam
882 2205 1040 2255 Spiritus
1070 2206 1213 2254 Sancti,
1244 2214 1281 2243 et
1308 2207 1354 2243 si-

296 2258 431 2296 militer
451 2259 549 2296 circa
567 2271 772 2308 personam
801 2258 892 2296 Filii.
923 2259 1025 2307 Ergo
1057 2259 1184 2307 plures
1211 2259 1354 2296 articuli

298 2310 438 2350 debent
463 2310 555 2361 poni
585 2311 683 2349 circa
710 2323 914 2360 personam
943 2311 1073 2349 Patris.

352 2364 385 2402 5.
401 2364 634 2412 PRAETEREA,
655 2364 761 2402 sicuti
775 2376 961 2413 personae
976 2364 1096 2402 Patris
1117 2372 1152 2401 et
1167 2376 1353 2414 personae

297 2417 455 2466 Spiritus
471 2416 598 2454 Sancti
608 2416 750 2465 aliquid
764 2417 1039 2466 appropriatur,
1055 2417 1106 2454 ita
1117 2425 1153 2454 et
1166 2429 1353 2465 personae

297 2469 381 2507 Filii
418 2470 629 2507 secundum
667 2469 914 2507 divinitatem.
952 2469 1039 2507 ,Sed
1076 2470 1115 2505 in
1149 2469 1311 2506 articulis
1338 2468 1354 2499 β

295 2522 448 2572 ponitur
469 2522 624 2571 aliquod
652 2535 747 2571 opus
777 2521 1062 2570 appropriatum
1083 2521 1195 2569 Patri,
1217 2522 1355 2558 scilicet

296 2587 394 2624 opus
423 2575 640 2620 creationis;
671 2583 707 2611 et
726 2574 894 2611 similiter
912 2574 1065 2623 aliquod
1094 2586 1191 2623 opus
1217 2587 1353 2624 appro-

294 2628 458 2677 priatum
490 2627 642 2676 Spiritui
672 2629 824 2673 Sancto,
854 2626 991 2663 scilicet
1010 2627 1114 2675 quod
1141 2627 1285 2663 locutus
1303 2633 1357 2664 est

287 2693 361 2729 per
382 2682 595 2729 prophetas.
643 2681 744 2728 Ergo
775 2679 886 2716 etiarn
924 2679 1019 2716 inter
1055 2679 1231 2716 articulos
1262 2680 1353 2717 fidei

294 2733 408 2771 debet
435 2733 588 2782 aliquod
617 2745 714 2782 opus
749 2730 982 2781 appropriari
1013 2731 1107 2768 Filio
1141 2732 1352 2769 secundum

294 2786 541 2823 divinitatem.

348 2839 383 2874 6.
414 2839 646 2886 PRAETEREA,
676 2844 956 2874 sacramentum
985 2837 1241 2874 Eucharistiae
1269 2850 1352 2886 spe-

296 2890 428 2928 cialem
467 2891 582 2928 habet
609 2889 867 2928 difficultatem
894 2901 985 2939 prae
1015 2889 1140 2927 multis
1175 2890 1349 2927 articulis.

294 2942 395 2992 Ergo
417 2941 464 2981 de
486 2955 530 2980 ea
549 2948 565 2971 Υ
589 2943 719 2981 debuit
736 2942 829 2991 poni
851 2942 1021 2992 specialis
1042 2942 1228 2979 articulus.
1260 2943 1349 2980 Non

293 2995 444 3033 videtur
454 3007 542 3045 ergo
553 2995 658 3045 quod
670 2995 815 3033 articuli
831 2994 1060 3033 sufficienter
1071 3002 1349 3033 enumerentur.

347 3049 420 3085 SED
449 3060 485 3085 IN
504 3059 738 3086 comininum
767 3056 822 3085 est
849 3049 1049 3086 auctoritas
1078 3047 1270 3085 Ecclesiae
1298 3049 1349 3085 sic

295 3101 561 3138 enumerantis.

344 3153 569 3191 Responnsso
601 3164 784 3190 mesanum
813 3153 930 3202 quod,
951 3153 1046 3190 sicut
1074 3152 1215 3191 dictum
1244 3160 1300 3191 est
1318 3154 1348 3202 ¹³,

343 3294 370 3326 α)
389 3300 487 3320 omnes.
505 3307 524 3313 -
542 3293 660 3319 homines
678 3293 708 3319 P.
752 3303 757 3307 ·

342 3328 367 3362 β)
387 3329 517 3354 aniculis.
535 3342 553 3347 -
563 3328 634 3361 fidei
651 3329 720 3353 addit
739 3328 767 3353 P.

341 3365 368 3397 γ)
392 3371 431 3389 ea.
449 3378 468 3383 -
485 3371 515 3389 eo
535 3364 637 3396 Pstx.

341 3398 365 3431 ὃ)
386 3400 520 3425 ducemur.
538 3413 557 3418 -
574 3399 697 3424 ducimur
715 3399 756 3429 1113
776 3402 840 3424 et...
859 3402 995 3424 aeternam
1014 3407 1067 3424 om.
1087 3400 1117 3424 A.

341 3435 364 3466 ε)
384 3435 428 3460 ibi.
446 3448 464 3453 -
483 3435 544 3460 Om.
560 3434 671 3460 PABFa.
685 3448 704 3453 -
718 3434 767 3459 Pro
777 3438 975 3466 proponuntur,
985 3438 1171 3467 proponentur
1186 3435 1347 3467 BEGHLpR.

1418 885 1476 922 illa
1514 898 1580 934 per
1613 899 1653 923 se
1680 888 1867 935 pertinent
1903 889 1951 926 ad
1979 889 2097 926 fidem
2127 902 2289 938 quorum
2324 891 2470 929 visione

1416 938 1454 975 in
1473 938 1551 975 vita
1571 947 1723 976 aeterna
1742 942 1991 988 perfruemur
2014 949 2049 978 et
2066 954 2135 990 per
2149 955 2247 991 quae
2263 942 2470 981 ducemur⁶

1416 990 1454 1027 in
1468 991 1584 1028 vitam
1601 999 1802 1029 aeternam.
1834 994 1921 1029 Duo
1937 1001 2063 1030 autem
2082 995 2192 1032 nobis
2207 996 2284 1032 ibi‘
2303 996 2470 1035 videnda

1416 1052 1701 1092 proponuntur:
1738 1045 1876 1082 scilicet
1904 1047 2093 1083 occultum
2123 1048 2334 1097 divinitatis,
2365 1050 2469 1087 cuius

1413 1095 1510 1133 visio
1538 1109 1609 1134 nos
1633 1098 1766 1135 beatos
1785 1099 1890 1143 faeit;
1921 1107 1956 1135 et
1975 1100 2196 1147 mysterium
2229 1102 2468 1140 humanitatis

1415 1149 1562 1197 Christi,
1581 1162 1650 1198 per
1666 1163 1781 1199 quem
1802 1150 1814 1175 ζ
1834 1164 1870 1187 ιη
1884 1151 2049 1200 gloriam
2063 1153 2238 1200 filiorum
2257 1155 2332 1191 Dei
2347 1167 2469 1192 acces-

1412 1214 1495 1238 sum
1523 1204 1713 1250 habemus,
1742 1212 1784 1240 ut
1812 1204 1946 1241 dicitur
1972 1206 2023 1241 ad
2047 1207 2159 1242 Rom.
2180 1218 2203 1242 v
2221 1206 2250 1242 ³¹².
2283 1207 2391 1244 Unde
2416 1208 2469 1245 di-

1411 1315 1597 1356 gnoscant
1610 1315 1654 1355 te,
1674 1310 1799 1346 Deum
1818 1321 1948 1347 verum
1961 1315 1991 1358 η,
2007 1316 2044 1347 et
2059 1323 2168 1359 quem
2193 1312 2324 1349 misisti
2340 1314 2465 1350 Iesum

1417 1361 1615 1398 Christum.
1664 1362 1713 1398 Et
1741 1362 1826 1399 ideo
1854 1363 1979 1411 prima
2007 1363 2194 1401 distinctio
2233 1365 2466 1403 credibilium

1413 1420 1467 1449 est
1495 1414 1600 1461 quod
1627 1414 1818 1461 quaedam
1851 1416 2038 1463 pertinent
2074 1418 2121 1454 ad
2149 1417 2384 1454 maiestatem
2414 1419 2466 1455 di-

1410 1465 1592 1512 vinitatis;
1623 1467 1811 1514 quaedam
1835 1479 1928 1504 vero
1955 1468 2142 1516 pertinent
2170 1469 2217 1506 ad
2245 1471 2466 1518 mysterium

1412 1519 1653 1556 humanitatis
1689 1519 1836 1566 Christi,
1867 1520 1971 1569 quod
2000 1528 2054 1557 est
2077 1522 2223 1569 pietatis
2254 1535 2467 1560 sacramen-

1411 1577 1501 1617 tum,
1532 1579 1572 1608 ut
1600 1571 1733 1608 dicitur
1762 1573 1775 1608 1
1805 1573 1856 1609 ad
1886 1573 1979 1610 Tim.
2002 1586 2036 1610 111
2057 1575 2088 1610 ⁴⁵.

1465 1624 1574 1661 Circa
1602 1624 1836 1662 maiestatem
1874 1633 1999 1662 autem
2029 1626 2229 1663 divinitatis
2261 1628 2329 1664 tria
2357 1628 2466 1665 nobis

1412 1677 1600 1714 credenda
1622 1686 1898 1726 proponuntur.
1929 1679 2057 1716 Primo
2084 1680 2251 1727 quidem,
2271 1681 2394 1718 unitas
2413 1681 2466 1719 di-

1410 1730 1594 1767 vinitatis:
1639 1738 1674 1767 et
1710 1730 1757 1767 ad
1794 1731 1869 1768 hoc
1904 1732 2062 1780 pertinet
2098 1732 2242 1781 primus
2277 1733 2463 1772 articulus.

1412 1783 1611 1831 Secundo,
1640 1783 1782 1820 trinitas
1817 1785 2092 1822 Personarum:
2132 1793 2167 1822 et
2196 1786 2242 1822 de
2270 1786 2344 1823 hoc
2380 1795 2467 1824 sunt

1410 1843 1483 1872 tres
1503 1836 1645 1873 articuli
1670 1837 1880 1874 secundum
1900 1845 1975 1874 tres
1993 1838 2192 1875 Personas.
2222 1839 2351 1876 Tertio
2371 1851 2464 1877 vero

1410 1897 1674 1938 proponuntur
1693 1889 1800 1926 nobis
1821 1901 1937 1938 opera
1953 1890 2154 1927 divinitatis
2173 1892 2335 1939 propria.
2359 1893 2464 1939 Quo-

1411 1954 1495 1978 rum
1531 1942 1699 1990 primum
1736 1942 1895 1990 pertinet
1932 1943 1980 1979 ad
2016 1955 2098 1979 esse
2135 1951 2310 1980 naturae:
2350 1952 2385 1981 et
2412 1946 2465 1982 sic

1409 1995 1634 2043 proponitur
1652 1995 1761 2031 nobis
1791 1995 1964 2032 aniculus
1993 1996 2202 2033 creationis.
2244 1997 2463 2035 Secundum

1409 2060 1501 2084 vero
1522 2047 1682 2096 pertinet
1706 2048 1754 2084 ad
1775 2060 1858 2084 esse
1876 2048 2036 2095 gratiae:
2067 2056 2103 2085 et
2126 2049 2178 2085 sic
2200 2059 2465 2098 proponuntur

1410 2100 1520 2138 nobis
1545 2101 1614 2137 sub
1634 2113 1712 2138 uno
1733 2101 1888 2138 articulo
1909 2101 2035 2138 omnia
2062 2102 2285 2149 pertinentia
2309 2104 2355 2140 ad
2379 2116 2463 2140 san-

1411 2153 1676 2190 ctificationem
1705 2154 1926 2190 humanam.
1974 2154 2146 2191 Tertium
2174 2167 2267 2191 vero
2304 2157 2464 2203 pertinet

1409 2207 1458 2243 ad
1487 2218 1568 2242 esse
1596 2206 1757 2254 gloriae:
1796 2213 1832 2242 et
1859 2206 1912 2242 sic
1946 2207 2101 2254 ponitur
2119 2205 2132 2227 ⁰
2161 2207 2252 2243 alius
2289 2208 2463 2247 articulus

1410 2259 1456 2296 de
1486 2259 1758 2296 resurrectione
1788 2259 1908 2296 carnis
1929 2266 1964 2295 et
1983 2260 2029 2296 de
2048 2259 2126 2296 vita
2146 2267 2308 2297 aeterna.
2338 2261 2387 2298 Et
2413 2262 2462 2299 ita

1409 2319 1496 2349 sunt
1529 2319 1674 2360 septem
1705 2311 1847 2349 articuli
1883 2312 1931 2349 ad
1960 2311 2192 2349 divinitatem
2220 2313 2461 2362 pertinentes.

1463 2364 1641 2401 Similiter
1661 2364 1773 2401 etiam
1803 2364 1901 2402 circa
1932 2365 2205 2402 humanitatem
2236 2366 2372 2403 Christi
2395 2380 2463 2416 po-

1409 2425 1549 2454 nuntur
1581 2425 1727 2466 septem
1762 2417 1915 2454 articuli.
1951 2418 2128 2464 Quorum
2160 2418 2304 2466 primus
2333 2427 2388 2456 est
2414 2420 2461 2457 de

1409 2470 1666 2506 incarnatione
1686 2470 1766 2507 sive
1794 2471 1842 2507 de
1870 2471 2119 2518 conceptione
2140 2471 2297 2517 Christi;
2327 2484 2459 2509 secun—

1410 2522 1479 2559 dus
1517 2522 1564 2558 de
1598 2522 1790 2558 nativitate
1832 2522 1910 2558 eius
1947 2535 1992 2559 ex
2033 2523 2205 2570 Virgine3
2244 2524 2371 2561 tertius
2414 2525 2460 2562 de

1407 2573 1584 2623 passione
1614 2574 1692 2610 eius
1713 2582 1749 2610 et
1777 2582 1898 2611 morte
1928 2582 1963 2611 et
1991 2577 2198 2623 sepultura;
2229 2584 2381 2624 quartus
2406 2586 2461 2614 est

1408 2627 1455 2664 de
1484 2626 1668 2663 descensu
1697 2628 1745 2663 ad
1773 2627 1930 2671 inferos3
1961 2627 2111 2675 quintus
2140 2636 2195 2664 est
2223 2629 2269 2665 de
2299 2642 2460 2666 resurre-

1409 2680 1551 2724 ctione;
1591 2687 1716 2716 sextus
1752 2679 1799 2716 de
1828 2679 2068 2726 ascensione;
2103 2681 2284 2728 septimus
2318 2682 2364 2718 de
2393 2684 2457 2720 ad-

1407 2740 1524 2769 ventu
1553 2731 1602 2768 ad
1631 2731 1823 2769 iudicium.
1854 2732 1902 2768 Et
1930 2732 1982 2768 sic
2010 2732 2046 2769 in
2065 2733 2242 2770 universo
2263 2742 2349 2771 sunt
2367 2747 2457 2782 qua-

1407 2785 1627 2822 tuordecim.

1461 2838 1628 2884 Quidam
1654 2845 1781 2874 tamen
1802 2837 2030 2886 distinguunt
2054 2838 2256 2876 duodecim
2285 2839 2459 2877 articulos

1407 2891 1508 2938 fidei,
1539 2902 1603 2927 sex
1632 2890 1860 2938 pertinentes
1889 2890 1936 2926 ad
1962 2890 2194 2928 divinitatem
2224 2899 2261 2929 et
2287 2904 2352 2929 sex
2376 2905 2459 2942 per-

1406 2943 1565 2980 tinentes
1604 2942 1652 2980 ad
1689 2942 1973 2980 humanitatem.
2021 2943 2118 2980 Tres
2155 2943 2255 2981 enim
2284 2945 2459 2982 articulos

1406 2996 1519 3033 trium
1539 2997 1793 3032 Personarum
1814 2995 2140 3045 comprehendunt
2154 2997 2224 3034 sub
2243 3009 2342 3035 uno:
2373 2998 2459 3047 quia

1407 3049 1540 3087 eadem
1563 3055 1617 3085 est
1636 3047 1797 3096 cognitio
1823 3048 1934 3085 trium
1953 3049 2221 3087 Personarum.
2250 3050 2459 3087 Articulum

1406 3114 1498 3139 vero
1528 3103 1574 3139 de
1595 3113 1709 3151 opere
1738 3100 2016 3148 glorificationis
2045 3102 2274 3150 distinguunt
2292 3102 2329 3140 in
2350 3103 2457 3150 duos,

1405 3154 1544 3191 scilicet
1571 3153 1609 3191 in
1637 3153 1951 3192 resurrectionem
1981 3155 2101 3192 carnis
2130 3162 2166 3192 et
2191 3154 2351 3203 gloriam
2381 3155 2458 3193 ani-

1454 3294 1480 3329 ζ)
1494 3302 1547 3327 per
1565 3302 1648 3327 quem.
1662 3308 1681 3313 -
1694 3294 1757 3326 quia
1765 3301 1817 3326 per
1822 3294 1905 3327 fidem
1918 3295 1949 3326 G,
1961 3301 2012 3327 per
2024 3302 2099 3327 quem
2114 3295 2192 3319 ettam
2212 3295 2255 3323 ΗῙ,
2264 3301 2316 3326 per
2328 3295 2400 3328 quod
2411 3295 2457 3320 Pa.

1455 3331 1481 3362 η)
1502 3331 1588 3355 Deum
1604 3337 1703 3354 verum.
1714 3343 1732 3348 -
1748 3329 1832 3354 Deum
1848 3337 1938 3354 uerum
1953 3338 2032 3355 unum
2048 3330 2174 3362 ABCFpE
2190 3335 2215 3354 et
2227 3337 2253 3358 R,
2265 3337 2354 3354 verum
2370 3330 2455 3355 Deum

1403 3372 1483 3390 unum
1503 3365 1542 3395 G,
1562 3366 1645 3390 solum
1676 3365 1761 3389 Deum
1787 3372 1876 3390 verum
1896 3366 1917 3390 Κ
1930 3383 1935 3394 ,
1966 3366 2049 3390 Deum
2080 3373 2159 3389 unum
2188 3372 2278 3389 verum
2306 3366 2325 3389 L
2337 3383 2343 3394 ‚
2370 3365 2455 3390 Deum

1402 3408 1481 3468 “nug
1492 3407 1613 3468 gignitur.
1633 3448 1651 3454 —
1667 3435 1830 3467 proponitur
1849 3435 1921 3460 nobis
1941 3436 1987 3460 Pa.

2504 401 2512 409 ·
2524 399 2577 421 Vid.
2589 406 2634 427 arg.
2645 407 2669 427 4.

2593 1154 2608 1183 t

2495 1216 2503 1224 ·
2520 1214 2586 1236 Vers.
2601 1221 2621 1236 2.

1414 1255 1507 1291 citur
1535 1257 1638 1292 Ioan.
1659 1268 1730 1293 xvn
1750 1256 1784 1293 *ε
1822 1258 1934 1294 Haec
1966 1263 2020 1294 est
2044 1258 2120 1296 vita
2148 1265 2312 1304 aeterna,
2343 1266 2383 1296 ut
2409 1272 2467 1297 co·
2494 1272 2502 1280 ·

2518 1271 2586 1293 Vers.
2599 1277 2619 1299 3.

2591 1311 2606 1333 ’l

2494 1573 2502 1581 ·
2518 1571 2583 1593 Vers.
2600 1572 2631 1593 16.
