2892 4056
187 300 398 327 ⁸Qu.xxx1v‚art.6.

183 873 394 894 ·Cf.Atex.1-1alens.

182 900 246 920 Sum.
254 900 394 927 Theotparr.

182 926 218 950 Π,
247 933 286 953 qu.
313 932 392 953 cxciv,

183 953 268 973 memb.
282 960 305 978 4.

183 980 203 990 ⁸⁸
224 979 347 1000 Comment.
369 979 392 999 in

183 1006 250 1053 Dggt.
271 1012 320 1032 cap.
343 1011 393 1026 xvi.

183 1035 189 1042 ·
233 1032 264 1053 id.

179 1345 189 1355 ⁸
204 1345 259 1366 Loc.
275 1345 311 1366 cit.

179 1403 188 1413 ⁸
204 1402 238 1424 Cf.
254 1409 301 1429 arg.
316 1409 336 1423 2.

180 1453 188 1462 ⁸
201 1451 223 1472 1⁰
234 1451 287 1477 11²0,
301 1456 388 1479 quaest.

178 1484 271 1504 Lxxxw,
284 1482 325 1499 art.
335 1485 355 1506 3,
366 1486 390 1505 4.

179 1612 189 1622 ⁸
205 1613 232 1634 D.
248 1619 298 1641 30²·

176 1925 185 1935 ⁸
200 1926 252 1947 Art.
269 1931 284 1947 r.

177 2461 186 2470 ⁸
203 2460 260 2487 Cap.
280 2466 306 2486 v,
323 2465 346 2479 n.
362 2464 388 2484 2;

246 2492 281 2511 vi,
301 2492 324 2507 n.
339 2492 361 2510 4·
378 2496 388 2501 -

177 2493 252 2535 gipfh.
265 2514 316 2534 lect.
326 2519 347 2538 v,
357 2518 388 2533 v1.

178 2834 230 2855 *Ca
251 2850 256 2855 .
276 2841 289 2854 ν
302 2850 307 2857 .

178 2867 196 2882 s.
207 2841 253 2891 Tg.

179 2887 327 2911 Cf.1=b.V11,
339 2893 364 2908 ca
385 2903 388 2907 .

178 2920 225 2938 xvi.
238 2920 260 2935 n.
273 2920 295 2941 5:
312 2920 331 2935 s.
344 2913 364 2934 Τ
384 2929 390 2934 .

178 2941 231 2961 lect.
246 2946 292 2961 xiv.

268 2861 320 2881 lect.
337 2866 367 2881 ix.
380 2871 389 2875 -

427 217 501 252 288

427 303 471 327 ex
501 291 655 338 invidia,
686 299 727 327 ut
755 303 868 338 supra
887 290 906 311 '³‘
927 290 1067 326 dictum
1097 296 1163 325 est.
1194 289 1333 326 Malitia
1359 298 1486 327 autem

426 351 482 380 est
501 356 619 391 genus
639 344 685 380 ad
707 343 836 379 onmia
854 343 957 388 vitia,
968 350 1004 378 et
1020 341 1191 378 similiter
1208 342 1359 389 vagatio
1380 355 1486 379 men-

425 396 470 433 tis
491 397 589 433 circa
608 396 742 442 illicita,
761 403 796 431 et
815 394 828 424 β
848 395 886 431 in
906 394 1084 430 omnibus
1103 393 1202 430 vitiis
1231 394 1484 432 inveniuntur.

426 450 580 497 Torpor
599 457 726 484 autem
756 449 854 483 circa
882 454 1085 494 praecepta
1113 446 1215 483 idem
1234 447 1386 484 videtur
1405 459 1485 484 esse

425 502 530 550 quod
559 501 699 537 acedia.
730 499 1023 535 Pusillanimitas
1052 506 1180 535 autem
1210 507 1246 535 et
1273 500 1485 548 desperatio

425 566 470 590 ex
486 554 789 602 quibuscumque
804 551 967 600 peccatis
984 551 1070 587 oriri
1090 559 1263 600 possunt.
1286 553 1377 588 Non
1398 565 1486 600 ergo

425 606 695 643 convenienter
717 605 871 652 ponitur
891 604 1024 640 acedia
1050 616 1132 640 esse
1152 604 1288 641 vitium
1315 605 1486 653 capitale.

479 660 511 695 3.
535 660 766 709 PRAETEtzEA,
789 656 969 703 Isidorus,
994 656 1032 692 in
1052 657 1148 693 libro
1169 658 1214 693 de
1233 658 1389 694 Summo
1413 659 1487 694 Bo—

423 723 483 756 no,
513 709 704 757 distinguit
730 709 866 746 vitium
896 709 1051 745 acediae
1072 721 1094 745 a
1113 709 1205 746 vitio
1234 709 1414 757 tristitiae,
1435 710 1488 748 di-

423 775 511 799 cens
530 763 715 799 tristitiam
733 774 813 798 esse
829 762 1055 810 inquantum
1077 762 1219 799 recedit
1235 775 1256 799 a
1272 763 1436 810 graviori
1452 773 1487 800 et

421 815 612 852 laborioso
633 815 682 852 ad
698 816 800 863 quod
821 822 985 861 tenetur;
1007 814 1180 852 acediam
1201 815 1426 864 inquantum
1445 829 1485 853 se

422 868 607 904 convertit
635 867 683 904 ad
712 867 880 916 quietem
909 867 1119 904 indebitam
1136 869 1167 905 ³².
1197 869 1247 905 Et
1267 868 1354 905 dicit
1372 869 1413 891 ’¹³³⁸
1439 870 1485 907 de

421 921 563 957 tristitia
591 920 679 957 oriri
707 932 923 966 rancorem,
946 920 1312 968 pusillanimitatem,
1344 923 1485 959 amari-

420 973 603 1019 tudinem,
642 973 954 1021 desperationem:
994 974 1040 1010 de
1075 974 1207 1012 acedia
1234 987 1330 1012 vero
1360 975 1448 1012 dicit
1466 976 1486 998 ’¹‘

420 1026 509 1062 oriri
536 1033 704 1075 septem,
744 1038 842 1074 quae
876 1033 962 1062 sunt
995 1026 1178 1073 otiositas,
1216 1028 1483 1075 somnolentia,

419 1079 681 1127 importunitas
709 1079 857 1125 mentis,
887 1079 1102 1127 inquietudo
1121 1085 1137 1108 Υ
1157 1081 1342 1129 corporis,
1372 1082 1484 1118 insta-

418 1132 551 1178 bilitas,
580 1131 797 1178 verbositas,
827 1132 1036 1168 curiositas.
1067 1133 1170 1180 Ergo
1199 1133 1353 1170 videtur
1381 1136 1482 1182 quod

417 1185 479 1221 vel
509 1196 531 1220 a
560 1184 746 1232 Gregorio
783 1185 846 1221 vel
875 1185 923 1221 ab
954 1185 1100 1221 Isidoro
1138 1186 1239 1222 male
1277 1185 1486 1233 assignetur

418 1237 551 1273 acedia
577 1237 713 1273 vitium
744 1237 902 1285 capitale
933 1249 1021 1273 curn
1050 1237 1127 1274 suis
1155 1238 1319 1274 filiabus.

471 1290 545 1326 SED
575 1301 722 1327 CONTRA
746 1302 812 1326 EST
840 1290 946 1338 quod
976 1290 1183 1337 Gregorius
1202 1288 1216 1312 ὅ
1237 1290 1336 1338 dicit,
1357 1292 1482 1328 XXXI

415 1343 560 1379 Moral.
584 1343 619 1390 ²¹¹,
641 1342 815 1379 acediam
845 1354 927 1379 esse
950 1342 1086 1379 vitium
1107 1343 1266 1391 capitale
1287 1351 1322 1380 et
1341 1344 1483 1381 habere

415 1396 628 1444 praedictas
656 1396 754 1431 filias
773 1395 805 1431 ²¹².

470 1450 696 1485 RESPONDEO
715 1460 901 1485 chENDuM
921 1448 1039 1496 quod,
1060 1448 1157 1485 sicut
1175 1461 1291 1497 supra
1304 1448 1325 1470 '¹‘
1341 1449 1483 1487 dietum

417 1509 483 1549 est,
503 1502 637 1538 vitium
659 1501 816 1549 capitale
838 1501 972 1538 dicitur
986 1505 998 1521 ⁵
1019 1513 1064 1537 ex
1084 1514 1163 1549 quo
1182 1509 1408 1551 promptum
1430 1511 1485 1540 est

416 1561 456 1590 ut
484 1554 555 1591 alia
579 1553 669 1591 vitia
697 1554 866 1591 oriantur
894 1553 1107 1591 secundum
1137 1555 1325 1592 rationem
1348 1568 1484 1593 causae

415 1607 539 1644 finalis
559 1607 589 1644 ³¹⁶.
635 1606 738 1643 Sicut
766 1614 893 1643 autem
922 1607 1101 1644 homines
1130 1609 1249 1645 multa
1278 1617 1485 1657 operantur

415 1668 570 1709 propter
589 1660 893 1707 delectationem,
914 1669 995 1698 turn
1026 1668 1067 1697 ut
1094 1660 1216 1709 ipsam
1247 1674 1484 1710 consequan-

415 1721 486 1760 tur,
515 1721 597 1749 tum
627 1713 740 1749 etiam
772 1725 816 1749 ex
846 1713 927 1750 eius
956 1712 1102 1761 impetu
1132 1715 1181 1750 ad
1200 1714 1342 1762 aliquid
1371 1727 1484 1763 agen-

416 1766 507 1803 dum
526 1765 711 1814 permoti;
741 1765 791 1802 ita
821 1765 934 1802 etiam
962 1773 1121 1814 propter
1149 1766 1335 1803 tristitiam
1364 1769 1483 1805 multa

415 1826 631 1867 operantur,
652 1818 715 1854 vel
734 1825 775 1854 ut
795 1818 917 1866 ipsam
940 1818 1094 1866 evitent,
1115 1821 1177 1856 vel
1199 1832 1244 1856 ex
1259 1819 1271 1845 t
1287 1820 1368 1856 eius
1386 1833 1483 1869 pon-

415 1872 504 1908 dere
544 1872 580 1907 in
615 1870 741 1918 aliqua
777 1872 924 1918 agenda
960 1879 1200 1921 proruentes.
1243 1873 1355 1910 Unde
1394 1886 1480 1910 cum

415 1923 546 1961 acedia
566 1923 612 1960 sit
629 1923 775 1960 tristitia
795 1925 1002 1972 quaedam,
1022 1932 1064 1961 ut
1083 1937 1197 1974 supra
1211 1925 1232 1947 '¹‘
1251 1926 1392 1963 dictum
1415 1934 1480 1974 est,

415 1976 688 2014 convenienter
714 1977 868 2025 ponitur
895 1978 1030 2014 vitium
1060 1978 1231 2027 capitale.

467 2032 526 2066 An
546 2041 683 2066 PRlMUM
711 2041 809 2066 ERGO
830 2042 1016 2068 DICENDUM
1046 2031 1151 2080 quod
1180 2031 1324 2078 acedia,
1354 2044 1483 2080 aggra-

413 2083 543 2120 vando
573 2082 756 2129 animum,
778 2083 938 2132 impedit
964 2084 1165 2121 hominem
1195 2084 1243 2121 ab
1262 2084 1332 2121 illis
1353 2090 1371 2112 ⁷¹
1392 2097 1482 2134 ope-

415 2135 516 2172 ribus
545 2147 643 2184 quae
672 2135 858 2172 tristitiam
887 2144 1057 2174 causant.
1088 2137 1166 2174 Sed
1186 2145 1315 2174 tamen
1339 2137 1482 2175 inducit

414 2188 586 2226 animum
608 2189 655 2225 ad
676 2188 801 2237 aliqua
830 2190 977 2236 agenda
995 2190 1058 2227 vel
1088 2202 1188 2239 quae
1208 2198 1295 2227 sunt
1313 2190 1481 2228 tristitiae

416 2253 598 2288 consona,
623 2241 719 2277 sicut
746 2242 794 2278 ad
823 2243 1076 2291 plorandum3
1105 2244 1169 2280 vel
1199 2243 1310 2280 etiam
1341 2244 1389 2281 ad
1418 2244 1482 2280 ali—

415 2307 491 2344 qua
518 2306 586 2342 per
615 2306 713 2343 quae
741 2295 886 2331 tristitia
916 2295 1088 2332 evitatur.

469 2349 526 2383 AD
555 2358 745 2384 SECUNDUM
765 2359 950 2385 DicENDUM
979 2348 1084 2397 quod
1105 2348 1312 2396 Gregorius
1342 2361 1480 2386 conve-

416 2400 561 2436 nienter
580 2400 742 2447 assignat
764 2400 861 2437 filias
881 2401 1047 2438 acediae.
1079 2401 1180 2447 Quia
1201 2401 1315 2449 enim,
1335 2409 1376 2438 ut
1396 2402 1482 2438 Phi-

415 2453 598 2501 losophus
619 2452 716 2498 dicit,
736 2453 774 2489 in
795 2454 880 2490 VIII
901 2455 1021 2490 Ethic.
1042 2453 1076 2499 ²¹⁶,
1105 2454 1228 2490 nullus
1256 2455 1319 2490 diu
1343 2456 1483 2503 absque

415 2506 655 2542 delectatione
675 2511 798 2553 potest
824 2518 979 2543 manere
1007 2518 1092 2543 cum
1122 2507 1288 2552 tristitia,
1327 2519 1481 2543 necesse

416 2565 472 2595 est
490 2559 596 2606 quod
616 2570 660 2594 ex
679 2558 822 2595 tristitia
841 2559 982 2607 aliquid
1003 2558 1204 2607 dupliciter
1222 2559 1382 2596 oriatur:
1403 2572 1481 2597 uno

417 2611 555 2658 modo,
594 2618 635 2647 ut
662 2611 782 2648 homo
812 2612 964 2649 recedat
992 2624 1014 2648 a
1043 2611 1369 2657 contristantibus3
1408 2613 1481 2650 alio

417 2663 553 2710 modo,
583 2671 622 2700 ut
651 2664 700 2700 ad
728 2664 798 2700 alia
828 2672 994 2702 transeat
1023 2665 1060 2701 in
1090 2665 1228 2713 quibus
1258 2665 1480 2712 delectatur,

417 2717 511 2754 sicut
530 2716 579 2753 illi
599 2716 663 2764 qui
681 2729 759 2753 non
788 2725 948 2765 possunt
975 2718 1144 2766 gaudere
1169 2718 1206 2754 in
1226 2718 1482 2767 spiritualibus

417 2769 728 2806 delectationibus
756 2771 984 2807 transferunt
1012 2783 1051 2807 se
1082 2771 1129 2807 ad
1160 2772 1394 2819 corporales,
1425 2784 1482 2807 se-

361 2841 388 2860 4;
418 2822 584 2859 cundum
601 2819 889 2871 Philosophum,
907 2823 944 2860 in
962 2825 996 2860 X
1010 2824 1131 2860 Ethic.
1144 2823 1164 2844 ¹*
1184 2825 1226 2860 In
1247 2824 1334 2872 fuga
1354 2831 1479 2860 autem

417 2875 583 2912 tristitiae
616 2875 698 2911 talis
734 2888 936 2924 processus
974 2876 1179 2913 attenditur
1215 2877 1320 2925 quod
1357 2876 1482 2926 primo

417 2929 536 2964 homo
566 2928 658 2975 fugit
687 2929 964 2974 contristantia;
1002 2930 1186 2977 secundo,
1217 2929 1331 2966 etiam
1359 2929 1482 2978 impu-

417 2987 506 3028 gnat
535 2993 579 3017 ea
608 2993 705 3029 quae
733 2981 917 3018 tristitiam
948 2982 1133 3030 ingeru‘nt.
1174 2982 1390 3030 Spiritualia
1419 2994 1483 3018 au-

417 3040 495 3069 tern
516 3033 630 3079 bona,
652 3034 698 3070 de
720 3034 858 3081 quibus
882 3035 1047 3072 tristatur
1071 3035 1216 3081 acedia,
1237 3042 1323 3071 sunt
1343 3042 1378 3071 et
1397 3035 1483 3071 finis

420 3092 456 3122 et
482 3085 519 3121 id
549 3086 654 3133 quod
685 3094 739 3122 est
774 3087 822 3123 ad
850 3087 982 3125 finem.
1027 3089 1134 3136 Fuga
1168 3094 1298 3124 autem
1326 3087 1413 3124 finis
1441 3088 1483 3124 fit

1081 213 1346 258 QUAESTIO
1377 213 1538 261 XXXV,
1568 212 1862 248 ARTICULUS
1893 212 1944 248 IV

1540 302 1608 338 per
1635 289 1940 337 desperationem.
1979 288 2085 335 Fuga
2113 295 2241 326 autern
2279 290 2470 326 bonorum
2499 302 2599 339 quae

1541 349 1628 378 sunt
1656 343 1705 378 ad
1724 342 1854 388 finem,
1876 347 2060 389 quantum
2090 340 2139 377 ad
2168 341 2297 390 ardua,
2318 355 2415 391 quae
2440 343 2602 379 subsunt

1542 394 1717 440 consiliis,
1738 394 1781 430 fit
1799 405 1868 442 per
1884 393 2249 441 pusillanimitatem
2269 402 2452 442 quantum
2474 403 2600 432 autem

1542 447 1590 484 ad
1620 459 1664 483 ea
1693 458 1790 495 quae
1818 447 2006 494 pertinent
2041 445 2089 482 ad
2123 457 2370 483 communem
2399 447 2599 495 iustitiam,

1540 500 1583 536 fit
1597 511 1666 548 per
1685 505 1873 547 torporem
1894 499 1995 536 circa
2008 504 2223 546 praecepta.
2239 519 2263 526 -
2280 499 2519 548 Impugnatio
2536 512 2600 536 au-

1541 560 1618 588 tem
1649 551 1949 589 contristantium
1983 552 2176 588 bonorum
2205 551 2452 599 spiritualium
2481 564 2601 602 quan-

1542 605 1669 653 doque
1690 605 1847 653 quidem
1877 612 1932 641 est
1960 611 2090 641 contra
2110 600 2122 624 ⁰
2149 602 2327 640 homines
2346 604 2410 652 qui
2430 605 2479 643 ad
2499 605 2603 642 bona

1541 657 1745 706 spiritualia
1775 657 1969 704 inducunt,
1992 665 2027 693 et
2054 657 2129 693 hoc
2158 663 2214 693 est
2241 668 2380 693 rancor
2389 670 2403 702 ‚·
2430 658 2602 708 quando-

1541 723 1615 759 que
1634 723 1729 748 vero
1750 723 1791 747 se
1815 709 1980 747 extendit
2007 708 2056 746 ad
2084 709 2166 757 ipsa
2194 708 2400 757 spiritualia
2427 710 2542 758 bona,
2563 711 2602 748 in

1541 775 1707 812 quorum
1736 763 2025 800 detestationem
2055 761 2188 810 aliquis
2217 761 2435 809 adducitur,
2465 770 2501 799 et
2527 763 2602 800 hoc

1540 816 1693 865 proprie
1723 824 1778 853 est
1806 816 1961 853 malitia.
1982 836 2006 843 -
2027 816 2257 864 Inquantum
2285 822 2412 851 autem
2445 823 2603 865 propter

1540 869 1723 906 tristitiam
1761 882 1783 906 a
1816 868 2068 917 spiritualibus
2106 867 2239 916 aliquis
2276 867 2449 904 transfert
2485 880 2525 904 se
2553 868 2603 905 ad

1540 921 1774 959 delectabilia
1798 921 1993 969 exteriora,
2014 920 2167 970 ponitur
2190 921 2268 957 filia
2291 920 2444 958 acediae
2463 932 2603 971 evaga-

1539 976 1588 1012 tio
1617 975 1719 1012 circa
1747 975 1884 1012 illicita.

1591 1029 1666 1065 Per
1702 1028 1808 1077 quod
1845 1035 1947 1076 patet
1983 1026 2181 1075 responsio
2211 1026 2259 1062 ad
2289 1038 2334 1062 ea
2367 1038 2465 1075 quae
2503 1025 2603 1063 circa

1537 1080 1704 1128 singulas
1741 1081 1839 1117 filias
1877 1080 2162 1116 obiiciebantur.
2205 1079 2310 1115 Nam
2346 1078 2487 1116 malitia
2525 1091 2603 1116 non

1538 1133 1720 1182 accipitur
1739 1133 1800 1170 hic
1819 1133 2033 1169 secundum
2059 1133 2165 1180 quod
2189 1138 2244 1168 est
2268 1143 2387 1179 genus
2407 1131 2601 1178 vitiorum,

1538 1185 1605 1222 sed
1635 1186 1731 1222 sicut
1769 1185 1912 1222 dictum
1950 1193 2016 1222 est.
2063 1185 2220 1221 Rancor
2247 1184 2362 1221 etiam
2391 1197 2469 1222 non
2507 1185 2602 1222 acci-

1536 1237 1638 1286 pitur
1656 1238 1716 1274 hic
1738 1237 1992 1274 communiter
2019 1249 2090 1285 pro
2120 1236 2223 1283 odio,
2244 1237 2311 1273 sed
2338 1249 2408 1285 pro
2434 1237 2602 1287 quadam

1536 1290 1807 1338 indignatione,
1828 1290 1924 1327 sicut
1944 1290 2086 1327 dictum
2108 1296 2174 1325 est.
2205 1289 2254 1325 Et
2273 1288 2376 1326 idem
2397 1290 2602 1328 dicendum

1539 1351 1594 1380 est
1622 1343 1669 1380 de
1699 1343 1791 1380 aliis.

1589 1399 1649 1433 An
1681 1408 1842 1434 TERTmM
1869 1407 2055 1433 mCENDuM
2093 1394 2198 1443 quod
2231 1393 2344 1430 etiam
2384 1394 2602 1444 Cassianus,

1536 1448 1574 1485 in
1594 1449 1690 1486 libro
1710 1450 1756 1486 de
1769 1449 1950 1486 Institutis
1974 1447 2179 1495 Coenob.*,
2211 1446 2402 1495 distinguit
2419 1447 2604 1487 tristitiam

1536 1502 1584 1538 ab
1606 1502 1753 1539 acedia:
1775 1502 1842 1539 sed
1863 1500 2153 1539 convenientius
2174 1499 2411 1547 Gregorius*
2430 1500 2602 1541 acediam

1536 1555 1721 1592 tristitiam
1742 1555 1927 1592 nominat.
1958 1555 2060 1601 Quia
2079 1553 2174 1590 sicut
2194 1565 2308 1602 supra
2326 1552 2346 1575 ’¹‘
2366 1552 2509 1591 dictum
2535 1561 2602 1602 est,

1535 1607 1680 1645 tristitia
1709 1621 1787 1645 non
1817 1615 1873 1645 est
1890 1607 2024 1644 vitium
2045 1607 2093 1644 ab
2114 1605 2194 1643 aliis
2223 1606 2440 1643 distinctum
2469 1619 2604 1645 secun-

1537 1661 1631 1698 dum
1669 1661 1774 1710 quod
1811 1660 1948 1708 aliquis
1986 1659 2127 1697 recedit
2155 1672 2176 1695 a
2203 1659 2310 1707 gravi
2346 1666 2381 1696 et
2409 1659 2602 1697 laborioso

1536 1726 1674 1762 opere,
1713 1715 1775 1750 vel
1805 1713 2018 1750 secundum
2049 1724 2313 1761 quascumque
2347 1711 2439 1749 alias
2468 1725 2603 1751 causas

1535 1766 1670 1815 aliquis
1689 1766 1874 1803 tristetur:
1903 1766 1970 1803 sed
1999 1766 2124 1802 solum
2154 1765 2365 1802 secundum
2386 1762 2493 1813 quo'd
2513 1778 2603 1804 con-

1534 1819 1700 1856 tristatur
1733 1819 1779 1856 de
1809 1819 1913 1856 bono
1944 1818 2088 1856 divino.
2132 1818 2248 1864 Quod
2275 1817 2439 1866 pertinet
2469 1818 2518 1856 ad
2546 1831 2605 1857 ra—

1532 1872 1677 1909 tionem
1715 1872 1870 1909 acediae
1895 1879 1923 1919 ‘,
1967 1883 2066 1921 quae
2103 1871 2290 1908 intantum
2328 1871 2516 1908 convertit
2554 1871 2603 1915 ad

1534 1925 1702 1973 quietem
1729 1924 1939 1962 indebitam
1964 1925 2192 1973 inquantum
2213 1923 2603 1972 aspernatur‘bonum

1536 1978 1723 2015 divinum.

1588 2031 1654 2068 Illa
1683 2038 1812 2067 autem
1841 2043 1940 2080 quae
1969 2029 2138 2067 Isidorus
2166 2029 2274 2078 ponit
2302 2029 2391 2066 oriri
2421 2041 2465 2066 ex
2493 2029 2603 2068 tristi-

1534 2083 1585 2120 tia
1624 2091 1659 2120 et
1687 2083 1821 2120 acedia
1849 2084 2083 2120 reducuntur
2111 2082 2160 2122 ad
2194 2094 2239 2118 ea
2268 2093 2365 2131 quae
2394 2081 2602 2131 Gregorius

1534 2136 1654 2186 ponit.
1685 2137 1788 2173 Nam
1809 2136 2036 2182 amaritudo,
2058 2147 2176 2184 quam
2196 2135 2304 2183 ponit
2323 2133 2492 2172 Isidorus
2512 2134 2603 2173 oriri

1535 2202 1581 2226 ex
1600 2189 1758 2236 tristitia,
1780 2197 1836 2226 est
1859 2189 2014 2238 quidam
2036 2188 2195 2225 effectus
2215 2187 2395 2225 rancoris.
2430 2187 2603 2227 Otiositas

1524 2248 1663 2279 ‘autem
1698 2250 1733 2278 et
1767 2242 2013 2278 somnolentia
2047 2241 2280 2278 reducuntur
2317 2240 2367 2277 ad
2403 2247 2600 2289 torporem

1535 2295 1636 2332 circa
1663 2302 1887 2344 praecepta:
1925 2294 2024 2331 circa
2052 2306 2150 2342 quae
2180 2301 2235 2330 est
2269 2292 2404 2342 aliquis
2433 2293 2600 2339 otiosus,

1536 2347 1695 2384 omnino
1714 2354 1731 2369 κ
1751 2360 1796 2384 ea
1823 2347 2149 2396 praetermittens;
2180 2353 2217 2382 et
2245 2346 2526 2394 somnolentus,
2556 2359 2602 2390 ea

1535 2401 1767 2448 negligenter
1794 2400 1967 2448 implens.
2004 2399 2146 2436 Omnia
2175 2406 2303 2435 autern
2333 2399 2406 2435 alia
2433 2399 2601 2450 quinque

1536 2465 1634 2502 quae
1664 2452 1772 2501 ponit
1805 2464 1848 2489 ex
1885 2452 2016 2489 acedia
2046 2452 2134 2488 oriri
2168 2452 2358 2500 pertinent
2385 2451 2434 2489 ad
2464 2462 2601 2501 evaga-

1534 2505 1680 2542 tionem
1701 2505 1838 2542 mentis
1868 2505 1964 2542 circa
1992 2505 2127 2542 illicita.
2158 2505 2268 2551 Quae
2289 2504 2445 2553 quidem
2466 2517 2602 2543 secun-

1537 2559 1630 2595 dum
1659 2559 1764 2607 quod
1796 2558 1835 2594 in
1863 2557 1944 2606 ipsa
1982 2570 2067 2594 arce
2095 2557 2233 2594 mentis
2262 2557 2401 2594 residet
2435 2557 2600 2596 volentis

1535 2611 1753 2660 importune
1782 2611 1831 2648 ad
1852 2611 2003 2648 diversa
2031 2623 2070 2647 se
2101 2610 2327 2658 diffundere,
2346 2617 2509 2648 vocatur
2531 2611 2600 2649 im-

1528 2665 1742 2713 portunitas
1762 2664 1910 2708 mentis;
1934 2664 2148 2701 secundum
2169 2670 2297 2700 autem
2313 2663 2420 2712 quod
2434 2664 2599 2712 pertinet

1536 2718 1585 2754 ad
1614 2717 1845 2764 cognitivam
1864 2714 1893 2763 λ,
1921 2717 2055 2753 dicitur
2082 2716 2299 2760 curiositas;
2326 2724 2512 2764 quantum
2533 2729 2599 2754 au-

1534 2777 1612 2807 tem
1642 2769 1690 2806 ad
1718 2769 1964 2815 locutionem,
1997 2769 2131 2806 dicitur
2158 2769 2384 2813 verbositas,·
2411 2777 2597 2818 quantum

1536 2830 1664 2859 autem
1694 2823 1742 2859 ad
1771 2834 1910 2870 corpus
1943 2821 1981 2858 in
2016 2822 2155 2859 eodem
2185 2822 2270 2858 loco
2309 2834 2387 2858 non
2416 2834 2597 2871 manens,

1535 2875 1670 2913 dicitur
1688 2875 1901 2923 inquietudo
1921 2875 2100 2923 corporis,
2122 2875 2276 2923 quando
2297 2874 2438 2911 scilicet
2465 2875 2599 2924 aliquis

1535 2941 1604 2977 per
1621 2928 1858 2965 inordinatos
1883 2935 2010 2964 motus
2037 2928 2301 2964 membrorum
2321 2927 2600 2975 vagationem*⁸

1535 2982 1676 3018 indicat
1693 2980 1851 3026 mentis;
1880 2988 2067 3029 quantum
2097 2987 2225 3017 autem
2254 2980 2303 3017 ad
2331 2980 2482 3018 diversa
2501 2981 2597 3029 loca,

1536 3034 1670 3071 dicitur
1698 3033 1925 3070 instabilitas.
1963 3033 2034 3070 Vel
2062 3041 2188 3082 potest
2224 3033 2343 3082 accipi
2376 3033 2599 3071 instabilitas

1535 3086 1747 3124 secundum
1778 3085 2066 3123 mutabilitatem
2094 3085 2290 3135 propositi.

473 3197 498 3231 β)
518 3201 552 3223 et.
565 3211 585 3217 -
596 3198 676 3223 etiam
697 3198 748 3229 st,
761 3205 830 3230 quae
842 3206 874 3229 τις
894 3207 941 3232 pro
957 3200 1137 3230 inveniuntur,
1152 3200 1287 3225 invenitur
1299 3199 1402 3224 PDsCK
1416 3203 1442 3224 et
1453 3206 1470 3223 a
1476 3206 1484 3228 ‚⁴

418 3236 471 3258 et...
491 3233 663 3258 inveniuntur
680 3241 734 3258 om.
754 3233 786 3258 G.

471 3269 498 3302 γ)
518 3269 682 3301 inquietudo.
699 3282 718 3287 -
737 3269 868 3300 inquietas
882 3270 912 3299 Α,
933 3270 1090 3302 inquietatio
1109 3270 1188 3301 ΒΗΚ,
1207 3270 1288 3296 etiam
1307 3269 1433 3302 quietudo
1452 3269 1482 3294 E.

472 3303 497 3336 δ)
520 3304 677 3337 Gregorius.
695 3318 715 3323 -
733 3304 804 3329 idem
826 3305 974 3337 Gregorius
993 3306 1039 3329 Pa.

473 3340 496 3372 ε)
516 3338 623 3364 dicitur.
642 3353 658 3357 -
678 3339 778 3364 dicitur
796 3346 852 3364 esse
870 3340 898 3364 P.

472 3373 497 3406 ζ)
517 3381 562 3399 ex.
580 3388 598 3394 -·
617 3375 678 3399 Om.
698 3374 787 3407 PDpn.
803 3388 823 3393 -
835 3375 885 3399 Pro
900 3379 1069 3406 proruentes,
1079 3378 1286 3407 prorumpentes
1306 3374 1387 3400 PGsK
1402 3379 1426 3400 et
1438 3382 1482 3404 na,

416 3409 605 3441 pervenientes
624 3410 657 3434 H.

473 3445 500 3477 η)
521 3445 580 3469 illis.
599 3458 618 3469 -.
636 3445 697 3470 aliis
716 3445 786 3477 PpC.

473 3477 497 3511 θ)
517 3483 621 3505 contra.
639 3494 658 3499 -
676 3487 729 3513 qua
748 3480 919 3513 EFLpABCn
937 3485 962 3504 et
981 3488 1012 3511 x,
1030 3480 1102 3505 circa
1123 3480 1248 3505 PDGsBC
1273 3485 1298 3505 et
1315 3487 1347 3510 a,
1366 3481 1439 3506 circa
1457 3484 1484 3505 et

1534 3200 1583 3231 pK,
1602 3199 1665 3231 quia
1684 3198 1815 3229 (homines
1836 3198 1932 3230 aliqui)
1950 3197 1972 3228 1?
1991 3205 2040 3230 pro
2059 3197 2195 3227 inducunt,
2217 3197 2380 3222 inducuntur
2399 3198 2452 3228 PK.
2471 3198 2601 3224 inducunt

1536 3235 1702 3259 detestantur
1721 3235 1750 3258 B.
1768 3247 1786 3252 -
1806 3233 1855 3258 Pro
1873 3234 1935 3263 hoc,
1953 3233 1995 3258 hic
2013 3233 2066 3258 ΡΙ).
2473 3244 2478 3246 -
2624 3259 2627 3261 Α

1588 3270 1606 3302 ι)
1626 3269 1742 3294 acediae.
1760 3282 1778 3287 -
1803 3268 1920 3294 invidiae
1944 3268 1972 3293 P.
1995 3282 2014 3287 —
2031 3268 2079 3293 Ed.
2104 3275 2122 3293 a
2140 3268 2318 3301 prosequitur:
2344 3275 2412 3301 quae
2438 3268 2532 3294 vitium
2559 3271 2600 3295 est

1535 3312 1588 3337 qua
1606 3305 1771 3330 convertitur
1789 3304 1887 3336 aliquis
1904 3304 1941 3328 ad
1958 3304 2071 3336 quietem
2091 3303 2237 3328 indebitam
2256 3303 2391 3329 intantum
2414 3303 2582 3336 inquantum.

1588 3341 1614 3371 x)
1633 3340 1750 3365 omnino.
1763 3353 1786 3368 ,-
1804 3339 1894 3364 omnia
1914 3339 1960 3364 Px.

1587 3373 1616 3405 λ)
1635 3375 1807 3407 cognitivam.
1826 3388 1844 3393 -
1861 3374 2040 3407 cognitionem
2060 3374 2140 3404 PDL;
2160 3374 2251 3399 abrasa
2270 3381 2314 3406 pn.

1590 3410 1618 3443 μ)
1644 3410 1822 3442 vagationem.
1842 3424 1859 3428 -
1878 3410 2023 3442 »agitarem
2038 3409 2158 3434 BEFHla
2177 3414 2203 3434 et
2217 3416 2235 3434 a
2251 3414 2282 3434 ut
2294 3409 2404 3440 videtur,
2419 3408 2597 3442 :sagacitatem

1536 3445 1617 3470 PCsG
1629 3450 1667 3470 ¹‚et
1684 3452 1710 3474 rt,
1730 3445 1979 3478 magnanimitatem
1999 3445 2049 3477 pG,
2069 3449 2130 3478 post
2148 3445 2244 3470 mentis
2262 3444 2335 3477 ponit
2353 3445 2386 3469 Α.

2630 1459 2640 1470 ·
2654 1459 2705 1482 Lib.
2719 1458 2750 1487 Χ,
2762 1465 2814 1488 ap.
2824 1466 2841 1482 1.

2630 1511 2641 1521 ⁸
2654 1509 2712 1533 Loc-
2726 1510 2767 1533 οἰκ.
2796 1519 2798 1521 v

2631 1564 2641 1574 ⁸
2654 1563 2706 1585 Art.
2721 1569 2742 1586 2.
