2892 4056
164 696 219 743 ἑτξὲ.
230 702 269 723 qu.
279 702 326 723 vui,
338 696 374 717 1n-

162 1390 169 1396 ·
186 1388 218 1409 Ca
237 1403 242 1408 .
254 1394 278 1413 11,
295 1394 316 1408 n.
328 1394 350 1413 4.
360 1398 369 1403 -

161 1414 184 1435 S.
196 1414 216 1434 T
236 1431 240 1435 .
256 1415 349 1435 lect.1v.

161 1604 168 1611 '
184 1601 205 1623 1u
224 1602 283 1628 11²⁶,
304 1608 342 1629 qu.

159 1634 237 1654 uviri,
248 1632 290 1650 art.
301 1634 321 1656 5.

161 1665 168 1671 ”
186 1663 242 1690 Cap.
258 1669 274 1685 i.

159 1865 166 1872 ¹
183 1863 206 1884 1¹¹
227 1862 284 1888 11³⁶,
302 1869 340 1910 qiu.

157 1895 236 1914 varu,
252 1893 293 1910 art.
326 1905 331 1910 .

162 1975 167 1982 ¹
181 1973 228 1999 Qu.
241 1978 288 1998 vni,
299 1976 340 1994 art.

159 2005 179 2026 5,
195 2005 242 2026 arg.
256 2006 276 2027 3.

159 2127 166 2135 ·
183 2125 205 2146 1²²
227 2125 271 2146 11⁸²
282 2142 287 2151 ,
303 2132 342 2153 qu.

158 2158 237 2177 ικνιιι,
246 2156 287 2173 nrt.
296 2158 312 2178 1,
321 2158 340 2173 2.

157 2189 167 2193 -
181 2178 217 2200 Cf.
231 2178 286 2200 ibid.
300 2182 342 2200 art.

157 2212 181 2229 4,
193 2205 220 2226 ad
235 2212 254 2233 3.

159 2285 166 2293 ⁴
182 2283 247 2304 Vei-s.
263 2289 283 2310 2,
299 2289 318 2311 3.

163 2934 224 2961 'Qu.
236 2939 286 2960 vin,
295 2937 336 2955 arr.
347 2934 368 2954 6.

163 3478 170 3485 ·
187 3476 230 3497 hoc
246 3482 292 3498 om.
308 3477 347 3498 ΡΒ.

407 197 458 232 74

1126 184 1390 229 QUAESTIO
1422 186 1488 231 IX,
1518 185 1813 222 ARTICULUS
1843 186 1855 221 I

1147 340 1570 447 'QUAEsTlo
1607 372 1826 427 NONA

1063 489 1163 529 DE
1215 489 1432 530 DONO
1488 489 1920 531 SCIENTIAE

1187 595 1220 619 IN
1251 595 1423 626 QUATUOR
1450 595 1651 620 ARTICULOS
1678 596 1794 621 DIVISA

485 703 591 727 EINDE
617 689 935 727 considerandum
956 696 1011 725 est
1037 689 1083 725 de
1109 689 1212 725 dono
1234 689 1413 726 scientiae
1429 689 1460 724 ³¹².

403 701 533 783 DEt
562 743 659 779 circa
687 743 760 779 hoc
790 749 1022 791 quaeruntur
1051 749 1227 789 quatuor.

453 796 601 832 Primo:
632 803 758 832 utrum
788 795 941 832 scientia
971 794 1016 831 sit
1046 795 1204 831 donum.

1488 687 1490 713 l

1488 718 1491 779 l

1489 791 1492 844 l

1571 689 1770 727 Secundo:
1793 697 1917 727 utrum
1945 690 1990 727 sit
2018 690 2115 727 circa
2145 690 2284 728 divina.

1554 742 1723 795 „Tertioz
1753 750 1880 780 utrum
1908 743 1954 780 sit
1981 743 2215 791 speculativa
2241 744 2303 780 vel
2331 744 2505 792 practica.

1573 795 1739 841 Quarto:
1769 807 1867 844 quae
1895 796 2089 834 beatitudo
2119 796 2153 833 ei
2186 797 2426 845 respondeat.

1215 885 1531 928 ARTICULUS
1562 886 1767 929 PRIMUS

1167 971 1322 1002 UTRUM
1349 969 1548 1001 SCIENTIA
1563 970 1637 1001 'SIT
1661 971 1817 1003 DONUM

1323 1041 1414 1073 Supra,
1433 1048 1477 1073 qu.
1495 1047 1549 1071 vm,
1568 1045 1614 1065 art.
1633 1039 1658 1066 6.

450 1166 458 1173 ,
484 1143 491 1155 ι
516 1163 525 1174 ,1
566 1125 570 1138 ’
610 1135 632 1160 1)
660 1135 796 1160 ramum
825 1136 878 1161 src
907 1134 1146 1160 PROCEDrruR.
1171 1122 1330 1158 Videtur
1358 1122 1462 1168 quod

459 1174 473 1195 ³
610 1176 764 1213 scientia
784 1188 861 1213 non
882 1177 927 1213 sit
947 1177 1102 1213 donum.
1123 1176 1236 1211 Dona
1256 1174 1357 1210 enim
1380 1173 1462 1221 Spi-

399 1334 592 1381 quendam
635 1335 812 1371 naturalis
850 1334 1023 1370 rationis:
1068 1333 1156 1370 dicit
1193 1331 1294 1368 enim
1335 1330 1462 1367 Philo-

399 1387 564 1434 sophus,
608 1387 644 1423 in
681 1388 693 1422 I
732 1387 920 1433 Poster.'¹‘⁷
968 1386 1074 1434 quod
1104 1384 1377 1423 demonstratio
1407 1392 1463 1420 est

397 1439 640 1488 syllogismus
655 1440 809 1488 faciens
836 1440 942 1476 scire.
985 1440 1087 1487 Ergo
1116 1438 1271 1476 scientia
1300 1449 1378 1474 non
1408 1445 1463 1474 est

399 1493 543 1528 donum
575 1493 732 1541 Spiritus
763 1493 901 1530 Sancti.
1225 1504 1227 1506 '

453 1558 487 1582 2.
509 1547 741 1593 PRAETEREA,
771 1544 1062 1594 donaSpiritus
1093 1545 1220 1581 Sancti
1248 1552 1335 1581 sunt
1357 1557 1461 1582 corn-

399 1599 528 1635 munia
558 1600 737 1636 omnibus
775 1599 931 1644 sanctis,
961 1606 1002 1635 ut
1031 1610 1144 1647 supra
1172 1597 1192 1619 ³¹⁵
1221 1597 1363 1634 dictum
1394 1607 1459 1635 est.

399 1652 476 1688 Sed
491 1653 736 1700 Augustinus,
757 1653 845 1689 XIV
859 1653 905 1688 de
919 1650 955 1688 T
951 1651 1063 1696 rin.*,
1081 1651 1170 1688 dicit
1185 1651 1290 1698 quod
1308 1652 1461 1689 scientia

398 1717 471 1741 non
490 1705 634 1753 pollent
649 1706 784 1753 fideles
806 1705 976 1753 plurimi,
997 1705 1168 1752 quamvis
1190 1704 1360 1752 polleant
1382 1706 1461 1753 ipsa

385 1760 480 1806 fide.
511 1759 613 1806 Ergo
643 1758 796 1794 scientia
825 1770 903 1794 non
932 1764 988 1793 est
1016 1757 1175 1794 donum.

452 1812 485 1847 3.
517 1812 757 1857 PRAETEREA,
793 1811 940 1847 donum
978 1818 1034 1846 est
1073 1811 1274 1859 perfectius
1307 1811 1461 1857 virtute,

397 1871 437 1900 ut
465 1876 579 1913 supra
598 1863 618 1885 ²⁸
647 1865 788 1903 dictum
819 1871 886 1900 est.
930 1864 1032 1911 Ergo
1062 1876 1183 1900 unum
1214 1864 1359 1901 donum
1388 1865 1463 1901 suf-

396 1917 475 1953 ficit
503 1917 551 1954 ad
586 1917 856 1966 perfectionem
894 1917 1008 1953 unius
1035 1916 1193 1954 virtutis.
1230 1918 1306 1954 Sed
1334 1917 1463 1955 virtuti

396 1970 488 2007 fidei
526 1971 731 2019 respondet
768 1970 915 2007 donum
955 1970 1183 2018 intellectus,
1222 1979 1264 2007 ut
1301 1983 1416 2019 supra
1444 1971 1463 1993 ‘¹‘

398 2023 540 2060 dictum
571 2031 637 2060 est.
665 2025 767 2072 Ergo
788 2035 866 2059 non
887 2023 1093 2072 respondet
1113 2023 1147 2060 ei
1176 2024 1324 2061 donum
1345 2025 1463 2062 scien·
1488 2037 1489 2041 ¹

396 2076 481 2113 tiae.
503 2077 587 2113 Nec
608 2084 764 2126 apparet
780 2076 840 2113 cui
860 2076 919 2112 alii
934 2076 1062 2113 virtuti
1083 2078 1323 2125 respondeat.
1346 2080 1461 2126 Ergo,

398 2142 484 2166 cum
515 2130 618 2166 dona
646 2131 718 2167 sint
745 2130 996 2178 perfectiones
1024 2130 1221 2178 virtutum,
1242 2138 1282 2167 ut
1307 2143 1422 2180 supra
1443 2131 1463 2153 ’¹‘

398 2182 539 2219 dictum
579 2190 653 2230 est,
683 2183 834 2220 videtur
870 2183 974 2231 quod
1014 2183 1169 2220 scientia
1197 2197 1275 2221 non
1311 2185 1356 2221 sit
1394 2185 1461 2222 do-

396 2248 501 2272 num.

450 2289 524 2325 SED
554 2299 699 2325 CONTRA
727 2300 793 2325 EST
819 2289 925 2337 quod
955 2288 1074 2325 Isaiae
1107 2301 1143 2325 XI
1171 2290 1191 2311 *
1220 2297 1463 2339 computatur

397 2341 492 2378 inter
521 2350 668 2389 septem
698 2342 811 2378 dona.

451 2396 675 2432 RESPONDEO
703 2406 888 2431 DlCENDUM
908 2390 1013 2441 quod
1042 2394 1159 2442 gratia
1184 2403 1239 2432 est
1261 2396 1463 2444 perfectior

397 2459 512 2496 quarn
543 2455 697 2484 natura:
727 2448 829 2484 unde
854 2459 931 2484 non
961 2447 1088 2484 deficit
1115 2448 1153 2484 in
1174 2448 1231 2485 his
1259 2449 1296 2485 in
1326 2449 1462 2497 quibus

396 2501 516 2538 homo
544 2513 612 2550 per
644 2509 819 2538 naturam
851 2501 982 2549 perfici
1015 2508 1150 2548 potest.
1196 2502 1294 2538 Cum
1333 2510 1462 2539 autem

396 2555 516 2590 homo
535 2567 604 2603 per
623 2555 835 2591 naturalem
860 2554 1047 2590 rationem
1077 2554 1230 2591 assentit
1248 2556 1461 2592 secundum

396 2607 626 2644 intellectum
643 2607 752 2644 alicui
766 2607 925 2653 veritati,
944 2606 1141 2655 dupliciter
1154 2608 1349 2656 perficitur
1364 2609 1462 2646 circa

396 2660 596 2697 veritatem
624 2661 746 2697 illam:
776 2660 900 2709 primo
922 2660 1091 2708 quidem,
1114 2661 1203 2710 quia
1232 2661 1332 2710 capit
1358 2674 1461 2708 eam;

397 2714 579 2761 secundo,
601 2714 688 2762 quia
713 2714 759 2751 de
790 2726 834 2750 ea
864 2722 1008 2750 certum
1037 2714 1219 2751 iudicium
1248 2716 1374 2751 habet.
1414 2716 1463 2751 Et

396 2767 484 2803 ideo
513 2767 562 2804 ad
589 2767 663 2803 hoc
692 2767 795 2816 quod
823 2767 1031 2803 intellectus
1067 2767 1259 2804 humanus
1296 2767 1461 2816 perfecte

397 2821 575 2856 assentiat
598 2820 746 2857 veritati
774 2820 865 2856 fidei
894 2821 970 2857 duo
1000 2820 1252 2869 requiruntur.
1284 2821 1462 2867 Quorum

396 2885 518 2910 unum
539 2881 594 2909 est
613 2874 718 2922 quod
739 2885 829 2910 sane
854 2873 977 2921 capiat
997 2886 1042 2910 ea
1060 2886 1160 2922 quae
1180 2882 1460 2923 proponuntur:

397 2926 502 2975 quod
530 2926 690 2975 pertinet
717 2927 765 2963 ad
794 2927 939 2963 donum
978 2927 1206 2975 intellectus,
1234 2935 1275 2964 ut
1303 2940 1417 2977 supra
1443 2927 1464 2949 '¹‘

399 2979 541 3016 dictum
572 2987 637 3016 est.
667 2979 781 3016 Aliud
802 2987 930 3016 autem
957 2988 1012 3016 est
1030 2988 1070 3017 ut
1091 2981 1230 3018 habeat
1258 2988 1402 3018 certum
1429 2988 1464 3017 et

399 3040 543 3069 rectum
573 3032 752 3069 iudicium
775 3033 820 3069 de
846 3032 911 3079 eis,
942 3033 1192 3071 discernendo
1222 3033 1362 3071 scilicet
1386 3046 1464 3070 cre-

452 3156 479 3188 α)
498 3155 624 3187 simplex.
641 3169 660 3173 -
677 3155 833 3186 simpliciter
851 3156 1006 3187 ABEFHpK
1026 3161 1051 3180 et
1070 3164 1114 3182 im.

453 3190 478 3223 β)
492 3191 695 3222 participativa.
714 3205 732 3209 -
749 3190 912 3222 participata
932 3191 998 3215 PsK.

452 3227 478 3260 γ)
498 3226 641 3251 revincere.
659 3239 677 3244 -
694 3226 848 3251 convincere
868 3226 915 3251 Pa.

1515 1121 1640 1158 denda
1669 1133 1691 1157 a
1719 1134 1798 1158 non
1827 1122 2037 1160 credendis.
2067 1123 2116 1159 Et
2144 1125 2192 1160 ad
2221 1124 2295 1160 hoc
2321 1124 2577 1161 necessarium

1515 1181 1571 1209 est
1599 1174 1745 1210 donum
1775 1174 1964 1211 scientiae.

1566 1227 1626 1262 AD
1655 1237 1792 1263 ptumum
1820 1238 1918 1263 ERGO
1951 1238 2136 1264 mCENDUM
2164 1228 2268 1276 quod
2302 1229 2486 1266 certitudo
2515 1242 2578 1266 co-

1514 1277 1689 1324 gnitionis
1703 1278 1742 1314 in
1762 1278 1921 1316 diversis
1941 1280 2082 1316 naturis
2101 1279 2292 1318 invenitur
2307 1281 2578 1330 diversimode,

1514 1331 1727 1368 secundum
1765 1332 1957 1369 diversam
1986 1332 2245 1370 conditionem
2281 1334 2579 1384 uniuscuiusque

1514 1391 1682 1421 naturae.
1704 1385 1808 1421 Nam
1828 1387 1948 1422 homo
1969 1386 2215 1433 consequitur
2237 1395 2382 1424 certum
2397 1388 2580 1425 iudicium

1515 1437 1563 1473 de
1577 1437 1735 1474 veritate
1755 1450 1823 1486 per
1842 1438 2055 1475 discursum
2071 1440 2244 1477 rationis:
2266 1448 2301 1477 et
2319 1440 2407 1477 ideo
2427 1441 2580 1479 scientia

1513 1490 1683 1527 humana
1710 1502 1755 1527 ex
1774 1491 1918 1528 ratione
1939 1491 2238 1537 demonstrativa
2257 1494 2472 1542 acquiritur.
2503 1495 2579 1532 Sed

1514 1543 1553 1579 in
1591 1545 1676 1580 Deo
1723 1552 1779 1581 est
1816 1552 1960 1582 certum
1997 1545 2179 1583 iudicium
2219 1547 2387 1584 veritatis
2434 1548 2580 1597 absque

1515 1597 1622 1633 omni
1649 1597 1820 1635 discursu
1844 1610 1913 1646 per
1932 1599 2143 1647 simplicem
2169 1600 2359 1648 intuitum,
2378 1609 2421 1637 ut
2443 1601 2482 1638 in
2501 1601 2580 1638 Pri—

1514 1662 1580 1686 mo
1599 1651 1619 1671 '²
1643 1651 1788 1687 dictum
1817 1659 1888 1688 est:
1919 1659 1955 1688 et
1978 1651 2065 1689 ideo
2087 1652 2215 1690 divina
2239 1653 2394 1690 scientia
2420 1666 2498 1691 non
2525 1661 2580 1691 est

1516 1702 1724 1740 discursiva
1746 1704 1808 1740 vel
1829 1704 2087 1742 ratiocinativa
2101 1706 2132 1752 *‚
2154 1706 2222 1743 sed
2241 1708 2415 1743 absoluta
2434 1715 2471 1744 et
2490 1707 2580 1744 sim-

1515 1757 1600 1804 plex
1613 1761 1640 1793 ².
1668 1756 1740 1793 Cui
1761 1756 1891 1794 similis
1907 1765 1963 1794 est
1979 1758 2134 1796 scientia
2148 1771 2246 1807 quae
2265 1760 2419 1808 ponitur
2432 1760 2579 1797 donum

1517 1809 1677 1857 Spiritus
1707 1810 1854 1847 Sancti:
1886 1823 1973 1847 curn
2001 1811 2046 1848 sit
2071 1812 2263 1860 quaedam
2288 1813 2550 1862 participativa
2565 1811 2580 1842 β

1516 1862 1723 1900 similitudo
1751 1862 1880 1912 ipsiuS.
2377 1899 2380 1902 .

1569 1917 1628 1952 AD
1666 1927 1856 1953 SECUNDUM
1894 1928 2078 1953 memnon
2116 1917 2221 1965 quod
2256 1917 2354 1955 circa
2391 1919 2581 1956 credenda

1515 1969 1655 2018 duplex
1684 1969 1839 2007 scientia
1866 1977 1992 2018 potest
2019 1970 2164 2007 haberi.
2207 1971 2294 2008 Una
2321 1971 2479 2020 quidem
2511 1984 2581 2022 per

1515 2034 1636 2070 quam
1657 2023 1777 2060 homo
1804 2022 1871 2059 scit
1894 2022 1986 2071 quid
2013 2024 2168 2061 credere
2188 2023 2336 2071 debeat,
2362 2024 2580 2063 discernens

1517 2076 1708 2113 credenda
1722 2088 1745 2112 a
1759 2088 1839 2113 non
1855 2075 2071 2113 credendis:
2093 2084 2128 2113 et
2142 2077 2353 2115 secundum
2372 2078 2447 2115 hoc
2461 2078 2581 2116 scien·-

1516 2129 1566 2166 tia
1586 2137 1642 2166 est
1667 2129 1826 2176 donum,
1848 2136 1883 2166 et
1907 2129 2086 2167 convenit
2112 2130 2292 2167 omnibus
2316 2131 2465 2168 sanctis.
2495 2131 2581 2170 Alia

1515 2183 1608 2219 vero
1629 2189 1686 2220 est
1713 2182 1868 2219 scientia
1897 2183 1995 2219 circa
2015 2182 2207 2220 credenda
2232 2196 2302 2233 per
2320 2196 2438 2232 quam
2458 2185 2579 2222 homo

1515 2248 1594 2273 non
1619 2236 1745 2272 solum
1769 2235 1838 2272 scit
1861 2236 1952 2284 quid
1977 2235 2079 2273 credi
2104 2236 2252 2284 debeat,
2279 2237 2349 2275 sed
2372 2237 2486 2290 etiam
2513 2238 2582 2276 scit

1514 2289 1634 2326 fidem
1663 2288 1902 2326 manifestare
1939 2297 1976 2326 et
2004 2289 2098 2326 alios
2125 2289 2176 2326 ad
2208 2290 2443 2327 credendum
2472 2291 2581 2329 indu-

1516 2354 1601 2379 cere
1627 2350 1663 2378 et
1688 2342 1983 2380 contradictores
2003 2342 2197 2380 revincere
2212 2348 2240 2380 Υ.
2271 2344 2320 2380 Et
2337 2343 2407 2381 ista
2426 2344 2581 2382 scientia

1515 2395 1669 2443 ponitur
1692 2395 1788 2432 inter
1806 2395 1942 2443 gratias
1966 2395 2078 2443 gratis
2098 2395 2221 2433 datas:
2251 2407 2350 2444 quae
2374 2409 2453 2434 non
2472 2398 2582 2436 datur

1516 2448 1706 2495 omnibus,
1727 2448 1795 2485 sed
1814 2449 2057 2497 quibusdam.
2087 2449 2199 2486 Unde
2222 2449 2468 2497 Augustinus,
2495 2459 2582 2500 post

1514 2502 1635 2538 verba
1662 2501 1828 2547 inducta,
1858 2501 2068 2549 subiungit:
2097 2502 2215 2539 Aliud
2231 2507 2286 2539 est
2303 2503 2401 2540 scire
2419 2509 2579 2542 tantum-

1515 2555 1627 2591 modo
1642 2555 1732 2603 quid
1744 2556 1856 2591 homo
1872 2556 2025 2592 credere
2045 2555 2191 2593 debeat.-
2218 2555 2324 2593 aliud
2338 2557 2435 2593 scire
2452 2568 2580 2606 quem-

1515 2608 1719 2645 admodum
1747 2610 1818 2645 hoc
1850 2607 1970 2657 ipsum
1985 2606 1998 2630 ὅ
2017 2614 2054 2644 et
2072 2608 2147 2656 piis
2166 2609 2366 2658 opituletur
2391 2615 2425 2646 et
2448 2616 2580 2648 contra

1516 2662 1649 2709 impios
1676 2661 1909 2706 defendatur.

1568 2715 1627 2750 An
1642 2725 1801 2750 TER-rium
1817 2725 2001 2751 mCENDUM
2016 2713 2122 2761 quod
2137 2714 2238 2750 dona
2255 2722 2342 2751 sunt
2356 2715 2580 2763 perfectiora

1515 2766 1716 2803 virtutibus
1736 2767 1944 2803 moralibus
1965 2774 2001 2802 et
2019 2765 2344 2805 intellectualibus.
2376 2768 2467 2805 Non
2493 2776 2581 2806 sunt

1516 2827 1645 2857 autem
1659 2820 1883 2868 perfectiora
1898 2818 2099 2857 virtutibus
2114 2819 2352 2868 theologicis:
2373 2821 2441 2858 sed
2459 2821 2581 2870 magis

1516 2873 1647 2910 omnia
1671 2873 1772 2910 dona
1801 2874 1850 2910 ad
1878 2872 2153 2922 perfectionem
2182 2873 2482 2921 theologicarum
2505 2874 2582 2912 vir-

1516 2934 1640 2963 tutum
1678 2926 1900 2963 ordinantur
1927 2926 2022 2963 sicut
2050 2927 2099 2964 ad
2126 2926 2258 2963 finem.
2302 2927 2351 2964 Et
2382 2927 2469 2964 ideo
2502 2939 2582 2965 non

1518 2988 1573 3017 est
1606 2980 1881 3017 inconveniens
1914 2979 1943 3016 si
1974 2979 2124 3016 diversa
2152 2979 2254 3016 dona
2283 2979 2332 3016 ad
2359 2992 2477 3018 unam
2505 2980 2581 3018 vir·

1516 3041 1634 3070 tutem
1662 3033 1915 3080 theologicam
1944 3033 2167 3070 ordinantur
2184 3037 2208 3069 ⁶.

1568 3155 1592 3197 ᾇ)
1615 3156 1710 3188 ipsum.
1728 3169 1746 3174 —
1765 3156 1836 3188 quod
1854 3155 1975 3180 creditur
2002 3155 2099 3179 addunt
2124 3155 2171 3180 Pa.
2188 3155 2301 3179 Eaedem
2327 3159 2388 3187 post
2401 3155 2457 3187 piis
2485 3156 2583 3181 addunt

1514 3191 1782 3259 aurigugrdinantur.
1800 3240 1818 3245 -
1837 3226 1996 3251 ordinentur
2015 3225 2043 3250 P.

1082 3304 1412 3337 Commentario.
1436 3304 1684 3338 cardinalis
1706 3299 1906 3337 Caret-,dni

431 3394 450 3414 N
474 3391 540 3414 tota
564 3384 748 3424 quaestione
780 3393 864 3413 nona
889 3383 953 3413 duo
986 3390 1071 3414 nota.
1097 3383 1224 3420 Primo,
1250 3389 1355 3414 actum
1387 3383 1462 3414 doni

405 3398 577 3459 Iscientiae
608 3427 777 3458 consistere
800 3427 832 3457 in
856 3427 974 3458 iudicio
1006 3427 1140 3458 habente
1164 3438 1223 3467 pro
1254 3427 1360 3458 medio
1384 3438 1465 3458 crea-

401 3479 499 3508 turas,
524 3482 582 3512 pro
605 3472 729 3502 obiecto
749 3481 824 3501 vero
849 3472 1041 3502 credendum
1066 3479 1096 3502 et
1122 3472 1290 3512 agendum.
1311 3472 1351 3502 Et
1374 3471 1464 3502 hoc*

1516 3384 1623 3424 ipsum
1647 3384 1802 3414 iudicium
1825 3394 1861 3414 ex
1884 3384 2002 3414 habitu.
2029 3384 2073 3414 Ita
2096 3385 2185 3425 quod
2208 3385 2248 3417 ad
2277 3384 2439 3416 scientiam
2460 3391 2579 3424 spectat

1518 3438 1554 3458 ex
1569 3428 1677 3459 habitu
1701 3428 1815 3468 gratiae
1831 3435 1956 3468 gratum
1977 3427 2118 3458 facientis
2133 3427 2271 3459 iudicare
2286 3429 2364 3470 quid
2387 3429 2579 3459 credendum

1519 3479 1549 3502 et
1561 3472 1638 3513 quid
1651 3482 1717 3502 non
1736 3472 1928 3503 credendum
1939 3471 1967 3508 *ᾗ
1981 3472 2057 3512 quid
2078 3472 2236 3512 agendum
2248 3479 2279 3504 et
2290 3472 2367 3514 quid
2384 3472 2577 3509 evitandum,

2607 1662 2818 1738 ὀἓῖ-ἣᾞζ

2797 1720 2809 1737 2

2606 1704 2768 1744 unm-5⁸,
2811 1731 2818 1737 .

2607 1747 2617 1756 ·
2631 1746 2661 1768 1>-
2674 1751 2724 1774 47⁵-

2705 1781 2724 1799 ⁸

2607 3481 2614 3487 ·
2629 3481 2653 3501 et
2665 3479 2719 3501 add.
2730 3479 2755 3501 P.
