2892 4056
164 1238 172 1246 ·
188 1236 254 1258 Vei-s.
269 1242 301 1265 ¹9·

161 1401 172 1411 '‘
188 1400 256 1422 Vei-s.
270 1406 307 1428 3⁰·

162 1507 170 1514 ·’
185 1505 251 1527 Vei-s.
265 1511 301 1534 39.

161 1717 172 1728 ⁸
181 1717 247 1739 Vers.
261 1723 291 1744 ιο,
308 1724 334 1739 ιι.

417 232 486 256 100

1109 219 1376 265 QUAESTIO
1405 220 1474 266 XI,
1504 219 1799 256 ARTICULUS
1830 221 1878 256 111

1202 319 1517 361 ARTICULUS
1547 317 1773 359 TERTIUS

1085 402 1241 432 UTRUM
1264 402 1499 433 HAERETICI
1524 401 1621 432 surr
1645 400 1896 432 TOLERANDI

654 483 742 513 Supra,
763 489 805 514 qu.
826 489 848 510 x,
868 486 913 504 art.
933 480 957 510 8,
979 481 1011 505 ad
1035 488 1061 510 1;
1081 480 1114 504 IV
1134 480 1216 509 Sent„
1237 479 1295 505 dist.
1314 487 1366 511 xm,
1386 488 1430 513 qu.
1449 488 1476 510 11,
1495 485 1542 504 art.
1563 479 1592 510 3;
1614 479 1710 509 Quodl.
1729 479 1764 510 X,
1784 487 1828 512 qu.
1847 486 1895 510 vn,
1914 484 1960 504 art.
1984 487 1992 503 1
2003 487 2010 510 3
2031 480 2060 504 In
2080 479 2187 510 Matth.,
2206 488 2261 514 cap.
2279 489 2332 506 ιω.

433 564 499 614 ,³425ss
525 579 578 602 ..5
616 565 638 589 D
661 563 820 588 TERTmM
846 564 898 588 sm
923 563 1162 588 PROCEDITUR.
1182 551 1342 588 Videtur
1361 551 1466 600 quod

432 597 533 663 ᾖξᾼ
549 601 592 663 ,ξι
615 605 790 641 haeretici
810 605 882 641 sint
901 604 1096 641 tolerandi.
1118 604 1218 641 Dicit
1241 604 1343 641 enim
1362 606 1467 652 Apo-

452 654 459 661 ⁴
479 671 544 705 «ς
559 646 586 703 ²6
616 658 745 703 stolus,
764 659 794 693 II
816 658 866 694 ad
884 658 977 694 Tim.
996 670 1018 694 11
1032 657 1069 694 *z
1090 658 1249 694 Servum
1264 657 1340 693 Dei
1356 668 1465 704 opor·
1492 642 1494 675 Ι

463 683 560 742 ξ”“*“ἶῗ””’)
575 699 665 746 tet
681 716 916 746 mansuetum
945 722 1035 756 esse,
1065 722 1150 747 cum
1179 710 1359 746 modestia
1383 721 1466 746 cor-

404 764 597 811 ripientem
617 774 680 799 eos
704 763 770 811 qui
792 764 966 800 resistunt
987 764 1146 809 veritati,
1167 775 1214 799 ne
1238 763 1389 810 quando
1407 762 1468 798 det

404 817 474 853 illis
495 816 762 863 poenitentiam
792 817 896 853 Deus
924 817 975 853 ad
1002 816 1302 866 cognoscendam
1330 815 1466 852 verita·
1491 861 1493 863 Ι

403 876 487 914 tem,
508 874 544 905 et
568 870 788 917 resipiscant
813 881 837 905 a
861 869 1002 918 laqueis
1028 869 1177 906 diaboli.
1213 869 1289 905 Sed
1319 867 1349 904 si
1376 868 1464 904 hae-

403 921 506 959 retici
524 933 603 958 non
622 923 841 969 tolerantur,
857 923 925 959 sed
945 923 1058 959 morti
1078 923 1287 968 traduntur,
1300 921 1466 958 aufertur
1491 930 1492 939 ³

404 976 455 1011 eis
471 975 625 1012 facultas
644 975 876 1024 poenitendi.
898 977 999 1024 Ergo
1014 976 1089 1012 hoc
1102 975 1253 1013 videtur
1272 986 1355 1011 esse
1376 986 1466 1011 con—
1490 995 1492 1006 ι

402 1037 457 1064 tra
479 1024 728 1076 praeceptum
755 1029 940 1078 Apostoli.

457 1092 490 1117 2.
522 1082 764 1128 PRAETEREA,
794 1082 884 1119 illud
914 1081 1020 1131 quod
1053 1089 1108 1118 est
1141 1080 1397 1118 necessarium
1425 1080 1464 1117 in

402 1134 571 1171 Ecclesia
600 1143 655 1171 est
681 1135 933 1172 tolerandum.
974 1135 1048 1171 Sed
1077 1136 1254 1172 haereses
1287 1141 1373 1170 sunt
1399 1145 1465 1169 ne-

402 1187 586 1224 cessariae
613 1188 650 1224 in
680 1189 866 1225 Ecclesia:
897 1188 985 1226 dicit
1013 1188 1115 1224 enim
1134 1187 1354 1235 Apostolus,
1381 1187 1466 1222 Iad

406 1241 492 1277 Cor.
513 1253 548 1277 xl
563 1240 598 1278 *ε
632 1241 783 1289 Oportet
807 1243 978 1278 haereses
1002 1253 1090 1285 esse,
1117 1246 1158 1276 ut
1178 1245 1214 1276 et
1231 1239 1296 1287 qui
1313 1239 1467 1287 probati

399 1300 487 1330 sunt
512 1294 702 1342 manifesti
715 1297 821 1343 fiant
846 1295 883 1331 in
902 1294 1018 1331 vobis.
1049 1294 1151 1340 Ergo
1179 1292 1330 1329 videtur
1358 1292 1463 1338 quod

401 1347 578 1384 haeretici
607 1355 694 1384 sunt
721 1347 917 1384 tolerandi.

454 1401 489 1437 3.
511 1401 744 1447 PRAETEREA,
765 1400 956 1437 Dominus
974 1398 1182 1444 mandavit,
1204 1397 1339 1434 Matth.
1360 1407 1420 1432 xm
1430 1394 1462 1443 ²¹⁴,
1488 1417 1490 1439 2

400 1453 519 1489 servis
539 1453 615 1489 suis
635 1461 676 1490 ut
693 1453 836 1490 zizania
864 1452 1125 1502 permitterent
1153 1462 1321 1487 crescere
1341 1461 1462 1497 usque

399 1505 448 1542 ad
475 1518 660 1553 messem,
695 1519 793 1555 quae
823 1514 878 1543 est
905 1506 990 1543 finis
1019 1503 1177 1549 saeculi,
1212 1511 1253 1540 ut
1279 1502 1424 1540 ibidem
1443 1501 1463 1525 *
1489 1549 1490 1554 ¹

402 1559 600 1607 exponitur
619 1565 647 1595 ².
679 1560 756 1596 Sed
784 1572 853 1608 per
880 1558 1021 1596 zizania
1050 1557 1307 1605 significantur
1331 1556 1463 1607 haere·
1488 1570 1490 1592 ς

400 1612 481 1659 tici,
520 1613 731 1649 secundum
770 1612 1045 1661 expositionem
1081 1612 1318 1647 Sanctorum.
1360 1609 1461 1656 Ergo

399 1665 578 1702 haeretici
606 1673 692 1702 sunt
719 1665 915 1702 tolerandi.

455 1719 528 1755 SED
545 1730 690 1755 CONTRA
705 1730 770 1755 EST
781 1719 887 1766 quod
901 1718 1109 1766 Apostolus
1125 1715 1224 1760 dicit,
1240 1715 1292 1752 ad
1303 1715 1372 1751 Tit.
1385 1714 1460 1751 111*:

397 1772 644 1813 Haereticam
673 1773 875 1816 hominem,
900 1776 987 1819 post
1006 1770 1176 1818 primam
1203 1774 1237 1804 et
1258 1768 1460 1804 secundam

399 1825 683 1873 correptionem,
703 1825 838 1870 devita,
858 1824 977 1860 sciens
995 1824 1083 1871 quia
1109 1823 1309 1859 subversus
1328 1826 1382 1857 est
1399 1820 1464 1868 qui

398 1878 581 1914 eiusmodi
597 1876 612 1907 β
631 1883 693 1914 est.

452 1931 676 1967 Rsspowosso
697 1941 881 1966 DICENDUM
901 1929 1006 1977 quod
1032 1929 1128 1965 circa
1152 1927 1363 1964 haereticos
1384 1926 1460 1962 duo

398 1991 485 2020 sunt
506 1983 801 2020 consideranda:
831 1994 952 2019 unum
982 1982 1136 2030 quidem
1167 1993 1212 2016 ex
1236 1987 1341 2028 parte
1361 1978 1462 2027 ipso-

399 2049 505 2083 rum;
540 2036 641 2073 aliud
671 2048 715 2072 ex
748 2043 855 2084 parte
883 2035 1076 2072 Ecclesiae
1096 2040 1123 2071 Υ.
1161 2034 1218 2070 Ex
1244 2040 1350 2081 parte
1380 2032 1462 2080 qui-

399 2089 488 2126 dem
519 2089 688 2138 ipsorum
709 2097 764 2126 est
783 2096 984 2137 peccatum
1013 2100 1081 2136 per
1109 2086 1214 2136 quod
1240 2093 1463 2122 meruerunt

399 2155 477 2180 non
498 2143 623 2179 solum
652 2143 700 2178 ab
731 2141 900 2178 Ecclesia
927 2154 996 2190 per
1025 2138 1460 2177 excommunicationem

398 2196 576 2244 separari,
598 2196 664 2232 sed
684 2195 798 2231 etiam
819 2207 888 2243 per
907 2201 1071 2230 mortem
1092 2205 1113 2230 a
1134 2193 1279 2229 mundo
1300 2191 1459 2228 excludi.

399 2250 520 2286 Multo
550 2249 649 2285 enim
679 2248 831 2295 gravius
861 2255 916 2284 est
944 2258 1190 2295 corrumpere
1219 2245 1358 2290 fidem,
1393 2257 1462 2294 per

398 2314 516 2351 quam
546 2303 601 2338 es't
629 2301 779 2338 animae
807 2300 902 2347 vita,
933 2313 1050 2349 quam
1078 2300 1211 2336 falsare
1238 2297 1460 2347 pecuniam,

398 2367 467 2403 per
500 2366 616 2402 quam
651 2353 853 2402 temporali
885 2353 985 2390 vitae
1019 2351 1253 2390 subvenitur.
1292 2350 1403 2388 Unde
1431 2351 1462 2388 si

398 2407 535 2444 falsarii
570 2407 777 2456 pecuniae,
815 2408 878 2443 vel
916 2407 975 2443 alii
1014 2406 1297 2450 malefactores,
1336 2403 1460 2441 statim

398 2472 467 2509 per
495 2461 708 2497 saeculares
744 2459 933 2508 principes
970 2460 1064 2496 iuste
1094 2457 1206 2495 morti
1242 2457 1460 2502 traduntur;

399 2514 518 2550 multo
547 2513 667 2561 magis
695 2513 892 2560 haeretici,
933 2512 1056 2549 statim
1087 2523 1174 2548 cum
1206 2511 1252 2548 de
1276 2508 1289 2532 δ
1314 2510 1462 2547 haeresi

399 2566 688 2613 convincuntur,
705 2574 862 2615 possent
881 2578 959 2603 non
979 2566 1104 2603 solum
1125 2562 1461 2610 excommunicari,

399 2620 465 2657 sed
494 2627 530 2656 et
556 2620 652 2657 iuste
682 2619 814 2657 occidi.

452 2674 509 2709 Ex
537 2680 643 2721 parte
672 2680 800 2709 autem
831 2671 1024 2708 Ecclesiae
1045 2679 1100 2707 est
1120 2668 1391 2715 misericordia,
1412 2668 1462 2705 ad
1486 2656 1490 2708 i

451 2783 478 2814 α)
497 2783 651 2815 exponitur.
670 2797 688 2803 -
706 2782 819 2814 exponit
838 2782 866 2807 P.

451 2816 476 2850 β)
496 2818 633 2843 eiusmodi.
652 2832 671 2837 —
688 2818 840 2843 huiusmodi
859 2817 1008 2842 PCDEILa.

450 2854 476 2886 γ)
496 2861 533 2878 ex
548 2857 629 2885 parte
648 2854 789 2879 Ecclesiae.
808 2867 826 2872 -
844 2861 907 2878 vero
926 2853 960 2883 P;
980 2851 1124 2878 Ecclesiae.
1144 2852 1191 2877 Ex·
1204 2854 1286 2883 parte
1304 2859 1357 2876 om.
1376 2852 1424 2884 pE.

451 2888 475 2921 ὃ)
495 2897 554 2914 cum
573 2890 614 2914 de.
631 2903 651 2908 -
669 2890 740 2922 quod
759 2890 792 2914 de
817 2887 1038 2921 BDFHpC(pR?),
1058 2888 1165 2920 quando
1186 2889 1220 2912 de
1238 2888 1273 2917 L,
1293 2888 1356 2913 dum
1376 2889 1406 2920 E,
1425 2895 1463 2913 ex

399 2931 449 2955 quo
468 2924 501 2948 de
520 2924 586 2948 PlsC
605 2930 630 2949 et
648 2932 673 2949 x.
692 2939 710 2943 -
729 2925 778 2949 Pro
792 2927 912 2957 possent,
928 2926 1042 2956 possunt
1061 2923 1136 2953 msc,
1155 2931 1208 2948 om.
1227 2931 1272 2956 pK.

1522 549 1726 586 errantium
1747 550 2051 587 conversionem.
2073 550 2123 587 Et
2141 550 2229 588 ideo
2249 563 2327 588 non
2346 552 2470 589 statim
2491 564 2580 589 con—

1521 603 1688 650 demnat,
1715 603 1783 640 sed
1805 609 1893 651 post
1912 603 2081 652 primam
2100 609 2137 639 et
2152 604 2354 641 secundam
2382 606 2579 642 correctio-

1521 667 1606 692 nem
1626 660 1650 699 ε,
1670 663 1712 692 ut
1730 657 1937 704 Apostolus
1967 657 2078 693 docet
2095 655 2126 693 ²¹⁸.
2148 657 2403 695 Postmodum
2421 670 2529 706 ver0,
2550 657 2580 695 si

1521 708 1646 745 adhuc
1673 708 1843 757 pertinax
1870 709 2094 757 inveniatur,
2115 709 2298 756 Ecclesia,
2319 709 2366 747 de
2391 710 2472 748 eius
2491 723 2580 748 con-

1519 761 1697 798 versione
1726 773 1804 798 non
1833 774 2010 811 sperans,
2050 762 2212 799 aliorum
2245 763 2355 799 saluti
2381 764 2578 811 providet,

1521 826 1609 851 eum
1638 814 1686 851 ab
1709 815 1879 852 Ecclesia
1916 815 2130 864 separando
2166 827 2236 864 per
2272 817 2581 854 excommunica—

1491 869 1493 887 *
1518 867 1631 904 tionis
1659 867 1904 913 sententiam
1935 877 1971 905 et
1998 868 2151 905 ulterius
2172 868 2349 917 relinquit
2368 881 2457 906 eum
2485 869 2579 907 iudi—

1520 920 1578 957 cio
1599 919 1612 945 ζ
1630 921 1813 958 saeculari
1832 933 1854 958 a
1874 923 2021 959 mundo
2042 921 2371 959 exterminandum
2390 933 2460 971 per
2478 934 2581 959 mor-

1519 981 1608 1010 tem.
1629 973 1729 1010 Dicit
1748 974 1850 1011 enim
1871 974 2132 1023 Hieronymus
2143 974 2174 1022 ³⁸,
2196 982 2232 1011 et
2250 975 2411 1012 habetur
2426 975 2578 1022 XX1V·‚

1490 1042 1491 1052 ¹
1519 1039 1584 1074 qu.
1605 1039 1640 1063 111
1658 1028 1696 1063 *z
1715 1028 1959 1065 Resecandae
1981 1034 2068 1065 sunt
2086 1028 2264 1076 putridae
2283 1040 2428 1074 carnes,
2448 1034 2485 1065 et
2499 1040 2581 1067 sca-

1518 1081 1622 1116 biosa
1637 1080 1717 1117 ovis
1730 1092 1755 1116 a
1770 1081 1887 1118 caulis
1901 1081 2125 1130 repellenda,
2137 1093 2184 1118 ne
2198 1087 2273 1118 tota
2288 1081 2432 1127 domus,
2441 1093 2578 1129 massa,

1518 1144 1654 1181 corpus
1672 1139 1707 1169 et
1718 1145 1874 1181 pecora,
1903 1135 2046 1180 ardeat,
2067 1141 2346 1183 corrumpatur,
2369 1141 2578 1184 putrescat,

1518 1186 1677 1222 intereat
1693 1191 1723 1222 η.
1752 1186 1869 1223 Arius
1893 1187 1930 1223 in
1949 1187 2186 1225 Alexandria
2211 1200 2287 1225 una
2305 1189 2465 1226 scintilla
2481 1189 2579 1238 suit.-

1516 1238 1583 1275 sed
1604 1239 1783 1289 quoniam
1811 1250 1887 1276 non
1913 1240 2038 1276 statim
2066 1252 2263 1289 oppressus
2289 1247 2353 1288 est,
2374 1247 2491 1279 totum
2518 1255 2579 1280 or-

1517 1292 1601 1327 bem
1629 1290 1708 1327 eius
1726 1291 1892 1339 flamma
1913 1292 2097 1340 populata
2125 1299 2188 1330 est.

1570 1345 1630 1380 An
1649 1354 1787 1380 PR1MUM
1819 1355 1917 1382 ERGO
1937 1357 2121 1383 monimum
2149 1346 2254 1395 quod
2282 1347 2331 1383 ad
2349 1346 2578 1384 modestiam

1517 1396 1619 1434 illam
1652 1396 1814 1445 pertinet
1847 1405 1887 1434 ut
1913 1398 2039 1446 primo
2073 1405 2110 1435 et
2137 1398 2306 1436 secundo
2344 1398 2578 1448 corripiatur.

1517 1450 1634 1497 Quod
1664 1449 1694 1486 si
1722 1449 1844 1487 redire
1877 1451 2055 1498 noluerit,
2089 1451 2166 1488 iam
2199 1464 2269 1501 pro
2298 1452 2484 1490 subverso
2513 1454 2580 1491 ha—

1517 1503 1643 1539 betur:
1672 1510 1715 1539 ut
1741 1510 1844 1551 patet
1870 1503 1909 1541 in
1937 1504 2158 1542 auctoritate
2185 1505 2360 1555 Apostoli
2378 1505 2534 1543 inducta
2546 1505 2578 1543 ²⁸².

1569 1557 1628 1593 An
1661 1567 1850 1593 SECUNDUM
1884 1569 2068 1595 monimum
2102 1559 2207 1605 quod
2243 1558 2378 1595 utilitas
2407 1571 2505 1608 quae
2535 1571 2580 1596 ex

1488 1628 1489 1654 ;
1515 1608 1736 1645 haeresibus
1764 1611 1941 1657 provenit
1970 1618 2025 1648 est
2049 1619 2199 1660 praeter
2225 1612 2504 1649 haereticorum
2525 1612 2580 1649 in·

1516 1662 1748 1698 tentionem:
1780 1662 1871 1699 dum
1891 1663 2030 1700 scilicet
2051 1664 2260 1702 constantia
2281 1665 2454 1703 fidelium
2474 1677 2579 1702 corn-

1515 1715 1719 1763 probatur,
1759 1722 1800 1751 ut
1826 1717 2034 1765 Apostolus
2063 1717 2171 1763 dicit;
2210 1726 2246 1754 et
2273 1726 2314 1755 ut
2346 1718 2578 1756 excutiamus

1515 1768 1716 1816 pigritiam,
1747 1767 1895 1806 divinas
1925 1770 2136 1819 Scripturas
2165 1771 2356 1808 sollicitius
2374 1772 2577 1819 intuentes,

1516 1821 1611 1858 sicut
1629 1821 1862 1868 Augustinus
1882 1822 1971 1860 dicit
1988 1823 2019 1860 ²¹³.
2051 1824 2128 1861 Sed
2148 1836 2194 1860 ex
2217 1824 2424 1862 intentione
2444 1837 2579 1862 eorum

1487 1875 1489 1913 l
1516 1881 1572 1910 est
1600 1886 1844 1922 corrumpere
1874 1875 2014 1922 fidem,
2053 1877 2160 1924 quod
2189 1885 2245 1914 est
2278 1877 2435 1915 maximi
2462 1889 2580 1915 nocu-

1516 1927 1645 1963 menti.
1685 1927 1733 1963 Et
1770 1926 1856 1964 ideo
1895 1929 2016 1977 magis
2054 1929 2335 1978 respiciendum
2374 1938 2431 1968 est
2462 1931 2513 1968 ad
2540 1930 2580 1968 id

1515 1981 1620 2028 quod
1649 1987 1706 2016 est
1733 1991 1802 2027 per
1824 1993 1866 2017 se
1895 1981 1941 2018 de
1971 1994 2106 2019 eorum
2136 1983 2356 2030 intentione,
2385 1991 2427 2021 ut
2455 1985 2580 2022 exclu-

1516 2034 1673 2079 dantur3
1703 2044 1820 2082 quam
1840 2034 1888 2071 ad
1907 2035 1982 2072 hoc
2001 2036 2108 2084 quod
2128 2044 2184 2073 est
2201 2044 2350 2085 praeter
2369 2050 2504 2075 eorum
2523 2037 2579 2076 in-

1515 2093 1741 2132 tentionem,
1770 2093 1811 2122 ut
1838 2088 2103 2126 sustineantur.

1567 2141 1626 2176 An
1642 2150 1802 2176 TERTIUM
1821 2153 2005 2179 mel-:unum
2026 2142 2142 2190 quod.
2159 2141 2256 2179 sicut
2269 2143 2432 2180 habetur
2450 2143 2488 2180 in
2503 2143 2579 2179 De—

1515 2193 1634 2238 cretis,
1659 2191 1813 2238 XXIV¹,
1835 2206 1897 2242 qu.
1921 2207 1957 2231 111
1975 2194 2006 2241 ²⁸,
2032 2195 2137 2232 aliud
2153 2201 2207 2232 est
2226 2196 2578 2243 excommunicatio,

1515 2251 1552 2281 et
1567 2245 1672 2282 aliud
1693 2248 1907 2285 eradicatio.
1928 2248 2294 2286 Excommunicatur
2311 2249 2410 2286 enim
2439 2249 2491 2287 ad
2506 2250 2578 2287 hoc

1515 2297 1661 2347 aliquis,
1683 2305 1723 2335 ut
1737 2301 1792 2337 ait
1808 2301 2008 2349 Apostolus
2026 2301 2057 2348 ²¹²,
2089 2317 2109 2335 α
2132 2307 2172 2338 ut
2187 2302 2338 2354 spiritus
2355 2302 2435 2340 eius
2452 2302 2580 2352 salvus

1503 2352 1581 2399 fiat
1597 2351 1635 2388 in
1660 2352 1720 2388 die
1737 2354 1940 2391 Domini».
1957 2375 1981 2382 -
1998 2354 2038 2391 Si
2056 2362 2184 2392 tamen
2205 2355 2367 2393 totaliter
2385 2356 2580 2393 eradicen-

1514 2412 1575 2440 tur
1601 2417 1670 2453 per
1697 2415 1859 2444 mortem
1888 2407 2082 2454 haeretici,
2112 2420 2190 2445 non
2215 2416 2271 2446 est
2290 2408 2404 2445 etiam
2419 2407 2432 2430 θ
2449 2416 2580 2446 contra

1515 2458 1740 2495 mandatum
1769 2460 1942 2506 Domini,
1972 2461 2078 2510 quod
2108 2469 2163 2498 est
2190 2461 2229 2499 in
2258 2474 2304 2499 eo
2331 2473 2421 2499 casu
2449 2462 2579 2500 intelli—

1515 2510 1681 2557 gendum
1723 2513 1877 2560 quando
1915 2525 1992 2550 non
2031 2521 2192 2563 possunt
2228 2515 2403 2564 extirpari
2437 2515 2580 2554 zizania

1516 2562 1596 2600 sine
1625 2564 1872 2614 extirpatione
1905 2565 2034 2604 tritici:
2073 2575 2115 2604 ut
2142 2580 2257 2616 supra
2284 2568 2304 2590 *
2329 2567 2472 2607 dictum
2502 2577 2577 2616 est,

1516 2628 1604 2653 cum
1634 2618 1682 2655 de
1710 2618 1927 2656 infidelibus
1955 2619 1994 2656 in
2022 2621 2220 2658 communi
2248 2629 2430 2670 ageretur.

1567 2780 1589 2811 ε)
1609 2780 1809 2806 correctionem.
1827 2795 1845 2800 -
1862 2783 2056 2814 correptionem
2076 2783 2190 2808 PCKLa.

1567 2814 1592 2846 ζ)
1613 2815 1720 2840 iudicio.
1738 2830 1757 2835 —
1776 2817 1801 2841 in
1822 2817 1921 2842 iudicio
1939 2818 2123 2849 ABDEFGxn,
2143 2818 2226 2843 iudici
2243 2818 2273 2844 C.

1569 2851 1735 2911 φραγ-ἀπ...
1756 2852 1878 2878 intereat.
1896 2867 1916 2872 —
1933 2853 2059 2883 ardeant,
2071 2857 2289 2886 corrumpantur,
2303 2857 2476 2886 putrescant,
2496 2855 2577 2880 inter-

1514 2891 1592 2955 mg)
1612 2905 1702 2948 itiam.
1720 2937 1740 2943 -
1759 2922 1820 2948 0m.
1840 2923 1916 2948 con.

1064 2993 1396 3027 Commentariis
1418 2994 1669 3028 Oardinalis
1690 2994 1892 3027 Caieta-ni

430 3079 450 3099 N
474 3069 566 3100 tertio
590 3076 620 3100 et
642 3077 756 3110 quarto
780 3070 913 3100 articulo
943 3070 1085 3099 eiusdem
1109 3070 1321 3110 quaestionis,
1346 3069 1400 3100 ubi
1424 3070 1462 3100 de
1487 3069 1489 3082 ³

405 3082 599 3153 Ipunitione
621 3113 851 3144 haereticorum
875 3113 986 3153 agitur,
1011 3114 1146 3144 dubium
1166 3114 1311 3150 occurrit,
1329 3124 1369 3144 an
1389 3114 1462 3144 hae-
1487 3116 1489 3150 l

401 3157 487 3188 retici
510 3158 543 3187 in
567 3164 672 3188 mente
705 3158 812 3188 solum
839 3158 999 3188 incurrant
1022 3158 1098 3188 iuris
1122 3158 1250 3199 positivi
1274 3168 1407 3198 poenas,
1432 3165 1463 3188 et
1488 3155 1489 3161 ¹

400 3202 568 3242 praecipue
588 3201 959 3232 excommunicationem.
984 3202 1024 3232 Et
1040 3209 1086 3233 est
1099 3203 1179 3233 ratio
1196 3202 1283 3233 dubii
1299 3202 1374 3243 quia
1389 3202 1462 3232 hae·
1487 3190 1489 3231 i

401 3246 476 3276 resis
499 3245 531 3276 in
555 3253 662 3276 mente
684 3253 730 3277 est
753 3255 819 3276 non
843 3246 947 3276 solum
972 3255 1053 3282 vera,
1079 3247 1133 3277 sed
1157 3246 1294 3288 perfecta
1317 3246 1460 3277 haeresis.
1488 3271 1489 3274 ,

1513 3070 1682 3106 manifesti,
1707 3077 1762 3100 aut
1784 3069 1961 3100 secundum
1977 3076 2065 3100 actus
2087 3070 2268 3107 exteriores,
2293 3071 2348 3101 sed
2364 3071 2509 3103 haeretici
2523 3073 2577 3103 ab·

1514 3115 1618 3145 solute
1642 3121 1672 3145 et
1687 3114 1879 3154 simpliciter.
1904 3114 2037 3145 Videtur
2054 3114 2150 3154 igitur
2164 3116 2262 3156 quod,
2280 3122 2577 3158 quantumcumque

1514 3158 1640 3194 occulti,
1666 3159 1728 3189 sint
1749 3158 2024 3189 excommunicati.
2046 3176 2067 3182 -
2091 3159 2138 3189 Ex
2166 3159 2262 3190 altera
2289 3166 2396 3191 autem
2418 3167 2506 3201 parte
2530 3167 2578 3192 est

1514 3203 1589 3243 quia
1612 3203 1756 3234 Ecclesia
1781 3213 1843 3233 non
1868 3203 1987 3233 iudicat
2009 3204 2134 3234 occulta
2148 3202 2176 3234 ⁸⁹.

1570 3247 1607 3277 11.
1633 3247 1683 3277 Ad
1707 3247 1896 3278 evidentiam
1916 3247 2010 3278 huius
2028 3247 2242 3283 dubitationis,
2260 3247 2338 3278 scito
2357 3248 2447 3289 quod
2462 3247 2576 3279 Glossa

2707 671 2718 687 ε

2609 696 2748 745 baianum.
2771 696 2820 718 Sed

2705 925 2720 955 t

2609 979 2616 986 ·
2641 977 2734 999 Corum.
2766 983 2794 1008 ⁸¹!
2812 993 2819 999 .

2606 1003 2650 1056 fif,-
2666 1002 2700 1051 ‘32¹
2714 1003 2818 1058 &¹23

2608 1061 2819 1130 ΞΣξᾸη-ρᾯειεσακ-

2703 1195 2719 1218 η

2609 1510 2617 1518 ·
2627 1508 2686 1536 Arg.
2695 1507 2744 1530 Sed
2755 1507 2818 1530 con-

2607 1537 2654 1556 tra.

2605 2203 2698 2252 ‘'unq-nn.
2727 2203 2818 2225 Notan-

2606 2315 2614 2323 ·
2619 2313 2628 2334 1
2635 2313 2670 2335 ad
2673 2313 2738 2340 Cor„
2743 2319 2817 2342 etp-v,

2605 2346 2665 2362 vers.
2679 2345 2699 2368 5.

2606 2576 2679 2625 nglu.
2693 2582 2717 2603 x,
2732 2579 2775 2599 m.
2789 2577 2816 2602 8.

2602 3205 2613 3217 ⁸
2629 3204 2709 3227 clo-0.
2724 3206 2747 3228 in
2763 3211 2813 3234 etp.

2602 3231 2657 3253 Lut.
2663 3233 2724 3259 uas,
2732 3232 2762 3254 de
2770 3232 2814 3254 Re-

2602 3258 2651 3279 sttt.
2669 3258 2690 3280 S
2703 3259 2735 3280 ot.
2750 3270 2762 3275 -
2777 3258 2813 3281 Cf.

2694 3284 2804 3307 Nom-u·

401 3290 445 3320 Ita
470 3290 558 3330 quod
582 3300 648 3320 non
666 3297 711 3320 est
728 3289 765 3319 de
785 3289 904 3319 haeresi
924 3289 1003 3320 sicut
1019 3291 1056 3321 de
1073 3291 1169 3322 furto.
1194 3291 1277 3321 Nam
1292 3290 1414 3320 furtum
1430 3290 1462 3320 in
1514 3291 1632 3328 Extra,
1645 3292 1684 3321 de
1701 3291 1896 3329 Haereticis,
1914 3301 1982 3331 cap.
1994 3292 2188 3330 Multorum,
2202 3291 2234 3322 in
2247 3291 2464 3328 clementinis,
2481 3292 2575 3324 refert
2603 3290 2745 3333 ffl’tcm,
2767 3301 2812 3333 Be:

401 3341 517 3370 mente,
542 3334 613 3365 licet
636 3333 675 3364 sit
698 3340 862 3373 peccatum
888 3335 1029 3370 mortale,
1054 3345 1118 3365 non
1143 3342 1249 3365 tamen
1274 3341 1319 3365 est
1341 3334 1462 3365 furtum
1488 3355 1489 3364 1
1514 3335 1783 3365 Archidiaconum
1799 3335 2006 3375 disputationi
2021 3336 2082 3366 hoc
2097 3335 2259 3377 reliquisse
2271 3335 2298 3366 *.
2315 3336 2356 3366 Et
2367 3336 2473 3376 plures
2489 3335 2576 3367 affert
2601 3337 2650 3365 πε]-
2665 3339 2708 3359 2¹0·

401 3378 586 3417 perfectum.
612 3378 673 3408 Sed
697 3378 869 3408 haereticus
886 3378 917 3407 in
935 3386 1039 3408 mente
1056 3386 1102 3409 est
1117 3379 1252 3419 perfecte
1271 3378 1461 3409 haereticus:
1488 3370 1489 3398 3

1515 3380 1659 3409 doctores
1679 3389 1737 3418 pro
1757 3386 1843 3418 parte
1867 3379 2060 3416 affirmativa,
2077 3380 2185 3420 quoad
2201 3379 2572 3411 excommunicationem.

2600 3368 2612 3398 ᾖ·
2627 3367 2664 3390 Cf.
2680 3367 2812 3390 Archi-nne.

2601 3400 2657 3416 inca
2683 3393 2811 3421 monton,

401 3422 475 3462 quia
499 3422 580 3453 sicut
602 3422 679 3452 fides
703 3429 749 3452 est
771 3421 869 3452 virtus
892 3432 974 3462 quae
990 3422 1148 3462 perficitur
1171 3423 1310 3459 interius,
1335 3422 1378 3453 ita
1393 3421 1462 3453 infi-
1487 3411 1490 3459 i
1514 3422 1612 3452 Affert
1636 3432 1766 3463 quoque
1790 3423 1829 3453 ad
1846 3423 1907 3453 hoc
1923 3424 2024 3455 multa
2047 3424 2125 3455 iura.
2150 3424 2191 3454 Et
2214 3424 2378 3465 quoniam,
2403 3424 2573 3455 allatorum
2601 3419 2631 3442 ὰ
2644 3401 2787 3443 fiammis.

403 3466 510 3496 delitas
531 3465 690 3506 perficitur
711 3466 743 3496 in
769 3466 910 3496 dissensu
935 3466 1074 3496 interiori
1091 3477 1127 3497 ex
1144 3477 1299 3497 consensu
1316 3467 1461 3497 volunta-

402 3510 450 3540 tis.
484 3509 618 3541 Constat
641 3517 748 3541 autem
772 3510 861 3551 quod
885 3511 1199 3541 excommunicantur
1227 3521 1293 3541 non
1316 3510 1462 3541 haeretici

1514 3467 1632 3497 iurium
1657 3477 1729 3497 cum
1755 3468 1855 3497 multa
1878 3478 1960 3508 quae
1984 3469 2015 3498 in
2039 3467 2195 3508 principio
2214 3477 2273 3508 pro
2296 3477 2329 3498 se
2351 3467 2447 3504 affert,
2464 3474 2574 3498 tenens

1514 3517 1635 3551 partem
1659 3510 1877 3542 affirmativam
1902 3512 2120 3548 indubitatam,
2144 3511 2301 3548 vidissem,
2326 3511 2467 3552 perspexi
2491 3512 2572 3542 eius—
