2892 4056
93 1794 106 1806 ·
120 1794 186 1817 ven.
201 1800 232 1821 ιο.

974 162 1237 208 QUAEsTio
1268 163 1368 210 L111,
1398 163 1691 200 ARTICULUS
1722 164 1783 210 111,
1806 163 1856 199 Ν

1126 297 1441 339 ARTICULUS
1470 297 1697 339 TERTIUS

627 389 780 419 UTRUM
804 388 1135 420 PRAECIPITATIO
1159 390 1224 420 srr
1248 389 1484 420 PECCATUM
1508 389 1585 420 SUB
1610 389 1904 419 IMPRUDENTIA
1929 389 2202 420 CONTENTUM

1229 467 1270 491 De
1288 466 1370 496 Ma1o,
1390 474 1435 499 qu.
1453 474 1493 497 xv,
1513 471 1558 491 art.
1577 474 1602 497 4.

365 551 375 569 Ὀ

361 554 522 649 {32}
542 546 817 636 gr‘ssssffgisslsff
824 546 906 624 1:²33
909 535 1387 636 Ἓῗᾙὶςέἶὲῗξῗὶἓῗῐῗ

350 622 532 729 stez&
542 640 742 729 pmdeqffla
759 640 1269 729 corrntgtntum.d1mprudesntida
1285 641 1386 677 enim

386 708 398 718 =
544 704 687 741 oppom
732 705 803 730 rvi
881 704 990 740 1pru
1020 704 1065 729 en
1083 704 1140 728 iae
1213 705 1231 728 e
1307 705 1369 729 rae

334 744 494 793 cipitatio
515 745 720 794 opponitur
738 745 840 781 dono
861 744 1024 781 consilii:
1055 745 1140 782 dicit
1169 745 1270 781 enirn
1279 706 1387 782 pGre-

113 837 127 851 ι
191 809 278 851 1n¹v{'
332 797 470 845 gorius,
491 796 529 833 in
550 798 581 832 II
600 797 744 834 Moral.
764 797 796 843 ²²³,
815 798 920 846 quod
944 796 1091 834 donum
1117 797 1261 833 consilii
1280 798 1387 834 datur

97 862 176 878 ¹¹¹v1·
273 846 279 852 ’
333 857 464 886 contra
490 849 851 898 praecipitationem.
890 850 991 896 Ergo
1020 849 1276 897 praecipitatio
1309 862 1387 886 non

333 909 388 938 est
413 908 613 950 peccatum
642 902 713 938 sub
740 900 996 950 imprudentia
1025 908 1255 938 contentum.

387 965 421 991 2.
441 955 673 1000 PRAETEREA,
702 953 957 1002 praecipitatio
985 953 1135 990 videtur
1162 954 1210 990 ad
1238 954 1386 990 temeri-

331 1014 445 1043 tatem
461 1005 658 1054 pertinere.
674 1005 881 1042 Temeritas
896 1013 1023 1042 autem
1038 1006 1386 1054 praesumptionem

330 1058 520 1107 importat,
536 1068 635 1104 quae
653 1058 815 1106 pertinet
833 1058 882 1096 ad
901 1058 1130 1107 superbiam.
1161 1059 1262 1106 Ergo
1279 1071 1387 1107 prae-

332 1110 495 1159 cipitatio
533 1121 612 1146 non
647 1118 702 1147 est
736 1111 871 1148 vitium
909 1112 979 1148 sub
1008 1111 1260 1159 imprudentia
1298 1123 1387 1148 con-

330 1170 489 1200 tentum.

385 1216 420 1252 3.
449 1216 687 1263 PRAETEREA,
715 1216 972 1265 praecipitatio
1000 1216 1151 1254 videtur
1182 1216 1387 1264 importare

331 1268 526 1317 quandam
553 1269 806 1307 inordinatam
826 1269 1114 1306 festinationem.
1146 1269 1222 1306 Sed
1241 1269 1280 1306 in
1300 1281 1388 1305 con-

331 1320 489 1358 siliando
518 1334 596 1359 non
625 1322 750 1358 solum
778 1322 957 1369 contingit
985 1334 1065 1358 esse
1092 1329 1291 1369 peccatum
1319 1334 1389 1370 per

330 1374 405 1410 hoc
420 1374 525 1421 quod
545 1374 677 1423 aliquis
697 1381 753 1410 est
771 1374 936 1422 festinus,
957 1375 1022 1411 sed
1044 1374 1155 1410 etiam
1172 1374 1202 1410 si
1217 1374 1262 1411 sit
1277 1374 1388 1411 nimis

330 1426 476 1474 tardus,
503 1427 554 1464 ita
581 1428 687 1475 quod
714 1434 924 1475 praetereat
951 1426 1213 1475 opportunitas
1242 1426 1387 1475 operis3

332 1486 369 1516 et
396 1479 509 1516 etiam
547 1479 758 1516 secundum
794 1479 1092 1516 inordinationes
1127 1478 1286 1516 aliarum
1320 1479 1387 1515 cir-

208 1555 214 1566 .
245 1555 252 1562 -
278 1551 304 1562 -—
332 1532 663 1578 cumstantiarum,
701 1538 743 1567 ut
771 1530 904 1568 dicitur
940 1531 978 1568 in
1005 1531 1056 1567 VI
1085 1531 1204 1567 Ethic.
1224 1531 1244 1552 ‘¹‘
1285 1532 1387 1579 Ergo

297 1582 302 1588 ’
329 1596 408 1621 non
432 1584 551 1632 magis
570 1583 827 1633 praecipitatio
849 1584 960 1621 debet
978 1583 1070 1632 poni
1092 1591 1292 1632 peccatum
1317 1584 1387 1620 sub

330 1636 585 1685 imprudentia
608 1644 828 1673 contentum
848 1649 965 1684 quam
985 1636 1150 1684 tarditas,
1172 1644 1235 1673 aut
1263 1636 1388 1684 aliqua

329 1689 401 1726 alia
436 1689 655 1727 huiusmodi
692 1689 740 1726 ad
768 1688 1087 1726 inordinationem
1125 1689 1268 1726 consilii
1303 1701 1388 1738 per-

329 1741 497 1779 tinentia.

384 1795 459 1831 SED
487 1806 633 1832 CONTRA
660 1806 726 1832 EST
754 1794 859 1843 quod
891 1794 1023 1831 dicitur
1049 1795 1160 1831 Prov.
1190 1806 1225 1830 lv
1243 1794 1283 1831 *z
1319 1795 1387 1831 Via

330 1847 532 1895 impiorum
559 1848 777 1884 tenebrosa.-
806 1847 973 1884 nesciunt
1000 1847 1064 1883 ubi
1089 1852 1280 1884 corruant.
1314 1848 1390 1883 Te—

330 1900 472 1936 nebrae
505 1907 633 1937 autem
660 1899 751 1937 viae
782 1899 984 1949 impietatis
1020 1900 1208 1948 pertinent
1244 1901 1292 1937 ad
1320 1900 1388 1936 im-

328 1952 583 2001 prudentiam.
619 1953 720 2000 Ergo
750 1965 937 2000 corruere,
962 1952 1042 1989 sive
1070 1952 1317 2001 praecipitari,
1339 1952 1388 1989 ad

329 2004 625 2053 imprudentiam
653 2005 825 2054 pertinet.

382 2058 607 2095 Rssspoumso
634 2070 818 2095 DICENDUM
838 2057 944 2106 quod
962 2057 1221 2107 praecipitatio
1242 2058 1280 2094 in
1300 2057 1388 2094 acti-

328 2109 400 2147 bus
420 2110 570 2148 animae
597 2110 856 2159 metaphorice
877 2110 1010 2147 dicitur
1029 2110 1241 2148 secundum
1262 2109 1388 2147 simili-

327 2162 500 2200 tudinem
515 2176 537 2200 a
553 2163 739 2212 corporali
754 2171 863 2200 motu
877 2170 1085 2211 acceptam.
1102 2163 1247 2200 Dicitur
1259 2170 1387 2200 autem

328 2215 564 2264 praecipitari
583 2216 794 2253 secundum
815 2216 1051 2268 corporalem
1072 2223 1221 2252 motum
1241 2217 1346 2264 quod
1366 2228 1388 2252 a

329 2268 513 2316 superiori
525 2268 562 2304 in
577 2268 654 2304 ima
668 2268 840 2316 pervenit
851 2258 1081 2305 secundum'
1072 2275 1258 2317 1mpetum
1270 2280 1388 2317 quen-

331 2320 419 2357 dam
447 2320 591 2369 proprii
619 2328 746 2357 motus
773 2321 835 2357 vel
863 2320 1020 2357 alicuius
1048 2320 1285 2369 impellentis,
1309 2332 1388 2358 non

382 2433 409 2465 α)
429 2432 583 2458 incedendm
601 2445 619 2451 -
637 2432 820 2458 descendendo
838 2433 868 2457 P.

383 2467 408 2500 β)
428 2468 556 2499 operatio.
574 2480 593 2487 -
611 2467 668 2499 ipsa
686 2467 807 2499 operatio
826 2468 872 2492 Pa.

1441 535 1610 572 ordinate
1625 535 1836 572 incedendo
1853 541 1869 557 α
1887 548 1956 584 per
1974 536 2123 583 gradus.
2145 537 2347 572 Summum
2363 544 2490 573 autem

1441 588 1589 624 animae
1611 595 1665 624 est
1684 588 1765 636 ipsa
1784 588 1890 624 ratio.
1921 590 2045 624 Imum
2066 596 2194 625 autem
2215 596 2269 624 est
2289 589 2457 637 operatio
2477 588 2491 618 β

1441 653 1509 688 per
1536 653 1674 689 corpus
1703 641 1873 677 exercita.
1922 641 2070 677 Gradus
2099 648 2225 677 autem
2262 641 2396 687 medii,
2425 653 2493 690 per

1442 705 1537 741 quos
1558 700 1706 741 oportet
1733 693 1901 730 ordinate
1923 693 2163 739 descendere,
2193 700 2278 729 sunt
2306 694 2492 730 memoria

1442 746 1747 794 praeteritorum,
1777 745 2015 792 intelligentia
2041 745 2313 793 praesentium,
2343 746 2493 782 solertia

1440 798 1477 834 in
1515 797 1797 835 considerandis
1833 798 1964 834 futuris
2007 798 2221 844 eventibus,
2260 798 2492 835 ratiocinatio

1442 850 1640 887 conferens
1659 862 1776 886 unum
1798 850 1913 896 alteri,
1934 850 2114 897 docilitas,
2133 862 2203 898 per
2221 862 2335 897 quam
2360 850 2493 898 aliquis

1442 902 1645 948 acquiescit
1673 902 1863 938 sententiis
1891 902 2102 938 maiorum:
2130 914 2198 950 per
2217 914 2313 950 quos
2339 903 2492 951 quidem

1442 954 1578 1000 gradus
1593 954 1725 1001 aliquis
1739 954 1909 990 ordinate
1924 954 2117 990 descendit
2132 962 2232 991 recte
2248 955 2491 991 consiliando.

1443 1005 1481 1042 Si
1509 1005 1592 1054 quis
1621 1013 1748 1042 autern
1776 1007 1914 1042 feratur
1933 1006 1980 1042 ad
2001 1007 2191 1053 agendum
2219 1019 2286 1055 per
2308 1007 2492 1056 impetum

1440 1058 1645 1095 voluntatis
1672 1059 1734 1095 vel
1770 1058 1976 1106 passionis,
2009 1058 2238 1107 pertransitis
2275 1059 2493 1097 huiusmodi

1441 1111 1630 1158 gradibus,
1652 1111 1720 1147 erit
1737 1110 2007 1159 praecipitatio,
2038 1112 2137 1147 Cum
2158 1123 2246 1159 ergo
2268 1111 2492 1149 inordinatio

1443 1163 1586 1200 consilii
1615 1163 1663 1200 ad
1691 1163 1985 1212 imprudentiam
2013 1163 2212 1211 pertineat,
2252 1165 2493 1201 manifestum

1443 1224 1498 1252 est
1517 1216 1621 1264 quod
1639 1216 1773 1253 vitium
1799 1215 2116 1264 praecipitationis
2144 1217 2214 1252 sub
2242 1216 2494 1265 imprudentia

1444 1269 1665 1305 continetur.

1495 1323 1553 1358 An
1581 1333 1718 1357 PmMUM
1746 1332 1843 1357 ERGO
1871 1333 2054 1357 DICENDUM
2081 1321 2186 1369 quod
2214 1320 2357 1357 consilii
2389 1321 2494 1358 recti-

1443 1374 1534 1410 tudo
1563 1373 1723 1422 pertinet
1750 1374 1798 1410 ad
1827 1373 1972 1410 donum
2002 1373 2145 1410 consilii
2178 1381 2213 1410 et
2241 1373 2289 1410 ad
2316 1374 2494 1411 virtutem

1443 1426 1674 1475 prudentiae,
1704 1426 1788 1462 licet
1809 1426 2076 1473 diversimode,
2105 1433 2147 1462 ut
2174 1438 2287 1474 supra
2304 1425 2324 1447 ‘¹‘
2353 1425 2494 1463 dictum
2522 1437 2532 1447 ·
2574 1443 2587 1458 u
2611 1443 2624 1458 ι
2661 1443 2674 1458 a
2710 1443 2721 1458 2

1444 1485 1509 1515 est.
1557 1479 1606 1514 Et
1641 1478 1728 1515 ideo
1765 1478 2022 1526 praecipitatio
2056 1478 2203 1526 utrique
2237 1479 2493 1515 contrariatur.

1494 1532 1554 1567 An
1582 1542 1771 1567 SECUNDUM
1799 1542 1982 1567 monimum
2010 1531 2114 1578 quod
2141 1530 2202 1566 illa
2222 1531 2396 1567 dicuntur
2414 1531 2496 1567 fieri

1443 1590 1586 1619 temere
1613 1595 1711 1632 quae
1739 1582 1883 1619 ratione
1920 1595 1998 1620 non
2031 1590 2219 1630 reguntur.
2269 1583 2384 1630 Quod
2417 1583 2496 1632 qui-

1443 1636 1531 1672 dem
1559 1643 1684 1684 potest
1713 1636 1929 1683 contingere
1948 1636 2153 1684 dupliciter.
2183 1636 2269 1672 Uno
2298 1635 2429 1683 modo,
2451 1648 2496 1672 ex

1442 1689 1587 1737 impetu
1613 1688 1816 1725 voluntatis
1845 1690 1905 1725 vel
1933 1688 2130 1737 passionis.
2175 1688 2262 1724 Alio
2291 1688 2421 1736 modo,
2451 1701 2495 1725 ex

1443 1748 1662 1789 contemptu
1691 1741 1841 1788 regulae
1861 1741 2071 1789 dirigentis:
2101 1749 2137 1777 et
2163 1741 2238 1777 hoc
2255 1741 2407 1790 proprie
2426 1741 2496 1778 irn-

1442 1801 1566 1842 portat
1602 1794 1804 1830 temeritas.
1851 1794 1962 1831 Unde
1988 1794 2139 1830 videtur
2167 1805 2213 1830 ex
2246 1794 2370 1830 radice
2393 1799 2408 1822 Υ
2436 1807 2496 1830 su-

1441 1846 1595 1895 perbiae
1622 1846 1843 1895 provenire,
1873 1859 1971 1895 quae
1999 1846 2133 1894 refugit
2160 1847 2315 1883 subesse
2344 1847 2496 1894 regulae

1442 1899 1598 1936 alienae.
1623 1899 1865 1948 Paecipitatio
1885 1906 2013 1936 autem
2029 1911 2069 1935 se
2083 1899 2198 1936 habet
2217 1900 2265 1936 ad
2279 1906 2494 1948 utrumque.

1441 1952 1551 1989 Unde
1589 1952 1780 1988 temeritas
1816 1952 1887 1988 sub
1921 1951 2230 2001 praecipitatione
2263 1952 2495 1989 continetur:

1441 2004 1617 2053 quamvis
1657 2004 1914 2053 praecipitatio
1951 2005 2071 2052 magis
2109 2004 2281 2054 respiciat
2316 2005 2494 2054 primum.

1494 2059 1552 2094 AD
1572 2069 1731 2094 TERTIUM
1750 2069 1934 2094 morannum
1954 2058 2057 2105 quod
2086 2057 2124 2094 in
2143 2058 2382 2106 inquisitione
2408 2070 2496 2094 con-

1441 2110 1510 2146 silii
1529 2111 1649 2147 multa
1667 2110 1904 2158 particularia
1929 2118 2015 2147 sunt
2038 2110 2328 2147 consideranda:
2356 2118 2391 2147 et
2408 2110 2494 2148 ideo

1441 2163 1696 2211 Philosophus
1712 2162 1811 2210 dicit,
1826 2162 1865 2199 in
1879 2162 1929 2199 VI
1944 2163 2063 2199 Ethic.
2078 2162 2113 2199 *z
2138 2163 2290 2211 Oportet
2306 2163 2498 2200 consiliari
2523 2169 2533 2179 ·
2565 2175 2594 2190 00
2617 2175 2637 2190 ε·
2679 2176 2693 2191 n
2712 2176 2723 2191 ³

1441 2215 1556 2252 tarde.
1586 2215 1697 2252 Unde
1725 2215 1979 2264 praecipitatio
2002 2215 2176 2252 directius
2205 2215 2410 2264 opponitur
2437 2228 2496 2252 re-

1443 2268 1612 2305 ctitudini
1641 2267 1783 2304 consilii
1810 2280 1925 2316 quam
1961 2268 2112 2305 tarditas
2147 2268 2360 2317 superflua,
2397 2280 2495 2317 quae

1442 2321 1558 2357 habet
1584 2320 1778 2369 quandam
1807 2320 2086 2358 similitudinem
2115 2321 2204 2357 recti
2234 2321 2384 2358 consilii.

1494 2432 1522 2466 γ)
1541 2432 1640 2457 rad1'ce.
1658 2445 1677 2451 -
1694 2439 1726 2457 ea
1743 2433 1835 2458 radice
1853 2431 2051 2465 PAEFKLRpx.
2100 2445 2112 2456 ι

1001 2536 1332 2569 Commentario.
1355 2536 1603 2569 Cardinalis
1626 2536 1824 2568 Caietani

358 2627 379 2648 Ν
408 2617 529 2648 articuli
561 2617 642 2647 tertii
674 2616 877 2657 responsione
914 2616 954 2646 ad
987 2616 1163 2646 secundum
1201 2622 1276 2646 nota
1306 2615 1384 2656 quid

331 2629 486 2702 Iproprie
515 2661 668 2705 importet
697 2661 870 2691 temeritas:
904 2659 1171 2690 inordinationem
1202 2659 1319 2690 scilicet
1349 2669 1385 2690 ex

328 2711 513 2745 contemptu
536 2705 671 2744 regulae.
696 2705 742 2735 Ex
757 2704 819 2734 hoc
842 2703 926 2734 enirn
942 2704 1059 2744 poteris
1082 2703 1275 2743 interpretari
1290 2713 1384 2733 cano-

326 2759 384 2780 nes
406 2749 535 2790 quando
551 2755 669 2779 temere
692 2748 950 2788 transgredientes
965 2748 1240 2778 excommunicant
1258 2757 1314 2777 seu
1330 2747 1384 2777 ali-

326 2799 374 2824 ter
395 2792 543 2833 puniunt.
574 2793 677 2823 Verba
700 2792 785 2822 enim
813 2792 888 2822 iuris
912 2801 969 2822 nec
992 2791 1105 2822 frustra
1135 2791 1297 2831 apposita,
1328 2801 1385 2822 nec

1438 2615 1611 2656 improprie
1634 2616 1788 2646 sumenda
1811 2622 1893 2652 sunt,
1917 2615 2061 2656 quamvis
2078 2616 2269 2656 quandoque
2285 2616 2495 2647 communiter

1439 2666 1613 2690 sumantur.
1638 2660 1673 2689 In
1696 2659 1824 2690 materia
1843 2666 1948 2690 tamen
1965 2659 2113 2710 poenali,
2138 2666 2249 2700 utpote
2272 2660 2492 2700 restringenda,

1438 2704 1612 2744 proprietas
1634 2703 1865 2733 vocabulorum
1887 2703 2056 2734 restrictiva
2079 2713 2255 2743 poenarum
2278 2704 2494 2744 amplectenda

1438 2754 1493 2778 est.
1516 2748 1678 2778 Memento
1702 2757 1777 2787 ergo
1800 2748 1888 2787 quod
1911 2747 2067 2778 temeritas
2096 2748 2215 2788 species
2244 2754 2290 2778 est
2312 2748 2493 2788 praecipita-

1437 2791 1531 2822 tionis
1555 2797 1774 2831 contemptum
1797 2791 1922 2822 addens.

1106 2929 1421 2972 ARTICULUS
1451 2928 1720 2978 QUARTUS

490 3023 645 3054 UTRUM
669 3021 1034 3053 INCONSIDERATIO
1058 3021 1124 3052 SIT
1148 3020 1351 3051 SPECIALE
1374 3019 1612 3051 PEccATUM
1635 3019 1713 3051 SUB
1738 3020 2033 3051 IMPRUDENTIA
2056 3019 2329 3051 CONTENTUM

1224 3099 1266 3123 De
1283 3099 1366 3128 Malo,
1386 3106 1431 3131 qu.
1449 3106 1489 3130 xv,
1508 3103 1556 3124 art.
1573 3106 1600 3130 4.

361 3188 421 3221 jas.
442 3191 513 3230 μή·
542 3184 564 3209 ι)
585 3183 758 3215 QUARTUM
777 3183 830 3208 Slc
850 3181 1088 3207 Pacci-:mrum
1103 3169 1260 3206 Videtur
1280 3168 1386 3217 quod

458 3215 508 3283 Γκ”ἱιο
541 3224 833 3262 inconsideratio
854 3236 933 3260 non
949 3223 994 3260 sit
1008 3230 1207 3271 peccatum
1224 3221 1386 3270 speciale

432 3294 465 3318 r
488 3275 614 3316 (sub
638 3276 894 3326 imprudentia
923 3282 1155 3312 contentum.
1185 3276 1265 3311 Lex
1284 3274 1387 3310 enim

337 3341 345 3351 ⁷
388 3348 397 3356 =
420 3323 481 3369 ‘²13ss
497 3322 529 3363 Χ
544 3329 673 3366 divina
692 3330 740 3367 ad
755 3330 900 3366 nullum
918 3334 1118 3378 peccatum
1137 3339 1207 3364 nos
1227 3326 1385 3364 inducit:

96 3386 157 3434 ᾖξ’·
172 3393 235 3414 ¹v¹¹¹
244 3393 303 3409 *01⁵-
330 3381 543 3419 secundum
571 3381 663 3418 illud
691 3383 831 3419 Psalm.
852 3382 891 3404 *·
920 3382 1005 3427 Lex
1022 3380 1179 3417 Domini
1204 3381 1385 3416 immacu-

1440 3169 1608 3205 eundum
1629 3168 1719 3205 illud
1739 3169 1873 3205 Matth.
1889 3168 1961 3205 x*:
1980 3169 2108 3206 Nolite
2125 3169 2293 3218 cogitare
2306 3169 2528 3217 quomodo·

1439 3227 1506 3258 aut
1527 3221 1618 3269 quid
1634 3221 1851 3269 loquamini.
1893 3222 1994 3269 Ergo
2019 3221 2309 3258 inconsideratio
2334 3233 2412 3258 non
2436 3229 2492 3258 est

1440 3281 1650 3323 peccatum.

1495 3338 1529 3363 2.
1558 3327 1795 3373 PRAETEREA,
1825 3326 2059 3374 quicumque
2094 3325 2308 3363 consiliatur
2341 3333 2492 3375 oportet

1441 3378 1545 3427 quod
1574 3379 1693 3415 multa
1722 3378 1946 3416 consideret.
1983 3379 2060 3416 Sed
2086 3391 2156 3427 per
2184 3378 2373 3416 defectum
2402 3391 2491 3415 con-

331 3434 420 3471 lata.
451 3434 598 3471 Inducit
623 3442 751 3471 autem
777 3435 824 3472 ad
853 3446 932 3471 non
961 3433 1301 3470 considerandum:
1331 3444 1388 3468 se·
1412 3430 1415 3481 Ι
1440 3431 1508 3468 silii
1536 3439 1592 3468 est
1617 3431 1898 3480 praecipitatio;
1927 3439 1964 3468 et
1983 3444 2051 3480 per
2070 3443 2307 3481 consequens
2327 3443 2372 3468 ex
2391 3431 2492 3468 defe-

2544 3190 2564 3211 V
2566 3196 2609 3215 ers.
2625 3196 2656 3217 19.
