2892 4056
65 1445 225 1480 ’νιν-,6.Ἰ

63 1614 199 1644 ’Vua-15.

23 1895 25 1897 ·
63 1881 217 1905 ’Hom-¹1

22 1915 24 1918 ,
101 1907 188 1938 Μ

63 2201 75 2212 ⁸
88 2199 156 2222 Vere.
170 2205 206 2228 ²3.

65 2308 76 2319 ·
88 2307 126 2330 Ρο-
141 2313 203 2335 un,
215 2313 275 2330 ven.

66 2628 78 2639 ⁸
90 2627 159 2651 veru.
173 2627 206 2650 ιδ.

16 2857 17 2863 ,
67 2842 144 2897 :dAin
159 2841 278 2869 med„

960 141 1225 188 QUAESTIO
1254 141 1429 187 XXVIII,
1459 141 1754 179 ARTICULUS
1784 142 1815 178 II

2397 143 2471 179 233

981 245 1311 278 Commentario.
1334 245 1583 278 Caminalis
1605 245 1804 278 Caietani

309 334 356 397 IN
378 324 517 356 articulis
529 324 592 355 hoc
608 325 715 355 solum
733 325 934 357 scribendum
950 327 1094 363 occurrit,
1110 325 1196 357 iuxta
1220 326 1360 366 primum

336 366 515 405 articulum,
532 368 621 408 quod
645 368 763 405 caritas,
784 379 820 400 ex
843 369 905 400 hoc
924 370 1013 410 quod
1029 377 1075 401 est
1090 380 1181 400 amor
1195 369 1264 406 Dei,
1281 369 1362 410 parit

304 412 459 453 gaudium
482 412 659 442 secundum
682 419 848 454 utramque
879 413 1043 450 rationem,
1067 413 1183 445 scilicet
1207 413 1362 444 amicitiae

305 463 336 488 et
358 456 642 497 concupiscentiae,
662 467 717 488 seu
742 457 780 488 de
803 457 875 498 ipso
897 457 967 488 Deo
989 457 1023 487 in
1047 468 1079 488 se
1103 465 1133 488 et
1156 458 1195 488 de
1217 467 1360 498 praesen-

303 499 347 531 tia
370 500 447 531 eius.
478 499 562 531 Nam
585 510 622 531 ex
645 507 757 531 natura
779 501 823 531 rei
847 506 987 542 amatae,
1022 501 1138 532 scilicet
1167 501 1244 537 Dei,
1268 501 1363 532 habet

304 544 393 585 quod
415 553 483 574 non
506 543 564 574 nisi
588 545 724 584 gaudere
747 544 849 584 possit
871 544 910 575 de
932 544 1019 575 bono
1036 544 1160 575 divino:
1185 545 1260 586 quia
1275 546 1362 576 bono

302 588 413 618 divino
435 587 515 618 nihil
537 589 647 619 damni
669 588 809 620 accidere
838 594 952 628 potest,
976 589 1031 619 sed
1053 598 1179 629 semper
1201 589 1362 629 optimum

303 638 335 663 et
356 632 565 669 immutabile,
581 643 618 664 ac
636 643 696 673 per.
714 633 776 663 hoc
795 641 920 672 semper
940 632 1071 663 materia
1093 632 1200 672 gaudii
1216 641 1262 664 est
1277 634 1363 673 apud

303 682 474 718 amantem.
497 676 539 707 Et
561 686 599 708 ex
620 684 733 708 natura
751 675 825 714 talis
840 675 958 707 amoris
980 676 1040 707 Dei
1063 677 1192 717 qualem
1210 677 1364 717 significat

304 718 423 756 caritas,
447 719 542 752 habet
556 720 646 761 quod
668 718 774 752 Deum
791 726 990 760 praesentem
1007 720 1100 751 faciat
1115 720 1233 751 amanti
1252 731 1363 752 secun-

304 761 382 794 dum
406 763 640 795 nobilissimum
663 762 818 800 effectum,
842 763 945 804 ipsam
968 764 1084 795 scilicet
1105 764 1238 804 gratiam
1261 772 1292 795 et
1314 775 1364 795 ca-

303 806 427 838 ritatem
455 807 632 839 elevantem
665 814 839 838 creaturam
867 807 901 837 in
931 807 1053 838 deitatis
1083 808 1288 839 consortium.
1324 808 1365 839 Et

303 859 433 892 propter
446 850 632 883 huiusmodi
645 851 853 892 praesentiam
875 851 971 883 amati
994 851 1074 891 parit
1097 852 1191 882 etiam
1212 852 1365 891 gaudium

302 905 468 936 magnum.
502 896 564 927 Sed
586 895 728 936 primum
750 902 797 926 est
819 895 922 926 maius
946 902 977 926 et
1005 896 1203 927 essentialius
1231 895 1363 927 caritati:

1414 325 1489 366 quia
1513 331 1560 355 est
1582 325 1621 355 de
1644 325 1713 356 Deo
1737 326 1769 356 in
1794 336 1826 357 se
1850 325 1976 357 directe.
1992 342 2014 349 -
2029 328 2175 366 Augetur
2189 334 2321 366 quoque
2335 325 2476 365 primum

1414 368 1568 409 gaudium
1592 379 1628 399 ex
1652 370 1781 400 materia
1796 370 1936 406 secundi,
1961 369 2078 400 scilicet
2093 369 2148 400 tali
2170 369 2345 409 praesentia
2368 369 2428 399 Dei
2443 369 2476 398 in

1412 413 1535 443 'animm
1557 413 1635 442 dum
1657 413 1690 443 in
1707 413 1986 445 sanctificationem
2007 413 2104 444 divini
2120 413 2278 449 Nominis,
2294 413 2327 443 in
2344 423 2477 452 regnum

1415 457 1484 492 Dei,
1508 456 1541 486 in
1564 457 1735 488 voluntatis
1759 458 1882 488 divinae
1914 458 2126 499 expletionem
2149 464 2359 498 retorquetur.
2389 457 2477 487 Haec

1416 499 1511 536 enirn,
1527 500 1637 531 tamin
1661 511 1693 531 se
1717 511 1814 542 quam
1836 501 1869 532 in
1889 502 2046 542 proximo,
2062 501 2200 533 maxime
2223 500 2354 532 materia
2370 500 2478 541 gaudii

1417 544 1569 584 explentis
1596 544 1787 575 desiderium
1818 545 1952 576 amantis
1982 546 2087 577 Deum
2125 553 2215 577 sunt:
2247 545 2328 576 sicut
2354 545 2478 576 bonum

1417 589 1560 619 divinum
1583 588 1616 618 in
1640 589 1745 630 seipso
1769 597 1815 620 est
1838 590 1966 621 materia
1994 589 2100 631 gaudii
2123 589 2312 630 complentis
2334 598 2478 620 amorem

1417 633 1665 673 complacentiae
1694 633 1764 664 Dei.
1795 634 1867 665 Hoc
1890 634 1975 665 enim
1997 644 2065 665 non
2095 634 2249 665 desiderat
2278 633 2398 670 caritas,
2422 633 2478 663 sed

1418 684 1512 714 amat,
1528 684 1558 707 et
1573 677 1750 717 complacet
1765 677 1811 708 ei:
1835 678 1889 708 illa
1911 688 1987 709 vero
2004 678 2168 715 desiderat,
2185 678 2261 719 quia
2283 687 2350 708 esse
2365 684 2397 708 et
2411 687 2478 708 non

1417 731 1484 752 esse
1499 728 1643 760 possunt.
1657 738 1678 745 ·-
1691 720 1811 752 Caritas
1827 732 1912 763 erge,
1926 729 1962 753 ut
1977 722 2029 759 sic,
2041 722 2115 753 facit
2127 722 2282 762 gaudium
2296 722 2345 752 his
2361 721 2476 752 modis.

1473 765 1650 802 Quomodo
1679 771 1786 795 autem
1821 765 1914 797 faciat
1942 766 2038 797 etiam
2061 766 2214 806 gaudium
2245 776 2283 796 ex
2312 764 2478 797 communi

1418 809 1538 839 ratione
1562 817 1625 849 qua
1649 814 1695 839 est
1717 819 1808 839 amor
1823 809 1939 840 faciens
1963 817 2105 841 amatum
2119 809 2152 840 in
2176 817 2302 840 amante
2324 818 2355 841 et
2371 820 2387 840 e
2402 819 2477 840 con-

1419 861 1520 887 verso,
1537 862 1574 882 ex
1597 853 1824 884 communibus
1840 854 1931 885 dictis
1946 854 1979 884 in
1993 854 2191 895 praecedenti
2207 854 2304 884 Libro
2319 853 2337 873 *
2353 861 2478 884 sumere
2505 852 2570 900 ;·Q¹¹-
2581 858 2662 879 xxvm,
2673 856 2715 874 “¹-

1420 903 1510 936 potes
1533 903 1565 926 et
1587 896 1755 936 applicare.

1062 1030 1378 1073 ARTICULUS
1408 1030 1706 1074 SECUNDUS

697 1124 852 1155 UTRUM
876 1124 1076 1156 GAUDIUM
1100 1124 1352 1155 SPIRITUALE
1375 1123 1498 1162 QUOD
1521 1123 1580 1155 EX
1603 1124 1824 1156 CARITATE
1849 1124 2082 1157 CAUSATUR

988 1168 1190 1200 RECIPIAT
1212 1167 1521 1199 ADMIXTIONEM
1545 1169 1792 1199 TRISTITIAE

339 1264 394 1303 »Ἧι
418 1266 487 1311 ⁶:16<
514 1259 537 1284 n
550 1258 740 1285 SECUNDUM
755 1259 809 1285 stc
827 1259 1066 1286 PROCEDITUR.
1082 1247 1243 1285 Videtur
1257 1248 1363 1296 quod

311 1300 315 1302 ·
346 1300 409 1340 ³³¹4*
434 1300 470 1309 ”-

354 1344 369 1351 Γ
385 1351 394 1353 -
413 1337 421 1353 ,4
436 1306 483 1359 3th
514 1298 695 1348 grffidium
714 1300 905 1349 spirituale
921 1301 1026 1348 quod
1046 1313 1091 1338 ex
1107 1301 1257 1339 caritate
1273 1313 1362 1338 cau-

323 1383 330 1401 4
361 1355 437 1394 ’νη
461 1351 501 1393 ῆ“
515 1361 618 1390 satur
665 1353 822 1402 reci-piat
867 1353 1140 1391 admixtionem
1184 1354 1361 1391 tristitiae.

324 1399 455 1441 λ’ΨΨ)
471 1399 501 1439 *s
514 1405 769 1454 Congaudere
789 1405 888 1443 enim
919 1406 1029 1444 bonis
1050 1406 1216 1454 proximi
1235 1407 1284 1443 ad
1303 1419 1363 1443 ca-

301 1455 451 1496 ritatem
474 1458 656 1507 pertinet:
681 1459 894 1495 secundum
913 1457 1004 1495 illud
1029 1459 1042 1495 Ι
1067 1460 1119 1495 ad
1140 1460 1227 1496 Cor.
1247 1458 1361 1496 x111*:

306 1510 454 1551 Caritas
487 1523 562 1548 non
589 1511 732 1561 gaudet
764 1523 879 1560 super
912 1512 1121 1560 iniquitate,
1150 1512 1366 1561 congaudet

301 1569 427 1603 autem
453 1563 614 1602 veritati.
650 1564 728 1602 Sed
754 1564 830 1601 hoc
857 1565 1037 1612 gaudium
1067 1564 1197 1614 recipit
1224 1565 1364 1614 permi-

300 1612 470 1654 xtionem
507 1616 695 1654 tristitiae:
734 1618 945 1654 secundum
978 1617 1070 1655 illud
1097 1619 1209 1655 Rom.
1245 1630 1294 1655 xn
1322 1617 1362 1655 *ε

305 1670 482 1709 Gaudere
515 1682 602 1708 cum
628 1671 898 1720 gaudentibus,
923 1672 1024 1720 flere
1056 1683 1141 1708 cum
1169 1671 1360 1720 flentibus.

301 1719 404 1771 Ergo
445 1723 628 1771 gaudium
670 1723 862 1772 spirituale
897 1723 1058 1761 caritatis
1086 1724 1361 1762 admixtionem

301 1773 468 1815 tristitiae
496 1776 646 1826 patitur.

357 1841 393 1867 2.
422 1829 662 1876 Pmmm,
691 1828 944 1878 poenitentia,
977 1829 1073 1867 sicut
1100 1829 1188 1868 dicit
1221 1831 1364 1879 Grego-

302 1880 380 1919 rius
398 1881 434 1928 *,
468 1889 525 1919 est
551 1879 722 1920 anteacta
751 1883 853 1920 mala
871 1884 983 1933 flere,
1013 1889 1048 1920 et
1065 1884 1199 1932 flenda
1229 1884 1362 1921 iterum

301 1947 377 1973 non
406 1936 648 1973 committere.
697 1936 775 1973 Sed
801 1949 894 1974 vera
927 1936 1160 1986 poenitentia
1196 1950 1276 1974 non
1309 1945 1364 1974 est

301 1987 385 2027 sine
411 1988 575 2026 caritate.
622 1988 726 2036 Ergo
753 1989 936 2038 gaudium
971 1990 1133 2028 caritatis
1160 1991 1276 2028 habet
1303 1990 1364 2028 tri-

301 2036 422 2081 stitiae
450 2040 737 2081 admixtionem.

357 2092 392 2133 3.
410 2095 646 2143 Pam-mm,
668 2107 714 2132 ex
733 2093 885 2132 caritate
905 2096 1087 2144 contingit
1106 2097 1211 2146 quod
1229 2096 1363 2146 aliquis

303 2143 494 2195 desiderat
512 2161 595 2185 esse
615 2160 704 2185 cum
725 2148 897 2186 Christo:
927 2149 1140 2187 secundum
1160 2150 1252 2187 illud
1278 2150 1364 2187 Phi—

302 2197 389 2249 pr.
418 2198 488 2238 1³²:
517 2200 754 2238 Desiderium
782 2202 923 2239 hahens
949 2203 1102 2240 dissolvi
1127 2209 1163 2240 et
1179 2216 1260 2240 esse
1277 2215 1363 2240 cum

308 2254 467 2292 Christo.
496 2254 575 2292 Sed
593 2266 638 2291 ex
656 2254 728 2292 isto
750 2254 936 2293 desiderio
964 2256 1132 2305 sequitur
1150 2256 1188 2293 in
1207 2256 1364 2294 homine

303 2306 496 2357 quaedam
514 2304 680 2345 tristitia:
701 2308 914 2346 secundum
934 2308 1024 2346 illud
1043 2310 1184 2347 Psalm.
1204 2309 1244 2347 *z
1272 2311 1364 2347 Heu

304 2358 408 2407 mihi,
428 2361 516 2409 quia
544 2359 727 2398 incolatus
753 2373 859 2398 meus
882 2362 1134 2412 prolongatus
1159 2361 1235 2400 est!
1261 2364 1364 2412 Ergo

303 2412 487 2463 gaudium
517 2412 678 2452 caritatis
716 2414 847 2463 recipit
871 2414 1148 2452 admixtionem
1185 2415 1364 2453 tristitiae.

359 2466 433 2504 SED
452 2479 600 2505 CONTRA
616 2479 683 2505 EST
697 2467 803 2516 quod
821 2468 1003 2515 gaudium
1024 2467 1185 2505 caritatis
1203 2475 1258 2505 est
1275 2481 1366 2516 gau-

305 2517 412 2558 dium
428 2521 476 2558 de
491 2519 620 2558 divina
637 2520 832 2569 sapientia.
854 2520 931 2557 Sed
950 2520 1169 2558 huiusmodi
1183 2521 1365 2568 gaudium

240 2611 242 2617 ,
304 2586 383 2611 non
401 2573 519 2611 habet
536 2573 828 2623 permixtionem
848 2573 1030 2611 tristitiae:
1047 2574 1258 2611 secundum
1274 2575 1366 2611 illud

304 2624 392 2676 Sap.
412 2639 474 2664 viu
493 2626 532 2664 *ε
561 2626 653 2664 Νοη
681 2628 794 2664 habet
817 2627 1107 2664 amaritudinem
1132 2629 1366 2664 conversatio

264 2709 268 2712 .
303 2678 412 2717 illius.
461 2677 563 2728 Ergo
601 2680 783 2728 gaudium
819 2680 980 2717 caritatis
1013 2693 1092 2717 non
1119 2681 1257 2729 patitur
1284 2692 1367 2730 per-

305 2733 530 2771 mixtionem
559 2733 738 2770 tristitiae.

358 2787 585 2823 Responmzo
605 2798 789 2824 morannum
818 2787 923 2834 quod
952 2798 996 2823 ex
1017 2786 1169 2823 caritate
1193 2793 1368 2823 causatur

305 2839 445 2888 duplex
482 2839 664 2887 gaudium
694 2839 740 2877 de
769 2841 876 2886 Deo,
907 2839 1002 2876 sicut
1030 2850 1144 2888 supra
1171 2839 1192 2860 '¹‘
1224 2839 1366 2876 dictum

289 2899 373 2929 «est.
400 2892 530 2929 Unum
549 2893 704 2941 quidem
733 2892 952 2941 principale,
973 2893 1077 2941 quod
1098 2899 1154 2929 est
1172 2892 1368 2941 proprium

307 2944 481 2991 caritatis,
503 2957 581 2994 quo
602 2951 619 2967 ‘²
644 2946 784 2995 scilicet
811 2946 1023 2997 gaudemus
1043 2946 1090 2982 de
1111 2946 1215 2982 bono
1237 2945 1366 2982 divino

362 3076 389 3109 α)
408 3083 468 3109 quo.
480 3090 500 3096 -
511 3077 582 3109 quod
595 3077 807 3110 ABEFlKLpr,
821 3078 883 3110 quia
896 3078 928 3108 H,
941 3085 991 3110 per
1004 3078 1075 3110 quod
1085 3085 1112 3108 n,
1126 3077 1270 3103 secundum
1285 3077 1366 3108 (scili-

307 3112 361 3144 cet)
379 3112 450 3144 quod
468 3112 500 3143 G,
518 3120 572 3137 om.
591 3118 615 3137 et
633 3119 682 3144 pro
699 3113 859 3145 gaudemus,
872 3113 991 3146 gaudere
1009 3113 1040 3138 D.

452 3445 561 3471 Simiam
579 3444 681 3471 Tnxot..
700 3444 732 3470 D.
746 3445 860 3470 Tnouar.
878 3444 912 3471 T.
929 3445 962 3471 V.

1415 1248 1627 1284 secundum
1656 1260 1696 1284 se
1726 1248 1979 1285 considerato.
2027 1249 2077 1285 Et
2104 1249 2179 1286 tale
2205 1250 2389 1298 gaudium
2418 1263 2479 1288 ca-

1413 1300 1528 1337 ritatis
1565 1300 1861 1350 permixtionem
1890 1301 2057 1338 tristitiae
2089 1314 2170 1339 non
2196 1303 2354 1352 patitur:
2383 1303 2479 1341 sicut

1415 1366 1486 1390 nec
1505 1353 1596 1390 illud
1616 1354 1762 1390 bonum
1785 1355 1831 1391 de
1857 1366 1934 1402 quo
1955 1354 2141 1402 gaudetur
2166 1363 2292 1404 potest
2310 1357 2478 1405 aliquam

1413 1406 1504 1443 mali
1519 1406 1794 1443 admixtionem
1812 1408 1967 1444 habere.
1990 1409 2039 1444 Et
2053 1408 2140 1445 ideo
2155 1410 2363 1457 Apostolus
2378 1410 2478 1458 dicit,

1414 1458 1467 1495 ad
1490 1459 1648 1508 Philipp.
1679 1471 1714 1496 lv
1732 1459 1772 1495 *2
1806 1460 1973 1496 Gaudete
2001 1461 2038 1497 in
2067 1462 2233 1498 Domino
2260 1474 2418 1510 semper.

1467 1511 1583 1548 Aliud
1612 1519 1740 1548 autem
1765 1520 1821 1549 est
1843 1513 2025 1560 gaudium
2056 1514 2218 1551 caritatis
2238 1527 2316 1563 quo
2341 1516 2480 1563 gaudet

1415 1563 1498 1613 quis
1519 1564 1566 1601 de
1586 1565 1690 1602 bono
1712 1564 1843 1602 divino
1868 1566 2080 1603 secundum
2102 1567 2207 1614 quod
2235 1568 2480 1617 participatur

1415 1630 1438 1654 a
1465 1618 1588 1655 nobis.
1619 1618 1726 1655 Haec
1746 1626 1875 1655 autem
1894 1619 2129 1668 participatio
2157 1628 2283 1669 potest
2305 1621 2479 1671 impediri

1415 1683 1484 1719 per
1513 1671 1668 1719 aliquod
1689 1669 1704 1700 β
1724 1672 1967 1709 contrarium.
2007 1673 2055 1709 Et
2082 1673 2170 1710 ideo
2200 1685 2245 1710 ex
2271 1675 2345 1711 hac
2371 1683 2478 1724 parte

1415 1724 1597 1772 gaudium
1618 1724 1778 1762 caritatis
1797 1732 1922 1774 potest
1939 1726 2081 1762 habere
2105 1727 2397 1775 permixtionem
2418 1728 2480 1765 tri-

1415 1777 1555 1814 stitiae:
1584 1785 1699 1826 prout
1727 1778 1867 1815 scilicet
1886 1778 2019 1827 aliquis
2047 1779 2211 1817 tristatur
2234 1780 2282 1817 de
2307 1793 2352 1818 eo
2373 1781 2480 1829 quod

1416 1839 1601 1879 repugnat
1632 1831 1911 1880 participationi
1942 1831 2058 1869 divini
2088 1833 2180 1870 boni
2211 1834 2274 1870 vel
2301 1834 2340 1871 in
2368 1835 2480 1872 nobis

1414 1885 1477 1922 vel
1519 1884 1557 1922 in
1590 1884 1793 1933 proximis,
1829 1897 1926 1933 quos
1963 1893 2148 1934 tanquam
2182 1886 2360 1936 nosipsos
2400 1888 2480 1925 dili-

1415 1949 1554 1986 gimus.

1467 1992 1527 2027 An
1547 2001 1684 2027 PmMuM
1704 2001 1803 2027 ERGO
1827 2002 2014 2028 menmium
2043 1991 2149 2038 quod
2176 1991 2289 2028 fletus
2316 1993 2482 2041 proximi

1415 2055 1494 2080 non
1523 2050 1580 2079 est
1606 2042 1677 2079 nisi
1705 2042 1751 2080 de
1781 2043 1906 2092 aliquo
1935 2044 2049 2081 malo.
2085 2044 2214 2081 Omne
2243 2053 2371 2082 autem
2401 2059 2481 2083 ma-

1416 2098 1495 2133 lum
1541 2097 1719 2145 importat
1761 2096 1950 2133 defectum
1991 2097 2288 2146 participationis
2338 2100 2480 2136 summi

1416 2149 1519 2186 boni.
1540 2150 1589 2186 Et
1603 2149 1690 2186 ideo
1705 2149 1890 2187 intantum
1912 2150 2045 2187 caritas
2064 2150 2151 2187 facit
2170 2151 2376 2188 condolere
2395 2164 2482 2201 pro-

1415 2203 1519 2240 ximo
1556 2202 1782 2251 inquantum
1814 2203 2051 2252 participatio
2085 2203 2204 2240 divini
2241 2205 2333 2242 boni
2367 2205 2406 2242 in
2435 2217 2481 2242 eo

1415 2255 1632 2304 impeditur.

1469 2311 1528 2346 Ao
1557 2321 1748 2346 SECUNDUM
1777 2320 1964 2346 D1CENDUM
1998 2310 2103 2357 quod
2126 2316 2283 2358 peccata
2315 2311 2485 2348 dividunt

1416 2363 1513 2399 inter
1531 2374 1599 2399 nos
1622 2368 1657 2398 et
1674 2363 1811 2407 Deum,
1833 2370 1873 2398 ut
1893 2362 2030 2399 dicitur
2049 2362 2167 2399 Isaiae
2187 2375 2247 2399 le
2265 2363 2296 2400 ²⁸.
2327 2365 2375 2400 Et
2394 2364 2482 2401 ideo
2509 2373 2521 2384 ⁸
2534 2373 2601 2395 Ver·-
2617 2379 2636 2394 2·

1416 2416 1512 2452 haec
1532 2422 1588 2452 est
1607 2414 1701 2451 ratio
1732 2415 1887 2452 dolendi
1916 2416 1963 2452 de
1991 2416 2157 2463 peccatis
2184 2417 2394 2464 praeteritis
2414 2430 2482 2454 no-

1418 2467 1518 2513 stris,
1547 2468 1610 2504 vel
1639 2467 1751 2504 etiam
1779 2468 1958 2514 aliorum,
1987 2468 2214 2516 inquantum
2244 2482 2313 2518 per
2340 2482 2385 2506 ea
2413 2470 2483 2507 im-

1418 2520 1598 2570 pedimur
1625 2532 1647 2556 a
1674 2519 1965 2569 participatione
1995 2521 2113 2558 divini
2142 2522 2245 2559 boni.

1472 2575 1531 2610 An
1559 2585 1719 2610 TERTIUM
1748 2585 1932 2610 memnon
1960 2574 2078 2622 quod,
2106 2574 2284 2622 quamvis
2312 2575 2352 2612 in
2379 2574 2481 2612 inco—

1419 2627 1495 2663 latu
1529 2626 1642 2663 huius
1678 2626 1853 2662 miseriae
1891 2626 2018 2675 aliquo
2056 2627 2176 2664 modo
2212 2627 2486 2676 participemus-

1421 2679 1595 2716 divinum
1628 2680 1774 2716 bonum
1813 2691 1881 2727 per
1918 2679 2172 2727 cognitionem
2212 2688 2248 2716 et
2285 2693 2480 2728 amorem,

1420 2740 1550 2769 tamen
1588 2732 1699 2768 huius
1736 2732 1836 2768 vitae
1873 2732 2026 2769 miseria
2062 2733 2221 2781 impedit
2257 2746 2279 2770 a
2316 2734 2483 2782 perfecta

1419 2785 1706 2834 participatione
1737 2785 1854 2822 divini
1883 2786 1993 2832 boni,
2029 2786 2150 2834 qualis
2179 2786 2248 2823 erit
2283 2787 2322 2823 in
2349 2787 2481 2835 patria.

1420 2840 1469 2875 Et
1497 2838 1583 2875 ideo
1613 2839 1709 2874 haec
1739 2838 1851 2874 etiam
1870 2843 1886 2866 Υ
1905 2838 2050 2875 tristitia
2083 2851 2159 2887 qua
2191 2839 2276 2888 quis
2305 2840 2407 2888 luget
2435 2841 2481 2877 de

1421 2891 1599 2928 dilatione
1623 2883 1764 2938 glottae
1794 2891 1955 2939 pertinet
1983 2892 2032 2928 ad
2060 2892 2375 2941 impedImentum
2397 2905 2483 2942 par-

1419 2944 1646 2994 ticipationis
1676 2944 1793 2981 divini
1823 2944 1926 2981 boni.

1473 3076 1499 3110 β)
1517 3077 1636 3109 aliquod.
1654 3090 1674 3096 —
1691 3077 1767 3101 aliud
1785 3077 1854 3109 Ppc.
1905 3105 1909 3108 .

1471 3113 1498 3146 γ)
1518 3113 1607 3137 etiam.
1625 3126 1644 3131 —
1662 3113 1724 3137 Om.
1743 3112 1797 3137 PG.

2308 3443 2340 3468 30

2507 1466 2518 1477 ⁸
2531 1465 2600 1488 Vern.
2614 1473 2639 1493 ⁴-
