2892 4056
191 738 295 764 ‘1⁸11⁸‘⁶,
305 745 343 766 qu.
355 744 399 765 cix,

189 768 259 791 art-4,
267 764 398 786 Comment.

190 797 253 812 num.
268 797 298 812 vr.

188 827 197 835 '¹
214 825 249 847 Cf.
265 825 308 846 inI
323 826 396 852 Seni„

188 851 304 878 dist.xv11,
316 858 353 879 qu.
367 858 396 873 tv.

184 1131 194 1141 '¹
211 1131 256 1158 Qu.
272 1137 303 1157 iv,
319 1135 359 1152 art.
374 1138 393 1159 5.

179 1524 231 1551 *fit
244 1531 264 1546 Α.

182 1617 217 1638 'ln
224 1616 321 1644 arg.Sed
329 1616 389 1638 Con-

179 1645 226 1665 tra.

175 2445 186 2456 *
200 2444 266 2466 Vers.
282 2452 304 2470 4·

178 2868 386 2895 '1³11⁸²,qu.1.xxzx,

176 2899 219 2917 art.
236 2901 255 2916 2.

275 2977 292 2994 α

177 3027 186 3035 ·
202 3025 268 3046 Vers.
282 3030 316 3053 23.

436 188 482 222 62

1160 189 1425 233 QUAESTIO
1454 190 1521 236 Vl,
1551 191 1846 226 ARTlCULUS
1878 192 1907 225 ll

1105 299 1436 332 Commentaria
1458 302 1708 334 Oardjnalis
1731 301 1930 333 Caietam

463 399 481 418 N
498 388 590 419 titulo
611 387 731 417 articuli
748 387 841 427 primi
861 386 1055 426 quaestionis
1072 394 1174 418 sextae
1194 396 1268 419 nota
1287 390 1375 430 quod
1395 400 1491 430 quae—

439 400 523 462 lstio
541 438 586 461 est
610 432 647 461 de
664 430 725 460 fide
749 431 932 469 simpliciter
949 437 979 460 et
994 431 1147 467 absolute,
1174 439 1204 463 et
1220 442 1285 462 non
1303 434 1346 463 sic
1361 434 1411 463 vel
1431 434 1489 464 sic:

432 484 466 506 ut
490 482 574 515 patet
598 484 634 504 ex
656 474 756 504 littera
781 474 939 514 sequentis
964 473 1095 504 articuli.

486 520 520 549 In
534 528 665 558 corpore
680 518 801 548 articuli
817 517 951 547 dubium
968 518 1111 554 occurrit,
1125 528 1164 548 an
1177 518 1324 550 assentire
1344 520 1391 550 his
1411 531 1491 560 quae

430 569 504 593 sunt
522 562 594 592 fidei
611 563 710 591 elevet
728 561 893 590 hominem
910 571 1004 600 supra
1019 568 1164 592 naturam
1180 573 1279 595 suam.
1306 564 1337 594 Si
1353 574 1491 604 namque

428 608 490 637 hoc
514 605 672 640 asseritur,
697 605 760 634 iam
784 605 938 634 certitudo
962 615 1027 634 non
1051 605 1139 642 fidei,
1164 607 1218 636 sed
1242 608 1491 647 experimentalis

428 650 592 680 habebitur
615 650 653 678 de
677 648 786 678 habitu
811 647 883 678 fidei
908 649 999 678 nobis
1023 649 1140 686 infuso,
1162 661 1197 680 ex
1213 651 1274 681 isto
1298 658 1368 682 actu
1392 662 1488 692 quern

428 694 606 734 experimur
629 693 660 722 in
678 692 779 721 nobis.
805 692 845 722 Et
869 701 976 722 rursus
1001 693 1142 724 doctrina
1166 694 1310 734 superius
1329 695 1434 725 habita
1457 695 1488 725 in

427 736 623 777 praecedenti
644 735 766 766 Libro*
790 735 861 766 ruit.
885 735 926 765 Et
949 737 1137 776 experientia
1162 738 1362 778 comprobari
1386 745 1490 779 potest

427 781 628 821 oppositum:
658 786 693 810 ut
717 779 825 809 dicunt
847 779 1027 816 Durandus,
1051 781 1084 810 in
1109 782 1135 811 11
1159 782 1264 819 Sent.,
1289 783 1359 813 dist.
1376 793 1487 818 xxvm,

426 836 478 865 qu.
502 836 525 860 1,
552 831 607 854 art.
632 835 637 852 1
665 824 696 859 *;
718 830 748 853 et
772 823 894 859 Scotus‚
919 824 951 853 in
971 824 1041 855 dist.
1058 835 1142 861 xxm,
1159 826 1199 855 III
1215 826 1314 863 Sent„
1339 837 1392 867 qu.
1418 838 1442 857 1.
1468 845 1487 849 -

425 869 457 899 Si
481 875 586 898 autern
610 868 671 897 hoc
695 874 835 906 negatur,
861 867 923 897 ruit
946 868 1024 898 ratio
1048 869 1178 900 litterae.

480 913 516 942 11.
535 912 585 942 Ad
607 911 669 941 hoc
693 911 806 941 dicitur
828 912 926 951 quod,
951 912 1031 942 sicut
1054 912 1131 943 fides
1153 914 1289 944 sumitur
1311 914 1486 954 dupliciter,

424 957 540 987 scilicet
564 955 746 995 simpliciter
774 962 803 985 et
826 956 1002 986 secundum
1026 957 1120 996 quid,
1154 957 1197 988 ita
1224 965 1310 988 actus
1341 958 1488 998 proprius

424 1001 501 1036 eius,
526 1000 581 1040 qui
597 1006 643 1029 est
666 999 814 1029 assentire
835 999 881 1029 his
902 1010 983 1039 quae
999 1007 1073 1031 sunt
1095 1000 1178 1032 fidei.
1203 1002 1296 1032 Fides
1312 1002 1396 1032 enim
1413 1002 1485 1032 sim-

423 1045 544 1084 pliciter
566 1044 730 1084 loquendo
755 1050 800 1073 est
822 1043 920 1074 virtus
944 1044 1136 1084 theologica:
1168 1056 1202 1076 ac
1226 1056 1281 1086 per
1304 1047 1381 1083 hoc,
1413 1057 1485 1077 cum

423 1090 461 1119 de
484 1089 552 1128 ipsa
576 1087 719 1118 absolute
744 1094 790 1117 est
805 1097 920 1124 serm0‚
937 1089 976 1118 de
991 1088 1060 1127 ipsa
1074 1097 1110 1119 ut
1124 1090 1222 1120 virtus
1239 1097 1285 1120 est
1308 1090 1486 1130 theologica

422 1132 643 1172 intelligendus
659 1138 715 1161 est.
741 1131 826 1162 Cum
842 1139 949 1162 autem
965 1133 1028 1162 iam
1040 1132 1057 1150 θ’
1081 1134 1331 1164 determinatum*
1339 1135 1378 1165 sit
1397 1136 1484 1174 quod

421 1176 498 1207 fides
518 1187 583 1207 non
603 1176 662 1206 nisi
686 1175 821 1205 formata
838 1182 883 1206 est
901 1177 1010 1212 virtus,
1034 1176 1158 1217 liquido
1181 1185 1267 1218 patet
1290 1179 1377 1218 quod
1400 1178 1485 1208 idem

422 1228 467 1251 est
491 1221 580 1262 loqui
604 1221 642 1250 de
665 1219 726 1250 fide
751 1220 910 1256 absolute,
936 1226 966 1250 et
989 1221 1027 1249 de
1051 1231 1086 1251 ea
1111 1228 1145 1251 ut
1168 1222 1266 1251 virtus
1290 1222 1484 1261 theologica,

421 1272 451 1295 et
473 1265 617 1295 formata.
643 1263 683 1293 Et
706 1271 872 1304 propterea
892 1273 957 1294 non
974 1270 1047 1294 sunt
1070 1264 1276 1294 immiscenda
1300 1265 1485 1296 huiusmodi

421 1310 559 1339 sermoni
579 1318 614 1339 ea
633 1317 715 1348 quae
735 1307 929 1338 conveniunt
951 1307 1024 1337 fidei
1043 1309 1218 1338 secundum
1239 1308 1326 1349 quid,
1348 1317 1383 1340 ut
1401 1319 1485 1339 mor-

420 1361 503 1384 tuae.

473 1397 515 1427 Et
541 1396 684 1426 similiter
714 1395 975 1434 distinguendum
1001 1402 1048 1425 est
1077 1396 1115 1426 de
1139 1403 1210 1426 actu
1237 1396 1327 1433 fidei,
1359 1397 1415 1438 qui
1439 1405 1484 1428 est

418 1439 576 1471 assentire.
603 1439 766 1477 Quoniam
782 1446 886 1478 potest
901 1439 984 1469 sumi
1000 1439 1178 1479 dupliciter:
1196 1440 1312 1471 scilicet
1327 1448 1484 1482 quantum

419 1485 457 1515 ad
481 1484 689 1515 substantiam
705 1483 823 1523 operis;
848 1490 878 1513 et
901 1490 1059 1524 quantum
1082 1484 1122 1513 ad
1138 1484 1285 1523 moduni,
1310 1492 1345 1516 ut
1368 1485 1485 1516 scilicet

418 1539 454 1559 ex
477 1528 538 1559 fide
552 1529 590 1559 sit
606 1528 633 1558 ²⁸.
658 1527 698 1558 Et
721 1527 892 1557 dicendum
916 1534 963 1557 est
984 1528 1083 1568 quod,
1101 1537 1175 1558 curn
1198 1528 1249 1559 hic
1266 1529 1306 1559 sit
1321 1539 1426 1560 sermo
1446 1533 1483 1559 de

416 1573 478 1603 fide
498 1572 692 1612 simpliciter,
716 1581 751 1602 ac
774 1581 830 1611 per
848 1571 910 1601 hoc
930 1571 969 1601 de
987 1571 1049 1602 fide
1070 1578 1105 1602 ut
1127 1579 1173 1603 est
1187 1573 1286 1603 virtus
1305 1573 1483 1614 theologica

418 1617 468 1659 (ut
479 1617 575 1647 etiam
586 1616 654 1656 ipsa
669 1616 818 1655 Apostoli
838 1616 1007 1646 auctoritas
1021 1616 1150 1646 inducta
1164 1616 1181 1635 *
1193 1623 1332 1654 testatur,
1353 1618 1482 1649 scilicet:

419 1662 532 1692 Gratia
552 1662 626 1691 estis
640 1660 757 1691 salvati
769 1660 960 1700 perfidem,
977 1667 1052 1696 etc.;
1077 1660 1142 1696 ubi,
1165 1660 1311 1692 effectum
1329 1661 1403 1692 fidei
1425 1672 1485 1702 po-

417 1706 522 1736 nendo
543 1705 760 1740 salvationem,
785 1704 964 1734 manifestat
988 1705 1076 1745 quod
1092 1715 1157 1734 non
1174 1712 1345 1742 mortuam,
1367 1707 1422 1736 sed
1440 1707 1484 1736 vi-

415 1759 489 1780 vam
515 1749 611 1780 fidem
635 1748 772 1789 appellat
796 1747 978 1788 simpliciter
1008 1755 1039 1779 et
1068 1749 1211 1780 absolute
1239 1749 1352 1786 fidem,
1386 1760 1481 1791 quam

416 1793 491 1824 dicit
514 1803 580 1824 esse
604 1793 721 1823 donum
746 1790 840 1834 Dei),
875 1802 1072 1833 consequens
1101 1800 1147 1823 est
1179 1795 1266 1834 quod
1292 1795 1331 1824 de
1355 1804 1482 1825 assensu

416 1838 611 1874 modificato,
637 1844 667 1868 et
689 1847 756 1868 non
779 1843 936 1877 quantum
960 1838 1000 1867 ad
1023 1837 1125 1867 solam
1142 1838 1351 1869 substantiam
1368 1839 1482 1879 operis,

415 1882 557 1923 loquitur
571 1883 683 1913 littera.
708 1881 903 1912 Huiusmodi
921 1888 1035 1912 autem.
1045 1892 1208 1912 assensum
1226 1889 1349 1913 constat
1364 1883 1483 1915 elevare

415 1927 582 1957 hominem
605 1936 699 1967 supra
718 1925 857 1956 hominis
887 1932 918 1956 et
940 1926 1127 1965 angelorum
1151 1927 1247 1958 etiarn
1262 1933 1419 1958 naturam.
1442 1927 1482 1959 Et

1189 2070 1504 2131 ARTlCULUS

1544 396 1709 429 propterea
1733 391 1854 419 Auctor
1878 389 1996 429 absque
2024 390 2209 429 probatione
2232 392 2291 422 alia
2317 394 2529 432 pertransivit,
2560 405 2605 424 se·

1545 432 1669 473 quentis
1693 432 1813 463 articuli
1838 432 2024 463 discussioni
2048 443 2206 464 reservans
2236 445 2276 465 an
2299 435 2376 467 fides
2399 437 2543 468 informis
2567 439 2606 468 sit

1545 477 1667 506 donum
1691 476 1760 506 Dei.
1786 477 1820 506 In
1837 486 1912 516 quo,
1930 487 1996 507 non
2011 487 2047 507 ex
2063 484 2133 507 actu
2149 477 2222 508 fidei
2237 478 2391 516 informis,
2409 481 2462 510 sed
2478 481 2605 511 aliunde

1544 530 1687 560 arguens,
1713 520 1879 551 confirmat
1902 521 1982 551 hanc
2007 531 2073 551 esse
2097 528 2237 552 mentem
2260 532 2360 554 suam.

1599 563 1660 594 Sed
1683 564 1759 594 haec
1783 565 1947 604 responsio
1971 564 2046 604 fuga
2070 565 2177 605 potius
2196 572 2242 596 est
2265 576 2361 607 quam
2379 569 2533 607 expositio
2557 570 2605 600 lit-

1543 615 1635 638 terae.
1660 608 1823 645 Quoniam
1846 609 1946 639 littera
1970 618 2005 638 ex
2029 609 2164 649 propriis
2188 608 2260 639 fidei
2284 611 2437 650 procedit:
2463 619 2498 643 ut
2520 621 2606 652 patet

1543 652 1676 682 intuenti
1701 662 1812 682 omnes
1835 652 1902 682 eius
1919 653 2083 683 causasin
2106 653 2207 683 littera
2230 653 2347 685 allatas.
2372 655 2485 692 Immo,
2510 664 2545 687 ut
2569 667 2604 687 ex

1543 695 1686 736 sequenti
1709 703 1795 736 patet
1818 696 1963 731 articulo,
1988 697 2038 727 hic
2062 704 2108 727 est
2130 707 2234 727 sermo
2259 698 2297 727 de
2320 697 2381 728 fide
2406 699 2602 740 simpliciter:

1543 746 1572 769 et
1596 749 1661 769 non
1685 740 1724 770 de
1741 739 1803 770 fide
1827 747 1862 770 ut
1877 747 1924 771 est
1937 741 2035 771 virtus
2053 741 2243 781 simpliciter,
2262 748 2316 772 aut
2331 741 2485 773 informis.
2511 744 2603 775 Fides

1542 789 1649 813 autem
1673 791 1719 814 est
1741 783 1818 813 fides
1842 784 2025 824 simpliciter
2058 792 2087 815 et
2110 785 2246 824 perfecta
2281 785 2480 825 simpliciter,
2504 789 2603 827 perfe-

1542 827 1645 858 ctione
1665 826 1736 858 fidei
1757 838 1823 858 non
1838 828 2029 867 perfectione
2046 829 2178 864 virtutis,
2204 839 2239 859 ex
2260 829 2321 859 hoc
2344 830 2432 870 quod
2452 838 2498 861 est
2514 831 2602 869 fides,

1541 872 1749 902 abstrahendo
1773 882 1791 901 a
1811 871 2000 903 formatione
2023 873 2073 902 vel
2097 883 2162 903 non
2186 873 2376 903 formatione
2396 875 2544 905 caritatis:
2569 883 2605 907 ut

1540 915 1572 945 in
1598 925 1729 955 corpore
1754 916 1912 956 sequentis
1932 916 2053 947 articuli
2077 917 2154 947 etin
2171 917 2378 957 responsione
2401 919 2440 947 ad
2463 919 2605 958 primum

1541 959 1664 990 dicitur.

1596 1003 1647 1034 111.
1672 1003 1850 1034 Dicendum
1867 1011 1912 1034 est
1929 1013 2003 1043 ergo
2027 1005 2115 1044 quod
2139 1011 2225 1035 actus
2244 1004 2326 1041 fidei,
2351 1005 2412 1036 hoc
2430 1013 2475 1036 est
2499 1017 2604 1037 assen—

1539 1047 1596 1077 tire
1614 1047 1734 1078 veritati
1758 1047 1878 1087 primae
1902 1049 2078 1078 secundum
2101 1048 2276 1089 Scripturas
2300 1056 2330 1079 et
2353 1059 2481 1080 sensum
2498 1051 2603 1082 Eccle-

1539 1092 1611 1127 siae,
1637 1091 1736 1122 elevat
1759 1091 1923 1121 hominem
1956 1101 2051 1131 supra
2085 1102 2175 1122 suam
2209 1100 2370 1123 naturam:
2403 1100 2433 1124 et
2456 1095 2517 1125 hoc
2548 1096 2603 1136 qui

1539 1142 1631 1175 negat
1660 1135 1821 1175 propriam
1845 1135 1968 1175 ignorat
1990 1145 2113 1166 vocem.
2144 1137 2227 1166 Nam
2254 1143 2342 1167 actus
2366 1137 2423 1168 iste
2453 1148 2489 1169 ex
2517 1141 2603 1170 nulla

1539 1179 1672 1209 naturali
1702 1179 1898 1219 cognitione,
1933 1189 1969 1209 ex
1996 1179 2085 1209 nullo
2115 1181 2247 1210 naturali
2276 1181 2416 1221 appetitu
2442 1190 2534 1214 natus
2558 1191 2604 1214 est

1538 1222 1641 1262 sequi:
1666 1223 1721 1252 sed
1744 1232 1781 1252 ex
1804 1222 1946 1262 appetitu
1970 1223 2171 1254 beatitudinis
2195 1231 2351 1261 aeternae,
2377 1232 2407 1255 et
2430 1235 2466 1256 ex
2489 1227 2602 1259 adhae-

1537 1266 1626 1295 sione
1642 1266 1681 1295 ad
1697 1266 1802 1295 Deum
1818 1266 2096 1305 supernaturaliter
2110 1268 2300 1298 revelantem
2316 1275 2347 1298 et
2361 1278 2601 1303 conservantem

1537 1309 1710 1339 Ecclesiam
1734 1319 1834 1339 suam.
1861 1309 1902 1339 Et
1925 1310 1987 1340 hoc
2010 1310 2204 1350 experimur,
2229 1321 2288 1342 nec
2310 1319 2381 1351 eget
2404 1315 2600 1352 probatione.

1537 1353 1599 1384 Sed
1614 1363 1652 1383 ex
1666 1353 1729 1383 hoc
1744 1363 1810 1384 non
1830 1353 1981 1394 sequitur,
2005 1354 2090 1394 Ergo
2107 1355 2286 1394 experimur
2301 1355 2446 1388 habitum
2461 1357 2495 1389 in
2510 1359 2603 1391 nobis

1536 1396 1609 1428 fidei
1632 1397 1771 1433 infusae,
1796 1404 1831 1427 ut
1855 1397 1991 1428 obiectio
2014 1398 2120 1435 infert:
2151 1399 2207 1429 sed
2230 1409 2271 1440 ex·
2289 1399 2352 1431 hoc
2375 1401 2533 1433 credimus
2556 1413 2602 1434 ra-

1536 1441 1725 1477 tionabiliter
1747 1440 1779 1471 in
1800 1441 1891 1471 nobis
1911 1451 1978 1472 esse
2001 1441 2146 1473 habitum
2169 1441 2242 1473 fidei
2261 1442 2414 1475 infusum.
2439 1445 2527 1482 Sicut
2546 1436 2602 1478 do-

1535 1485 1598 1516 lere
1618 1486 1656 1515 de
1675 1484 1809 1525 peccatis
1824 1492 1954 1526 propter
1970 1485 2074 1516 Deum
2091 1485 2275 1517 crucifixum
2289 1487 2436 1519 beantem
2451 1489 2484 1519 in
2501 1487 2601 1531 patria

1537 1536 1583 1560 est
1606 1536 1694 1560 actus
1717 1529 1842 1560 elevans
1865 1529 2031 1560 hominem
2055 1540 2150 1571 supra
2172 1540 2264 1561 suam
2289 1538 2450 1569 naturam,
2481 1541 2512 1565 et
2539 1533 2602 1566 cre—²

1537 1574 1642 1604 dimus
1666 1574 1754 1614 quod
1779 1573 1817 1604 sit
1841 1584 1878 1604 ex
1900 1574 2093 1614 poenitentia
2115 1574 2221 1606 infusa
2244 1585 2263 1606 a
2286 1576 2372 1607 Deo:
2404 1587 2470 1607 non
2495 1585 2601 1610 tamen

1535 1618 1597 1648 hoc
1616 1615 1742 1649 scimus
1767 1618 1808 1648 Et
1823 1618 1966 1649 similiter
1979 1618 2024 1649 ire
2043 1619 2156 1650 devote
2173 1620 2214 1650 ad
2230 1621 2503 1658 communionem,
2516 1654 2517 1657 ,
2528 1632 2602 1663 post

1535 1661 1758 1702 probationem
1776 1662 1834 1698 sui,
1851 1669 1920 1699 etc„
1945 1669 1992 1693 est
2015 1670 2103 1694 actus
2127 1673 2222 1703 supra
2245 1671 2392 1696 naturam
2414 1666 2600 1710 humanam¹

1536 1713 1566 1737 et
1589 1705 1746 1737 credimus
1777 1706 1865 1746 quod
1889 1707 1928 1737 sit
1951 1716 1988 1736 ex
2011 1706 2116 1738 divina
2139 1708 2264 1738 caritate
2294 1709 2390 1745 etiam
2417 1710 2539 1750 infusa:
2571 1720 2602 1750 et

1535 1756 1641 1781 tamen
1658 1750 1719 1780 hoc
1735 1750 1903 1780 nescimus.
1928 1749 2025 1781 Aliud
2042 1759 2087 1782 est
2107 1761 2181 1791 ergo
2199 1752 2300 1783 dicere
2319 1754 2408 1795 quod
2423 1751 2603 1795 experimur

1533 1794 1566 1824 in
1584 1794 1675 1824 nobis
1692 1800 1779 1824 actus
1791 1795 1973 1825 excedentes
1986 1801 2132 1826 naturam
2146 1796 2336 1828 humanam:
2353 1798 2495 1835 etuliud,
2513 1798 2602 1840 qued

1534 1839 1713 1878 experimur
1728 1845 1896 1878 propterea
1916 1838 1950 1869 in
1966 1838 2058 1871 nobis
2077 1839 2201 1872 infusos
2219 1841 2346 1872 habitus
2361 1842 2492 1873 illorum
2515 1839 2600 1883 prin»

1534 1882 1626 1923 cipis,
1643 1889 1699 1915 aut
1714 1882 1830 1914 Deum.
1855 1882 1999 1914 Primum
2014 1883 2149 1916 affirmat
2164 1885 2275 1922 littera,
2293 1896 2359 1923 non
2377 1888 2564 1925 secundum„
2579 1897 2601 1926 {x

1535 1927 1576 1958 Et
1599 1937 1655 1967 per
1677 1927 1755 1957 haec
1778 1933 1865 1967 patet
1886 1928 2054 1967 responsio
2078 1929 2119 1959 ad
2141 1930 2250 1961 omnia
2274 1930 2406 1962 obiecta.
2568 1960 2599 1979 m

2553 2006 2597 2034 ..j-⁴

1535 2070 1833 2113 SECUNDUS
2443 2079 2446 2083 ’
2470 2130 2471 2134 ¹
2552 2059 2595 2088 ²¹⁶³

1056 2163 1210 2193 UTRUM
1234 2163 1356 2194 FIDES
1380 2163 1583 2194 INFORMIS
1606 2163 1672 2194 SIT
1696 2157 1863 2194 DONUMv
1878 2163 1949 2194 DEI

1242 2250 1273 2275 111
1293 2250 1377 2280 Sent.‚
1396 2250 1455 2275 dist.
1474 2257 1543 2282 xxm,
1564 2233 1608 2283 qu.
1628 2258 1665 2279 111,
1685 2255 1731 2275 art.
1752 2258 1776 2281 2,

453 2349 501 2383 225,
534 2354 586 2377 a<
625 2340 648 2365 D
664 2339 854 2365 SECUNDUM
870 2339 923 2364 Sic
938 2338 1177 2371 PRocEmTUR.
1194 2329 1354 2367 Videtur
1373 2329 1477 2378 quod

440 2360 602 2441 &7¹2⁴
625 2381 722 2418 fides
750 2381 919 2417 informis
948 2392 1026 2418 non
1055 2382 1100 2419 sit
1129 2383 1275 2419 donum
1300 2382 1383 2419 Dei.
1414 2380 1478 2419 Di-

432 2431 554 2491 ωγνῇ
564 2417 594 2480 ’ἦ
610 2429 721 2470 citur
746 2434 847 2470 enim
867 2435 976 2471 Deut.
999 2446 1094 2471 xxxn
1110 2435 1142 2483 *‚
1172 2436 1278 2483 quod
1295 2435 1371 2472 Dei
1389 2447 1477 2484 per-

472 2461 569 2520 (355²)
598 2503 618 2521 a
644 2492 723 2523 ecta
749 2493 837 2523 sunt
862 2498 989 2536 opera.
1021 2488 1133 2525 Fides
1153 2496 1281 2525 autern
1307 2488 1478 2525 informis

416 2547 471 2578 est
504 2539 686 2589 quiddam
720 2539 998 2589 imperfectum.
1037 2541 1138 2589 Ergo
1174 2541 1271 2578 fides
1308 2541 1479 2578 informis

415 2605 493 2630 non
523 2599 577 2628 est
605 2604 703 2641 opus
731 2593 815 2630 Dei.
1419 2605 1421 2609 ·

469 2657 503 2683 2.
532 2644 767 2693 PRAETEREA,
789 2646 883 2683 sicut
902 2653 1007 2682 actus
1028 2645 1163 2683 dicitur
1182 2647 1363 2683 deformis
1391 2658 1479 2696 pro-

413 2707 496 2748 pter
515 2699 589 2735 hoc
618 2699 723 2746 quod
744 2707 844 2736 caret
873 2699 998 2736 debita
1018 2699 1152 2746 forma,
1173 2699 1223 2736 ita
1243 2699 1354 2736 etiam
1382 2699 1479 2737 fides

415 2752 548 2789 dicitur
578 2751 747 2789 informis
783 2760 939 2801 propter
974 2753 1049 2789 hoc
1082 2753 1187 2800 quod
1221 2760 1322 2789 caret
1355 2752 1479 2789 debita

414 2805 549 2842 forma.
578 2805 654 2843 Sed
674 2813 779 2842 actus
799 2805 982 2843 deformis
1001 2805 1146 2854 peccati
1166 2817 1244 2842 non
1265 2813 1319 2842 est
1338 2817 1360 2842 a
1380 2806 1477 2851 Deo,

414 2866 456 2894 ut
484 2869 597 2905 supra
616 2858 636 2879 ’¹‘
668 2858 808 2895 dictum
839 2867 905 2895 est.
945 2858 1046 2906 Ergo
1081 2870 1205 2907 neque
1235 2858 1349 2895 etiam
1382 2858 1478 2895 fides

415 2910 587 2947 informis
616 2919 671 2947 est
699 2924 720 2948 a
749 2913 845 2948 Deo.

471 2964 504 3000 3.
535 2963 768 3011 Pammam,
789 2975 1057 3012 quaecumque
1079 2969 1096 2985 α
1123 2964 1229 3000 Deus
1249 2971 1356 3000 sanat
1383 2971 1478 3000 tota-

415 3016 497 3052 liter
516 3023 643 3053 sanat:
673 3017 808 3059 dieitur
833 3016 932 3057 enim
964 3018 1068 3053 loan.
1089 3017 1187 3053 vr1*:
1217 3017 1259 3053 Si
1284 3017 1477 3053 eircumci-

414 3069 557 3106 sionem
585 3070 720 3117 aca'pit
745 3071 857 3106 homo
890 3070 927 3106 in
955 3070 1110 3106 sabbato
1140 3075 1180 3106 ut
1207 3081 1281 3106 non
1310 3069 1478 3106 solvatur

417 3121 478 3158 lex
505 3121 657 3169 Moysi,
691 3122 785 3159 mihi
811 3122 1064 3172 indignamini
1093 3123 1182 3170 qu‘ia
1214 3127 1330 3159 totum
1360 3122 1478 3159 homi-

416 3186 501 3211 nem
537 3174 683 3211 salvum
709 3173 723 3204 β
748 3175 834 3223 feci
864 3176 900 3212 in
932 3176 1098 3212 sabbato.
1143 3175 1220 3212 Sed
1256 3187 1326 3224 per
1356 3175 1474 3212 fidem

416 3229 535 3264 homo
574 3235 727 3264 sanatur
759 3228 806 3264 ab
839 3227 1069 3264 infidelitate.
1114 3227 1357 3276 Quicumque
1386 3240 1475 3276 ergo

418 3281 563 3317 donum
606 3280 696 3317 fidei
733 3293 755 3316 a
793 3282 877 3317 Deo
916 3281 1050 3329 accipit
1091 3281 1202 3318 simul
1239 3288 1392 3317 sanatur
1428 3282 1476 3318 ab

471 3415 497 3445 α)
517 3421 704 3446 quaecumque.
721 3427 740 3432 -
758 3420 945 3445 quemcumque
964 3413 1048 3442 Rom,
1068 3414 1250 3446 quodcumque
1269 3414 1302 3439 H.

471 3448 496 3481 β)
515 3450 626 3474 salvum.
645 3463 662 3468 —
681 3456 776 3473 sanum
797 3448 878 3472 PDIa.

470 3488 496 3517 γ)
517 3484 648 3517 informis·
666 3497 685 3503 —
702 3487 742 3509 est
760 3484 883 3517 informis
902 3483 1037 3516 (informis
1056 3487 1095 3508 est
1115 3482 1146 3517 Ρ)
1166 3491 1183 3508 α
1204 3484 1262 3509 Deo
1280 3484 1326 3509 Pa.

1532 2329 1712 2366 omnibus
1748 2330 1923 2378 peccatis.
1964 2331 2040 2368 Sed
2077 2330 2152 2367 hoc
2181 2342 2259 2367 non
2288 2332 2332 2368 fit
2358 2331 2429 2369 nisi
2458 2344 2528 2382 per
2555 2335 2601 2372 fl*-

1532 2383 1620 2419 dem
1651 2382 1866 2419 formatam.
1898 2383 2000 2430 Ergo
2030 2384 2111 2420 sola
2130 2383 2228 2420 fides
2257 2384 2420 2422 formata
2450 2381 2601 2433 estho-

1532 2439 1628 2472 num'
1653 2435 1737 2472 Dei.
1769 2436 1860 2472 Non
1889 2448 1977 2483 ergo
2006 2436 2104 2473 fides
2133 2435 2305 2474 informis
2325 2443 2351 2474 Υ.
2458 2435 2519 2457 ‘⁵⁵⁴‘
2536 2431 2588 2459 Ἃ)

1587 2489 1661 2525 SED
1686 2499 1831 2525 CONTRA
1863 2500 1930 2525 EST
1957 2490 2063 2537 quod
2091 2490 2285 2537 quaedam·
2309 2491 2477 2539 glossa*
2500 2492 2598 2540 dicit,

1534 2542 1546 2577 I
1567 2542 1620 2578 ad
1641 2541 1726 2578 Cor.
1748 2553 1808 2578 xm
1825 2542 1856 2587 ²⁸,
1887 2542 1991 2590 quod
2008 2542 2111 2589 fides
2138 2553 2236 2591 quae
2262 2549 2317 2580 est
2339 2544 2421 2584 s'ine
2443 2537 2600 2584 cantate

1532 2599 1584 2630 est
1611 2594 1751 2631 donum
1780 2595 1862 2631 Dei.
1894 2594 1971 2631 Sed
1999 2595 2097 2632 fides
2125 2607 2223 2644 quae
2258 2597 2422 2634 estsine
2444 2596 2598 2636 car'it‘ffle

1534 2654 1589 2684 est
1615 2645 1740 2683 fides⁶
1769 2647 1951 2685 informis.
1989 2648 2091 2695 Ergo
2119 2648 2217 2685 fides
2246 2649 2418 2686 informis
2447 2649 2598 2694 casti&

1533 2711 1626 2737 num
1656 2699 1740 2736 Dei.
2265 2715 2267 2717 ·
2339 2711 2341 2715 ’
2404 2729 2408 2732 .
2505 2722 2523 2730 ·-
2547 2704 2551 2724 ¹
2574 2718 2589 2722 ³*

1586 2753 1811 2789 RESPONDEO
1841 2763 2025 2789 mcENDUM
2062 2753 2166 2801 quod
2195 2753 2405 2792 informitas
2433 2756 2597 2805 privatio

1531 2804 1723 2854 quaedam
1763 2812 1828 2841 est.
1867 2805 1936 2842 Est
1972 2812 2101 2842 autem
2135 2806 2454 2846 considerandum
2491 2809 2598 2857 q'uod

1531 2857 1693 2907 privatio
1722 2858 1955 2907 quandoque
1978 2857 2133 2906 quidem
2162 2859 2323 2908 pertinet
2342 2861 2391 2899 ad
2410 2861 2596 2899 rationem

1533 2910 1692 2959 speciei:
1712 2928 1714 2931 -
1731 2912 1963 2960 quandoque
1991 2918 2119 2948 autern
2148 2923 2247 2959 non,
2283 2913 2352 2950 sed
2380 2915 2598 2964 supervenit

1532 2964 1583 3000 rei
1604 2963 1681 3001 iam
1701 2964 1854 3000 habenti
1877 2964 2071 3013 propriam
2092 2965 2270 3014 speciem.
2302 2966 2407 3004 Sicut
2424 2967 2597 3016 *privatio

1533 3016 1679 3053 debitae
1709 3018 2092 3054 commensurationis
2124 3019 2332 3056 humorum
2365 3027 2428 3057 est·
2457 3020 2506 3058 de
2532 3024 2596 3058 ‘mk

1530 3069 1632 3106 tione
1661 3070 1800 3118 speciei
1828 3070 1946 3118 ipsius
1970 3071 2234 3119 aegritudinis:
2263 3071 2519 3111 tenebrositas
2532 3075 2597 3110 affi-

1531 3130 1609 3159 tem
1639 3133 1717 3159 non
1746 3130 1801 3159 est
1829 3123 1877 3160 de
1906 3123 2050 3161 ratione
2073 3124 2212 3173 speciei
2231 3124 2374 3174 ipsius‘
2403 3125 2595 3175 diaphani‚

1532 3175 1599 3212 sed
1627 3175 1857 3224 supervenit.
1888 3176 1989 3223 Quia
2007 3176 2118 3225 igitur
2145 3188 2235 3215 cum
2253 3178 2464 3227 assignatur
2483 3187 2596 3216 causa

1532 3228 1687 3266 alicuius
1708 3228 1772 3275 rei,
1801 3228 2012 3277 intelligitur
2031 3230 2209 3278 assignari
2229 3242 2343 3268 causa
2363 3231 2444 3268 eius
2463 3224 2596 3269 seculi-

1533 3281 1625 3318 dum
1660 3282 1765 3330 quod
1793 3282 1831 3318 in
1858 3282 2013 3331 propria
2041 3283 2166 3331 specie
2196 3283 2336 3331 existit,
2364 3284 2452 3321 ideo
2491 3284 2595 3332 quod

1584 3412 1608 3445 δ)
1629 3414 1711 3439 Sed...
1723 3413 1803 3445 fides.
1821 3427 1840 3433 -
1858 3414 1917 3439 Hoc
1936 3413 2023 3447 (Haec
2041 3414 2073 3447 Ρ)
2092 3419 2182 3441 autem
2201 3418 2241 3441 est
2261 3416 2308 3442 Pa.

1531 3449 1606 3509 ιἐγιίει)
1621 3449 1717 3509 ¹ipsius.
1735 3463 1753 3467 —
1772 3449 1832 3474 Om.
1852 3450 1879 3474 P.
1898 3464 1916 3468 -
1936 3450 1984 3473 Pro
2006 3450 2175 3482 supervenit,
2194 3451 2348 3483 supervenit
2369 3452 2395 3477 ei
2413 3451 2437 3482 1,
2455 3452 2480 3477 εἰ
2501 3458 2594 3483 super-

2670 2385 2690 2405 ,ρ
2707 2388 2723 2399 ,’
2744 2380 2806 2399 ,vws'a'
2827 2382 2831 2387 '

2724 2453 2741 2478 Υ

2628 2501 2637 2510 ·
2656 2499 2693 2522 Cf.
2780 2515 2785 2520 .
2806 2499 2838 2521 111

2626 2526 2700 2554 Sext„
2709 2525 2763 2548 dist.
2769 2531 2837 2548 xxm.

2625 2561 2636 2572 ⁸
2651 2560 2718 2583 Ven-
2734 2567 2755 2583 2.

2716 2649 2738 2679 ’ὃ
