2892 4056
0 426 17 716 Δ»,...νὴι’,ςςμ-ιιυςι-κΝ...Ἰ
0 408 13 419 i

321 1645 326 1648 >
400 1628 402 1630 ’
432 1639 435 1644 2
451 1631 499 1670 ,τῇ
516 1632 535 1658 ,ι’
562 1630 631 1656 ο5τ
647 1629 894 1655 communem
911 1615 1255 1653 considerationem
1272 1615 1318 1652 de

272 1668 301 1687 *²*
480 1684 539 1733 ¹3(
561 1672 764 1709 virtutibus
794 1678 830 1707 et
848 1670 947 1707 vitiis
977 1677 1012 1706 et
1036 1669 1116 1706 aliis
1136 1669 1183 1706 ad
1202 1676 1320 1705 mate-

276 1727 280 1748 ·’
300 1729 307 1765 ζ
482 1719 528 1762 J*
561 1725 656 1762 riam
666 1725 852 1761 moralem
868 1722 1152 1772 pertinentibus,
1164 1734 1318 1758 necesse

220 1795 226 1802 ·
287 1788 301 1803 f
352 1775 523 1862 μθ*
561 1785 617 1815 est
636 1777 877 1815 considerare
898 1776 1065 1823 Singula
1058 1788 1095 1812 in
1111 1774 1317 1823 speciali&
1310 1787 1318 1795 ·

285 1838 290 1841 ⁴
455 1827 501 1879 Γρὶ
518 1826 535 1883 f
561 1843 759 1873 sermones
783 1829 883 1867 enim
903 1829 1068 1865 morales
1087 1829 1318 1865 universales

436 1885 441 1889 ’“
478 1879 482 1884 “
515 1879 635 1921 '‘sunt
654 1884 781 1921 minus
810 1882 931 1929 utiles,
953 1894 998 1918 eo
1025 1882 1131 1929 quod
1151 1881 1318 1918 actiones

257 1935 297 1972 in
322 1935 611 1984 particularibus
643 1945 741 1974 sunt.
780 1937 910 1973 Potest
946 1942 1074 1971 autem
1111 1934 1252 1983 aliquid
1279 1934 1318 1971 in

257 1987 411 2038 speciali
430 1989 661 2027 considerari
682 1989 780 2026 circa
807 1982 967 2026 ‘moralia
993 1987 1208 2035 dupliciter:
1239 1999 1316 2023 uno

257 2041 398 2089 modo,
428 2053 474 2078 ex
510 2050 614 2092 parte
651 2043 768 2092 ipsius
801 2041 981 2079 materiae
1014 2041 1187 2087 moralis,
1226 2048 1317 2089 puta

257 2106 346 2132 cum
376 2094 634 2132 consideratur
663 2095 710 2132 de
743 2096 815 2132 hac
841 2095 978 2132 virtute
1010 2094 1072 2130 vel
1101 2094 1175 2130 hoc
1202 2093 1315 2139 vitio;

258 2147 332 2185 alio
361 2147 501 2195 mod0‚
532 2157 718 2196 quantum
747 2149 796 2185 ad
825 2147 1007 2196 speciales
1045 2154 1174 2186 status,
1194 2146 1316 2183 homi-

256 2212 362 2248 num,
381 2208 475 2249 puta
494 2214 581 2238 cum
610 2201 871 2239 consideratur
899 2202 946 2238 de
966 2199 1123 2237 subditis
1154 2207 1189 2236 et
1210 2212 1318 2248 prae-

255 2253 350 2299 latis,
371 2255 418 2291 de
442 2255 573 2291 activis
593 2262 629 2291 et
656 2253 972 2303 contemplativiS,
991 2253 1053 2289 vel
1073 2252 1316 2302 quibuscum-

256 2318 332 2354 que
351 2305 431 2343 aliis
451 2306 651 2344 differentii
677 2307 890 2346 hominum.
921 2307 1051 2343 Primo
1081 2318 1169 2354 ergo
1195 2306 1316 2343 consi-

257 2359 476 2396 derabimus
512 2359 720 2408 specialiter
748 2360 795 2396 de
831 2359 889 2396 his
918 2371 1017 2407 quae
1054 2360 1241 2407 pertinent
1268 2358 1316 2396 ad

257 2423 392 2449 omnes
421 2413 623 2450 hominum
654 2420 790 2457 status;
821 2413 990 2449 secundo
1019 2423 1126 2459 vero,
1148 2411 1317 2460 speciali-

255 2473 312 2502 ter
331 2469 349 2486 α
374 2466 422 2502 de
450 2465 508 2502 his
536 2478 634 2514 quae
658 2465 847 2514 pertinent
874 2464 922 2501 ad
947 2464 1216 2501 determinatos
1244 2472 1316 2500 sta-

254 2525 314 2555 tus
342 2517 373 2555 *.

309 2571 378 2608 Est
396 2579 524 2612 autem
555 2570 874 2607 considerandum
899 2569 996 2605 circa
1015 2569 1182 2617 primum
1198 2569 1314 2617 quod,

255 2624 285 2661 si
314 2636 487 2661 seorsum
518 2624 856 2661 determinaremus
884 2622 930 2659 de
949 2621 1161 2667 virtutibus,
1193 2621 1314 2668 donis,

255 2677 354 2714 vitiis
374 2685 410 2714 et
428 2675 443 2706 β
462 2677 684 2726 praeceptis,
706 2682 897 2725 oporteret
924 2674 1026 2712 idern
1052 2674 1241 2711 multoties
1262 2674 1315 2710 di-

257 2741 363 2768 cere:
392 2729 457 2778 qui
486 2730 588 2767 enim
619 2730 848 2766 sufficienter
874 2728 957 2764 vult
984 2735 1140 2764 tractare
1171 2727 1217 2764 de
1243 2728 1316 2763 hoc

255 2791 473 2832 praecepto,
493 2783 584 2820 Non
604 2782 870 2828 moechaberis,
887 2793 1042 2817 necesse
1062 2781 1177 2817 habet
1195 2779 1315 2827 inqui-

256 2847 339 2872 rere
368 2836 415 2872 de
443 2835 638 2882 adulterio,
659 2835 765 2884 quod
794 2842 849 2871 est
877 2834 1072 2882 quoddam
1101 2840 1313 2893 peccatum,

257 2888 363 2925 cuius
387 2888 500 2926 etiam
530 2888 692 2936 cognitio
723 2887 912 2936 dependet
941 2899 985 2923 ex
1015 2886 1227 2934 cognitione
1249 2898 1315 2934 op-

256 2941 402 2990 positae
429 2941 589 2978 virtutis.
618 2941 698 2978 Erit
725 2941 834 2989 igitur
862 2939 1172 2999 compendiosior
1198 2947 1233 2975 et
1253 2951 1314 2975 ex-

256 2993 418 3043 peditior
447 2989 758 3031 considerationis
785 2993 850 3030 via
877 2993 908 3029 si
936 2993 1047 3029 simul
1075 2993 1145 3029 sub
1175 2991 1312 3028 eodem

256 3054 415 3084 tractatu
436 3046 687 3084 consideratio
707 3045 878 3096 procedit
892 3051 907 3074 Υ
923 3045 970 3082 de
989 3045 1125 3082 virtute
1156 3053 1191 3081 et
1211 3044 1314 3081 dono

257 3152 374 3202 ceptis
403 3152 636 3190 affirmativis
664 3153 726 3189 vel
759 3151 952 3200 negativis.
988 3150 1068 3188 Erit
1099 3158 1226 3189 autern
1254 3150 1315 3187 hic

257 3205 567 3243 considerationis
596 3205 735 3242 modus
765 3204 996 3242 conveniens
1023 3204 1113 3252 ipsis
1132 3203 1230 3240 vitiis
1259 3215 1314 3239 se-

265 3348 276 3353 -
310 3320 337 3352 α)
357 3319 507 3352 specialiter
523 3332 542 3337 -·
560 3319 621 3344 Om.
641 3318 754 3342 BDGIK.

309 3354 335 3388 β)
354 3358 388 3380 et.
406 3368 426 3374 -
444 3355 505 3379 Om.
525 3354 609 3378 ΑΒΗ.

308 3390 336 3424 γ)
351 3390 483 3422 procedit.
502 3404 520 3409 -
534 3389 665 3421 procedat
684 3389 735 3413 BD.
753 3401 772 3407 -
790 3388 840 3413 sibi
858 3395 910 3412 om.
931 3388 962 3413 D.

308 3424 333 3458 ὃ)
352 3429 386 3450 et.
403 3438 423 3445 -
440 3425 501 3450 Om.
522 3425 575 3450 PG.

257 3099 328 3136 sibi
358 3099 694 3148 correspondente,
724 3106 761 3136 et
787 3098 886 3136 vitiis
915 3098 1114 3147 oppositis,
1145 3106 1181 3134 et
1209 3110 1336 3146 prae—>

850 199 1297 266 SECUNDA
1358 199 1866 265 SECUNDAE

294 347 1060 456 SUMMAE
1167 347 2417 458 THEOLOGIAE

1081 540 1330 576 ANGELlCI
1360 540 1628 577 DOCTORIS

536 666 943 750 SANCTI
983 620 1488 749 THoMAE
1546 669 2170 775 AQUINATIS

1123 832 1260 856 ORDINIS
1278 832 1572 857 PRAEDICATORUM

977 935 1129 987 CUM,
1167 918 1717 976 COMMENTARIIS

688 1045 1092 1111 THOMAE
1149 1047 1258 1109 DE
1315 1046 1488 1110 VIO
1546 1046 1997 1110 CAIETANI

1230 1178 1286 1196 mus
1290 1178 1340 1195 mu(
1358 1178 1463 1196 onmNis

1129 1254 1158 1285 S.
1184 1254 1221 1284 R.
1246 1254 1282 1284 E.
1309 1253 1563 1284 CARDINALIS

1004 1352 1432 1377 —--..——-q.—}-..-e
1439 1364 1514 1366 r-„—.

1073 1456 1617 1511 PROLOGUS

1377 1616 1544 1651 cundum
1572 1616 1766 1676 propriam
1795 1617 1979 1665 speciem:
2017 1626 2210 1656 ostensum
2240 1629 2295 1658 est
2324 1622 2424 1659 enirn

1374 1680 1487 1716 supra
1501 1667 1639 1716 *quod
1659 1669 1747 1706 vitia
1763 1677 1799 1706 et
1815 1678 1970 1718 peccata
1986 1671 2286 1711 diversificantur
2301 1676 2424 1723 specie

1373 1721 1584 1758 secundum
1612 1722 1808 1759 materiam
1835 1723 1897 1759 vel
1935 1724 2145 1771 obiectum,
2185 1738 2262 1763 non
2300 1735 2424 1764 autem

1373 1774 1584 1811 secundum
1605 1774 1695 1811 alias
1715 1775 1942 1813 differentias
1960 1785 2218 1826 peccatorum,
2233 1788 2324 1828 puta
2344 1793 2424 1817 cor-

1374 1826 1442 1875 dis,
1473 1827 1548 1863 oris
1577 1835 1613 1864 et
1641 1828 1764 1876 operis
1782 1828 1813 1874 ³⁸,
1834 1829 1895 1865 vel
1924 1831 2133 1868 secundum
2154 1832 2422 1881 infirmitatem,
2452 1841 2463 1851 ⁰

1372 1880 1622 1928 ignorantiam
1652 1888 1688 1917 et
1715 1881 1907 1929 malitiam,
1934 1890 1969 1919 et
1997 1883 2087 1920 alias
2114 1884 2330 1923 huiusmodi
2359 1886 2424 1924 dif—

1373 1933 1547 1970 ferentias
1565 1933 1607 1954 ²¹²·
1599 1941 1684 1979 ,est
1711 1942 1839 1971 autem
1861 1935 1994 1972 eadem
2015 1938 2169 1974 materia
2190 1938 2287 1975 circa
2306 1951 2421 1987 quarn

1373 1994 1408 2022 et
1435 1984 1448 2007 ⁰
1471 1986 1588 2022 virtus
1618 1994 1717 2023 recte
1747 1995 1923 2036 operatur
1942 1997 1978 2025 et
1996 1989 2085 2026 vitia
2115 1991 2289 2039 opposita
2318 2004 2339 2028 a
2368 2005 2423 2029 re-

1373 2039 1549 2076 ctitudine
1579 2041 1769 2076 recedunt.

1425 2092 1486 2128 Sic
1517 2092 1625 2139 igitur
1657 2100 1734 2129 tota
1767 2093 1922 2130 materia
1955 2094 2087 2131 morali
2125 2095 2171 2132 ad
2210 2096 2422 2134 considera-

1371 2144 1514 2182 tionem
1552 2145 1732 2182 virtutum
1770 2146 1946 2192 reducta,
1987 2159 2120 2184 omnes
2148 2148 2303 2186 virtutes
2338 2159 2423 2187 sunt

1370 2198 1524 2235 ulterius
1545 2199 1783 2236 reducendae
1804 2199 1852 2236 ad
1871 2207 2033 2247 septem:
2064 2213 2222 2249 quarum
2245 2210 2318 2238 tres
2338 2211 2424 2240 sunt

1369 2251 1615 2299 theologicae,
1638 2253 1684 2288 de
1705 2252 1841 2299 quibus
1869 2252 1993 2301 primo
2015 2261 2069 2289 est
2097 2255 2305 2301 agendum
2330 2255 2422 2292 aliae

1369 2316 1464 2341 vero
1493 2311 1656 2353 quatuor
1684 2312 1770 2341 sunt
1798 2305 2021 2354 cardinales,
2056 2307 2102 2342 de
2136 2307 2271 2355 quibus
2299 2316 2422 2356 poste—

1370 2357 1446 2394 rius
1464 2357 1485 2379 *
1502 2364 1643 2406 agetur.
1670 2358 1857 2394 Virtutum
1878 2365 2005 2395 autem
2025 2358 2328 2397 intellectualium
2348 2374 2422 2398 una

1371 2410 1526 2458 quidem
1556 2418 1610 2447 est
1637 2411 1847 2459 prudentia,
1877 2423 1974 2461 Qae
2003 2412 2100 2448 inter
2118 2413 2323 2450 cardinales
2350 2414 2422 2450 vir-

1369 2471 1468 2500 tutes
1497 2463 1708 2500 continetur
1745 2471 1781 2499 et
1808 2469 1820 2484 Ε
1848 2472 2087 2510 numeratur;
2126 2478 2185 2502 ars
2213 2478 2306 2502 vero
2345 2479 2421 2503 non

1369 2515 1528 2564 pertinet
1546 2516 1594 2552 ad
1614 2516 1810 2562 moralem,
1832 2528 1930 2563 quae
1951 2518 2048 2554 circa
2073 2518 2219 2565 agibilia
2238 2527 2418 2566 versatur,

1370 2580 1457 2604 curn
1478 2581 1536 2605 ars
1560 2569 1606 2605 sit
1633 2577 1733 2606 recta
1762 2569 1853 2605 ratio
1882 2570 2110 2617 factibilium,
2132 2579 2171 2607 ut
2199 2584 2311 2620 supra
2329 2571 2349 2593 '¹‘
2368 2572 2421 2608 di-

1371 2630 1471 2658 ctum
1502 2629 1575 2666 est3
1610 2622 1702 2659 aliae
1730 2634 1822 2659 vero
1851 2630 1924 2658 tres
1954 2623 2218 2660 intellectuales
2246 2625 2419 2671 virtutes,

1370 2674 1506 2711 scilicet
1535 2674 1728 2722 sapientia,
1757 2674 1962 2712 intellectus
1991 2684 2025 2712 et
2053 2677 2217 2723 scientia,
2248 2689 2419 2714 commu-

1370 2727 1494 2764 nicant
1523 2728 1635 2764 etiam
1674 2728 1711 2764 in
1740 2728 1894 2765 nomine
1932 2741 2018 2766 cum
2048 2729 2156 2766 donis
2191 2730 2419 2777 quibusdam

1370 2780 1528 2829 Spiritus
1557 2781 1695 2828 Sancti,
1721 2782 1821 2818 unde
1850 2781 1960 2818 simul
1990 2782 2102 2819 etiarn
2123 2781 2134 2807 ζ
2155 2783 2201 2819 de
2224 2783 2277 2819 eis
2298 2783 2420 2819 consi-

1370 2833 1561 2870 derabitur
1595 2833 1631 2870 in
1669 2834 1967 2871 consideratione
2000 2836 2189 2872 donorum
2222 2835 2420 2872 virtutibus

1371 2886 1766 2935 correspondentium.
1809 2887 1914 2924 Aliae
1960 2900 2053 2924 vero
2086 2888 2240 2925 virtutes
2278 2894 2296 2915 η
2338 2900 2419 2924 mo-

1371 2941 1464 2976 rales
1503 2951 1638 2976 omnes
1676 2939 1879 2988 aliqualiter
1904 2941 2145 2985 ,reducuntur
2181 2941 2228 2977 ad
2264 2940 2423 2980 virtutes,

1370 2992 1588 3038 cardinales,
1609 3001 1648 3028 ut
1669 3005 1712 3028 ex
1733 2993 1951 3041 supradictis
1970 2993 1990 3014 '¹‘
2007 3001 2123 3042 patet:
2153 2994 2254 3030 unde
2274 2993 2311 3030 in
2332 3006 2418 3030 con-

1369 3045 1595 3083 sideratione
1624 3045 1777 3082 alicuius
1800 3045 1944 3083 virtutis
1973 3046 2168 3084 cardinalis
2207 3046 2418 3083 considera-

1369 3100 1507 3136 buntur
1527 3098 1638 3135 etiam
1659 3111 1793 3135 omnes
1812 3100 1968 3136 virtutes
1984 3099 2031 3136 ad
2048 3112 2131 3136 earn
2156 3099 2419 3147 qualitercum-

1369 3164 1442 3201 que
1485 3151 1712 3199 pertinentes
1746 3159 1780 3188 et
1819 3152 1910 3189 vitia
1938 3152 2123 3201 opposita.
2162 3153 2210 3188 Et
2244 3151 2295 3188 sie
2329 3151 2417 3188 nihil

1368 3205 1569 3241 moralium
1601 3204 1667 3240 erit
1696 3205 2013 3252 praetermissum.

1419 3318 1441 3349 ε)
1460 3318 1611 3343 continetur
1629 3321 1662 3342 et.
1681 3331 1699 3336 -
1717 3318 1778 3342 Om.
1798 3317 1827 3342 D.
1839 3331 1858 3336 -
1870 3318 1919 3342 Pro
1939 3318 2073 3346 moralem,
2093 3317 2228 3342 scientiam
2248 3318 2372 3342 moralem
2389 3318 2416 3342 P.

1418 3353 1443 3384 ζ)
1463 3353 1551 3378 etiam.
1570 3367 1587 3371 -
1606 3353 1667 3378 Om.
1686 3353 1713 3377 Ρ.
1732 3366 1750 3371 -
1768 3353 1817 3377 Pro
1836 3352 1984 3382 virtutibus,
2001 3353 2140 3377 virtutibus
2159 3356 2184 3377 et
2202 3352 2293 3384 FpAB,
2313 3352 2417 3377 virtuti-

1367 3389 1413 3413 bus
1431 3388 1510 3413 etiam
1530 3389 1585 3412 PsB
1604 3393 1629 3412 et
1647 3395 1671 3416 a,
1691 3391 1717 3412 et
1735 3387 1876 3413 virtutibus
1894 3388 1923 3412 E.

1419 3424 1445 3454 η)
1466 3423 1585 3448 virtutes.
1603 3437 1622 3442 -
1641 3427 1694 3448 tres
1713 3423 1824 3448 virtutes
1842 3422 1874 3449 K.
1886 3436 1904 3442 —-
1922 3423 1992 3447 Idem
2010 3431 2062 3447 om.
2081 3423 2240 3454 aliqualiter.

2453 1682 2489 1703 ΠΙ
2491 1682 2662 1710 11⁸⁶,qu.Lxxir.

2451 1946 2502 1966 ·D.
2516 1951 2562 1973 99¹·

2451 2369 2461 2379 ⁶
2476 2368 2522 2395 Qu.
2538 2374 2609 2390 nvn.

2546 2483 2555 2498 Ε

2447 2578 2455 2586 ·
2463 2577 2484 2598 1¹
2494 2577 2547 2602 ΠΜ,
2554 2583 2592 2605 qu.
2601 2583 2655 2603 ινιι,

2447 2607 2488 2624 art.
2503 2609 2523 2631 3,
2537 2610 2561 2630 4.

2544 2788 2558 2816 ζ

2544 2902 2559 2925 ’l

2447 3005 2456 3013 ·
2467 3003 2488 3024 1⁸
2499 3002 2551 3029 11⁸⁰,
2562 3008 2600 3030 qu.
2609 3009 2655 3029 ui,

2446 3034 2486 3051 art.
2502 3035 2522 3057 3.
