2892 4056
27 1231 29 1234 '
59 1230 72 1244 ⁸
85 1228 123 1254 Ct.
136 1229 270 1259 unffi-di.

61 1647 130 1670 'Vid-
137 1646 271 1670 Comen

60 1673 134 1697 met.
227 1677 269 1696 nrt.

158 1705 270 1728 ..nn

60 1765 202 1814 vn16e.

174 1764 270 1792 ‚ml
319 1780 321 1783 -

940 135 1206 181 QUAESTIO
1236 135 1411 181 xxxin,
1440 134 1737 172 ARTffiULUS
1769 135 1816 171 111

296 221 342 246 est
363 212 567 245 secundarius
590 219 677 243 actus
707 213 864 252 praecepti
889 213 927 243 de
951 213 1144 243 correctione
1173 212 1354 253 praelativa,

295 259 328 288 in
351 267 417 288 uno
441 263 472 288 et
488 256 602 286 eodem
627 266 700 286 cum
715 256 865 296 iungitur,
881 256 1096 287 difficultatem
1112 256 1195 287 facit.
1214 256 1356 296 Diligen-

295 301 358 333 tius
373 307 480 331 tamen
496 300 701 340 perscrutanti
717 307 847 340 apparet
862 301 960 341 quod,
978 301 1253 341 quemadmodum
1268 299 1356 330 iusti-

295 345 338 376 tia
361 351 392 375 et
414 344 534 380 caritas,
559 353 614 374 seu
638 343 861 381 misericordia,
885 351 959 375 sunt
981 345 1120 374 diversae
1143 344 1290 380 virtutes,
1313 343 1357 374 ita

295 395 326 419 et
340 394 509 428 praecepta
524 387 563 417 de
579 387 700 418 actibus
724 397 833 418 earum
849 388 971 418 diversa
985 395 1069 424 sunt,
1085 398 1143 419 nec
1162 388 1356 419 coincidunt.

295 433 336 463 Et
357 431 634 472 quemadmodum
657 431 830 462 differentia
852 431 993 462 hominis
1017 442 1035 461 a
1057 432 1162 472 seipso
1179 432 1357 462 secundum

295 477 358 507 hoc
380 476 469 517 quod
492 482 540 506 est
561 485 628 505 esse
651 475 701 506 vel
723 485 790 506 non
813 485 879 506 esse
902 475 1087 516 praelatum,
1111 485 1178 506 non
1195 475 1281 506 affert
1304 481 1359 506 aut

295 519 396 550 aufert
419 529 542 550 novum
570 525 776 559 praeceptum
799 519 858 549 nisi
881 519 971 559 quod
1000 518 1040 548 ad
1063 519 1266 558 praelationis
1289 518 1358 549 offi-

295 564 381 594 cium
405 570 440 593 ut
463 563 507 593 sic
530 569 650 603 spectat
672 561 733 614 (ad
755 562 835 593 nihil
858 561 943 593 enim
965 568 1090 592 tenetur
1119 562 1234 602 aliquis
1257 562 1358 593 factus

296 607 454 648 praelatus
482 607 523 637 ad
545 607 635 647 quod
657 607 745 647 prius
775 616 841 636 non
870 605 1034 636 tenebatur
1063 605 1123 635 nisi
1146 606 1185 636 ad
1217 605 1359 637 officium

295 651 500 701 praelationis
523 657 554 681 et
568 650 648 681 illud
670 657 708 681 ut
729 650 774 681 sic
789 647 1038 690 concomitans),
1062 649 1106 679 ita
1121 659 1187 680 non
1203 657 1360 680 consonat

296 695 411 725 rationi
436 701 471 725 ut
494 694 595 725 factus
617 694 689 735 quis
715 694 875 734 praelatus
905 699 1048 724 teneatur
1070 693 1110 722 ad
1132 693 1360 734 inquirendum

296 749 355 779 pro
368 738 562 770 correctione
577 738 724 769 fraterna.
735 738 826 768 Esset
837 737 923 767 enim
935 736 996 767 hoc
1008 746 1131 767 novum
1143 744 1359 778 praeceptum,

297 783 338 813 ad
360 783 449 823 quod
471 782 559 823 prius
583 792 650 812 non
672 782 850 812 tenebatur:
875 787 906 811 et
927 786 1035 810 tamen
1059 790 1125 810 non
1148 791 1205 821 per
1233 790 1266 811 se
1289 791 1358 820 spe-

297 833 360 857 ctat
382 827 422 856 ad
437 825 640 867 praelationis
663 824 816 860 officium,
832 824 887 854 sed
910 823 950 853 ad
966 833 1174 854 communem
1189 824 1359 854 hominurn

297 876 425 901 statum.
456 870 513 900 Est
535 875 643 900 autem
665 869 746 899 ratio
768 867 864 898 huius
887 867 963 907 quia
992 874 1198 907 praeceptum
1221 867 1358 898 eleemo-

297 924 395 955 synae
421 923 490 944 non
511 913 619 943 solum
647 911 878 951 praesupponit
898 910 1107 950 indigentiam
1129 911 1280 950 proximi,
1305 911 1361 942 sed

297 957 444 988 notitiam
466 957 549 987 illius
578 955 783 1006 indigentiae:
818 955 861 985 ita
894 954 983 995 quod
1013 964 1109 985 omne
1139 954 1361 995 eleemosynae

297 1006 506 1042 praeceptum
527 999 670 1031 consistit
691 999 724 1029 in
746 998 818 1034 hoc,
834 999 888 1029 Da
903 998 1061 1039 indigenti
1075 1003 1169 1036 noto;
1191 1005 1222 1028 et
1245 1008 1311 1028 non
1327 998 1360 1028 in

297 1046 359 1076 hoc
374 1043 463 1086 quod
478 1049 611 1085 quaerat
624 1042 772 1073 notitiam
787 1041 988 1083 indigentiae.
1010 1043 1053 1073 Et
1066 1048 1244 1082 propterea,
1261 1052 1362 1083 quan-

296 1095 367 1119 tum
390 1094 437 1119 est
451 1096 489 1118 ex
509 1086 541 1117 vi
559 1086 650 1117 istius
673 1086 842 1127 praecepti,
857 1095 961 1128 neque
984 1086 1129 1118 subditus
1146 1095 1250 1126 neque
1272 1096 1360 1127 prae—

296 1132 380 1163 latus
402 1137 528 1163 tenetur
549 1130 718 1172 inquirere.

351 1175 485 1206 Gravior
503 1182 611 1206 tamen
633 1181 681 1205 est
703 1183 778 1205 cura
799 1174 1026 1214 praelatorum,
1042 1181 1079 1205 ut
1092 1174 1293 1225 Augustinus
1316 1173 1362 1203 di-

297 1219 339 1257 cit
356 1219 384 1250 *.
409 1219 493 1257 Quia
516 1218 542 1250 si
565 1225 710 1250 occurrat
739 1218 854 1259 aliquis
876 1218 1022 1258 indigens
1050 1218 1246 1249 correctione
1272 1227 1362 1258 prae-

295 1263 360 1295 lato
374 1269 404 1321 et
420 1262 521 1307 alteri,
528 1262 638 1303 magis
652 1269 778 1294 tenetur
792 1262 952 1303 praelatus
967 1262 1008 1293 ad
1022 1261 1252 1293 correctionem
1265 1271 1363 1302 quam
1387 1257 1390 1296 Ι

2385 135 2458 171 265

1410 212 1570 243 subditus:
1606 212 1687 242 sicut
1710 212 1810 252 magis
1844 218 1968 242 tenetur
1990 211 2147 251 praelatus
2172 211 2210 241 ad
2234 221 2300 241 non
2321 213 2474 242 scandali-

1408 256 1548 287 zandum
1571 255 1677 292 illum;
1702 256 1783 286 sicut
1806 255 2024 286 universaliter
2039 255 2139 295 magis
2164 261 2289 285 tenetur
2305 256 2345 285 ad
2370 257 2476 286 obser-

1408 299 1547 330 vantiam
1579 299 1801 330 communium
1831 306 2075 340 praeceptorum
2102 299 2260 338 praelatus
2290 309 2387 339 quam
2409 299 2474 335 alii,

1409 353 1469 384 pro
1492 350 1612 384 quanto
1637 350 1760 374 tenetur
1783 344 1823 374 ad
1846 343 2099 374 excellentiorem
2122 343 2220 373 vitam
2245 349 2275 373 et
2298 343 2475 373 doctrinam

1411 397 1508 429 quam
1532 387 1596 417 alii.

1468 431 1520 462 1V.
1534 431 1710 468 Quomodo
1727 437 1834 461 autern
1846 430 2004 470 praelatus
2019 441 2056 460 ex
2072 436 2241 470 praecepto
2259 430 2307 460 sui
2323 430 2418 461 officii
2433 438 2476 461 te-

1410 481 1521 506 neatur
1532 474 1627 504 etiam
1639 474 1679 504 ad
1691 474 1837 505 notitiam
1849 475 2063 516 quaerendam
2076 474 2114 504 de
2127 474 2261 515 peccatis
2274 474 2476 506 subditorum

1410 525 1447 550 ut
1469 528 1524 549 eos
1541 518 1684 557 corrigat,
1700 525 1830 558 propter
1846 518 1967 558 seipsos
1990 518 2041 549 vel
2057 527 2230 548 commune
2254 518 2390 555 bonum,
2409 528 2476 548 non

1412 569 1458 593 est
1480 561 1652 602 praesentis
1682 561 1894 602 quaestionis,
1925 562 1980 592 ubi
2012 563 2050 592 de
2073 568 2241 602 praecepto
2273 561 2477 594 correctionis

1411 606 1564 637 fraternae
1580 605 1686 636 solum
1702 612 1858 636 tractatur.
1879 606 2011 646 Propter
2026 606 2150 636 bonum
2165 612 2272 636 autem
2288 605 2388 646 ipsius
2404 616 2476 647 pec-

1412 650 1535 686 catoris,
1561 650 1732 690 praesentis
1760 657 1806 680 est
1830 656 1996 687 tractatus,
2023 650 2056 680 in
2079 660 2145 690 quo
2169 652 2292 680 Auctor
2318 649 2415 680 simul
2437 650 2476 680 de

1412 693 1606 724 correctione
1630 693 1765 724 fraterna
1788 700 1819 724 et
1840 693 2010 733 praelativa
2025 693 2057 723 in
2075 694 2185 724 ordine
2201 694 2241 724 ad
2258 694 2382 724 bonum
2404 704 2476 734 pec-

1413 737 1526 768 catoris
1553 743 1671 768 tractat.
1703 737 1744 767 Et
1767 737 1936 768 dicendum
1967 743 2013 767 est
2035 738 2124 778 quod
2147 737 2188 767 ad
2209 737 2272 768 hoc
2295 737 2410 768 sufficit
2430 737 2476 768 vi-

1411 780 1541 820 gilantia
1564 787 1594 811 et
1618 780 1761 811 custodia
1785 781 1824 810 ad
1847 791 1945 821 quam
1968 781 2125 820 praelatus
2155 781 2369 812 communiter
2391 788 2476 812 tene-

1412 831 1480 860 tur;
1505 830 1536 854 et
1558 824 1735 854 secundum
1766 831 1964 855 occurrentes
1989 834 2092 861 casus,
2116 825 2202 855 iuxta
2225 825 2314 864 signa
2344 825 2477 856 alicuius

1412 868 1608 907 particularis
1624 868 1807 907 peccatoris,
1824 868 1982 908 inquirere
1999 868 2024 898 si
2040 868 2234 899 correctione
2250 879 2332 909 opus
2347 876 2403 900 est.
2426 870 2478 899 Ad

1412 911 1503 951 quod
1525 911 1664 941 maxima
1687 921 1770 951 opus
1794 918 1839 941 est
1862 911 2043 951 prudentia:
2064 922 2103 942 ne
2119 913 2219 943 multa
2235 913 2374 952 suspicio
2391 923 2477 953 prae-

1413 954 1543 994 cipitem
1563 961 1594 984 et
1610 964 1743 985 exosum
1759 955 1935 994 praelatum
1958 955 2083 992 reddat;
2107 965 2166 986 nec
2180 956 2301 987 incuria
2323 957 2476 997 multipli-

1413 997 1573 1029 cationem
1596 998 1696 1038 pariat
1719 1006 1924 1038 peccatorum
1955 999 2156 1030 occultorum
2178 1000 2210 1030 in
2233 1000 2361 1031 iudicio.
2390 1002 2478 1032 Haec

1413 1041 1499 1072 enim
1522 1041 1698 1082 inquisitio,
1723 1052 1805 1082 quae
1829 1042 1868 1072 ad
1891 1042 2146 1073 emendationem
2162 1044 2335 1083 peccatoris
2351 1045 2476 1075 ordina-

1412 1093 1472 1121 tur,
1497 1095 1564 1115 non
1586 1085 1711 1116 videtur
1734 1085 1903 1116 scientifice
1927 1086 2176 1116 determinanda:
2202 1088 2255 1117 sed
2279 1089 2475 1128 prudentiae,

1413 1139 1495 1170 quae
1525 1129 1607 1160 circa
1635 1129 1835 1169 particularia
1865 1136 2026 1166 versatur,
2057 1131 2245 1171 relinquitur
2281 1132 2476 1162 considerare

1413 1173 1550 1214 qualiter
1573 1179 1604 1204 et
1626 1174 1759 1214 quando
1782 1180 1812 1204 et
1829 1173 1918 1204 cuius
1942 1175 2160 1214 quaerendum
2177 1182 2223 1205 est
2245 1182 2410 1214 peccatum
2430 1187 2477 1207 sa-

1415 1216 1569 1248 nandum.

1472 1261 1514 1292 Et
1535 1261 1613 1292 haec
1636 1271 1696 1302 pro
1719 1261 1812 1292 tertio
1837 1261 1931 1292 etiam
1955 1261 2087 1293 articulo
2112 1261 2277 1293 sufficiant.

1102 1395 1419 1438 ARTICULUS
1447 1394 1676 1437 TERTIUS

640 1488 796 1519 UTRUM
818 1487 1072 1519 CORRECTIO
1095 1488 1330 1519 FRATERNA
1351 1488 1599 1519 PERTINEAT
1621 1488 1769 1519 SOLUM
1791 1489 1849 1519 AD
1873 1489 2130 1537 PRAELATOS

721 1565 858 1594 lvsent„
878 1565 1181 1597 distwmqunart
1206 1572 1230 1596 ¹3
1250 1570 1341 1596 art.2
1360 1566 1410 1599 qu
1432 1575 1458 1598 1;
1478 1565 1651 1597 Dewrtut„
1671 1574 1716 1599 qu.
1733 1573 1775 1596 m,
1796 1571 1844 1592 art.
1867 1575 1893 1597 t,
1913 1567 1989 1597 ad2,
2012 1575 2052 1600 ¹7·

321 1660 337 1671 ..
367 1667 370 1669 a
416 1678 418 1680 ,
448 1667 477 1681 ..-
507 1646 704 1674 nTERTmM
718 1647 772 1673 stc
780 1647 1015 1674 PROCEDITUR
1027 1635 1059 1672 ²¹⁸.
1074 1635 1235 1673 Videtur
1254 1635 1360 1685 quod

326 1686 329 1692 ’
329 1670 480 1749 f)
509 1688 692 1727 correctio
720 1689 884 1727 fraterna
911 1701 991 1726 non
1017 1689 1202 1738 pertineat
1220 1689 1292 1726 nisi
1310 1689 1360 1726 ad

348 1733 361 1748 ⁸
445 1728 475 1782 ἢ
490 1740 707 1790 praelatos.
727 1741 828 1779 Dicit
848 1741 951 1779 enim
965 1741 1270 1789 Hieronymus*:
1290 1742 1359 1778 Sa-

376 1789 421 1836 'fij
431 1807 441 1818 ⁷*
465 1787 495 1827 X<
509 1795 673 1833 cerdotes
686 1795 858 1832 studeant
871 1794 963 1832 illud
973 1794 1179 1844 Evangelii
1190 1794 1356 1842 implere,

297 1848 340 1885 Si
358 1848 577 1896 peccaverit
600 1848 638 1885 in
666 1853 701 1884 te
715 1848 847 1895 frater
873 1853 968 1893 tuus,
995 1853 1061 1884 etc.
1096 1847 1173 1885 Sed
1201 1848 1357 1885 nomine

293 1901 533 1938 sacerdotum
556 1908 838 1938 consueverunt
866 1900 1068 1948 significari
1093 1900 1262 1948 praelati,
1292 1901 1358 1949 qui

294 1953 439 1993 habent
473 1965 604 1991 curam
636 1953 811 1991 aliorum.
849 1954 952 2001 Ergo
983 1953 1135 1991 videtur
1166 1953 1273 2002 quod
1309 1954 1357 1991 ad

296 2006 399 2045 solos
426 2006 615 2053 praelatos
642 2006 827 2055 pertineat
853 2006 1015 2044 fraterna
1044 2006 1239 2044 correctio.

306 2095 308 2098 ,
350 2070 384 2096 2.
410 2059 652 2105 Parmensi,
682 2059 845 2097 fraterna
873 2058 1055 2096 correctio
1085 2066 1140 2096 est
1166 2058 1356 2108 quaedam

297 2111 545 2159 eleemosyna
570 2111 781 2160 spiritualis.
821 2112 898 2150 Sed
926 2112 1163 2160 corporalem
1193 2112 1358 2149 eleemo—

297 2175 433 2212 synam
460 2164 584 2203 facere
611 2164 774 2212 pertinet
800 2165 849 2201 ad
869 2177 936 2202 eos
956 2165 1021 2213 qui
1040 2172 1126 2202 sunt
1144 2164 1358 2213 superiores

297 2217 338 2255 in
362 2216 649 2265 temporalibus,
673 2217 813 2255 scilicet
841 2218 889 2256 ad
918 2217 1082 2255 ditiores.
1112 2218 1214 2264 Ergo
1243 2217 1358 2255 etiam

296 2269 460 2309 fraterna
488 2269 670 2307 correctio
699 2270 861 2319 pertinet
878 2270 927 2308 ad
947 2283 1014 2308 eos
1041 2270 1105 2318 qui
1133 2278 1220 2307 sunt
1247 2283 1358 2319 supe-

297 2322 415 2361 riores
443 2321 484 2359 in
509 2321 774 2371 spiritualibus,
803 2322 943 2360 scilicet
969 2323 1018 2360 ad
1045 2323 1245 2371 praelatos.

352 2376 388 2413 3.
417 2375 660 2421 Proernam,
693 2375 754 2412 ille
789 2375 854 2424 qui
891 2375 1042 2424 corripit
1072 2375 1191 2413 alium
1226 2383 1359 2413 movet

299 2439 388 2466 eum
416 2439 484 2465 sua
512 2427 774 2466 admonitione
801 2428 851 2466 ad
879 2428 1026 2466 melius.
1066 2427 1143 2465 Sed
1175 2428 1215 2465 in
1246 2429 1360 2465 rebus

297 2480 530 2518 naturalibus
570 2480 748 2517 inferiora
785 2489 990 2518 moventur
1030 2493 1053 2517 a
1088 2480 1357 2528 superioribus.

297 2533 401 2580 Ergo
430 2532 544 2569 etiarn
574 2534 784 2570 secundum
814 2533 989 2570 ordinem
1016 2532 1180 2579 virtutis,
1209 2533 1274 2581 qui
1302 2546 1359 2570 se-

298 2585 424 2634 quitur
451 2585 623 2622 ordinem
653 2594 825 2632 naturae,
856 2586 904 2623 ad
932 2587 1034 2623 solos
1061 2586 1250 2634 praelatos
1275 2598 1360 2635 per-

297 2638 390 2675 tinet
416 2638 612 2675 inferiores
641 2638 839 2686 corrigere.

353 2691 427 2728 SED
459 2702 605 2728 CONTRA
627 2703 693 2728 EST
716 2691 821 2740 quod
850 2690 983 2728 dicitur
1010 2689 1161 2737 XXIV‘,
1183 2703 1246 2738 qu.
1268 2703 1303 2727 111
1322 2691 1357 2727 *z

303 2744 340 2781 T
334 2755 398 2780 am
415 2744 625 2780 sacerdotes
652 2754 766 2792 quam
794 2743 928 2792 reliqui
942 2743 1078 2791 fideles
1105 2755 1233 2781 omnes
1259 2756 1359 2781 sum-

299 2808 403 2833 mam
431 2796 565 2834 debent
597 2797 736 2834 habere
768 2808 901 2833 curam
929 2797 974 2832 de
1006 2796 1062 2832 his
1085 2796 1152 2844 qui
1177 2802 1357 2844 pereunt,

299 2854 480 2897 quatenus
508 2861 639 2886 eorum
671 2849 939 2899 redargutione
970 2854 1037 2885 aut
1065 2849 1309 2898 corrigantur
1335 2861 1359 2886 a

294 2901 471 2949 peccatis,
497 2907 573 2948 aut,
600 2902 635 2938 si
659 2901 933 2952 incorrigibiles
965 2907 1189 2950 appareant,
1212 2902 1261 2939 ab
1287 2902 1358 2939 Ec-

300 2953 412 2990 clesia
439 2959 672 3002 separentur.

355 3006 581 3043 Responnsso
609 3017 793 3044 menmium
825 3006 942 3054 quod,
963 3006 1056 3043 sicut
1085 3006 1227 3043 dictum
1249 3013 1306 3043 est
1322 3005 1358 3054 ¹⁸,

302 3058 441 3106 duplex
461 3065 516 3095 est
535 3058 730 3095 correctio.
759 3059 847 3096 Una
874 3058 1031 3107 quidem
1061 3071 1157 3108 quae
1178 3066 1234 3095 est
1256 3066 1361 3096 actus

303 3109 476 3156 caritatis,
504 3110 568 3160 qui
596 3111 805 3159 specialiter
831 3111 949 3148 tendit
977 3111 1025 3148 ad
1053 3110 1360 3150 emendationem

302 3163 426 3201 fratris
451 3162 701 3211 delinquentis
728 3176 797 3212 per
815 3163 1027 3212 simplicem
1046 3163 1359 3203 admonitionem.

303 3216 352 3252 Et
379 3215 463 3252 talis
480 3216 662 3253 correctio
691 3215 852 3264 pertinet
868 3216 918 3253 ad
936 3216 1142 3264 quemlibet
1167 3217 1360 3254 caritatem

302 3269 519 3316 habentem,
545 3269 626 3306 sive
645 3268 690 3306 sit
708 3268 878 3306 subditus
907 3268 987 3306 sive
1013 3269 1211 3317 praelatus.
1240 3291 1264 3299 -
1292 3270 1360 3307 Est

362 3391 388 3422 a)
408 3390 488 3422 quod.
506 3403 525 3410 -
543 3390 605 3416 Om.
624 3391 660 3421 H,
676 3391 739 3424 quia
758 3391 834 3416 ceteri
854 3397 880 3416 et
897 3398 923 3417 a.

444 3468 553 3493 Sume
572 3468 674 3494 Tartar..
692 3469 723 3493 D.
737 3469 851 3494 Tnoamn
870 3469 902 3494 T.
917 3470 948 3494 V.

1412 1644 1540 1674 autem
1568 1636 1641 1673 alia
1669 1637 1853 1674 correctio
1882 1649 1982 1685 quae
2010 1645 2067 1674 est
2085 1646 2191 1676 actus
2209 1639 2380 1688 iustitiae,
2408 1654 2476 1690 per

1412 1701 1529 1738 quam
1548 1689 1753 1727 intenditur
1772 1690 1918 1727 bonum
1939 1703 2158 1738 commune,
2185 1694 2289 1740 quod
2317 1706 2396 1730 non
2415 1707 2475 1731 so-

1411 1743 1491 1779 lum
1519 1750 1745 1791 procuratur
1770 1755 1841 1791 per
1859 1743 2162 1781 admonitionem
2181 1745 2312 1793 fratris,
2334 1746 2429 1784 sed
2420 1759 2475 1784 in·-

1411 1795 1563 1832 terdum
1592 1794 1705 1832 etiam
1733 1807 1803 1843 per
1829 1796 2081 1844 punitionem,
2110 1804 2152 1834 ut
2179 1798 2240 1834 alii
2267 1810 2290 1835 a
2316 1807 2476 1847 peccato

1411 1848 1587 1886 timentes
1614 1848 1804 1885 desistant.
1843 1850 1892 1886 Et
1918 1849 1999 1886 talis
2028 1850 2211 1887 correctio
2238 1851 2399 1899 pertinet
2425 1852 2475 1890 ad

1412 1902 1514 1938 solos
1542 1902 1742 1949 praelatos,
1763 1900 1828 1950 qui
1847 1914 1926 1938 non
1945 1903 2070 1939 solum
2093 1903 2236 1940 habent
2253 1903 2475 1954 admonere,

1412 1954 1481 1991 sed
1509 1954 1622 1991 etiam
1651 1954 1837 2001 corrigere
1865 1954 2077 2003 puniendo.

1464 2008 1523 2043 An
1549 2018 1686 2044 paruum
1714 2018 1812 2044 ERGO
1840 2019 2025 2045 mcnunun
2053 2008 2159 2056 quod
2187 2008 2299 2046 etiam
2327 2009 2366 2047 in
2391 2022 2475 2047 cor-

1412 2059 1579 2096 rectione
1598 2060 1772 2107 fraterna,
1794 2072 1893 2108 quae
1912 2060 1960 2097 ad
1979 2073 2115 2097 omnes
2134 2061 2304 2109 pertinet,
2324 2062 2477 2110 gravior

1413 2120 1468 2149 est
1493 2124 1583 2149 cura
1605 2113 1878 2160 praelatorum3
1907 2121 1948 2149 ut
1968 2113 2055 2150 dicit
2072 2114 2317 2161 Augustinus,
2337 2115 2375 2152 in
2396 2116 2409 2151 1
2429 2116 2475 2152 de

1417 2166 1496 2202 Civ.
1516 2166 1591 2202 Dei
1602 2165 1634 2202 ³⁸.
1656 2166 1761 2202 Sicut
1780 2166 1880 2202 enim
1900 2166 2125 2214 temporalia
2144 2167 2330 2204 beneficia
2348 2167 2476 2216 potius

1413 2217 1526 2254 debet
1545 2217 1679 2266 aliquis
1699 2218 1874 2254 exhibere
1894 2219 1962 2255 illis
1986 2231 2151 2267 quorum
2173 2232 2303 2256 curam
2326 2227 2475 2269 tempo-
2499 2230 2511 2241 ⁸

1413 2271 1531 2307 talem
1558 2271 1693 2317 habet,
1722 2271 1772 2307 ita
1795 2271 1908 2308 etiam
1935 2271 2122 2308 beneficia
2141 2272 2356 2320 spiritualia,
2384 2281 2474 2321 puta

1413 2323 1702 2369 correctionem,
1723 2323 1935 2360 doctrinam
1960 2331 1996 2360 et
2015 2325 2086 2360 alia
2113 2325 2331 2362 huiusmodi
2355 2326 2475 2374 magis

1413 2377 1526 2413 debet
1553 2377 1730 2412 exhibere
1750 2376 1817 2413 illis
1846 2377 1910 2425 qui
1938 2384 2026 2413 sunt
2052 2389 2143 2414 suae
2163 2378 2343 2426 spirituali
2362 2391 2474 2415 curae

1413 2429 1618 2466 commissi.
1649 2429 1740 2465 Non
1761 2441 1849 2476 ergo
1878 2429 2036 2466 intendit
2063 2430 2322 2479 Hieronymus
2350 2431 2475 2468 dicere

1413 2481 1519 2529 quod
1550 2481 1600 2517 ad
1632 2481 1734 2517 solos
1762 2482 1979 2519 sacerdotes
2011 2483 2198 2530 pertineat
2226 2491 2474 2532 praeceptum

1414 2533 1460 2570 de
1490 2532 1724 2570 correctione
1751 2534 1929 2571 fraterna:
1959 2536 2025 2571 sed
2054 2535 2158 2583 quod
2179 2540 2196 2556 α
2224 2536 2272 2572 ad
2299 2537 2371 2572 hos
2391 2549 2474 2585 spe-

1413 2585 1553 2622 cialiter
1579 2585 1750 2634 pertinet.

1466 2641 1524 2675 An
1544 2649 1733 2675 SECUNDUM
1754 2649 1937 2676 mcENDUM
1961 2640 2065 2688 quod
2085 2639 2181 2676 sicut
2198 2640 2258 2676 ille
2278 2641 2342 2689 qui
2361 2641 2475 2678 habet

1413 2691 1514 2728 unde
1544 2690 1788 2739 corporaliter
1823 2692 2025 2729 subvenire
2054 2693 2174 2741 possit
2210 2701 2395 2741 quantum
2424 2694 2472 2731 ad

1413 2744 1488 2780 hoc
1517 2743 1623 2780 dives
1653 2750 1723 2790 est,
1756 2743 1807 2780 ita
1834 2744 1892 2780 ille
1921 2745 1985 2793 qui
2013 2746 2128 2782 habet
2155 2757 2291 2782 sanum
2319 2746 2474 2783 rationis

1412 2796 1606 2843 iudicium,
1623 2808 1668 2832 ex
1683 2809 1759 2844 quo
1778 2797 1898 2845 possit
1915 2798 2065 2834 alterius
2080 2797 2258 2841 delictum
2274 2799 2472 2848 corrigere,

1414 2857 1597 2898 quantum
1627 2849 1675 2886 ad
1703 2850 1778 2886 hoc
1806 2857 1862 2887 est
1888 2850 2061 2899 superior
2087 2850 2300 2888 habendus.

1466 2904 1524 2938 Au
1552 2914 1711 2939 ‘ram-ium
1738 2913 1926 2940 memnon
1954 2903 2058 2951 quod
2087 2903 2198 2940 etiam
2218 2903 2256 2940 in
2275 2904 2390 2941 rebus
2408 2917 2473 2942 na-

1413 2955 1595 2991 turalibus
1621 2955 1811 3002 quaedam
1831 2963 1966 2992 mutuo
1985 2956 2022 2992 in
2042 2968 2082 2992 se
2102 2963 2227 3003 agunt,
2248 2956 2336 3004 quia
2356 2969 2474 3005 quan-

1413 3014 1494 3043 tum
1520 3008 1567 3044 ad
1588 3007 1728 3055 aliquid
1758 3015 1844 3044 sunt
1870 3020 1911 3044 se
1929 3008 2095 3045 invicem
2115 3009 2330 3058 superiora:
2359 3017 2475 3058 prout

1413 3059 1552 3097 scilicet
1571 3067 1774 3108 utrumque
1787 3067 1850 3112 ¹est
1873 3061 2163 3108 quodammodo
2183 3061 2220 3098 in
2245 3062 2412 3111 potentia
2437 3071 2473 3099 et

1414 3112 1704 3161 quodammodo
1733 3113 1771 3149 in
1799 3120 1885 3150 actu
1913 3121 2085 3162 respectu
2105 3114 2266 3151 alterius.
2296 3115 2345 3152 Et
2372 3115 2473 3152 simi-

1413 3166 1496 3202 liter
1518 3165 1663 3214 aliquis,
1693 3166 1918 3213 inquantum
1946 3167 2061 3205 habet
2087 3179 2223 3204 sanum
2244 3167 2398 3204 rationis
2417 3167 2473 3204 im

1414 3217 1554 3255 dicium
1581 3218 1620 3254 in
1646 3219 1722 3254 hoc
1748 3218 1787 3255 in
1810 3230 1887 3267 quo
1907 3219 2000 3256 alter
2018 3219 2210 3269 delinquit,
2238 3227 2363 3268 potest
2382 3232 2471 3257 eum

1413 3270 1611 3318 corrigere,
1640 3271 1726 3307 licet
1752 3283 1831 3308 non
1859 3271 1905 3309 sit
1931 3272 2148 3321 simpliciter
2175 3272 2357 3321 superior.
