2892 4056
459 181 533 217 332
1126 181 1393 226 QUAESTIO
1422 183 1561 229 XLIV,
1591 182 1887 219 ARTICULUS
1918 183 1949 219 11

458 260 535 296 Sed
571 268 817 309 praeceptum
853 259 1060 297 dilectionis
1099 271 1176 295 non
1213 267 1338 307 potest
1374 260 1520 309 impleri
1545 261 1547 263 ’
1574 259 1744 307 decalogi
1783 260 2004 297 ordinantur
2033 261 2081 297 ad
2111 261 2350 299 dilectionem
2379 263 2451 300 Dei
2481 270 2516 300 et
2544 275 2631 311 pro-

457 312 526 348 nisi
556 325 600 349 ex
629 313 783 361 propria
810 314 1016 349 voluntate.
1061 312 1109 347 Et
1137 311 1223 348 ideo
1253 312 1412 349 libertati
1441 325 1517 349 non
1572 312 1674 348 ximi.
1723 312 1771 348 Et
1807 312 1894 349 ideo
1931 321 2133 362 praecepta
2171 314 2330 352 caritatis
2367 328 2445 352 non
2482 316 2633 353 fuerunt

455 373 651 413 repugnat.
1574 365 1889 402 connumeranda
1919 366 2016 402 inter
2043 374 2246 415 praecepta
2282 367 2467 415 decalogi,
2498 368 2565 405 sed
2593 368 2632 404 in

508 420 565 454 An
594 429 752 454 TERTlUM
791 428 975 453 met-:NDUM
1005 416 1109 463 quo-d
1150 417 1279 453 omnia
1316 425 1518 466 praecepta
1545 451 1547 454 ,
1576 417 1754 453 omnibus
1783 417 2037 455 includuntur.

1131 510 1464 545 Commentaria
1488 512 1741 545 Cardinans
1762 512 1963 546 Caietani

485 603 504 622 N
528 592 659 622 articulo
684 591 788 634 primo
812 591 1006 631 quaestionis
1023 591 1422 632 quadragesimaequartae,
1439 592 1517 623 scito
1543 592 1545 604 '
1571 601 1669 632 opera
1683 602 1765 632 quae
1788 593 1820 623 in
1845 603 1877 623 se
1901 593 2021 623 invenit
2029 602 2036 629 ;
2063 599 2093 624 et
2110 592 2208 623 fidem
2223 603 2290 623 non
2312 593 2427 631 fictam,
2450 595 2558 635 quoad
2582 605 2633 625 su-

458 605 573 676 Iquod
598 636 757 666 caritatem
790 636 982 675 praecedunt
1011 635 1214 675 dispositive,
1240 645 1276 665 ex
1300 643 1430 666 naturae
1449 636 1518 676 qui·
1571 637 1791 676 pernaturalia.
1816 637 1863 667 Ex
1881 637 1927 667 his
1951 637 2036 667 enim
2053 637 2152 667 tribus
2171 637 2314 677 procedit
2328 638 2447 675 caritas,
2464 648 2546 679 quae
2562 637 2633 668 finis

454 681 526 709 dem
550 679 626 715 iure,
652 680 732 709 duae
756 686 859 719 partes
890 679 1041 715 iustitiae,
1068 679 1185 710 scilicet
1212 679 1367 710 declinare
1391 690 1409 709 a
1432 680 1518 710 malo
1543 692 1545 698 ’
1571 681 1727 720 praecepti
1753 681 1857 711 omnis
1881 688 1935 712 est.
1960 682 2025 711 Nec
2040 681 2121 711 ‘haec
2145 691 2226 722 quae
2250 680 2385 712 dicimus
2408 682 2571 712 dissonant
2594 683 2632 712 ab

453 731 483 753 et
506 723 605 752 facere
636 724 773 759 bonum;
809 733 845 753 ex
869 723 977 753 divino
1004 729 1112 753 autem
1141 723 1225 759 iure,
1257 723 1334 753 fides
1365 733 1448 754 vera.
1478 724 1519 754 Et
1571 726 1726 754 Auctore:
1751 725 1806 755 sed
1829 725 2062 766 expositionem
2086 724 2152 756 eius
2177 724 2350 756 extendunt
2371 725 2404 756 in
2427 726 2540 766 primis
2553 726 2633 757 «tuo-

453 774 617 807 propterea
641 768 818 807 Apostolus
841 768 899 797 tria
923 767 1030 808 posuit
1058 768 1143 797 unde
1172 774 1218 798 est
1248 768 1373 798 caritas:
1403 767 1519 798 scilicet
1572 769 1631 798 bus
1655 769 1804 799 membris
1828 770 1934 809 quoad
1959 769 2042 800 mala
2066 776 2096 799 et
2119 770 2212 800 bona.

453 821 506 841 cor
529 820 647 850 purum
670 822 687 842 a
711 811 819 847 malis;
838 818 868 842 et
891 811 1120 842 conscientiam
1143 812 1273 848 bonam,
1290 818 1420 852 propter
1435 812 1520 842 bona
1543 803 1546 853 1

1217 920 1535 979 ARTICULUS
1566 938 1867 981 SECUNDUS

908 1029 1066 1060 UTRUM
1091 1029 1147 1060 DE
1173 1029 1393 1061 CARITATE
1418 1030 1607 1061 FUERINT
1631 1031 1781 1061 DANDA
1800 1031 1892 1062 DUO
1916 1030 2173 1062 PRAECEPTA

591 1108 614 1132 1⁸
633 1107 688 1139 11⁸⁰,
709 1115 752 1140 qu.
771 1115 838 1137 xcix,
858 1113 904 1133 art.
928 1115 948 1138 1,
968 1108 1000 1132 ad
1021 1115 1048 1138 2;
1068 1108 1099 1132 111
1122 1108 1198 1132 Cont.
1215 1109 1301 1136 Gent„
1318 1115 1383 1166 effi}
1392 1114 1458 1166 οὲνῐί
1472 1114 1554 1166 (ἕκνιη
1575 1107 1616 1132 De
1634 1107 1737 1166 illirium,
1752 1115 1797 1140 qu.
1816 1115 1843 1139 n,
1863 1113 1910 1132 art.
1928 1116 1953 1140 4,
1969 1109 2000 1133 ad
2020 1107 2036 1133 6
2043 1116 2051 1139 ;
2070 1109 2115 1134 Ad
2132 1108 2219 1138 Rom„
2240 1117 2295 1142 cap.
2314 1110 2440 1142 1111‚lect.
2458 1117 2490 1140 11;

1287 1163 1289 1165 ,
1428 1149 1444 1166 a
1456 1149 1473 1166 a
1487 1160 1502 1171 .,
1522 1150 1577 1175 cap.
1595 1150 1620 1173 v,
1650 1148 1698 1167 ect.
1716 1150 1753 1167 111.

502 1256 509 1263 ,
569 1241 610 1264 ,4
661 1227 683 1252 D
698 1227 889 1252 SECUNDUM
903 1227 956 1251 sic
972 1225 1214 1251 PROCEDITUR.
1237 1214 1395 1250 Videtur
1410 1213 1514 1262 quod

589 1265 635 1310 '⁴³2
662 1268 708 1305 de
730 1268 881 1304 caritate
901 1280 979 1304 non
999 1266 1138 1303 fuerint
1158 1266 1284 1303 danda
1305 1266 1380 1302 duo
1406 1278 1513 1314 prae-

626 1329 782 1369 cepta.
814 1322 1022 1368 Praecepta
1050 1319 1152 1356 enim
1181 1319 1272 1366 legis
1293 1318 1515 1356 ordinantur

549 1373 560 1384 '
619 1363 710 1410 &ad
744 1373 945 1419 virtutem,
984 1382 1025 1409 ut
1062 1384 1177 1421 supra
1205 1371 1225 1393 ²¹⁴
1263 1371 1406 1409 dictum
1446 1380 1511 1408 est.

211 1411 236 1426 ce
254 1412 420 1457 uiiu'na'rm
451 1425 527 1461 Sed
566 1424 698 1462 caritas
738 1434 792 1463 est
819 1439 896 1463 una
927 1425 1068 1473 virtus,
1106 1433 1148 1462 ut
1176 1437 1220 1461 ex
1253 1425 1476 1474 supradictis
1494 1424 1514 1446 ‘¹‘

448 1486 562 1526 patet.
611 1478 713 1527 Ergo
744 1480 791 1516 de
829 1479 981 1516 caritate
1017 1491 1098 1515 non
1134 1477 1203 1514 fuit
1237 1478 1408 1515 dandum
1443 1478 1514 1515 nisi

449 1543 571 1567 unum
600 1540 860 1581 praeceptum.

505 1595 539 1620 2.
569 1585 809 1632 PRAETEREA‚
839 1586 934 1622 sicut
961 1584 1199 1632 Augustinus
1226 1584 1328 1630 dicit,
1358 1584 1397 1620 in
1427 1585 1440 1620 Ι·
1469 1584 1515 1621 de

352 1649 422 1664 xxvu-
449 1638 558 1673 Doct.
588 1638 720 1675 Christ.
741 1638 771 1685 ²⁸,
793 1639 926 1675 caritas
946 1638 983 1674 in
1002 1638 1177 1686 proximo
1206 1649 1284 1674 non
1305 1637 1421 1685 diligit
1443 1637 1514 1674 nisi

449 1691 589 1726 Deum.
621 1692 697 1728 Sed
717 1692 766 1728 ad
788 1691 1023 1739 diligendum
1051 1692 1179 1727 Deum
1206 1690 1435 1727 sufficienter
1455 1702 1515 1727 or-

450 1742 627 1779 dinamur
654 1756 724 1792 per
742 1744 817 1781 hoc
842 1751 1102 1793 praeceptum,
1131 1742 1278 1792 Diliges
1305 1743 1513 1780 Dominum

389 1797 573 1832 queum
603 1802 707 1833 tuum
727 1796 757 1833 ³¹⁶.
806 1798 909 1844 Ergo
937 1807 1016 1832 non
1046 1795 1213 1844 oportuit
1245 1796 1385 1832 addere
1414 1796 1513 1833 aliud

448 1857 696 1897 praeceptum
727 1850 774 1886 de
804 1849 1006 1887 dilectione
1033 1848 1210 1897 proximi.

505 1904 538 1939 3.
560 1903 794 1950 PRAETEREA,
821 1903 972 1940 diversa
996 1901 1335 1950 peccatadiversis
1359 1913 1513 1950 praece-

449 1955 522 2003 ptis
542 1963 800 2004 opponuntur.
837 1956 912 1993 Sed
933 1967 1012 1992 non
1030 1962 1164 2004 peccat
1191 1954 1327 2004 aliquis
1349 1963 1515 2003 praeter-

449 2008 601 2045 mittens
622 2009 864 2046 dilectionem
890 2008 1065 2058 proximi,
1087 2008 1117 2045 si
1141 2020 1219 2045 non
1244 2008 1515 2057 praetermittat

450 2061 692 2099 dilectionem
713 2062 802 2099 Dei:
828 2061 1042 2111 quin-immo
1064 2061 1198 2099 dicitur
1217 2062 1309 2098 Luc.
1330 2072 1391 2097 X1v
1408 2060 1444 2097 *z
1474 2062 1516 2098 Si

448 2114 530 2162 quis
556 2116 658 2151 venit
692 2115 743 2152 ad
773 2127 835 2152 me
860 2121 897 2151 et
931 2127 1006 2152 non
1040 2115 1117 2151 odit
1145 2121 1296 2163 patrem
1331 2125 1443 2151 suum
1480 2120 1516 2151 et

448 2173 608 2204 matrem
641 2179 772 2214 suam,
802 2180 876 2205 non
899 2173 1024 2216 potest
1057 2179 1162 2204 meus
1195 2179 1273 2204 esse
1300 2167 1511 2216 discipulus.

449 2221 551 2268 Ergo
590 2233 668 2258 non
707 2228 762 2258 est
803 2221 904 2258 aliud
941 2229 1189 2271 praeceptum
1228 2221 1275 2258 de
1314 2220 1513 2257 dilectione

449 2273 521 2310 Dei
551 2281 587 2310 et
615 2274 663 2311 de
692 2274 891 2311 dilectione
919 2274 1093 2323 proximi.

501 2337 538 2372 4.
559 2327 794 2373 plumeam,
825 2327 1032 2376 Apostolus
1061 2325 1161 2372 dicit,
1190 2325 1242 2362 ad
1258 2326 1369 2362 Rom.
1395 2325 1510 2362 x111*:

455 2378 531 2420 Qui
554 2379 675 2428 diligit
699 2380 924 2428 proximum
961 2380 1084 2429 legem
1113 2378 1287 2427 implevit.
1328 2378 1405 2415 Sed
1434 2390 1512 2416 non

450 2431 627 2479 impletur
654 2434 713 2469 lex
732 2433 801 2470 nisi
820 2445 888 2482 per
908 2432 1190 2469 observantiam
1209 2430 1385 2468 omnium
1405 2444 1513 2480 prae-

451 2492 661 2532 ceptorum.
692 2487 795 2533 Ergo
823 2485 952 2523 omnia
979 2492 1183 2534 praecepta
1211 2484 1454 2521 includuntur
1474 2485 1512 2522 in

452 2537 651 2575 dilectione
670 2538 845 2587 proximi.
868 2539 1015 2575 Sufficit
1030 2549 1119 2585 ergo
1140 2538 1215 2574 hoc
1231 2543 1248 2558 α
1266 2549 1387 2574 unum
1404 2549 1512 2586 prae-

451 2598 601 2639 ceptum
621 2592 669 2628 de
690 2591 891 2629 dilectione
909 2591 1085 2640 proximi.
1116 2591 1206 2627 Non
1232 2603 1321 2638 ergo
1343 2591 1483 2628 debent
1497 2589 1512 2620 β

451 2656 533 2680 esse
563 2645 640 2682 duo
669 2652 871 2693 praecepta
901 2645 1072 2681 caritatis.

503 2698 578 2734 SED
607 2709 754 2734 CONTRA
782 2709 848 2735 es'r
874 2698 979 2746 quod
999 2697 1164 2734 diciturI
1189 2697 1292 2732 ioan.
1314 2707 1349 2732 tv
1367 2695 1513 2733 *:-Hoc

449 2751 669 2787 mandatum
697 2752 877 2788 habemus
902 2763 925 2787 α
954 2752 1057 2796 Deo,
1088 2756 1128 2786 ut
1154 2749 1220 2798 qui
1245 2749 1365 2798 diligit
1387 2748 1511 2786 Deum

449 2803 584 2852 diligat
609 2809 646 2840 et
659 2804 828 2851 fratrem
855 2815 978 2840 suum.

394 2892 407 2907 c
503 2857 729 2893 Respommzo
750 2868 936 2894 DICENDUM
955 2856 1073 2905 quod,
1095 2855 1190 2892 sicut
1209 2866 1323 2904 supra
1336 2854 1356 2876 '¹‘
1371 2853 1512 2891 dictum

415 2902 421 2912 ’
451 2916 506 2945 est
534 2920 621 2946 cum
661 2909 707 2946 de
740 2910 952 2959 praeceptis
990 2916 1183 2957 ageretur,
1213 2909 1288 2945 hoe
1323 2907 1442 2944 modo
1471 2919 1512 2944 se

449 2962 591 2998 habent
622 2970 824 3011 praecepta
857 2963 895 2999 in
923 2964 1004 3010 lege
1038 2962 1134 2999 sicut
1165 2960 1446 3010 propositiones
1473 2960 1511 2997 in

450 3014 613 3051 scientiis
640 3015 891 3063 speculativis.
923 3017 964 3052 In
993 3015 1134 3064 quibus
1154 3013 1419 3051 conclusiones
1437 3013 1512 3050 vir-

504 3126 531 3159 α)
551 3126 607 3159 hoc.
625 3140 644 3146 -
663 3127 725 3153 Om.
744 3128 802 3152 Pla.

505 3161 529 3195 β)
549 3162 653 3188 debent.
670 3177 690 3182 —
707 3163 740 3188 de
759 3164 807 3188 hoc
825 3163 919 3194 debent
937 3164 985 3189 Pa.

1567 1220 1646 1250 tute
1684 1213 1925 1250 continentur
1960 1213 1999 1250 in
2031 1214 2162 1262 primis
2196 1215 2408 1263 principiis:
2437 1216 2540 1253 unde
2569 1215 2634 1265 qui

1566 1264 1733 1313 perfecte
1767 1274 2015 1313 cognosceret
2045 1267 2229 1316 principia
2263 1268 2474 1305 secundum
2512 1276 2633 1306 totam

1568 1329 1681 1355 suam
1706 1318 1903 1366 virtutem,
1934 1331 2013 1356 non
2041 1331 2141 1368 opus
2166 1321 2324 1357 haberet
2349 1328 2391 1357 ut
2420 1321 2453 1357 ei
2482 1322 2634 1358 conclu-

1568 1371 1696 1408 siones
1734 1384 1908 1408 seorsum
1945 1381 2262 1421 proponerentur.
2311 1374 2387 1411 Sed
2424 1374 2515 1422 quia
2556 1385 2635 1411 non

1568 1436 1704 1461 omnes
1738 1424 1802 1473 qui
1831 1433 2067 1473 cognoscunt
2098 1426 2283 1475 principia
2317 1427 2509 1463 sufficiunt
2545 1439 2635 1464 con-

1568 1477 1733 1514 siderare
1754 1477 1940 1527 quidquid
1967 1478 2006 1515 in
2028 1478 2221 1527 principiis
2242 1478 2382 1516 virtute
2407 1479 2632 1528 continetur,

1567 1542 1725 1567 necesse
1756 1538 1813 1567 est
1839 1539 1997 1580 propter
2024 1543 2091 1568 eos
2121 1539 2164 1568 ut
2195 1532 2233 1569 in
2261 1532 2425 1569 scientiis
2459 1544 2504 1570 ex
2531 1532 2635 1582 prii-

1568 1583 1674 1632 cipiis
1707 1584 1974 1621 conclusiones
2003 1585 2250 1622 deducantur.
2300 1586 2343 1622 ln
2375 1584 2634 1634 operabilibus

1567 1644 1717 1683 autern,
1757 1636 1796 1673 in
1825 1637 1962 1685 quibus
1994 1645 2198 1686 praecepta
2231 1638 2325 1686 legis
2354 1649 2429 1675 nos
2458 1638 2632 1687 diriguit,

1567 1690 1655 1726 finis
1681 1690 1797 1726 habet
1825 1690 2010 1726 rationem
2037 1691 2223 1739 principii,
2252 1698 2295 1728 ut
2316 1691 2465 1740 supra*
2491 1691 2633 1729 dietum

1567 1750 1634 1779 est.
1663 1742 1825 1779 Dilectio
1846 1750 1975 1780 autern
1994 1743 2067 1780 Dei
2086 1744 2173 1780 finis
2193 1751 2260 1791 est,
2277 1743 2327 1781 ad
2346 1755 2460 1793 quem
2482 1744 2632 1782 <medio

1566 1795 1729 1844 proximi
1764 1795 1974 1832 ordinatur.
2019 1797 2069 1832 Et
2095 1796 2183 1833 ideo
2216 1808 2296 1834 non
2323 1798 2449 1834 solum
2483 1804 2634 1846 oportet

1568 1848 1647 1885 dari
1676 1856 1923 1897 praeceptum
1945 1849 1991 1886 de
2011 1849 2213 1886 dilectione
2240 1849 2324 1893 Dei,
2353 1849 2422 1887 sed
2445 1849 2561 1886 etiam
2583 1850 2634 1888 de

1568 1901 1767 1938 dilectione
1796 1901 1978 1950 proximi,
2013 1909 2178 1951 propter
2205 1902 2337 1939 minus
2362 1912 2538 1951 capuces,
2567 1902 2632 1952 qui

1567 1966 1646 1991 non
1666 1954 1714 1991 de
1737 1954 1836 1991 facili
1861 1954 2145 1992 considerarent
2162 1960 2178 1984 ἵ
2205 1966 2329 1993 unum
2356 1957 2497 1993 horum
2524 1964 2634 2005 prae·

1568 2014 1767 2056 ceptorum
1794 2008 1867 2044 sub
1895 2008 1972 2044 alio
1997 2008 2192 2046 contineri.

1619 2062 1677 2098 An
1697 2071 1836 2098 ptumum
1862 2071 1963 2098 meo
1990 2073 2176 2099 memnon
2195 2060 2314 2110 quod,
2343 2061 2374 2099 si
2391 2059 2405 2084 ⁶
2434 2060 2568 2098 caritas
2584 2059 2632 2099 stt

1566 2125 1644 2150 una
1658 2113 1790 2161 virtus,
1810 2114 1927 2151 habet
1943 2116 2189 2152 tamen-duos
2207 2122 2324 2162 actus,
2345 2125 2511 2163 quorum
2529 2123 2630 2152 unm

1568 2166 1763 2204 ordinatur
1790 2166 1840 2203 ad
1877 2167 1994 2204 alium
2030 2167 2127 2204 sicut
2163 2167 2213 2204 ad
2244 2167 2376 2204 finem.
2423 2167 2632 2216 Praecepta

1567 2227 1694 2256 autem
1714 2220 1852 2256 dantur
1871 2220 1918 2256 de
1942 2219 2088 2257 actibus
2106 2220 2302 2257 virtutum.
2333 2221 2382 2257 Et
2403 2219 2492 2256 ideo
2517 2229 2631 2269 opor-

1566 2273 1636 2309 tuit
1663 2283 1747 2309 esse
1774 2272 1883 2320 plura
1910 2280 2113 2322 praecepta
2141 2272 2316 2310 caritatis.

1618 2327 1679 2362 An
1706 2336 1896 2363 secuntum
1923 2336 2110 2363 memnon
2139 2326 2252 2374 quod.
2272 2325 2382 2362 Deus
2406 2324 2570 2374 diligitur
2590 2325 2631 2363 in

1565 2378 1744 2426 proximo
1763 2378 1859 2415 sicut
1886 2378 1972 2415 finis
2000 2379 2039 2415 in
2068 2390 2115 2415 eo
2134 2380 2240 2427 quod
2269 2386 2326 2416 est
2351 2377 2400 2415 ad
2419 2378 2550 2416 finem.
2581 2379 2631 2416 Et

1566 2439 1695 2468 tamen
1734 2431 1902 2479 oportuit
1937 2431 1985 2468 de
2011 2439 2172 2480 utroque
2205 2432 2378 2481 explicite
2405 2431 2486 2468 dari
2521 2441 2630 2480 prae·

1567 2491 1687 2532 cepta,
1718 2483 1863 2520 ratione
1892 2484 1967 2520 iam
1986 2484 2006 2506 ’¹‘
2033 2484 2144 2522 dicta.
2319 2503 2322 2505 ·

1620 2538 1680 2573 Ao
1697 2547 1858 2574 ’marum
1881 2548 2065 2574 menmium
2089 2538 2192 2586 quod
2221 2537 2260 2574 id
2288 2538 2393 2586 quod
2421 2544 2477 2574 est
2504 2536 2554 2574 ad
2583 2536 2628 2575 fi·

1566 2602 1656 2627 nem
1685 2590 1800 2626 habet
1837 2590 2024 2627 rationem
2054 2590 2144 2627 boni
2182 2603 2228 2628 ex
2257 2590 2390 2628 ordine
2419 2590 2469 2627 ad
2495 2590 2628 2628 finem.

1566 2643 1615 2680 Et
1642 2643 1854 2680 secundum
1874 2644 1949 2680 hoc
1969 2643 2082 2680 etiam
2103 2643 2283 2681 recedere
2302 2645 2353 2681 ab
2372 2655 2419 2680 eo
2437 2644 2557 2680 habet
2571 2655 2629 2681 ra·

1566 2696 1711 2732 tionem
1741 2696 1843 2741 mali,
1873 2703 1911 2740 et
1939 2708 2017 2733 non
2045 2697 2161 2733 aliter.

1619 2751 1678 2785 An
1699 2760 1872 2791 QUARTUM
1901 2761 2085 2786 nicennum
2113 2749 2219 2797 quod
2246 2749 2284 2786 in
2313 2748 2514 2786 dilectione
2540 2758 2628 2798 pro·

1565 2801 1656 2838 ximi
1685 2801 1886 2839 includitur
1906 2802 2055 2839 dilectio
2084 2801 2274 2842 Deisicut
2291 2801 2377 2839 finis
2397 2801 2436 2838 in
2455 2812 2504 2837 eo
2523 2801 2629 2849 quod

1567 2862 1622 2891 est
1641 2854 1690 2891 ad
1709 2854 1841 2902 finem,
1872 2862 1908 2892 et
1937 2867 1956 2892 e
1981 2867 2183 2892 converso.
2227 2855 2277 2892 Et
2303 2862 2434 2892 tamen
2463 2852 2630 2903 oportuit

1564 2915 1770 2956 utrumque
1789 2916 2036 2956 praeceptum
2052 2907 2226 2956 explicite
2245 2907 2339 2955 dari,
2359 2907 2509 2944 ratione
2523 2906 2599 2944 iam
2610 2906 2630 2929 '⁸‘
2657 2914 2667 2923 ‘
2681 2911 2740 2934 Μ

1566 2960 1676 2998 dicta.

1622 3128 1649 3161 γ)
1667 3128 1878 3154 considerarent.
1896 3141 1915 3146 -
1933 3127 2102 3153 considerent
2120 3127 2138 3158 1.
2156 3127 2328 3153 consiaerm
2345 3127 2483 3161 PpCstx
2499 3130 2528 3153 et
2542 3132 2573 3153 a-

1622 3162 1648 3196 δ)
1666 3163 1701 3189 si.
1717 3178 1736 3183 —
1753 3163 1803 3189 etsi
1821 3163 1864 3195 Gl,
1883 3163 1944 3189 licet
1962 3163 2021 3188 Psi<
2041 3168 2066 3188 et
2083 3170 2109 3189 a.

2659 1705 2670 1716 ·
2677 1703 2726 1732 Qu.
2731 1710 2795 1731 xxm,
2802 1709 2843 1726 art.
2849 1710 2872 1732 7.

2659 1730 2688 1753 nd
2701 1736 2727 1759 ις
2742 1737 2782 1760 qu.
2802 1737 2847 1752 xxv

2658 1760 2701 1780 art.
2716 1762 2734 1785 r,
2747 1757 2778 1779 ad
2788 1763 2806 1780 ι.

2656 2485 2666 2494 ·
2687 2484 2712 2506 In
2727 2489 2833 2512 corpore.
