2892 4056
37 1096 43 1108 t
61 1073 73 1086 ⁸
84 1072 163 1096 Tnet.
177 1079 209 1095 ix.

50 1212 270 1270 ³39⁸me

68 2601 74 2611 ἲ
98 2601 126 2614 «¹11
141 2599 196 2614 (351,
225 2600 251 2611 ¹¹*

221 2622 224 2635 l

989 157 1253 204 QUAEsrlo
1283 158 1388 204 ΧιΧ,
1416 157 1709 194 ARTmULth
1739 158 1773 193 x

2390 166 2459 202 147

968 261 1297 293 Commentariis.
1320 259 1568 293 cardinalis
1591 260 1789 292 Caietani

301 347 348 409 ΙΝ
371 337 502 367 articulo
526 347 612 368 nono
637 338 778 368 eiusdem
796 339 989 379 quaestionis
1010 340 1074 370 duo
1091 339 1230 370 notanda
1248 348 1355 369 occur-

328 387 411 411 runt.
434 381 556 418 Primo,
580 389 616 412 ut
641 383 680 412 ad
704 382 788 413 hunc
809 383 918 413 locum
942 393 1081 413 recurras
1116 393 1190 413 curn
1210 382 1353 423 quaestio

298 425 433 455 occurrit
448 435 487 455 an
502 425 598 455 timor
621 426 659 456 sit
674 426 782 456 virtus.
807 426 980 463 Quoniam,
997 433 1032 456 ut
1053 427 1086 456 in
1106 426 1236 456 articulo
1259 431 1353 466 patet,

297 470 419 499 Auctor
441 469 479 498 de
502 469 589 499 dono
619 469 762 510 loquitur
785 477 820 500 ut
842 469 1043 510 distinguitur
1066 476 1174 500 contra
1195 470 1353 505 virtutem,

298 518 329 542 et
351 511 395 542 sic
418 512 553 543 discutit.
1266 513 1354 554 quod

350 554 507 592 Secunde,
521 558 609 597 quod
623 557 655 587 in
671 557 876 597 responsione
888 557 927 586 ad
940 556 1115 586 secundum
1132 556 1254 592 dicitur,

1402 347 1465 378 per
1487 339 1634 368 virtutem
1658 339 1725 378 spei
1748 348 1809 368 non
1833 339 1934 369 solum
1958 339 2127 369 innitimur
2147 339 2254 369 divino
2277 339 2400 368 auxilio
2423 338 2466 368 ad

1408 381 1626 421 consequenda
1648 391 1863 422 quaecumque
1880 383 1946 412 alia
1970 382 2062 419 bona,
2086 382 2143 413 sed
2161 383 2204 413 ad
2227 382 2464 422 adipiscendum

1408 426 1509 465 ipsum
1522 425 1639 462 Deum,
1657 430 1807 465 tanquam
1818 427 1999 466 principale
2014 426 2140 456 bonum.
2161 426 2244 456 Hinc
2260 425 2345 456 enim
2360 425 2464 455 videre

1406 475 1497 508 potes
1512 478 1609 509 quam
1625 469 1703 499 bene
1719 469 1838 500 dictum
1857 469 1926 500 sit*
1938 470 2026 510 quod
2041 470 2127 500 Deus
2145 469 2213 510 ipse
2229 476 2276 500 est
2294 469 2464 509 principale

2493 471 2501 478 ⁸
2510 469 2555 495 Qu.
2568 474 2621 494 xvu‚
2632 472 2672 490 art.
2681 474 2701 495 5,

2493 495 2622 516 Comment.
2638 500 2701 515 num.

1408 513 1530 542 bonum
1547 519 1706 546 nostrum;
1728 519 1758 542 et
1773 523 1837 542 non
1853 513 1959 543 solum
1975 513 2101 544 effectus
2117 514 2194 550 eius,
2207 513 2262 554 qui
2278 513 2358 543 inter
2371 522 2464 553 quae·
2494 528 2506 541 v
2522 527 2572 548 sqq.

1380 549 1382 594 l
1408 566 1542 596 cumque
1565 557 1631 586 alia
1655 556 1736 586 bona
1761 563 1995 596 computantur.

1090 681 1406 723 ARTICULUS
1436 681 1685 723 DECIMUS

816 765 971 795 UTRUM
994 764 1247 795 CRESCENTE
1271 765 1491 795 CARITATE
1515 765 1791 796 DIMINUATUR
1814 765 1954 796 TIMOR

1054 842 1086 866 111
1105 842 1187 871 Sent„
1207 842 1265 866 dist.
1284 849 1366 872 xxxiv,
1385 849 1428 874 qu.
1447 849 1480 872 11,
1500 847 1547 866 art.
1567 841 1595 871 3,
1614 841 1663 873 qu*
1685 841 1709 867 3.

330 931 393 971 1453.
414 936 481 975 κ(
508 925 531 950 n
550 924 712 950 namnum
730 923 784 948 sxc
802 923 1042 948 paocenrrua.
1063 911 1222 949 Videtur
1250 911 1356 959 quod

324 960 417 1026 ’ξῦν-ἑὲ
425 957 495 1025 223
509 972 700 1002 crescente
720 964 871 1001 caritate
891 963 1123 1001 diminuatur
1141 963 1266 1000 timor.
1291 963 1356 1000 Di·

316 1024 421 1107 ἴεν
448 1023 475 1062 ‘ff-
509 1017 558 1054 cit
585 1017 688 1054 enim
714 1017 961 1064 Augustinus,
990 1028 1103 1064 super
1130 1017 1247 1052 Prim.
1284 1017 1356 1052 Ca-

395 1050 448 1102 ⁶52»
464 1062 495 1104 X<

297 1127 440 1160 tantum
468 1122 580 1159 timor
606 1122 792 1159 decrescit.

351 1186 387 1212 2.
411 1175 645 1223 PRAETEREA,
673 1181 864 1212 crescente
893 1187 960 1223 spe
990 1173 1210 1211 diminuitur
1228 1174 1354 1211 timor.

298 1227 376 1265 Sed
391 1236 579 1264 crescente
595 1227 746 1265 caritate
767 1227 898 1264 crescit
912 1239 1010 1275 spes,
1026 1234 1067 1264 ut
1086 1239 1200 1275 supra
1213 1226 1233 1248 ’¹‘
1251 1226 1356 1263 habi-

296 1281 592 1331 timffitassrgo
612 1288 803 1318 crescente
823 1280 974 1317 caritate
989 1279 1210 1317 diminuitur
1228 1279 1355 1316 timor.
1382 1303 1384 1316 .

1382 1340 1383 1347 ¹
1408 1331 1592 1378 praemio,
1611 1339 1647 1367 et
1661 1344 1729 1379 per
1744 1343 1983 1380 consequens
1998 1333 2124 1369 minus
2143 1333 2251 1370 timet
2265 1334 2311 1370 de
2327 1346 2464 1382 poena.

353 1334 387 1369 3.
417 1333 654 1379 PRAETEREA,
684 1344 792 1370 arnor
818 1332 995 1381 importat
1021 1333 1219 1379 unionem,
1243 1332 1356 1368 timor

297 1392 425 1435 autern
458 1386 751 1435 separationem.
791 1386 867 1422 Sed
905 1392 1094 1422 crescente
1132 1385 1272 1421 unione
1301 1384 1355 1420 di-

297 1437 480 1488 minuitur
506 1437 707 1486 separatio.
745 1438 848 1485 Ergo
878 1444 1068 1475 crescente
1102 1449 1234 1474 amore
1264 1435 1356 1473 cari-

296 1490 382 1532 tatis
410 1489 631 1529 diminuitur
658 1490 782 1527 timor.
1276 1517 1281 1520 ,

351 1543 426 1580 ΞΕ»
441 1553 587 1579 CONTRA
605 1554 672 1579 EST
695 1542 800 1590 quod
825 1541 911 1579 dicit
929 1541 1176 1589 Augustinus,
1203 1542 1242 1578 in
1259 1541 1355 1578 libro
1382 1567 1383 1579 2

301 1592 499 1645 &effigiata
526 1595 639 1632 trium
671 1596 819 1637 Quaest.
839 1595 875 1641 *,
900 1595 1005 1643 quod
1033 1595 1106 1631 Dei
1141 1595 1254 1630 timor
1280 1605 1355 1629 non

295 1644 418 1692 {filum
437 1647 598 1694 inchoat,
615 1648 681 1684 sed
697 1648 808 1685 etiam
822 1647 972 1696 perficit
986 1647 1219 1695 sapientiam,
1235 1646 1327 1683 idest
1339 1651 1356 1667 ⁶

297 1692 559 1751 &paesumme
580 1700 702 1751 diligit
718 1701 843 1738 Deum
871 1706 907 1737 et
926 1700 1148 1749 proximum
1176 1706 1355 1747 tanquam

296 1753 470 1802 seipsum.

315 1831 325 1836 »
350 1807 576 1843 Respounno
613 1817 797 1843 memnon
833 1805 938 1854 quod
976 1805 1116 1854 duplex
1153 1812 1208 1841 est
1243 1804 1356 1840 timor

297 1856 381 1905 Dei,
402 1858 497 1896 sicut
515 1858 657 1896 dictum
687 1866 742 1896 est
761 1860 798 1895 *z
818 1870 917 1895 unus
945 1858 1102 1905 quidem
1122 1857 1256 1904 filialis,
1277 1869 1355 1904 quo

297 1911 382 1966 quis
400 1912 507 1948 timet
531 1911 720 1949 offensam
748 1911 866 1960 ipsius
885 1909 900 1940 β
917 1911 980 1948 vel
1007 1910 1294 1959 separationem*
1307 1909 1354 1946 ab

297 1962 397 2015 ipso3
418 1964 511 2002 alius
530 1972 658 2002 autem
678 1963 835 2012 servilis,
851 1976 928 2013 quo
949 1963 1032 2013 quis
1051 1963 1156 2000 timet
1173 1973 1354 2012 poenam.

297 2016 434 2054 Timor
465 2024 594 2055 autem
630 2017 751 2054 filialis
788 2029 943 2054 necesse
981 2024 1036 2053 est
1072 2015 1178 2064 quod
1213 2022 1356 2052 crescat

298 2078 488 2106 crescente
519 2070 681 2115 caritate,
703 2070 799 2106 sicut
826 2069 982 2106 effectus
1011 2069 1143 2105 crescit
1164 2075 1354 2105 crescente

298 2134 428 2159 causa:
458 2131 600 2171 quanto
622 2123 722 2159 enirn
742 2122 874 2171 aliquis
902 2122 1022 2170 magis
1042 2121 1159 2169 diligit
1177 2120 1354 2169 aliquem,

297 2182 401 2212 tanto
431 2175 550 2223 magis
582 2175 688 2212 timet
726 2188 813 2212 eum
853 2175 1049 2212 offendere
1082 2181 1118 2211 et
1145 2174 1194 2211 ab
1223 2185 1270 2210 eo
1299 2185 1356 2210 se÷

326 2240 434 2264 arari.

297 2240 323 2276 p
353 2280 430 2317 Sed
457 2280 570 2318 timor
597 2280 763 2328 servilis,
797 2288 982 2328 quantum
1012 2280 1060 2317 ad
1088 2279 1354 2325 servilitatem‚

307 2401 312 2403 ’
352 2403 380 2435 α)
399 2402 476 2428 idest.
493 2416 512 2422 -
530 2402 671 2427 caritatem
689 2401 786 2426 addunt
804 2401 871 2432 sCK,
890 2409 944 2426 om.
962 2401 998 2431 G;
1017 2408 1065 2432 pro
1082 2407 1158 2432 quae,
1178 2400 1224 2432 qui
1239 2401 1271 2424 Α.

352 2437 379 2472 β)
397 2438 488 2470 ipsius.
505 2451 524 2456 -
537 2437 628 2469 patris
649 2437 694 2467 Pa,
713 2444 768 2461 om.
787 2437 817 2461 L.

509 1071 630 1106 nonic.
650 1071 758 1106 Ioan.
778 1069 814 1106 *ε
846 1070 1036 1112 Quantum
1055 1069 1194 1106 caritas
1212 1069 1354 1113 crescit,
1382 1063 1385 1092 i

1382 1129 1384 1175 ζ
1409 1127 1448 1156 to
1468 1120 1602 1169 aliquis
1630 1121 1751 1168 magis
1780 1121 1893 1169 diligit
1920 1123 2060 1169 Deum,
2081 1129 2184 1159 tanto
2213 1123 2337 1160 minus
2361 1123 2467 1160 timet

1382 1177 1384 1211 ἒ
1409 1185 1589 1221 poenam.
1619 1173 1749 1210 Primo
1778 1174 1948 1222 quidem,
1968 1174 2057 1223 quia
2085 1175 2210 1212 minus
2236 1176 2390 1212 attendit
2418 1176 2466 1212 ad

1383 935 1384 938 η
1409 910 1570 947 totaliter
1597 910 1735 947 tollitur
1763 911 1915 948 caritate
1944 912 2188 949 adveniente:
2218 921 2388 950 remanet
2414 921 2467 950 ta-

1411 975 1501 999 men
1535 963 1747 1000 secundum
1784 964 2032 1001 substantiam
2070 965 2184 1002 timor
2219 978 2388 1013 poenae,
2426 974 2467 1003 ut

1411 1015 1554 1052 dictum
1584 1023 1639 1052 est
1664 1016 1695 1052 *.
1730 1017 1778 1052 Et
1809 1017 1876 1053 iste
1911 1017 2024 1054 timor
2062 1017 2280 1054 diminuitur
2316 1019 2466 1055 caritate

1411 1076 1614 1115 crescente,
1630 1068 1796 1104 maxime
1816 1077 1999 1117 quantum
2013 1070 2063 1106 ad
2082 1078 2225 1107 actum:
2247 1071 2334 1119 quia
2348 1083 2466 1119 quan-

1409 1226 1606 1274 proprium
1627 1226 1785 1272 bonum,
1811 1227 1871 1263 cui
1891 1227 2138 1264 contrariatur
2154 1240 2292 1276 poena.
2323 1229 2465 1265 Secun-

1411 1280 1477 1324 do,
1507 1278 1596 1326 quia
1632 1279 1779 1316 firmius
1807 1284 1822 1306 Υ
1850 1279 2051 1317 inhaerens
2078 1281 2199 1328 magis
2235 1281 2391 1318 confidit
2418 1281 2465 1318 de

1463 1385 1522 1419 An
1542 1395 1678 1420 PRIMUM
1707 1395 1805 1420 ERGO
1830 1396 2013 1422 mcssNDuM
2037 1386 2142 1434 quod
2161 1387 2394 1434 Augustinus
2413 1387 2467 1422 lo-

1411 1435 1535 1484 quitur
1564 1436 1611 1472 de
1640 1436 1776 1472 timore
1804 1448 1965 1484 poenae.
2156 1442 2157 1445 ’

1462 1489 1521 1524 An
1549 1499 1743 1525 SECUNDUM
1767 1500 1950 1525 DICENDUM
1978 1489 2084 1537 quod
2111 1490 2225 1526 timor
2243 1502 2392 1538 poenae
2413 1498 2468 1526 est

1410 1540 1475 1588 qui
1504 1540 1727 1577 diminuitur
1759 1549 1952 1578 crescente
1980 1554 2059 1589 spe.
2099 1542 2176 1579 Sed
2205 1554 2250 1578 ea
2277 1550 2467 1579 crescente

1410 1593 1541 1630 crescit
1569 1593 1682 1629 timor
1709 1593 1852 1629 filialis:
1882 1594 1971 1642 quia
1998 1602 2142 1641 quanto
2170 1595 2303 1643 aliquis
2332 1596 2468 1632 certius

1411 1653 1581 1695 expectat
1592 1645 1765 1682 —alicuius
1794 1646 1886 1683 boni
1918 1647 2228 1684 consecutionem
2266 1660 2335 1696 per
2366 1647 2468 1684 auxi-

1409 1698 1502 1736 liurn
1522 1698 1685 1745 alterius,
1706 1706 1809 1735 tanto
1839 1699 1958 1747 magis
1985 1707 2139 1736 veretur
2159 1712 2247 1736 eum
2271 1700 2467 1737 offendere

1382 1759 1383 1762 ’
1407 1752 1471 1788 vel
1499 1752 1547 1788 ab
1577 1763 1623 1787 eo
1653 1751 1830 1800 separari.

1461 1806 1520 1840 An
1554 1815 1713 1841 TERTuJM
1746 1816 1929 1841 DiCENDuM
1964 1805 2069 1852 quod
2098 1804 2212 1841 timor
2239 1805 2361 1841 filialis
2389 1817 2467 1841 non

1409 1857 1589 1905 importat
1615 1857 1917 1904 separationem,
1947 1857 2014 1893 sed
2043 1857 2163 1905 magis
2191 1857 2466 1894 subiectionem

1409 1910 1458 1946 ad
1486 1909 1634 1958 ipsum:
1663 1909 1940 1958 separationem
1978 1917 2105 1946 autem
2135 1910 2268 1958 refugit
2295 1922 2317 1946 a
2346 1910 2468 1946 subie-

1409 1962 1533 1998 ctione
1569 1962 1696 2010 ipsius.
1741 1962 1818 1999 Sed
1859 1961 2148 2010 quodammodo
2189 1963 2467 2011 separationem

1408 2014 1587 2063 importat
1611 2027 1680 2063 per
1698 2015 1772 2051 hoc
1797 2015 1902 2063 quod
1921 2027 1999 2051 non
2017 2015 2225 2063 praesumit
2243 2027 2283 2052 se
2304 2015 2338 2051 ei
2357 2015 2468 2052 adae-

1409 2079 1552 2115 quare,
1582 2068 1648 2104 sed
1678 2067 1711 2103 ei
1740 2079 1781 2104 se
1808 2067 1967 2104 subiicit.
1999 2068 2108 2114 Quae
2138 2068 2251 2105 etiam
2280 2068 2467 2116 separatio

1408 2120 1599 2157 invenitur
1617 2120 1655 2156 in
1676 2120 1839 2166 caritate,
1861 2120 2086 2169 inquantum
2117 2121 2231 2168 diligit
2258 2122 2385 2157 Deum
2407 2133 2467 2157 su-

1410 2185 1479 2221 pra
1498 2185 1539 2209 se
1559 2180 1596 2209 et
1614 2185 1729 2221 supra
1753 2172 1894 2210 omnia.
1924 2173 2034 2210 Unde
2062 2185 2172 2210 amor
2200 2173 2359 2210 caritatis
2380 2186 2468 2221 aug-

1411 2232 1602 2262 mentatus
1638 2226 1889 2262 reverentiam
1923 2225 2068 2262 timoris
2096 2238 2174 2262 non
2208 2226 2363 2273 minuit,
2402 2227 2468 2263 sed

1411 2286 1533 2326 auget.

1462 2400 1488 2432 γ)
1500 2400 1619 2432 firmius.
1638 2413 1656 2418 —-
1667 2401 1744 2433 filius
1763 2400 2028 2431 ABCDEFHIKLam
2049 2401 2134 2434 mag-is
2152 2409 2206 2426 om.
2223 2409 2251 2426 κ.

2093 2446 2104 2458 0
2247 2457 2250 2460 .

974 2512 1304 2547 Commenta-ria
1326 2510 1576 2543 cardinalis
1597 2512 1799 2545 Caietam

329 2606 350 2627 n
373 2596 504 2627 articulo
528 2595 653 2626 decimo
677 2594 819 2624 eiusdem
842 2592 1036 2634 quaestionis
1061 2592 1196 2622 dubium
1224 2589 1361 2620 occurrit

301 2608 367 2671 Iex
381 2640 544 2676 Durando,
558 2639 592 2669 in
607 2649 662 2679 qu.
678 2639 736 2670 ult.
750 2648 844 2668 xxxxv
858 2638 927 2668 dist.
946 2637 987 2667 111
1008 2637 1107 2673 Sent„
1127 2634 1359 2665 contradicente

298 2683 498 2716 conclusioni
525 2683 586 2713 illi:
613 2683 783 2713 Crescente
814 2683 948 2713 caritate
970 2681 1084 2711 crescit
1107 2681 1203 2709 timor
1231 2683 1338 2708 castus
1345 2685 1358 2714 ;

299 2735 331 2765 et
352 2728 420 2759 eius
443 2727 568 2763 rationi,
588 2727 717 2758 scilicet:
740 2726 908 2759 Crescente
931 2734 1048 2761 causa,
1075 2723 1191 2754 scilicet
1215 2722 1356 2757 caritate,

298 2773 412 2804 crescit
433 2770 576 2812 effectus,
597 2770 714 2801 scilicet
743 2770 800 2800 iste
824 2769 929 2800 timor.
954 2768 994 2799 Et
1024 2767 1103 2798 ratio
1128 2777 1185 2797 sua
1214 2772 1260 2796 est
1283 2765 1358 2805 quia

322 2823 420 2846 uanto
444 2814 599 2855 separatio
623 2824 641 2844 a
664 2821 750 2855 patre
774 2820 820 2844 est
842 2812 942 2852 magis
966 2811 1115 2847 difficilis,
1139 2817 1227 2841 tanto
1251 2809 1357 2839 minus

357 2866 436 2890 etur.
461 2858 595 2889 Constat
617 2865 722 2889 autem
747 2857 836 2898 quod
859 2862 980 2898 quanto
1003 2855 1104 2895 magis
1133 2854 1262 2885 creverit
1283 2853 1357 2884 cari-

298 2909 356 2939 tas,
372 2909 461 2934 tanto
485 2901 642 2932 difficilius
664 2908 770 2942 potest
792 2901 927 2940 separari
949 2911 968 2931 a
991 2901 1071 2931 Deo.
1094 2899 1179 2938 Ergo
1202 2904 1357 2928 crescente

299 2946 427 2978 caritate
448 2955 514 2976 non
538 2945 647 2976 crescit
668 2945 764 2976 timor
787 2944 992 2986 separationis
1016 2954 1033 2974 a
1055 2944 1135 2974 Deo.

354 2990 492 3021 Allatam
513 2996 620 3020 autem
643 2989 799 3020 rationem
821 2989 941 3020 litterae
973 2987 1066 3018 solvit
1089 2996 1144 3027 per
1167 2986 1228 3016 hoc
1251 2985 1355 3026 quod,

298 3033 371 3064 licet
400 3033 496 3064 timor
528 3040 631 3064 castus
655 3032 695 3063 sit
718 3031 844 3063 effectus
869 3032 1021 3068 caritatis,
1045 3030 1138 3071 exigit
1160 3037 1266 3060 tamen
1289 3036 1356 3060 tan-

299 3086 397 3118 quam
420 3076 580 3107 obiectum
609 3077 730 3107 malum
763 3076 967 3116 separationis
991 3086 1008 3105 a
1030 3076 1100 3106 Deo
1130 3081 1166 3105 ut
1188 3073 1354 3114 possibile:

299 3121 374 3161 quia
397 3120 494 3152 timor
515 3129 582 3150 non
605 3127 652 3151 est
675 3121 713 3150 de
740 3119 937 3160 impossibili.
962 3120 1003 3150 Et
1025 3119 1099 3159 quia
1128 3124 1283 3148 crescente
1307 3127 1356 3148 ca-

299 3165 388 3195 ritate
406 3164 476 3195 talis
499 3164 654 3204 separatio
670 3170 717 3194 est
739 3163 846 3194 minus
864 3163 1032 3204 possibilis,
1048 3163 1121 3193 ideo
1145 3162 1252 3192 minus
1266 3161 1356 3192 tirne-

299 3215 350 3239 tur
366 3215 396 3239 et
420 3207 541 3239 facilius
564 3207 688 3238 vitatur.
1195 3235 1197 3238 .

358 3252 394 3282 11.
419 3251 471 3282 Ad
494 3251 683 3282 evidentiam
710 3250 806 3282 huius
831 3251 895 3282 duo
925 3257 999 3281 sunt
1020 3250 1169 3280 notanda.
1194 3249 1353 3285 Primum,

299 3306 338 3326 ne
362 3295 508 3326 fallamur
530 3295 563 3325 in
586 3294 791 3335 separationis
822 3294 989 3325 vocabulo.
1013 3293 1174 3334 Separatio
1198 3293 1355 3334 siquidem

299 3349 317 3370 a
339 3339 409 3370 Deo
432 3345 536 3379 potest
559 3339 642 3369 sumi
666 3337 840 3379 dupliciter.
864 3337 982 3374 Primo,
1006 3345 1042 3369 ut
1064 3344 1111 3368 est
1133 3337 1274 3377 poenalis
1297 3337 1356 3367 ho-

299 3383 378 3414 mini
401 3383 456 3424 qui
472 3389 633 3423 separatur
655 3393 673 3412 a
695 3383 775 3413 Deo.
799 3382 840 3413 Et
862 3382 906 3412 sic
921 3381 1076 3412 clauditur
1098 3382 1157 3412 sub
1177 3382 1263 3412 malo
1278 3391 1355 3421 poe-

298 3436 367 3461 nae.
384 3433 415 3457 et
438 3433 557 3467 spectat
571 3427 610 3457 ad
634 3426 782 3457 timorem
805 3426 960 3462 servilem,
980 3435 1045 3456 non
1066 3426 1241 3456 secundum
1265 3425 1355 3456 servi-

1410 2589 1540 2626 litatem‚
1557 2591 1612 2620 sed
1627 2592 1804 2622 secundum
1827 2593 2053 2623 substantiam:
2077 2593 2152 2633 quia
2176 2593 2325 2633 coniungi
2348 2594 2418 2624 Deo
2434 2599 2470 2624 ut

1411 2634 1587 2673 opponitur
1609 2635 1794 2665 huiusmodi
1817 2636 2016 2676 separationi,
2040 2643 2163 2667 amatur
2185 2647 2294 2668 amore
2317 2637 2470 2677 concupi-

1412 2678 1556 2714 scentiae,
1574 2678 1635 2709 hoc
1651 2686 1697 2710 est
1721 2689 1828 2710 amore
1844 2690 1910 2720 quo
1927 2680 1998 2720 quis
2021 2680 2080 2710 sibi
2093 2680 2154 2720 ipsi
2170 2681 2239 2710 vult
2258 2681 2318 2711 tale
2334 2681 2467 2712 bonum.

1412 2722 1452 2752 Et
1468 2722 1511 2752 sic
1534 2722 1629 2752 timor
1645 2723 1848 2763 separationis
1871 2734 1889 2754 a
1904 2723 1973 2754 Deo
1998 2731 2153 2755 crescente
2173 2724 2297 2755 caritate
2320 2735 2386 2755 non
2406 2734 2468 2755 cre-

1412 2765 1478 2802 scit,
1495 2767 1549 2796 sed
1574 2766 1769 2803 diminuitur,
1787 2768 2059 2808 quemadmodum
2079 2768 2175 2798 timor
2198 2774 2370 2799 ceterarum
2393 2777 2468 2809 poe-

1411 2819 1534 2845 narum,
1551 2817 1680 2850 propter
1703 2811 1780 2841 duas
1803 2811 1939 2842 rationes
1962 2821 2040 2852 quas
2063 2811 2095 2841 in
2120 2821 2251 2852 corpore
2280 2812 2374 2842 huius
2398 2811 2469 2842 arti-

1412 2854 1474 2884 culi
1498 2854 1601 2885 habes.

1466 2898 1612 2928 Secundo
1636 2908 1710 2929 vero
1738 2899 1838 2929 modo
1861 2906 1967 2939 potest
1995 2899 2078 2939 sumi
2102 2899 2257 2939 separatio
2280 2910 2298 2929 a
2320 2900 2409 2937 Deo,
2434 2907 2469 2930 ut

1410 2952 1506 2982 supra
1519 2942 1536 2961 *
1559 2942 1679 2973 dictum
1696 2949 1751 2979 est,
1771 2953 1808 2973 ex
1823 2950 1910 2982 parte
1926 2943 2001 2974 Dei:
2025 2943 2088 2974 hoc
2104 2950 2150 2973 est
2169 2950 2204 2974 ut
2222 2950 2345 2974 amatur
2356 2943 2390 2962 **
2414 2954 2470 2983 op-

1410 2985 1514 3025 posita
1545 2986 1726 3016 coniunctio
1757 2986 1891 3018 caritatis
1913 2997 2031 3023 amore,
2056 2997 2122 3027 quo
2145 2987 2244 3017 homo
2269 2994 2352 3017 amat
2380 2997 2412 3017 se
2436 2987 2469 3017 in

1410 3030 1479 3060 Deo
1504 3037 1534 3060 et
1557 3030 1596 3060 ad
1610 3031 1724 3061 Deum.
1749 3031 1790 3060 Et
1813 3031 1856 3061 sic
1879 3037 1998 3071 spectat
2021 3031 2060 3061 ad
2074 3031 2222 3061 timorem
2246 3037 2377 3061 castum.
2394 3031 2467 3061 Non

1410 3074 1499 3114 quod
1523 3074 1562 3105 sit
1579 3074 1696 3114 duplex
1719 3074 1872 3114 separatio
1896 3085 1914 3105 a
1929 3075 2008 3111 Deo,
2025 3085 2089 3105 una
2105 3080 2248 3115 spectans
2265 3075 2304 3104 ad
2320 3075 2468 3104 timorem

1410 3118 1553 3148 servilem
1577 3125 1608 3148 et
1630 3119 1724 3149 altera
1748 3119 1787 3149 ad
1807 3118 1954 3149 timorem
1976 3118 2122 3149 filialem:
2146 3119 2201 3148 sed
2218 3127 2282 3148 una
2304 3125 2334 3148 et
2357 3118 2467 3148 eadem

1410 3162 1574 3202 separatio,
1592 3170 1627 3192 ut
1642 3162 1792 3202 privativa
1815 3162 1892 3192 boni
1907 3162 2027 3202 proprii
2043 3162 2191 3197 hominis,
2207 3162 2335 3192 timetur
2354 3162 2467 3192 timore

1409 3206 1528 3242 servili;
1554 3213 1584 3236 et
1608 3213 1643 3236 ut
1665 3205 1816 3246 privativa
1840 3206 1915 3236 boni
1939 3206 2053 3242 divini,
2074 3206 2136 3236 hoc
2159 3213 2204 3236 est
2227 3205 2304 3235 boni
2326 3205 2466 3235 hominis

1409 3250 1442 3280 in
1465 3250 1575 3280 ordine
1591 3250 1630 3280 ad
1654 3250 1767 3286 Deum,
1785 3249 1913 3280 timetur
1928 3250 2041 3280 timore
2065 3249 2160 3280 filiali.
2185 3250 2225 3279 Et
2241 3249 2284 3279 sic
2301 3255 2346 3279 est
2362 3258 2466 3279 sermo

1409 3301 1516 3324 noster
1546 3294 1584 3324 de
1615 3293 1728 3324 timore
1757 3293 1961 3334 separationis
1986 3304 2002 3324 a
2025 3293 2110 3329 Deo,
2135 3303 2208 3323 curn
2238 3292 2350 3323 dicitur
2377 3292 2466 3332 quod

1409 3338 1518 3368 crescit
1541 3344 1695 3368 crescente
1720 3337 1844 3368 caritate
1859 3337 1893 3367 in
1916 3337 1967 3367 via
1981 3335 2070 3379 (nam
2087 3338 2125 3367 de
2141 3336 2240 3376 patria
2256 3343 2302 3366 est
2324 3336 2402 3366 alter
2417 3345 2463 3365 ar-

1409 3382 1523 3412 ticulus
1540 3380 1582 3424 *).
1600 3382 1640 3412 Et
1655 3391 1721 3411 non
1737 3388 1784 3412 est
1799 3391 1945 3422 praesens
1967 3391 2071 3412 sermo
2088 3381 2126 3411 de
2145 3380 2339 3420 separatione
2352 3390 2369 3409 a
2384 3380 2464 3415 Deo,

2495 1030 2501 1036 ’
2517 1029 2567 1048 Art.
2583 1028 2604 1048 6.

2496 2948 2504 2956 ’
2519 2948 2569 2968 Art.
2591 2947 2612 2974 6,
2633 2947 2705 2968 Com-

2495 2978 2566 2994 ment.

2495 3001 2516 3010 ’⁸
2530 3002 2636 3021 sumatur
2650 3000 2704 3021 ΡΑΒ.

2493 3391 2500 3398 ·
2516 3388 2566 3410 Art.
2582 3394 2630 3415 seq.

1408 3426 1470 3456 hoc
1494 3432 1540 3456 est
1563 3426 1601 3456 de
1624 3425 1743 3455 offensa
1766 3425 1836 3456 Dei.
1859 3425 2039 3462 Quoniam,
2065 3431 2100 3455 ut
2123 3430 2208 3464 patet
2230 3423 2261 3453 in
2285 3423 2402 3459 littera,
2429 3423 2465 3453 ti·
2519 3468 2523 3470 μ
