2892 4056
4 86 6 94 v

0 111 10 147 ἴς

38 1381 186 1405 *dm-P.

38 1855 100 1877 veru.
113 1854 136 1876 6.

33 1882 50 1908 ,¹
58 1881 98 1904 Pa.
108 1886 182 1908 cxuv,
189 1885 250 1902 vera.

40 1961 51 1971 ·
60 1959 98 1982 cr.
106 1959 130 1983 n
137 1958 172 1981 aa
185 1958 249 1985 cor„

39 1991 94 2018 ’νε
104 1991 224 2021 &KQ-³·

985 154 1250 200 QUAESTIO
1280 153 1329 199 x,

273 246 349 284 qua
377 233 556 281 contingit
583 233 688 282 quod
716 234 835 270 homo
859 233 1088 270 intellectum
1118 244 1231 269 suum
1252 243 1330 268 non

270 287 353 325 vult
380 286 564 324 subiicere
593 285 726 333 regulis
754 286 844 323 fidei
865 294 901 322 et
923 298 1016 323 sano
1042 284 1241 322 intellectui
1260 285 1330 321 Pa-

273 346 385 377 trum.
430 338 541 376 Unde
577 339 782 386 Gregorius
820 338 927 385 dicit,
958 339 1082 374 XXXI
1119 337 1261 374 Moral.
1291 336 1328 383 ²¹⁸,

273 392 377 441 quod
405 403 455 428 ex
491 391 598 428 inani
621 391 746 440 gloria
780 391 954 428 oriuntur
985 391 1189 427 novitatum
1217 401 1328 437 prae-

271 444 508 493 sumptiones.

325 581 350 614 ζ)
370 582 531 615 theologicis.
551 595 570 602 -·
585 581 766 607 cardinalibus
785 579 1034 612 ABDEFGHKLpC
1053 585 1078 604 et
1096 587 1159 604 aaa.

1359 152 1652 188 ARTICULUS
1685 153 1713 187 ll

2388 159 2437 194 79

1437 230 1626 276 Quamvis
1653 237 1781 278 posset
1800 228 1872 266 dici
1892 228 2008 277 quod,
2034 227 2128 264 sicut
2155 226 2311 263 virtutes
2334 226 2439 262 theo-

1384 282 1526 330 logicae
1563 294 1640 319 non
1677 283 1907 319 reducuntur
1942 281 1992 318 ad
2018 279 2174 317 virtutes
2212 278 2437 324 cardinales,

1384 335 1450 372 sed
1470 342 1555 371 sunt
1573 335 1718 383 priores
1748 335 1818 380 eis;
1848 335 1898 371 ita
1926 333 2039 370 etiarn
2058 332 2149 370 vitia
2173 331 2347 380 opposita
2364 330 2438 367 vir-

1384 387 1523 424 tutibus
1551 388 1770 435 theologicis
1792 387 1803 412 ζ
1822 399 1900 424 non
1924 386 2153 424 reducuntur
2185 385 2232 421 ad
2260 384 2351 421 vitia
2380 395 2438 419 ca·
2562 383 2575 412 ζ

1384 440 1521 489 pitalia.

947 665 1276 700 Commentaria
1301 666 1550 699 Cardjnalis
1573 666 1770 699 Caietam

305 776 325 795 N
349 765 482 796 articulo
510 765 614 805 primo
638 764 834 805 quaestionis
857 764 996 794 decimae
1020 764 1155 794 dubium
1186 764 1330 799 occurrit,

278 778 336 840 Iet
359 809 533 850 specialiter
552 809 585 840 in
611 808 742 839 materia
764 807 857 848 primi
881 808 1068 847 argumenti.
1093 808 1224 838 Videtur
1247 808 1332 837 enim

274 853 408 884 omnino
432 853 520 894 quod
543 851 717 888 infidelitas,
741 851 821 882 idest
844 851 929 882 nolle
953 852 1085 887 credere,
1111 861 1176 882 non
1200 851 1238 881 sit
1261 860 1332 890 pec-

274 904 390 928 catum.
415 897 455 928 Et
469 896 547 927 ratio
567 903 613 926 est
630 896 705 936 quia
720 895 796 926 fides
816 905 881 926 non
898 902 944 925 est
963 895 1134 926 necessaria
1152 896 1191 925 ad
1210 895 1332 924 bonum

274 941 424 977 naturale,
441 941 495 971 sed
514 940 750 980 supernaturale
771 945 905 970 tantum.
937 939 984 969 Ex
1004 939 1064 970 hoc
1088 939 1173 969 enim
1195 938 1334 978 arguitur

274 985 328 1016 sic.
352 985 468 1015 Nullus
490 990 599 1024 peccat
621 983 760 1014 nolendo
785 984 869 1014 bona
886 993 967 1024 quae
987 990 1060 1014 sunt
1076 993 1171 1023 supra
1188 989 1333 1013 naturam

275 1038 382 1064 suam,
407 1028 503 1058 etiam
534 1027 656 1058 oblata:
681 1027 741 1058 nisi
764 1027 845 1058 forte
872 1028 995 1058 ratione
1018 1034 1234 1068 contemptus,
1259 1026 1334 1067 quia

274 1072 391 1104 scilicet
408 1071 541 1112 despicit
555 1070 737 1102 offerentem
751 1072 802 1102 vel
819 1072 933 1103 oblata.
957 1072 1019 1103 Sed
1038 1072 1147 1108 homo,
1172 1071 1257 1101 salva
1276 1069 1334 1100 Dei

274 1122 305 1147 et
323 1116 484 1146 donorum
507 1125 641 1146 suorum
659 1116 947 1156 supernaturalium
970 1116 1150 1152 reverentia,
1174 1122 1279 1156 potest
1300 1124 1335 1144 ea

274 1159 376 1196 nolle,
400 1159 538 1190 volendo
567 1166 646 1190 stare
669 1159 702 1190 in
726 1160 790 1190 suis
818 1160 894 1191 solis
923 1161 1126 1191 naturalibus.
1162 1160 1245 1199 Ergo
1270 1168 1335 1189 non

273 1210 382 1246 peccat
401 1204 540 1234 nolendo
560 1203 655 1234 fidem
674 1204 842 1244 suscipere.
862 1222 883 1227 -
909 1204 1010 1234 Maior
1029 1211 1114 1244 patet
1131 1203 1164 1233 in
1184 1203 1334 1234 civilibus.

273 1248 358 1279 Nam
380 1249 515 1279 rusticus
538 1249 650 1289 nolens
674 1255 832 1288 acceptare
856 1249 1046 1285 civilitatem,
1071 1256 1101 1279 et
1124 1248 1198 1279 civis
1224 1245 1336 1278 nolens

267 1292 445 1330 ascendere
456 1292 719 1329 adnobilitatem,
744 1300 774 1323 et
791 1293 844 1322 alii
867 1293 1052 1324 huiusmodi
1076 1303 1141 1324 non
1161 1299 1300 1332 peccant.
1315 1309 1336 1314 -

274 1335 381 1367 Minor
404 1343 450 1367 est
473 1337 511 1367 de
535 1346 567 1366 se
591 1337 728 1367 evidens.
744 1354 765 1359 -
789 1337 884 1377 Ergo.

330 1380 364 1412 Si
378 1380 498 1411 dicatur
512 1381 601 1421 quod
617 1381 692 1422 quia
707 1380 807 1410 homo
825 1388 870 1411 est
885 1379 1029 1410 infirmus
1040 1379 1096 1410 et*
1111 1390 1167 1420 per
1181 1378 1276 1410 fidem
1291 1389 1338 1408 sa-

275 1430 377 1460 natur,
398 1431 429 1456 et
441 1425 514 1455 ideo
530 1431 654 1455 tenetur
669 1425 708 1454 ad
725 1425 905 1459 sanitatem:
924 1441 942 1446 —
966 1424 1025 1460 vel,
1050 1424 1125 1464 quia
1148 1424 1234 1454 Deus
1249 1432 1338 1463 prae-

214 1482 221 1489 ·
276 1468 351 1508 cipit
365 1468 383 1487 *
404 1468 501 1499 fidem
524 1469 639 1508 suscipi
663 1469 702 1498 ab
725 1468 885 1504 omnibus,
910 1467 995 1498 iuxta
1018 1467 1096 1498 illud
1110 1466 1160 1503 **,
1188 1467 1252 1504 Qui
1275 1476 1337 1496 non

241 1509 247 1520 '
275 1512 458 1550 crediderit,
476 1513 749 1549 condemnabitur,
767 1512 839 1542 ideo
856 1518 1020 1552 peccatum
1037 1519 1083 1542 est
1098 1521 1164 1541 non
1181 1511 1339 1551 suscipere

274 1554 386 1587 fidem:
409 1574 430 1579 —
461 1556 582 1587 Contra
604 1557 745 1598 primum
768 1556 889 1586 dictum
912 1562 958 1586 est
980 1555 1055 1596 quia
1078 1556 1255 1587 secundum
1278 1555 1340 1585 hoc

275 1606 333 1632 nec
350 1600 452 1631 homo
471 1600 504 1630 in
530 1607 612 1632 statu
632 1600 829 1632 innocentiae
848 1610 906 1631 nec
932 1599 1034 1640 angeli
1059 1600 1188 1640 obligati
1207 1600 1341 1630 fuissent

276 1643 316 1674 ad
338 1643 444 1675 fidem.
475 1644 574 1682 Quod
597 1651 644 1676 est
666 1644 790 1676 falsum.
806 1662 828 1667 ·-
852 1644 972 1675 Contra
996 1645 1172 1675 secundum
1196 1652 1243 1675 est
1265 1644 1340 1685 quia

275 1688 356 1719 ratio
379 1689 537 1729 praecepti
552 1689 682 1719 vertitur
698 1689 730 1719 in
747 1689 891 1719 dubium.
920 1691 1062 1729 Apparet
1077 1689 1162 1719 enim
1181 1689 1270 1730 quod
1293 1689 1340 1718 in-

275 1732 357 1764 iuste
369 1733 578 1774 praecipiatur
593 1733 701 1764 alicui:
722 1734 787 1764 Aut
802 1733 958 1764 ascendas
968 1743 1068 1773 supra
1079 1734 1220 1774 gradum
1237 1739 1339 1771 tuum,

276 1782 335 1808 aut
344 1777 506 1809 occideris.
526 1777 612 1809 Cum
628 1779 798 1808 universae
813 1779 951 1809 iustitiae
967 1783 1097 1808 nostrae
1110 1780 1203 1818 quasi
1210 1787 1341 1818 pannus

242 1843 248 1853 ‚
276 1821 542 1858 menstruatae*‚
568 1829 598 1853 et
626 1822 846 1853 misericordia
880 1823 1010 1865 meini
1037 1823 1080 1852 sit
1108 1832 1206 1863 super
1233 1823 1340 1852 omnia

275 1874 374 1906 qpera
397 1867 466 1897 eius
480 1866 511 1902 *,
541 1866 566 1896 si
589 1866 698 1907 inique
722 1874 752 1896 et
776 1866 941 1898 crudeliter
968 1876 1020 1896 rex
1043 1867 1194 1897 terrestris
1218 1867 1342 1897 offerret

278 1910 397 1941 civibus
425 1910 623 1941 nobilitatem
650 1917 705 1949 aut
727 1917 881 1946 mortem,
906 1911 1073 1951 quomodo
1101 1911 1146 1941 fas
1171 1918 1217 1942 est
1240 1911 1342 1941 dicere

277 1955 365 1995 quod
387 1955 477 1985 Deus
499 1955 792 1986 misericordiarum
807 1955 824 1974 *
839 1955 948 1986 offerat
966 1955 1113 1987 creaturis
1137 1955 1342 1986 rationalibus

275 1997 389 2034 fidem,
406 2008 480 2029 cum
494 1999 623 2039 reliquis
646 1999 936 2039 supernaturalibus
960 2000 1062 2036 donis,
1088 2009 1162 2030 cum
1185 2000 1238 2031 tali
1254 2009 1343 2040 prae-

278 2050 387 2084 cepto:
423 2044 489 2073 Aut
511 2044 570 2074 hoc
591 2045 755 2084 suscipite,
781 2050 839 2075 aut
860 2045 1022 2075 mortem?
1057 2044 1175 2075 Iustitia
1205 2054 1343 2084 namque

276 2087 339 2118 hoc
362 2087 470 2127 potius
493 2088 613 2128 exigere
629 2088 766 2118 videtur:
801 2089 866 2119 Aut
881 2089 960 2119 haec
977 2089 1136 2129 suscipite,
1153 2090 1343 2128 aufprivati

278 2132 368 2162 eritis
381 2131 544 2172 felicitate
566 2133 826 2172 supernaturali,
852 2133 998 2174 uobisque
1021 2134 1230 2173 imputabitur
1252 2133 1342 2173 quid-

277 2176 355 2217 quid
377 2176 463 2207 uobis
486 2186 528 2206 ex
549 2177 611 2207 hac
633 2176 830 2217 refutatione
853 2178 964 2208 deerit.

337 2219 374 2250 11.
392 2221 443 2250 Ad
465 2220 527 2251 hoc
542 2220 656 2251 dicitur
678 2221 777 2261 quod,
794 2222 869 2262 quia
884 2228 1050 2262 praecepta
1067 2221 1181 2251 dantur
1196 2221 1344 2252 creaturis

278 2263 484 2294 rationalibus
507 2265 683 2295 secundum
706 2271 848 2302 naturas,
874 2276 929 2296 seu
953 2266 1068 2306 gradus
1093 2273 1238 2302 naturae,
1264 2276 1342 2306 quas

278 2307 408 2344 habent;
433 2315 464 2339 et
479 2315 637 2339 creaturae
653 2309 830 2346 rationales,
847 2320 942 2350 supra
954 2310 1069 2350 gradus
1084 2310 1251 2346 naturales,
1269 2320 1343 2340 con-

279 2359 480 2382 summantur
494 2351 526 2381 in
549 2353 789 2392 participatione
812 2361 941 2385 naturae
956 2349 1088 2390 divinae,
1109 2354 1151 2384 ita
1171 2355 1259 2395 quod
1275 2354 1345 2385 sic*

279 2395 440 2426 institutae
468 2402 557 2426 sunt:
589 2407 787 2437 consequens
811 2405 857 2428 est
879 2405 932 2434 ut,
957 2399 1232 2438 quemadmodum
1262 2398 1343 2429 iuste

280 2440 460 2470 subduntur
474 2441 647 2481 praeceptis
670 2441 883 2481 spectantibus
906 2442 945 2472 ad
960 2442 1038 2472 alios
1061 2443 1186 2481 gradus,
1204 2443 1246 2473 ita
1262 2442 1344 2473 iuste

280 2484 442 2515 subiacent
458 2485 632 2525 praeceptis
646 2484 729 2522 fidei,
749 2486 816 2526 spei
832 2492 862 2516 et
875 2485 893 2504 *
908 2486 1051 2522 caritatis,
1069 2486 1282 2526 spectantibus
1305 2487 1345 2516 ad

279 2528 414 2569 gradum
436 2538 502 2569 quo
526 2529 713 2570 participant
736 2530 874 2560 divinam
898 2537 1053 2560 naturam.
1070 2547 1091 2553 —
1114 2531 1155 2560 Et
1176 2530 1249 2560 licet
1268 2530 1345 2560 haec

280 2573 446 2613 responsio
467 2574 552 2613 apud
576 2574 687 2605 doctos
710 2584 775 2604 non
798 2581 887 2614 egeat
909 2574 1117 2614 expositione,
1137 2584 1195 2614 pro
1219 2574 1345 2605 novitiis

281 2625 388 2648 tamen
412 2617 595 2648 declaratur.

337 2662 372 2692 ln
396 2661 527 2692 homine
550 2669 596 2692 est
618 2662 650 2692 in
675 2661 785 2702 primis
813 2668 924 2692 natura
947 2662 1136 2702 vegetativa;
1166 2670 1212 2692 est
1235 2669 1345 2692 natura

281 2705 442 2742 sensitiva;
474 2713 520 2737 est
543 2713 654 2737 natura
682 2705 885 2742 intellectiva;
919 2713 965 2737 est
988 2707 1119 2737 demum
1147 2705 1345 2747 participatio

281 2756 411 2781 naturae
435 2750 567 2780 divinae.
603 2750 644 2781 Et
668 2750 747 2781 sicut
776 2750 960 2781 constitutio
984 2757 1197 2781 creaturarum
1224 2750 1257 2780 in
1281 2750 1345 2780 suis

282 2794 446 2835 speciebus
470 2801 589 2835 spectat
611 2795 651 2825 ad
674 2794 810 2835 primam
833 2804 939 2825 rerum
961 2795 1214 2825 distributionem
1235 2804 1331 2824 secun

1385 764 1462 794 dum
1486 764 1608 794 divinae
1632 765 1800 804 sapientiae
1824 766 1994 802 rationem,
2019 766 2061 796 ita
2085 766 2267 796 constitutio
2292 771 2444 796 creatura-

1386 818 1457 838 rum
1487 807 1690 838 rationalium
1720 809 1752 838 in
1776 809 1840 839 suis
1872 810 2066 840 naturalibus
2099 817 2128 840 et
2149 810 2181 840 in
2206 809 2444 850 participatione

1386 851 1508 881 divinae
1524 859 1652 882 naturae
1677 853 1717 882 ad
1733 853 1868 892 primam
1887 863 1992 883 rerum
2016 854 2232 884 conditionem
2255 861 2390 893 spectat;
2414 859 2445 884 et

1387 902 1474 925 tanto
1489 895 1561 935 plus
1574 903 1694 936 quanto
1711 897 1865 936 superius,
1882 897 1914 926 in
1930 907 1984 937 qu.
1998 908 2029 933 11,
2045 904 2100 928 art.
2117 899 2143 933 3,
2161 897 2279 928 dictum
2296 905 2341 928 est
2357 897 2446 938 quod

1387 938 1537 978 perfectio
1566 946 1694 970 naturae
1725 940 1880 970 inferioris
1912 940 2116 971 confirmatur
2144 951 2180 971 ex
2208 941 2445 982 participatione

1387 983 1565 1023 superioris.
1603 984 1686 1020 Quia
1710 984 1803 1024 igitur
1826 984 1857 1014 in
1881 984 2010 1015 homine
2034 992 2080 1015 est
2103 995 2173 1025 pars
2197 985 2382 1024 vegetativa,
2407 985 2447 1015 ad

1387 1037 1485 1068 quam
1508 1034 1626 1067 spectat
1649 1038 1832 1058 conservare
1854 1028 2055 1059 individuum
2078 1035 2108 1059 et
2131 1029 2277 1069 speciem,
2304 1029 2447 1069 oportuit

1389 1071 1552 1102 hominem
1576 1072 1686 1102 subiici
1715 1072 1887 1112 praeceptis
1910 1072 2122 1112 spectantibus
2151 1073 2189 1103 ad
2213 1074 2447 1112 generationem

1388 1122 1418 1146 et
1441 1115 1548 1146 cibum
1571 1123 1602 1147 et
1623 1123 1749 1156 potum.
1782 1117 1823 1146 Et
1846 1116 1987 1147 similiter
2010 1117 2083 1157 quia
2107 1117 2138 1147 in
2159 1117 2288 1147 homine
2312 1124 2357 1148 est
2376 1127 2447 1157 pars

1389 1160 1547 1196 sensitiva,
1573 1161 1732 1202 ad-quam
1760 1167 1901 1201 spectant
1923 1161 2100 1200 passiones,
2130 1168 2255 1201 oportet
2283 1161 2448 1191 hominem

1389 1204 1500 1235 subiici
1523 1205 1696 1245 praeceptis
1721 1205 1760 1235 ad
1783 1205 1871 1241 iram,
1895 1204 2044 1235 timorem
2067 1212 2097 1236 et
2120 1205 2314 1236 huiusmodi.
2348 1205 2388 1235 Et
2409 1204 2448 1234 si-

1389 1248 1503 1279 militer
1525 1249 1599 1289 quia
1623 1249 1656 1279 in
1677 1259 1716 1279 eo
1740 1256 1786 1279 est
1808 1259 1878 1289 pars
1902 1249 2070 1285 rationalis,
2095 1249 2127 1279 in
2144 1259 2207 1289 qua
2231 1255 2277 1279 est
2291 1249 2447 1284 voluntas,

1389 1299 1515 1333 oportet
1537 1293 1645 1333 ipsum
1668 1293 1778 1324 subiici
1802 1293 1974 1333 praeceptis
2001 1293 2214 1333 spectantibus
2237 1294 2277 1323 ad
2299 1293 2462 1323 iustitiam·

1390 1338 1439 1367 vel
1460 1337 1655 1368 iniustitiam.
1680 1338 1720 1367 Et
1744 1337 1854 1367 eadem
1876 1338 2012 1374 ratione,
2036 1337 2110 1378 quia
2133 1337 2322 1368 constitutus
2346 1344 2392 1367 est
2415 1343 2450 1367 ut

1390 1381 1423 1411 in
1441 1381 1511 1421 ipso
1535 1381 1575 1411 sit
1597 1388 1708 1411 natura
1724 1381 1828 1411 divina
1851 1381 2078 1421 participative,
2102 1381 2174 1412 ideo
2199 1388 2325 1421 oportet
2343 1381 2450 1421 ipsum

1392 1425 1502 1456 subiici
1526 1425 1698 1465 praeceptis
1714 1424 1796 1460 fidei,
1820 1425 1887 1465 spei
1910 1433 1940 1456 et
1955 1425 2098 1461 caritatis,
2122 1426 2162 1455 ad
2177 1425 2361 1456 huiusmodi
2382 1435 2450 1465 par-

1391 1468 1609 1509 ticipationem
1626 1469 1848 1509 spectantibus.
1865 1469 1906 1499 Et
1922 1469 2002 1499 sicut
2017 1479 2083 1499 non
2098 1476 2202 1508 potest
2216 1469 2283 1499 iure
2300 1468 2451 1509 conqueri

1393 1513 1430 1542 de
1453 1513 1523 1544 Deo
1547 1513 1636 1553 quod
1652 1512 1759 1543 fecerit
1773 1512 1879 1552 ipsum
1902 1513 1934 1542 in
1950 1513 2047 1552 gradu
2071 1513 2225 1548 rationali,
2241 1513 2283 1543 ita
2307 1523 2371 1543 non
2394 1522 2452 1552 po-

1393 1563 1451 1587 test
1474 1557 1542 1587 iure
1557 1557 1708 1598 conqueri
1727 1557 1816 1597 quod
1839 1557 2034 1587 constituerit
2053 1556 2159 1596 ipsum
2178 1557 2211 1586 in
2229 1557 2291 1587 hoc
2310 1557 2399 1597 quod
2414 1557 2454 1587 sit

1394 1601 1548 1641 particeps
1565 1601 1688 1632 divinae
1703 1608 1842 1631 naturae.
1867 1601 1908 1631 Et
1923 1601 2207 1642 quemadmodum,
2224 1602 2297 1632 data
2312 1602 2375 1631 iam
2398 1611 2453 1631 na-

1393 1654 1462 1676 tura
1485 1646 1643 1682 rationali,
1668 1655 1733 1675 non
1753 1652 1857 1685 potest
1876 1645 1947 1686 quis
1968 1645 2102 1675 refutare
2125 1652 2290 1685 praecepta
2313 1652 2453 1686 spectan-

1394 1690 1435 1721 tia
1458 1690 1498 1719 ad
1522 1690 1624 1726 illam;
1653 1689 1711 1726 ita,
1737 1690 1807 1720 data
1831 1689 1894 1719 iam
1914 1696 2070 1719 creaturae
2089 1689 2231 1720 rationali
2250 1689 2308 1720 hac
2331 1689 2453 1729 partici-

1394 1731 1531 1774 patione,
1549 1744 1615 1764 non
1638 1740 1743 1774 potest
1759 1734 1892 1764 refutare
1908 1740 2074 1773 praecepta
2098 1734 2137 1764 ad
2152 1734 2239 1764 illam
2256 1733 2452 1774 pertinentia.

1447 1778 1498 1809 111.
1523 1778 1563 1820 Et
1585 1788 1641 1818 per
1663 1778 1740 1808 haec
1763 1784 1849 1818 patet
1872 1778 1951 1808 clare
1979 1778 2144 1818 responsio
2168 1785 2198 1808 et
2219 1778 2336 1808 solutio
2359 1788 2453 1818 quae-

1394 1822 1514 1853 stionis.
1539 1823 1621 1853 Nam
1637 1832 1704 1852 non
1725 1828 1771 1852 est
1794 1822 1894 1852 simile
1909 1823 1996 1862 quod
2015 1821 2139 1852 affertur
2157 1832 2216 1862 pro
2240 1822 2346 1852 simili.
2371 1822 2454 1859 Quia

1395 1876 1460 1897 non
1490 1867 1758 1907 praesupponitur
1781 1867 1869 1906 quod
1892 1875 1944 1896 rex
1966 1866 2066 1906 possit
2090 1866 2235 1896 homines
2267 1866 2454 1897 constituere

1394 1911 1426 1940 in
1450 1911 1597 1950 gradibus
1627 1911 1694 1941 sine
1717 1909 1793 1950 ipsis
1821 1910 2021 1946 hominibus,
2046 1910 2126 1941 sicut
2149 1917 2252 1950 potest
2278 1910 2374 1947 Deus,
2399 1910 2455 1951 qui

1395 1960 1484 1985 creat
1499 1965 1556 1986 nos
1578 1956 1648 1985 sine
1668 1955 1756 1985 nobis
1770 1954 1796 1985 *.
1820 1955 1886 1984 Nec
1910 1955 2176 1994 praesupponitur
2199 1955 2287 1995 quod
2310 1954 2455 1985 homines

1395 1999 1457 2030 sint
1471 2000 1535 2030 iam
1551 1999 1712 2030 constituti
1734 1999 1766 2029 in
1781 1999 1879 2038 gradu
1896 1998 2077 2035 nobilitatis,
2094 2006 2130 2030 ut
2144 1999 2177 2030 in
2193 1999 2358 2039 proposito
2373 1999 2456 2029 inve-

1396 2044 1489 2074 nitur.
1507 2043 1616 2074 Simile
1633 2050 1739 2074 autem
1756 2049 1837 2073 esset
1858 2043 1892 2079 si,
1909 2043 2151 2083 praesupposito
2164 2044 2251 2084 quod
2275 2043 2339 2073 iam
2354 2050 2456 2073 essent

1396 2089 1477 2119 cives
1493 2087 1525 2118 in
1540 2089 1638 2128 gradu
1658 2087 1839 2123 nobilitatis,
1857 2094 1888 2118 et
1907 2087 2041 2117 refutare
2055 2088 2171 2118 vellent
2190 2094 2355 2127 praecepta
2373 2087 2456 2127 regia

1396 2132 1567 2173 spectantia
1582 2133 1621 2162 ad
1636 2131 1766 2163 nobiles.
1792 2131 1961 2162 Creaturae
1976 2141 2115 2172 namque
2129 2131 2294 2162 rationales
2312 2132 2350 2161 ab
2365 2131 2455 2162 initio

1397 2177 1556 2208 institutae
1580 2183 1654 2207 sunt
1677 2183 1713 2206 ut
1734 2182 1837 2206 essent
1860 2182 1890 2206 et
1908 2175 2046 2206 viverent
2069 2186 2135 2206 non
2158 2176 2264 2206 solum
2280 2176 2456 2206 secundum

1396 2221 1539 2262 proprias
1555 2227 1691 2256 naturas,
1709 2221 1763 2250 sed
1779 2220 1955 2250 secundum
1968 2219 2089 2250 divinae
2105 2226 2234 2250 naturae
2246 2220 2455 2252 consortium:

1397 2273 1427 2309 et
1438 2271 1604 2306 propterea
1618 2265 1732 2295 merito
1743 2263 1915 2304 praeceptis
1930 2264 2218 2304 supernaturalibus
2234 2263 2456 2300 subiiciuntur;

1397 2317 1606 2350 teneaturque
1623 2309 1662 2339 ad
1676 2309 1828 2339 maximas
1851 2308 1962 2348 gratias
1986 2308 2066 2344 Deo,
2083 2309 2138 2349 qui
2162 2318 2212 2338 eas
2235 2308 2312 2338 tanti
2335 2308 2408 2338 fecit
2423 2315 2458 2339 ut

1398 2362 1462 2385 tarn
1487 2354 1607 2384 excelso
1632 2354 1730 2393 gradu
1754 2352 1965 2383 co'nstitueret.
1999 2353 2130 2392 Propter
2151 2353 2239 2392 quod
2263 2363 2327 2382 non
2352 2353 2458 2383 solum

1399 2400 1519 2429 iustum
1540 2405 1585 2428 est
1602 2405 1645 2433 ut,
1664 2407 1728 2427 non
1749 2397 1915 2432 credendo,
1932 2397 2093 2436 priventur
2113 2397 2203 2427 bonis
2223 2396 2378 2436 gratuitis;
2403 2397 2458 2426 sed

1398 2443 1492 2473 etiam
1515 2449 1551 2472 ut
1565 2442 1764 2476 damnentur,
1785 2448 1895 2480 utpote
1915 2441 2057 2471 nolentes
2071 2441 2175 2471 vivere
2193 2441 2367 2471 secundum
2383 2451 2456 2470 con-

1399 2486 1539 2516 stitutam
1568 2485 1611 2515 eis
1635 2485 1803 2515 divinitatis
1831 2484 2102 2524 participationem
2127 2495 2145 2514 a
2169 2485 2276 2515 datore
2305 2491 2335 2514 et
2358 2484 2457 2514 distri-

1399 2531 1511 2560 butore
1535 2535 1718 2558 naturarum
1735 2535 1764 2558 et
1779 2528 1946 2567 graduum.
1971 2528 2103 2568 Propter
2118 2529 2176 2558 hos
2200 2528 2285 2558 enim
2305 2528 2456 2567 scriptum

1400 2580 1445 2604 est
1459 2573 1493 2603 *.·
1514 2573 1640 2608 Homo,
1665 2582 1736 2602 cum
1761 2573 1792 2601 in
1816 2572 1936 2602 honore
1959 2578 2054 2609 esset,
2080 2582 2142 2602 non
2167 2573 2340 2602 intellexit:
2373 2582 2455 2602 com-

1393 2622 1533 2657 paratus
1548 2622 1594 2647 est
1609 2617 1757 2646 iumentis
1779 2616 2005 2655 insipientibus,
2031 2617 2108 2646 dum
2129 2616 2161 2645 in
2178 2616 2312 2656 propriis
2328 2622 2457 2646 naturae

1400 2668 1506 2691 manet
1522 2670 1689 2701 opponens
1705 2670 1738 2690 se
1752 2660 1919 2690 altissimae
1936 2670 2046 2690 causae
2062 2660 2193 2690 iudicio:
2215 2667 2245 2690 et
2259 2660 2330 2690 ideo
2345 2660 2458 2690 similis

1389 2706 1507 2746 factus
1529 2710 1576 2735 est
1598 2705 1670 2735 illis.
1692 2722 1712 2727 —
1735 2705 1800 2734 Nec
1824 2711 2010 2734 excusantur
2032 2714 2050 2734 a
2073 2711 2258 2743 contemptu
2288 2703 2456 2735 refutantes

1400 2749 1510 2779 fidem:
1536 2748 1748 2790 quia‚nolunt
1771 2748 1879 2778 subiici
1905 2748 2075 2788 praeceptis
2099 2748 2214 2788 quibus
2244 2755 2398 2784 tenentur,
2422 2755 2458 2779 ut

1399 2794 1463 2823 iarn
1487 2793 1679 2823 declaratum
1703 2799 1758 2822 est.

2482 1953 2691 2002 &aazias

2483 2006 2512 2028 de
2529 1996 2591 2028 Verbi
2610 1996 2672 2035 Apes·
2671 2008 2689 2027 t.

2483 2040 2532 2061 cap.
2547 2040 2578 2055 xi.

2483 2580 2535 2601 Ῥι.
2544 2586 2626 2606 xum,
2634 2586 2692 2602 vers.

2484 2612 2514 2635 13,
2530 2612 2561 2628 21.

1047 2935 1365 2977 ARTICULUS
1395 2934 1693 2976 SECUNDUS

690 3019 846 3050 UTRUM
870 3019 1139 3050 INFIDELITAS
1163 3019 1230 3050 εῖτ
1256 3019 1299 3049 IN
1323 3018 1600 3049 INTELLECTU
1625 3017 1750 3048 smur
1775 3017 1817 3048 IN
1841 3016 2053 3048 sufflssc‘ro
2083 3065 2086 3068 y

735 3097 756 3121 11
777 3097 859 3126 Sent„
879 3097 938 3122 dist.
956 3104 1037 3128 xxxtx,
1057 3105 1101 3129 qu.
1121 3105 1138 3127 ι,
1158 3102 1204 3122 art.
1225 3104 1248 3126 2.
1267 3097 1300 3122 ad
1318 3103 1348 3128 4;
1368 3097 1407 3127 111,
1427 3097 1487 3122 dist.
1505 3103 1575 3126 xxm,
1594 3104 1638 3128 qu.
1657 3103 1684 3125 11,
1704 3100 1749 3120 art.
1770 3095 1796 3124 3,
1817 3095 1867 3127 qu²
1889 3104 1911 3126 1,
1930 3096 1962 3120 ad
1980 3103 2006 3126 4.

328 3196 335 3203 s
356 3214 362 3221 ¹
407 3191 448 3223 ,ς
460 3216 462 3218 q
498 3179 520 3204 n
536 3178 725 3204 SECUNDUM
740 3178 793 3204 sic
813 3177 1050 3204 PROCEDrrUR.
1067 3167 1226 3205 Videtur
1241 3154 1347 3216 quod
1402 3167 1447 3204 de
1474 3167 1632 3203 Duabus
1650 3167 1776 3203 Anim.
1801 3166 1821 3187 ’¹‘
1849 3167 1925 3203 Sed
1954 3166 2153 3204 infidelitas
2182 3174 2237 3203 est
2260 3165 2455 3216 quoddam
2485 3180 2493 3189 ·
2509 3178 2566 3206 esp.
2581 3185 2647 3205 ω..

452 3261 461 3273 l
499 3219 699 3257 infidelitas
727 3231 806 3256 non
834 3220 880 3256 sit
907 3219 945 3256 in
972 3220 1160 3257 intellectu
1189 3220 1285 3257 sicut
1308 3219 1346 3256 in
1402 3227 1613 3269 peccatum,
1635 3227 1676 3256 ut
1695 3219 1835 3256 dictum
1864 3227 1920 3256 est
1938 3219 1970 3255 ⁸.
2002 3220 2102 3267 Ergo
2127 3219 2324 3256 infidelitas
2345 3225 2400 3256 est
2418 3219 2455 3256 in
2482 3231 2558 3253 Ἀκι.
2574 3231 2679 3259 pmoed.

499 3272 681 3310 subiecto.
713 3273 840 3310 Omne
871 3272 973 3309 enim
1001 3281 1200 3321 peccatum
1221 3273 1259 3310 in
1277 3285 1346 3310 vo-

420 3338 430 3351 *
479 3327 638 3363 luntate
660 3333 731 3364 est:
756 3333 797 3361 ut
815 3325 1047 3373 Augustinus
1072 3325 1171 3373 dicit,
1192 3326 1228 3363 in
1250 3326 1346 3363 libro

341 3452 368 3485 α)
389 3453 533 3477 voluntate.
551 3466 570 3471 —
588 3454 656 3477 sicut
676 3453 702 3476 in
721 3452 836 3476 subiecto
856 3452 924 3476 addit
945 3452 972 3476 Ρ.
990 3465 1009 3471 -
1027 3453 1077 3476 Pro
1099 3459 1164 3478 non.
1184 3456 1210 3476 ct
1229 3460 1280 3477 non
1303 3452 1351 3477 Ka.

1401 3274 1596 3310 voluntate
1616 3277 1643 3319 α,
1674 3284 1751 3309 non
1775 3272 1812 3309 in
1840 3272 2040 3309 intellectu.
2118 3292 2121 3293 ν
2580 3286 2598 3302 α

1456 3338 1491 3363 2.
1521 3327 1762 3372 PRAETEREA,
1792 3325 1991 3362 infidelitas
2020 3326 2134 3362 habet
2162 3325 2344 3362 rationem
2369 3337 2456 3373 pec-
