2892 4056
297 228 405 260 Primo
419 226 551 267 quidem
569 224 854 265 promptitudinem
868 225 969 254 animi
991 224 1031 253 ad
1050 223 1308 254 contendendum
1327 235 1354 252 ιν.

297 271 462 303 Editiones
489 271 599 309 legunt
620 269 705 309 quod
726 268 1009 308 promptitudinem
1033 268 1148 298 habeat
1169 268 1286 305 animi,
1306 267 1358 297 vel

298 316 399 346 animi
420 314 535 345 habeat
550 313 584 348 P,
602 322 675 342 cum
699 313 767 342 sola
782 321 833 348 so·;
858 312 950 343 ceteri
974 311 1096 342 nullam
1118 311 1291 342 variantem
1306 311 1359 341 ha-

298 361 373 390 bent
392 359 452 389 nisi
467 356 721 398 promptitudine
739 357 780 392 L;
804 357 863 386 lac.
877 355 947 398 l>48.

354 447 423 486 438.
440 463 462 469 -
478 445 542 482 Qu.
558 455 617 475 ην
633 451 689 475 art.
703 445 721 474 6
736 437 802 486 (δ)ι
836 456 851 471 α
867 443 908 473 Et
921 443 994 473 ideo
1010 443 1216 483 percipiendo
1236 443 1359 473 donum

298 489 478 531 sapientiae,
492 489 530 519 ad
543 489 602 519 Dei
618 487 804 518 filiationem
817 488 917 518 homo
930 486 1078 527 pertingit
1091 498 1119 516 >.
1134 487 1359 526 participando

299 535 410 574 legunt
431 543 468 564 ex
491 533 593 573 prima
615 533 689 569 usK,
706 530 795 574 πψνν,
812 531 972 573 ΟΗνφΡΙ),
993 540 1030 560 ex
1045 530 1134 560 tertia
1160 539 1200 570 29
1216 531 1255 571 37
1268 540 1311 566 5σ,
1329 537 1360 561 et
1386 534 1389 566 ξ

299 578 471 614 editiones;
489 576 696 617 percipiendo
719 577 770 607 vel
782 574 1008 615 participando
1038 582 1090 609 10;
1111 572 1145 616 Ι,ζ
1163 575 1286 610 abrasa;
1307 574 1360 604 de-

299 621 364 652 ficit
391 630 444 662 19;
469 628 504 652 ut
528 621 620 651 ceteri
644 620 714 651 Gal.
731 626 761 650 et
775 619 867 650 vinc.
885 618 907 648 1.
923 628 968 648 111.
987 627 1072 648 xxm.

354 719 424 748 44⁵·
439 726 461 732 -
478 709 541 746 Qu.
557 718 629 738 nvi
643 714 700 738 art.
721 717 731 737 1
753 704 819 750 (γ);
847 719 862 733 ‹
879 706 963 736 Nam
978 705 1085 735 fatuus
1101 712 1184 736 caret
1205 715 1299 736 sensu
1315 706 1362 736 iu·
1388 718 1390 720 ·

300 753 442 788 dicandi;
466 753 581 783 stultus
603 758 711 782 autem
734 750 836 786 habet,
856 750 911 779 sed
934 749 1136 786 hebetatum;
1160 750 1285 790 sapiens
1308 760 1362 780 au—

300 804 366 828 tem
395 797 510 828 subtile
531 806 572 826 ac
587 795 762 836 perspicax
779 807 808 824 ν.
834 794 878 824 lta
901 803 972 833 pars
1003 793 1150 823 codicum
1178 794 1273 833 longe
1296 804 1363 824 ma·
1390 825 1391 829 ,

300 841 359 877 ior,
375 841 522 872 subtilem
544 849 584 870 ac
606 837 652 880 (et
673 836 720 877 εξ,
736 839 793 876 Ρα,
819 843 916 878 atque
937 835 969 879 ν)
988 839 1206 877 perspicacem
1223 848 1238 868 s
1256 839 1308 874 60,
1327 847 1362 874 π,

301 882 429 923 ῦΗινξ
442 893 483 921 sx,
496 894 557 920 ,Lm
577 893 614 913 ιο
626 892 661 918 „o
676 890 707 912 et
722 883 778 919 Pa,
795 882 941 912 subtilem
958 879 1124 922 (stultilem
1140 880 1176 923 n)
1193 891 1232 912 ac
1241 883 1365 922 perspi—

301 934 408 959 catum
431 927 569 958 secunda
592 926 698 957 classis
722 926 776 956 sed
798 936 839 955 La
867 924 1080 964 corriguntur,
1106 925 1311 956 subtilitatem
1335 931 1365 956 et

295 973 427 1012 perspic
440 970 542 1013 (acem
559 979 654 1010 super
670 969 746 1012 ras.)
759 970 798 1006 D,
809 969 956 1000 subtilem
973 974 1004 999 et
1013 970 1260 1009 prosperitatem
1276 970 1363 1005 Brit„
1390 977 1392 984 ·

300 1016 424 1047 subtilis
441 1020 488 1046 est
502 1024 541 1045 ac
550 1015 726 1054 perspicax
745 1015 796 1054 39.
813 1014 874 1043 Pro
890 1023 940 1050 ac,
954 1018 1011 1043 aut
1026 1023 1051 1042 ω
1066 1014 1104 1044 55
1122 1012 1298 1054 (per-spicat
1313 1015 1363 1050 55,

300 1060 357 1090 sed
379 1068 475 1099 supra
498 1065 693 1098 expunctum
716 1063 729 1088 t
752 1057 858 1088 scribit
871 1055 911 1098 x)
935 1054 1010 1099 ψρᾶ,
1034 1066 1077 1098 47
1102 1064 1132 1087 et
1156 1066 1192 1093 ας
1228 1058 1286 1087 lac.
1312 1067 1364 1100 μιᾳ
1391 1059 1393 1082 :

302 1102 407 1135 deficit
435 1113 445 1132 1
453 1113 483 1143 9.

357 1191 428 1230 45s.
444 1208 466 1213 —
483 1190 562 1221 Ibid.
580 1190 618 1220 ad
642 1200 658 1225 ι,
674 1183 739 1232 (8):
767 1203 781 1217 ιι
799 1189 971 1229 Praecipue
987 1196 1095 1220 autern
1110 1189 1234 1226 videtur
1254 1189 1367 1229 aliquis
1392 1196 1394 1201 ‘

301 1244 373 1266 esse
399 1234 517 1273 stu-ltus
538 1233 676 1274 equando
706 1233 824 1273 patitur
856 1233 1014 1263 defectum
1041 1233 1075 1262 in
1104 1242 1230 1263 summa
1258 1233 1367 1263 iudicii
1393 1249 1394 1253 =

292 1280 386 1320 'qffae
408 1272 579 1308 attenditur
601 1278 778 1315 secundum
803 1286 930 1307 causam
958 1276 1142 1307 altissimam
1160 1289 1190 1307 ›.
1215 1277 1260 1307 lta
1283 1277 1368 1307 codi—

296 1333 355 1354 ces
377 1331 478 1363 paene
501 1331 624 1358 omnes,
647 1322 722 1352 Brit.
747 1328 777 1352 et
801 1321 968 1356 editiones;
991 1322 1147 1351 sententia
1177 1319 1260 1361 Κζη,
1284 1322 1326 1357 H,
1345 1331 1366 1351 α

307 1375 400 1403 ιο,σ;
425 1367 457 1396 in
480 1375 605 1397 summo
628 1366 746 1396 iudicio
768 1376 818 1396 ux.
842 1364 955 1395 Deficit
983 1374 1019 1404 19

298 1481 301 1486 .
358 1454 428 1493 468.
446 1470 468 1477 -·
483 1453 603 1484 Tribus
624 1453 704 1483 locis
726 1459 830 1492 partes
853 1451 1017 1487 orationis,
1034 1458 1070 1482 ut
1092 1452 1216 1482 bonurn
1238 1462 1369 1483 sensum

302 1497 448 1529 habeant.
461 1497 550 1527 aliter
565 1496 758 1526 ordinandae
771 1496 919 1526 videntur
928 1505 1026 1536 quam
1042 1495 1075 1525 in
1088 1495 1250 1526 codicibus
1265 1497 1369 1527 omni-

303 1541 365 1572 bus
378 1541 429 1571 vel
445 1550 545 1581 paene
562 1540 712 1571 omnibus
728 1540 891 1570 ordinatae
908 1546 991 1570 sunt.
1013 1540 1076 1576 Qu.
1092 1550 1174 1570 xxxn
1190 1546 1246 1571 art.
1266 1542 1281 1570 5
1300 1539 1368 1585 (γ);

297 1585 382 1615 *Εἰ
397 1584 469 1615 dico
492 1584 692 1624 superfluum
707 1595 774 1615 non
798 1584 905 1614 solum
922 1590 1064 1624 respectu
1087 1584 1137 1614 sui
1153 1583 1263 1624 ipsius,
1280 1586 1369 1625 quod

300 1635 352 1660 ost
368 1638 465 1669 supra
485 1629 519 1659 id
533 1629 623 1669 quod
645 1636 691 1659 est
707 1629 918 1659 necessarium
941 1627 1117 1664 individuo,
1134 1629 1189 1659 sed
1205 1629 1299 1659 etiam
1322 1639 1369 1659 re·

302 1679 415 1714 spectu
425 1672 563 1703 aliorum
578 1683 719 1713 quorum
731 1683 806 1703 cura
821 1672 879 1703 sibi
891 1672 1062 1703 incumbit:
1083 1673 1158 1713 quia
1170 1673 1257 1712 prius
1273 1683 1370 1713 opor-

300 1723 350 1749 tet·
362 1717 452 1758 quod
474 1717 697 1757 unusquisque
713 1717 773 1747 sibi
795 1716 961 1757 provideat
975 1723 1006 1747 et
1021 1716 1070 1746 his
1093 1726 1235 1756 quorum
1251 1727 1325 1747 cura
1341 1718 1369 1748 ei

303 1761 471 1797 incumbit,
487 1768 518 1792 et
541 1769 652 1801 postea
668 1762 707 1791 de
730 1761 857 1792 residuo
878 1761 1013 1791 aliorum
1037 1761 1272 1792 necessitatibus
1296 1762 1369 1792 sub-

302 1805 467 1844 veniatur,
496 1813 639 1845 respectu
667 1815 808 1846 quorum
837 1805 952 1835 dicitur
974 1805 1185 1836 necessarium
1215 1815 1370 1845 personae
1395 1815 1396 1819 ¹

303 1850 484 1881 secundum
507 1850 595 1889 quod
619 1859 756 1889 persona
779 1849 970 1889 dignitatem
987 1849 1138 1889 importat
1155 1861 1184 1880 ιν.
1207 1850 1276 1880 Nisi
1299 1850 1371 1880 ulti·

306 1903 400 1925 mum
420 1893 559 1924 incisum
581 1899 725 1934 respectu
744 1903 915 1934 quorum...
933 1894 1082 1933 importat
1102 1901 1176 1934 post
1199 1895 1228 1924 ei
1250 1895 1371 1924 incum-

304 1938 351 1969 aa
373 1937 553 1975 inserimus,
569 1947 699 1968 sensum
723 1947 788 1968 non
819 1938 972 1977 capimus.
996 1938 1112 1968 Nullus
1142 1945 1248 1968 tamen
1272 1939 1371 1969 codex

306 1981 350 2013 ita
371 1981 476 2018 habet,
492 1991 551 2012 nec
573 1982 668 2012 etiam
693 1982 862 2012 editiones.

361 2071 433 2110 47⁵-
449 2085 472 2097 -.—
488 2069 554 2106 Qu.
569 2079 660 2100 xxxtv
675 2076 732 2100 art.
752 2079 770 2100 2
789 2079 806 2099 2
825 2079 888 2108 arg.
905 2067 975 2111 (α);
1003 2083 1017 2098 ‹
1037 2070 1138 2109 magis
1161 2070 1288 2100 videtur
1306 2080 1373 2100 esse

303 2114 476 2153 elongatus
498 2123 516 2143 a
538 2114 608 2144 Deo
632 2113 777 2150 infidelis,
794 2114 850 2154 qui
873 2123 931 2144 nec
953 2113 1013 2143 Dei
1029 2114 1246 2153 cognitionem
1269 2115 1372 2150 habet,

304 2167 409 2198 quam
433 2156 534 2195 fidelis
557 2158 614 2198 qui
646 2157 758 2188 saltem
785 2157 932 2197 quamvis
960 2157 1066 2187 Deum
1098 2165 1270 2198 cognoscat
1299 2169 1374 2189 eum

304 2207 416 2246 tamen
439 2201 514 2231 odio
539 2201 634 2232 habet
652 2216 680 2232 »..
705 2201 908 2241 Cognoscere
931 2211 1006 2232 cum
1036 2207 1142 2232 tamen
1167 2209 1197 2232 et
1219 2202 1296 2232 odio
1319 2203 1373 2233 ha-

306 2247 382 2277 bere
405 2255 485 2276 cum
495 2247 641 2286 quamvis
662 2246 752 2286 iungi
768 2246 880 2277 debere
897 2255 934 2276 ex
953 2252 1100 2276 contextu
1116 2246 1286 2277 indubium
1311 2254 1372 2282 est;

308 2290 365 2330 qni
385 2289 499 2320 saltem
522 2290 626 2320 Deum
647 2291 812 2330 cognoscit
832 2291 979 2330 quamvis
995 2300 1066 2320 eum
1090 2291 1162 2321 odio
1185 2291 1278 2321 habet
1300 2292 1326 2321 L
1343 2298 1373 2322 et

310 2337 349 2364 ex
367 2333 516 2363 secunda*
542 2342 618 2363 cum
647 2333 769 2364 levibus
795 2333 988 2364 variantibus
1019 2344 1060 2364 Lu
1076 2344 1098 2373 4
1113 2336 1154 2374 45
1176 2336 1224 2374 54.
1250 2335 1373 2371 Ceteri,

306 2377 391 2410 Brit.
404 2384 436 2407 et
457 2377 623 2407 editiones
639 2378 796 2412 ruendum
826 2378 978 2414 retinent;
1002 2379 1149 2418 quamuis
1175 2379 1288 2409 saltem
1312 2386 1374 2419 473

308 2422 424 2452 saltem
443 2421 546 2451 Deum
569 2422 716 2461 quamvis
736 2423 792 2457 51;
814 2423 961 2462 quamvis
976 2432 1041 2452 om.
1061 2423 1118 2458 55;
1142 2424 1197 2462 qui
1213 2423 1327 2453 saltem
1345 2429 1376 2453 et

308 2465 416 2496 Deum
440 2473 507 2495 om.
524 2465 578 2495 61.
601 2464 716 2495 Deficit
743 2475 791 2505 19.

309 2517 321 2533 s
344 2523 346 2526 v
367 2509 495 2540 Tertius
517 2509 608 2539 locus
637 2509 693 2539 ubi
715 2509 871 2539 mendum
901 2508 997 2539 huius
1023 2508 1140 2539 indolis
1170 2510 1306 2540 occurrit
1330 2516 1376 2540 est

312 2553 378 2590 Qu.
389 2563 463 2583 xant
478 2560 534 2583 art.
552 2562 570 2583 2
590 2553 606 2583 3
624 2563 688 2593 arg.
705 2551 773 2595 (α.);
801 2565 817 2581 ‹
831 2553 1015 2583 scandalum
1030 2552 1258 2592 impactionem
1274 2564 1374 2594 quan-

311 2597 389 2628 dam
410 2596 572 2637 importat.
597 2597 658 2627 Sed
682 2607 748 2627 non
771 2597 968 2636 quicumque
991 2597 1148 2636 impingit,
1175 2597 1265 2628 cadit.
1290 2598 1375 2637 Ergo

312 2641 508 2677 scandalum,
525 2641 615 2681 quod
638 2648 685 2671 est
703 2641 872 2680 spiritualis
896 2651 996 2676 casm,
1013 2647 1117 2680 potest
1132 2651 1199 2671 esse
1223 2642 1290 2671 sine
1305 2651 1376 2681 pec-

310 2691 385 2717 cato
403 2694 438 2721 »;
461 2685 546 2725 quod
564 2689 611 2716 est
632 2686 812 2725 spiritualis
827 2694 923 2715 casus
945 2685 1133 2724 ponendum
1149 2692 1195 2715 est
1218 2693 1292 2725 post
1301 2695 1378 2726 pec-

313 2734 385 2760 cato
418 2727 478 2771 (cf.
504 2730 616 2759 eadem
638 2729 702 2766 Qu.
719 2735 776 2760 art.
798 2739 808 2759 1
831 2729 871 2759 ad
889 2730 922 2759 3:
940 2730 1085 2769 peccati,
1108 2729 1193 2769 quod
1215 2735 1262 2760 est
1283 2731 1376 2770 spiri-

314 2773 412 2804 malis
434 2771 563 2814 ruina),
587 2783 662 2804 nam
689 2773 732 2803 sic
756 2773 920 2803 conclusio
943 2772 1120 2812 argumenti
1144 2783 1180 2803 ex
1199 2774 1377 2813 praemissis

313 2816 467 2856 sequitur.
490 2817 540 2847 Ad
557 2817 641 2847 hunc
655 2817 765 2847 locum
777 2817 924 2847 meliores
937 2823 1062 2846 tantum
1077 2817 1200 2847 codices
1214 2827 1376 2858 compara·

313 2861 420 2893 vimus
442 2870 562 2901 eosque
586 2871 698 2891 omnes
722 2861 888 2892 unanimes
903 2860 1083 2891 invenimus
1106 2861 1139 2891 in
1162 2862 1280 2892 mendo
1305 2862 1378 2892 reti-

314 2904 432 2940 nend0‚
449 2905 539 2945 quod
562 2911 593 2935 et
615 2904 768 2935 editiones
791 2915 858 2935 non
882 2905 1051 2944 corrigunt.
1076 2904 1188 2936 Deficit
1210 2906 1262 2945 48.

371 2991 441 3030 48s.
457 3008 479 3014 —
495 2991 574 3023 Tria
594 2992 664 3022 loca
686 2992 720 3022 in
750 2991 901 3023 omnibus
931 2992 1093 3022 codicibus
1124 2993 1378 3032 comparavimus

317 3035 373 3066 ubi
396 3045 548 3066 numerus
571 3036 621 3066 vel
643 3037 724 3067 ordo
756 3036 963 3067 Solutionum
990 3046 1056 3066 non
1084 3037 1255 3076 respondet
1271 3039 1378 3076 Argu-

317 3079 432 3110 mentis
461 3086 533 3109 ante
559 3089 675 3119 corpus
705 3079 826 3110 articuli
849 3080 970 3120 positis
997 3080 1061 3117 Qu.
1078 3090 1098 3110 x
1119 3087 1174 3111 art.
1194 3091 1212 3120 9
1233 3078 1299 3122 (ζ);
1326 3081 1379 3121 Ad

310 3125 455 3164 primum
471 3123 606 3154 solvitur
621 3133 686 3153 non
702 3123 843 3163 primurn
863 3130 1087 3163 argumentum
1106 3124 1161 3154 sed
1176 3124 1240 3155 Sed
1254 3129 1377 3155 contra.

317 3168 428 3207 Margo
452 3175 488 3197 σε
512 3168 591 3198 haec
616 3168 726 3207 prima
755 3168 872 3198 solutio
903 3168 1049 3209 refertur
1075 3168 1118 3198 ad
1148 3174 1377 3208 argumentum

312 3217 388 3252 post
419 3212 581 3251 opposita;
604 3211 760 3250 margines
785 3221 827 3241 20
845 3215 902 3242 21':
928 3222 990 3242 non
1024 3211 1150 3243 videtur
1176 3213 1233 3242 illa
1262 3213 1378 3243 solutio
1404 3217 1406 3220 '

312 3256 479 3296 pertinere
500 3255 545 3286 ad
563 3260 792 3295 argumentum
803 3256 967 3294 primurm·
989 3265 1100 3295 margo
1122 3257 1178 3286 55:
1204 3261 1279 3286 nota
1295 3256 1379 3296 quod

318 3300 398 3331 haec
411 3299 528 3331 solutio
551 3299 677 3330 videtur
690 3308 759 3330 esse
781 3300 967 3339 argumenti
981 3300 1013 3330 in
1038 3299 1245 3340 contrafacti
1267 3305 1297 3330 et
1313 3310 1377 3331 non

312 3340 415 3384 primi
443 3344 503 3374 hoc
533 3343 614 3374 idem
643 3343 720 3373 dicit
748 3346 804 3373 mr.
820 3352 888 3383 ges.
913 3341 1082 3385 (magister
1189 3342 1231 3385 ?).
1266 3341 1288 3385 ψ
1313 3344 1378 3374 duo

319 3393 443 3418 tantum
467 3394 652 3427 argumenta
674 3387 777 3422 habet,
795 3396 860 3417 non
885 3387 1060 3427 corrigendi
1087 3387 1202 3427 gratia.
1228 3389 1282 3418 sed
1304 3388 1379 3428 quia

318 3431 562 3462 homoteleuton
593 3431 728 3466 omittit;
753 3430 791 3461 cf.
809 3437 930 3461 textum
960 3431 1054 3471 primi
1077 3438 1107 3462 et
1130 3432 1259 3462 secundi
1289 3441 1378 3471 argu-

319 3475 429 3507 menti.

2371 155 2468 182 xxvu

1381 222 1385 259 l
1465 231 1534 262 49s.
1552 240 1573 244 -
1592 222 1655 259 Qu.
1672 232 1743 252 xxxv
1759 228 1815 252 art.
1838 231 1874 251 12
1892 219 1940 263 (λ)
1962 221 2048 251 deest
2065 220 2184 250 solutio
2202 221 2282 252 tertii
2299 225 2475 262 argumenti

1382 263 1385 297 ἶ
1410 273 1441 296 et
1464 266 1641 296 solutiones
1658 267 1696 296 ad
1720 273 1871 306 quartum
1887 272 1917 296 et
1941 265 1981 295 ad
1997 265 2147 305 quintum
2165 265 2216 295 Ad
2232 268 2359 297 tertium
2379 274 2411 297 et
2424 268 2476 298 Ad

1383 300 1385 336 ἰ
1410 315 1561 350 quartum
1586 310 1743 340 dicuntur.
1768 311 1879 350 Margo
1903 310 1950 340 K:
1974 309 2025 339 hic
2047 309 2152 349 deficit
2174 309 2289 340 solutio
2313 312 2398 341 tertii
2419 322 2475 342 ar-

1384 349 1386 395 }
1411 355 1557 394 grumenti
1581 355 1631 385 vel
1647 359 1755 394 potest
1772 354 1836 384 dici
1858 353 1943 394 quod
1952 358 2044 393 patet
2060 362 2124 393 per
2138 362 2177 383 ea
2192 363 2275 393 quae
2297 354 2381 385 dicta
2399 361 2475 386 sunt

1384 400 1386 418 l
1412 399 1444 427 in
1469 399 1685 437 responsione,
1707 398 1768 428 hoc
1793 405 1839 428 est
1861 398 1894 427 in
1918 405 2066 437 corpore;
2091 396 2224 436 scriptor
2255 398 2384 439 insuper
2408 410 2474 430 cor-

1385 443 1387 476 i
1413 441 1484 480 tigit
1505 441 1557 471 Ad
1575 444 1704 472 tertium
1730 450 1761 472 et
1783 442 1834 472 Ad
1849 447 1999 482 quartum
2024 441 2201 471 secundum
2217 443 2362 472 ordinem
2385 453 2475 483 argu-

1386 477 1388 529 }
1413 491 1607 516 mentorum.
1631 487 1743 525 Margo
1766 494 1803 515 o:
1827 485 1915 516 deest
1935 486 1988 516 hic
2009 486 2124 516 solutio
2157 487 2243 516 tertii
2269 490 2457 528 argumenti
2463 496 2476 525 ;

1414 539 1526 568 margo
1549 538 1584 560 13:
1616 530 1659 560 ad
1673 530 1727 560 IV
1737 530 1926 560 dicendum:
1948 530 2009 560 ista
2028 531 2192 569 responsio
2215 535 2261 560 est
2276 533 2412 571 proprie
2433 532 2476 562 ad

1387 577 1389 608 ζ
1414 574 1559 614 quintum
1583 579 1832 615 argumentum:
1855 577 1965 613 margo
1988 582 2025 603 r:
2049 573 2155 614 deficit
2176 574 2293 604 solutio
2312 576 2398 605 tertii
2419 585 2473 606 ar-

1387 611 1389 657 }
1414 619 1571 657 gumenti.
1596 618 1691 648 Solus
1714 618 1745 648 H
1769 618 1803 647 in
1831 624 1933 647 textu:
1957 618 2008 648 Ad
2038 618 2168 647 tertium
2191 623 2283 657 patet
2311 621 2475 659 responsio

1388 692 1390 704 Ι
1416 670 1458 691 ex
1473 662 1535 691 iam
1552 662 1654 699 dictis,
1673 668 1704 692 et
1718 662 1761 692 ita
1784 662 1808 691 P
1832 661 1899 691 sine
1916 662 1989 692 iam.
2008 672 2026 691 o
2052 661 2200 692 omiserat
2219 661 2327 702 ipsum
2349 663 2475 694 tertium

1417 713 1640 744 argumentum
1657 713 1688 736 et
1709 716 1769 746 pro
1784 705 1836 735 Ad
1857 711 2007 746 quartum
2025 705 2159 736 habebat
2179 706 2231 736 Ad
2250 708 2405 746 quintum,
2422 709 2478 738 sed

1389 789 1391 803 Ι
1417 759 1435 778 a
1459 757 1633 780 correctore
1656 751 1695 779 ad
1719 757 1896 780 ceterorum
1919 749 2088 780 lectionem
2111 750 2279 781 reducitur.

1477 839 1542 868 50⁵.
1559 854 1581 860 -
1597 838 1660 874 Qu.
1681 847 1740 867 xxv
1763 843 1819 867 art.
1839 838 1855 867 5
1875 831 1923 878 (δ)
1951 846 2016 866 non
2040 836 2134 867 habet
2163 838 2405 878 responsionem
2435 834 2478 869 ad

1417 881 1557 915 tertium.
1582 882 1626 912 G:
1650 882 1693 911 Et
1709 890 1773 920 per
1795 881 1854 910 hoc
1870 886 1961 920 patet
1984 882 2146 920 responsio
2168 881 2211 912 ad
2233 884 2382 920 tertium,·
2406 893 2424 913 1.
2448 890 2479 914 et

1417 939 1437 959 N
1461 926 1578 958 habent
1601 925 1651 955 Ad
1674 926 1801 955 tertium
1820 930 1911 964 patet
1927 926 2089 964 responsio
2106 935 2147 954 ex
2162 925 2253 956 dictis
2269 926 2324 956 sed
2342 927 2374 956 in
2391 934 2478 958 utro-

1418 982 1482 1013 que
1505 979 1542 999 ex
1564 968 1668 999 forma
1695 968 1869 998 litterarum
1897 978 1962 998 non
1993 976 2166 1007 spontanea
2196 970 2393 1009 transcriptio
2424 972 2479 1001 sed

1419 1014 1538 1047 additio
1554 1012 1779 1053 praemeditata
1794 1013 1927 1046 videtur.
1945 1012 2025 1043 sicut
2040 1013 2134 1043 etiam
2150 1013 2182 1042 in
2198 1014 2252 1054 37:
2276 1014 2319 1044 Et
2334 1015 2380 1044 sic
2388 1020 2480 1054 patet

1419 1060 1462 1091 ad
1485 1058 1635 1094 tertium;
1658 1067 1767 1096 margo
1783 1065 1819 1086 o:
1844 1062 1876 1086 et
1896 1057 2043 1086 similiter
2058 1058 2101 1087 ad
2116 1058 2244 1087 tertium
2262 1063 2353 1097 patet
2375 1067 2417 1088 ex
2431 1059 2479 1089 di-

1391 1096 1394 1120 ¹
1419 1105 1498 1140 ctis;
1520 1102 1564 1132 P:
1588 1101 1631 1131 ad
1654 1102 1782 1131 tertium
1801 1105 1903 1140 patet.
1927 1100 2022 1130 Solus
2045 1112 2060 1143 ρ
2085 1108 2272 1140 argumento
2296 1102 2411 1132 directe
2434 1111 2479 1132 re—

1392 1158 1394 1178 ,l
1419 1147 1576 1188 spondere
1599 1154 1763 1185 aggressus
1788 1151 1849 1174 est:
1872 1145 1924 1174 Ad
1939 1146 2067 1175 tertium
2090 1145 2256 1175 dicendum
2272 1146 2357 1185 quod
2375 1148 2481 1177 minor

1392 1182 1394 1193 ¹
1421 1202 1483 1222 non
1507 1195 1555 1221 est
1578 1199 1654 1220 vera
1671 1190 1733 1219 nisi
1756 1189 1959 1229 intelligatur
1981 1190 2095 1219 ceteris
2103 1189 2240 1229 paribus
2263 1195 2293 1219 et
2314 1189 2355 1220 de
2372 1191 2480 1220 labore

1420 1234 1623 1267 voluntario:
1645 1234 1806 1263 maximus
1821 1238 1928 1262 autem
1952 1233 2043 1263 labor
2064 1243 2156 1273 quem
2177 1238 2281 1263 mater
2298 1235 2432 1264 sustinet
2447 1236 2479 1264 in

1414 1278 1575 1320 pariendo
1581 1278 1706 1318 filium,
1725 1277 1786 1307 sibi
1807 1282 1854 1307 est
1871 1277 2128 1314 involuntarius;
2151 1287 2208 1307 nec
2222 1283 2298 1307 sunt
2321 1279 2415 1308 etiam
2432 1288 2480 1308 ce-

1421 1330 1491 1354 tera
1508 1323 1620 1362 paria,
1637 1322 1711 1361 quia
1729 1326 1828 1361 pater
1849 1326 1895 1351 est
1917 1321 2092 1357 secundum
2108 1330 2176 1351 esse
2193 1322 2387 1361 principium
2404 1323 2480 1353 acti-

1421 1377 1507 1403 vum,
1524 1371 1629 1395 mater
1644 1375 1719 1395 vero
1730 1366 1895 1404 passivum
1913 1370 1942 1394 et
1964 1374 2090 1405 semper
2105 1370 2152 1395 est
2174 1365 2382 1396 excellentior
2397 1368 2480 1397 ratio

1394 1413 1396 1439 l
1415 1410 1569 1451 principii
1592 1410 1695 1439 activi·
1710 1418 1804 1448 quam
1824 1410 1955 1448 passivi.
1980 1409 2152 1449 Sequentes
2176 1415 2266 1439 notas
2295 1410 2481 1449 marginales

1421 1454 1619 1485 invenimus:
1642 1453 1694 1482 hic
1716 1453 1820 1492 dfficit
1843 1452 1886 1482 ad
1907 1453 2036 1482 tertium
2060 1453 2092 1482 in
2116 1453 2155 1488 D,
2181 1453 2224 1482 ad
2247 1454 2375 1483 tertium
2404 1455 2483 1484 nihil

1421 1499 1498 1529 dicit
1520 1497 1553 1527 in
1576 1497 1612 1533 L,
1629 1496 1733 1536 deficit
1758 1497 1841 1526 ratio
1858 1497 1952 1526 tertia
1976 1496 2008 1526 in
2030 1496 2061 1532 λ,
2083 1501 2158 1526 nota
2176 1497 2217 1526 ibi
2239 1497 2344 1537 deficit
2365 1498 2481 1529 solutio

1421 1543 1465 1573 ad
1487 1542 1616 1572 tertium
1640 1545 1869 1580 argumentum
1893 1539 1926 1569 in
1950 1550 1984 1581 μ,
2002 1540 2107 1580 deficit
2129 1539 2162 1569 in
2185 1550 2215 1576 D,
2234 1541 2361 1571 tertium
2383 1551 2481 1583 argu-

1422 1591 1561 1616 mentum
1586 1585 1619 1614 in
1638 1594 1668 1619 τ,
1684 1584 1735 1614 hic
1756 1583 1862 1624 deficit
1884 1583 1928 1613 ad
1950 1586 2078 1614 tertium
2102 1590 2165 1614 ant.
2189 1594 2214 1620 1,
2241 1585 2346 1624 deficit
2367 1586 2483 1616 solutio

1423 1631 1520 1661 unius
1540 1629 1727 1670 argumenti
1750 1628 1783 1658 in
1807 1638 1840 1668 7.

1831 1715 2076 1747 CONCLUSIO

1394 1773 1402 1793 Γ

1476 1806 1601 1835 Praeter
1624 1804 1695 1834 loca
1718 1804 1846 1834 duobus
1870 1804 2008 1834 elenchis
2031 1804 2184 1843 exposita,
2208 1804 2311 1834 multo
2335 1806 2427 1845 plura
2447 1815 2484 1835 ex

1423 1849 1533 1889 primis
1561 1848 1768 1889 quadraginta
1798 1857 1851 1877 sex
1875 1847 2123 1884 Quaestionibus
2153 1855 2184 1879 et
2212 1848 2307 1878 etiam
2337 1849 2428 1885 ultra,
2451 1849 2484 1878 in

1423 1892 1656 1933 antiquioribus
1679 1898 1709 1922 et
1731 1890 1914 1921 melioribus
1937 1891 2023 1921 libris
2047 1892 2303 1931 composuimus.
2323 1893 2485 1932 Tempore

1422 1937 1596 1973 voluminis
1619 1936 1733 1966 edendi
1755 1935 1820 1965 iam
1842 1942 1983 1975 urgente,
2007 1946 2044 1966 ea
2066 1936 2117 1966 hic
2141 1946 2298 1976 exponere
2320 1946 2384 1967 non
2411 1947 2484 1977 pos-

1424 1991 1546 2016 sumuS,
1570 1980 1718 2020 quamvis
1740 1979 1894 2010 unitatem
1922 1979 2060 2010 familiae
2083 1980 2182 2020 magis
2212 1981 2374 2021 magisque
2398 1990 2484 2011 com-

1424 2025 1620 2065 probassent.
1660 2023 1810 2054 Ceterum
1838 2024 2004 2064 hucusque
2035 2024 2107 2054 satis
2132 2024 2363 2055 demonstrasse
2393 2025 2484 2055 nobis

1422 2070 1570 2099 videmur
1589 2078 1702 2098 omnes
1726 2068 1861 2104 codices,
1879 2068 2033 2098 editiones
2058 2075 2088 2098 et
2105 2068 2275 2108 Speculum
2294 2069 2423 2099 Morale
2445 2069 2485 2098 ad

1425 2123 1528 2144 unum
1542 2112 1682 2154 primurn
1699 2112 1866 2152 exemplar,
1883 2112 1964 2142 inter
1978 2112 2066 2151 ipsos
2086 2119 2116 2142 et
2127 2113 2320 2153 archetypon
2333 2113 2484 2150 medium,

1425 2157 1534 2188 redire.
1558 2157 1689 2186 Errores
1711 2156 1822 2196 utique
1846 2155 1949 2186 stricte
1967 2166 2153 2186 communes
2176 2156 2208 2187 in
2225 2163 2310 2187 tanta
2331 2156 2487 2187 librorum

1425 2201 1631 2231 multitudine
1651 2207 1682 2231 et
1697 2199 1844 2230 facilitate
1861 2200 2035 2240 corrigendi
2049 2200 2140 2230 valde
2161 2201 2251 2240 pauci
2269 2200 2485 2237 inveniuntur;

1426 2246 1488 2276 hoc
1497 2252 1713 2275 correctorum
1726 2244 1899 2274 industriae
1911 2254 1967 2284 per
1978 2245 2043 2274 duo
2053 2244 2178 2274 saecula
2188 2245 2336 2275 exercitae
2347 2245 2486 2276 debetur.

1426 2290 1502 2320 Inde
1523 2289 1619 2320 etiam
1641 2288 1739 2318 nimia
1762 2288 1816 2318 illa
1837 2295 1867 2318 et
1880 2289 2129 2329 superexcedens
2144 2289 2287 2324 varietas,
2309 2299 2326 2318 a
2340 2289 2487 2320 varietate

1426 2333 1620 2364 familiarum
1644 2342 1773 2372 prorsus
1796 2332 1911 2368 aliena,
1936 2339 1967 2362 et
1989 2341 2071 2372 quae
2094 2333 2292 2373 autographo
2314 2333 2364 2362 vel
2387 2333 2488 2363 decies

1426 2377 1613 2417 transcripto
1646 2376 1731 2406 nasci
1766 2377 1919 2416 nequiret.
1961 2377 2154 2417 Apograpl-ya
2188 2377 2272 2406 enim
2307 2377 2489 2407 immediata

1427 2422 1586 2452 erroribus
1609 2421 1739 2461 quidem
1769 2421 1875 2460 specie
1901 2420 2013 2450 iisdem
2042 2421 2080 2450 ab
2103 2421 2301 2461 autographo
2325 2420 2486 2451 differunt:

1426 2466 1560 2495 verbum
1589 2463 1780 2504 compendio
1804 2465 1854 2494 vel
1885 2465 1977 2504 plene
2001 2465 2152 2504 scriptum
2183 2474 2345 2504 perperam
2369 2465 2487 2504 legunt,

1427 2509 1501 2538 alibi
1517 2509 1658 2538 verbum
1672 2508 1825 2538 omittunt
1841 2515 1895 2538 aut
1914 2508 2075 2539 interdum
2091 2509 2220 2544 addunt,
2245 2509 2487 2539 homoteleuton

1428 2553 1581 2582 omittunt
1603 2552 1653 2582 vel
1676 2558 1832 2591 repetunt,
1855 2552 1983 2582 lituram
2005 2562 2072 2582 non
2088 2553 2254 2583 advertunt
2275 2553 2325 2582 vel
2342 2553 2423 2582 male
2439 2553 2488 2582 in-

1428 2602 1650 2636 terpretantur;
1680 2596 1756 2625 haec
1787 2602 1817 2626 et
1840 2594 1952 2626 similia
1976 2596 2100 2631 menda,
2130 2596 2293 2627 hominem
2317 2596 2487 2637 sequentia,

1429 2640 1534 2670 omnis
1550 2640 1684 2679 scriptor
1696 2639 1782 2675 facit;
1799 2650 1857 2679 pro
1871 2640 2064 2680 archetypon
2081 2640 2355 2680 interpretantibus
2371 2640 2489 2671 accedit

1429 2684 1596 2714 difficultas
1619 2683 1814 2723 exemplaris.
1856 2684 1918 2714 Sed
1939 2683 2055 2714 librarii
2079 2685 2250 2722 generatim
2274 2693 2339 2714 non
2362 2684 2487 2722 eodem,

1429 2729 1485 2758 sed
1508 2738 1566 2758 suo
1591 2728 1727 2769 quisque
1749 2728 1821 2758 loco
1845 2727 1986 2758 humana
2010 2728 2135 2767 patitur.
2165 2729 2241 2765 Quo
2263 2727 2299 2758 fit
2322 2735 2357 2758 ut
2381 2735 2488 2758 contra

1430 2773 1546 2802 menda
1561 2772 1656 2802 unius
1673 2771 1809 2801 familiae
1831 2771 1863 2814 in
1880 2772 1948 2801 aliis
1962 2778 2114 2811 perpetua
2129 2772 2222 2802 series
2237 2771 2489 2802 authenticarum

1429 2816 1603 2846 lectionum
1634 2822 1779 2845 naturam
1810 2816 1921 2845 erroris
1951 2815 2175 2855 explicantium
2203 2816 2416 2856 contraposita
2439 2816 2488 2852 sit,

1430 2867 1461 2891 et
1482 2860 1614 2890 varietas
1644 2870 1662 2889 a
1686 2859 1913 2890 correctoribus
1943 2859 1975 2889 in
1999 2859 2141 2900 singulos
2170 2860 2268 2890 libros
2297 2859 2488 2890 familiarum

1429 2905 1608 2935 introducta
1638 2903 1717 2933 circa
1746 2910 1794 2934 tot
1817 2909 1852 2934 ut
1874 2903 1916 2933 ita
1940 2903 2041 2934 dicam
2067 2910 2171 2934 centra
2202 2903 2379 2934 revolvatur
2410 2911 2491 2944 quot

1430 2955 1518 2978 erant
1541 2947 1741 2977 immediatae
1764 2947 2227 2988 interpretationesarchetypi.
2252 2948 2399 2978 Elenchis
2414 2957 2489 2978 vero

1430 3002 1526 3032 supra
1548 2992 1661 3032 positis
1691 2991 1841 3030 probasse
1871 2997 2037 3031 putamus.
2061 2991 2146 3022 idem
2169 2992 2248 3021 illud
2271 2992 2446 3031 exemplar,
2471 3001 2489 3021 a

1403 3049 1407 3082 ι
1431 3047 1497 3077 quo
1521 3036 1647 3066 codices
1668 3035 1778 3065 sinceri
1803 3035 1922 3074 primae
1946 3035 2051 3066 classis
2073 3043 2182 3066 ortum
2209 3036 2396 3071 habuerunt,
2421 3036 2491 3066 univ

1432 3090 1506 3111 cum
1521 3087 1664 3110 centrum
1681 3089 1747 3109 esse
1766 3079 1912 3110 omnium
1929 3080 2085 3111 codicum.
2110 3080 2251 3110 Primum
2271 3080 2489 3120 apographum

1431 3124 1563 3154 unicum
1586 3123 1690 3154 omnis
1705 3123 1861 3154 varietatis
1878 3123 2032 3154 unitatem
2056 3124 2227 3159 constituit,
2244 3124 2283 3153 ad
2299 3133 2396 3164 quarn
2416 3133 2491 3153 mox

1431 3169 1596 3199 reveniunt
1619 3167 1674 3208 qui
1697 3168 1891 3208 quandoque
1905 3167 1956 3198 vel
1979 3168 2074 3198 etiam
2087 3178 2180 3208 saepe
2202 3167 2360 3198 recedunt.
2385 3167 2491 3197 Aliam

1432 3212 1579 3243 codicum
1603 3211 1820 3251 genealogiam
1843 3212 2006 3252 explorare
2022 3212 2135 3242 frustra
2151 3212 2254 3242 conati
2277 3219 2402 3246 sumus;
2427 3211 2488 3241 for-

1431 3256 1546 3287 tiorem
1574 3263 1604 3286 et
1627 3255 1726 3294 magis
1750 3255 1947 3295 perspicuam
1973 3256 2195 3295 cognationem
2224 3264 2289 3285 non
2312 3254 2490 3285 invenimus

1432 3310 1531 3341 quam
1549 3300 1637 3330 illam
1657 3299 1707 3330 cui
1727 3309 1846 3330 errores
1865 3300 2013 3330 codicum
2032 3299 2226 3330 sincerorum
2246 3299 2365 3338 primae
2384 3298 2490 3329 classis

1433 3355 1499 3375 non
1519 3344 1617 3374 dubio
1635 3344 1828 3374 documento
1851 3350 1934 3375 sunt.
1960 3344 2096 3375 Codices
2111 3343 2266 3373 secundae
2285 3342 2400 3378 classis,
2417 3352 2490 3382 pro·

1432 3394 1502 3428 pter
1517 3387 1666 3428 speciales
1689 3387 1839 3418 lectiones
1862 3398 1880 3418 a
1900 3388 2008 3418 ceteris
2031 3387 2169 3428 sepositi,
2187 3387 2344 3417 erroribus
2364 3386 2490 3417 retentis

1433 3432 1533 3472 magis
1557 3441 1630 3462 cum
1654 3431 1756 3471 prima
1780 3432 1876 3462 classe
1892 3442 1990 3472 quam
2013 3431 2187 3472 specialiter
2207 3430 2340 3470 legendo
2363 3430 2444 3460 inter
2458 3440 2491 3460 se

1434 3475 1755 3516 conveniunt;=quod
1777 3475 1856 3506 nihil
1879 3476 1965 3506 aliud
1984 3483 2030 3506 est
2049 3485 2145 3516 quam
2161 3475 2250 3515 quod
2267 3474 2491 3505 intermedium
