2892 4056
0 3046 2 3053 -
0 3014 3 3027 Ἴ-
0 2703 10 3005 -η-...π-ν-η-ημ-ων-,η
0 2689 2 2693 ν

1014 194 1281 241 QUAESTIO
1311 194 1379 242 XI,
1408 194 1703 231 ARTICULUS
1734 194 1784 230 IV
2410 206 2476 231 101

312 274 385 304 dem
407 273 564 303 minorem
581 272 823 311 perspicaciam
848 272 945 303 fultus
961 272 1167 303 nihilominus
1187 271 1307 303 ratione
1322 282 1371 302 so-
1427 282 1498 302 mus
1522 272 1554 301 in
1577 272 1648 302 solo
1671 272 1765 302 corde
1789 281 1854 304 non
1877 278 1923 302 est
1946 271 2247 306 excommunicatus,
2272 281 2329 301 nec
2353 271 2483 302 aliarum

310 317 384 353 lida,
401 327 438 348 ex
460 326 523 357 qua
539 316 707 346 solvuntur
723 326 834 347 omnes
858 316 1064 353 difficultates,
1081 317 1183 348 destiti
1199 328 1216 348 a
1232 326 1372 356 perscru-
1425 315 1501 346 iuris
1523 316 1655 346 humani
1675 326 1850 356 poenarum
1867 325 1948 346 reus.
1973 315 2006 346 Si
2029 322 2134 346 tamen
2150 321 2315 355 peccatum
2338 315 2483 351 haeresis,

311 361 429 392 tatione
452 360 570 391 iurium
593 367 624 395 et
647 360 816 391 doctorum
839 361 1054 402 allegatorum.
1426 370 1490 390 non
1513 360 1634 390 ratione
1653 370 1802 390 censurae
1824 370 1972 396 annexae,
1989 367 2024 390 ut
2047 359 2078 389 in
2096 369 2245 399 processu
2270 359 2398 390 annuali
2421 360 2484 390 Ro-

366 405 499 436 Duabus
517 403 613 443 igitur
628 404 881 435 distinctionibus
905 405 938 435 in
960 405 1019 436 hac
1037 415 1070 436 re
1086 411 1182 436 utere.
1206 404 1310 435 Prima
1327 411 1373 435 est
1425 413 1536 435 manae
1570 403 1673 434 curiae
1704 411 1892 440 reservatur,
1922 404 1976 434 sed
2007 403 2151 434 absolute
2181 410 2261 433 esset
2292 410 2485 434 reservatum

312 450 350 479 de
369 448 506 484 occulto,
524 448 613 487 quod
629 454 675 478 est
699 449 829 488 duplex:
855 449 1016 490 quoddam
1034 459 1089 489 per
1104 459 1147 485 se,
1164 456 1194 479 et
1209 449 1371 489 quoddam
1425 448 1527 488 Papae
1550 448 1600 478 vel
1624 448 1790 488 episcopo;
1816 458 1881 478 non
1896 454 2004 488 posset
2019 447 2087 478 talis
2104 446 2276 478 haereticus
2293 447 2331 477 ab
2347 447 2485 477 inferiori

311 502 367 533 per
389 492 542 523 accidens.
572 491 744 522 Occultum
777 503 833 533 per
855 502 887 523 se
911 500 958 523 est
986 493 1075 533 quod
1099 503 1135 523 ex
1165 502 1220 523 sua
1251 493 1371 523 ratione
1425 492 1560 522 absolvi:
1585 491 1739 532 quoniam
1768 492 1936 522 reservatio
1966 502 2031 522 non
2060 498 2106 522 est
2135 501 2254 532 poena,
2283 491 2338 521 sed
2361 491 2484 531 negatio

311 536 368 567 sibi
392 536 528 567 vindicat
547 545 611 566 non
635 537 761 567 subesse
782 536 955 576 cognitioni
979 536 1152 572 sensitivae,
1169 547 1187 567 a
1210 546 1273 576 qua
1295 536 1371 567 inci·
1424 536 1473 566 vel
1492 535 1653 576 ademptio
1669 535 1902 572 iurisdictionis,
1918 546 1982 576 qua
1997 535 2141 576 superior
2156 542 2260 576 potest
2277 535 2322 566 uti
2338 534 2370 564 in
2386 545 2486 575 quan-

310 580 358 621 pit
374 579 515 610 humma
535 580 684 619 cognitio,
701 581 878 611 secundum
893 589 992 620 quam
1006 580 1144 611 Ecclesia
1159 580 1285 612 iudicat.
1310 580 1371 611 Oc·
1425 586 1634 620 tumcumque
1657 579 1798 610 occultis.

311 624 434 655 cultum
457 633 532 654 vero
555 634 611 664 per
634 624 778 656 accidens
801 631 848 654 est
869 625 968 664 quod,
986 624 1057 654 licet
1073 625 1177 654 sensui
1202 625 1370 660 subiaceat,
1476 624 1565 654 Patet
1587 624 1727 654 secundo
1743 624 1840 664 quod,
1858 624 1882 653 si
1898 623 2070 654 haereticus
2093 623 2126 654 in
2150 623 2244 654 corde
2265 622 2407 654 exteriori
2431 622 2485 652 ali-

310 674 422 699 testem
445 674 551 699 tamen
574 668 625 699 vel
647 675 740 700 testes
763 677 829 698 non
852 667 955 698 habet.
1425 678 1490 708 quo
1514 678 1609 708 opere
1633 668 1683 698 vel
1705 668 1800 698 verbo
1821 675 1986 707 peccatum
2009 678 2105 698 suum
2127 674 2298 708 exequatur
2314 676 2369 698 seu
2393 666 2484 702 dicat,

365 711 510 743 Secunda
534 719 580 743 est
602 713 641 743 de
665 719 735 743 actu
758 711 908 747 interiori,
933 711 1022 751 quod
1046 711 1211 751 dupliciter
1239 712 1371 743 exerceri
1425 711 1528 742 statim
1552 719 1598 742 est
1622 711 1929 747 excommunicatus;
1954 711 2049 742 etiarn
2068 711 2093 742 si
2117 711 2225 742 nullus
2249 710 2364 747 audiat,
2382 710 2487 741 videat

309 761 425 796 potest.
450 755 567 792 Primo,
585 757 688 787 solus:
713 761 749 786 ut
772 764 845 786 cum
869 754 940 795 quis
955 755 1024 785 vult
1047 754 1147 786 facere
1170 755 1291 786 malum
1315 755 1370 786 ali-
1425 763 1478 786 aut
1501 755 1745 796 quomodolibet
1767 755 1919 795 percipiat
1948 755 2007 785 nisi
2030 756 2174 796 ipsemet.
2204 755 2288 792 Quia
2314 762 2389 786 tunc
2411 754 2486 785 hae-

310 799 410 840 quod,
429 800 479 830 vel
501 800 578 831 odio
597 800 691 831 habet
713 799 861 840 aliquem,
876 799 927 829 vel
949 799 1104 834 discredit,
1122 806 1152 830 et
1176 799 1370 835 huiusmodi,
1425 799 1499 830 resis
1522 807 1687 839 peccatum
1710 809 1776 829 non
1800 800 1859 829 nisi
1883 809 1939 839 per
1962 800 2104 830 accidens
2129 806 2175 830 est
2194 800 2356 830 occultum
2379 799 2484 829 Eccle-

310 844 460 874 solumin
471 845 565 875 corde
580 854 650 875 suo.
675 844 832 879 Secundo,
850 849 956 883 potest
971 843 1104 873 exerceri
1119 850 1155 874 ut
1174 853 1267 874 causa
1282 853 1370 874 com·
1425 844 1503 874 siae:
1528 853 1584 883 per
1601 853 1634 874 se
1653 843 1737 874 enim
1754 843 1847 873 habet
1870 844 1954 874 unde
1970 844 2071 883 possit
2094 844 2133 874 ab
2156 843 2294 874 Ecclesia
2314 843 2393 879 sciri,
2410 843 2486 884 quia

309 887 469 919 missionis
491 889 540 919 vel
563 887 744 919 omissionis
774 886 948 918 exterioris:
973 894 1009 917 ut
1033 896 1107 917 cum
1130 887 1201 927 quis
1229 897 1266 917 ex
1295 887 1370 917 odio
1425 895 1470 918 est
1493 894 1658 928 peccatum
1672 887 1815 918 exterius.
1840 888 1880 917 Et
1903 894 2069 927 propterea
2085 894 2211 927 oportet
2226 887 2421 918 confessores
2437 887 2485 918 in-

310 931 384 962 facit
405 932 455 963 vel
478 931 597 964 omittit
627 931 726 962 facere
749 930 870 971 aliquid
902 937 1002 966 extra,
1027 930 1091 960 sive
1114 930 1194 961 illud
1225 937 1308 962 extra
1332 930 1372 960 sit
1424 931 1557 972 quirere,
1579 941 1654 961 cum
1676 931 1873 970 poenitentes
1896 931 1993 972 tepidi
2007 931 2039 962 in
2056 930 2117 962 fide
2133 931 2188 971 qui
2211 932 2283 962 victi
2306 931 2485 962 tentationi-

309 975 430 1007 locutio
454 975 518 1006 sive
541 974 685 1016 operatio
709 984 939 1015 quaecumque.
1423 976 1483 1005 bus
1507 973 1708 1005 consentiunt
1731 981 1839 1005 contra
1871 974 1966 1005 fidem
1990 982 2169 1011 occurrunt,
2194 985 2233 1005 an
2257 975 2352 1005 etiarn
2375 985 2485 1006 secum

363 1020 410 1050 Ex
433 1019 482 1049 his
505 1019 663 1060 siquidem
685 1019 879 1049 sumendum
902 1017 958 1049 tibi
981 1025 1028 1049 est
1050 1018 1148 1059 quod,
1170 1017 1242 1048 licet
1265 1017 1370 1048 occul·
1423 1019 1511 1049 solus
1535 1028 1588 1049 ore
1612 1018 1779 1058 protulerit
1793 1018 2010 1049 infidelitatem
2030 1029 2120 1049 suam
2137 1019 2266 1059 quando
2281 1019 2313 1049 in
2340 1019 2394 1050 illa
2409 1026 2482 1050 erat.

307 1063 427 1094 tissima
449 1072 505 1103 per
527 1063 686 1099 accidens,
711 1070 741 1093 et
762 1069 857 1093 actus-
877 1061 1042 1093 interiores
1065 1069 1101 1093 ut
1127 1062 1264 1092 rationes
1288 1068 1369 1092 exte·
1478 1063 1567 1093 Patet
1589 1062 1681 1093 tertio
1706 1063 1804 1103 quod,
1829 1073 1903 1093 curn
1927 1063 2112 1103 prohibetur
2134 1063 2373 1104 inquisitoribus
2397 1064 2485 1103 quod

307 1107 429 1139 riorum
451 1107 718 1139 commissionum
741 1106 790 1137 vel
813 1106 1037 1143 omissionum,
1061 1106 1242 1138 subiaceant
1263 1106 1370 1137 Eccle-
1423 1106 1500 1137 odio
1523 1107 1574 1137 vel
1589 1116 1706 1142 amore,
1724 1114 1794 1142 etc„
1820 1117 1885 1137 non
1909 1107 2057 1138 omittant
2079 1108 2248 1147 procedere
2276 1114 2385 1138 contra
2409 1107 2480 1138 hae-

307 1150 371 1183 siae
399 1151 518 1183 iudicio
551 1158 582 1182 et
609 1151 764 1188 censuris;
789 1151 915 1182 occulta
939 1158 1046 1182 tamen
1077 1161 1133 1191 per
1156 1160 1205 1187 se,
1235 1157 1271 1181 ut
1296 1157 1371 1181 sunt
1424 1151 1547 1187 reticos,
1563 1152 1621 1181 sub
1637 1151 1974 1181 excommunicationis
1997 1151 2077 1181 latae
2093 1151 2263 1182 sententiae
2279 1160 2398 1192 poena;
2418 1161 2485 1181 non

307 1201 395 1226 actus
417 1194 581 1227 interiores
596 1195 666 1232 soli,
681 1196 720 1226 ab
736 1195 894 1226 Ecclesiae
916 1195 1034 1226 iudicio
1054 1202 1085 1226 et
1107 1195 1245 1226 censuris
1269 1194 1371 1226 aliena
1425 1195 1716 1226 excommunicatur
1739 1201 1829 1226 actus
1855 1195 1985 1226 interior
2012 1195 2115 1232 solus,
2139 1196 2194 1226 sed
2217 1202 2304 1226 actus
2335 1196 2483 1231 exterior,

307 1246 391 1271 sunt.
414 1239 456 1271 Et
478 1237 558 1271 ratio
582 1247 629 1270 est
651 1239 727 1280 quia
741 1240 834 1270 homo
858 1239 941 1270 videt
963 1249 1046 1280 quae
1054 1244 1185 1280 parent,
1200 1240 1291 1270 Deus
1313 1249 1370 1269 au·
1425 1246 1501 1279 puta
1516 1238 1679 1280 impositio
1695 1239 1745 1269 vel
1768 1239 1909 1276 omissio,
1928 1249 1964 1269 ex
1979 1239 2118 1270 interiori
2140 1239 2216 1270 odio
2231 1240 2280 1270 vel
2290 1250 2397 1270 amore
2411 1249 2484 1280 pro-

71 1282 157 1306 ’Ἴθι
166 1289 188 1312 7·
307 1289 373 1322 gem
385 1284 530 1315 intuetur
544 1294 610 1322 cor,
629 1290 664 1315 ut
680 1283 794 1314 dicitur
810 1284 822 1314 1
837 1284 918 1324 Reg.
931 1294 982 1314 xV1
997 1283 1023 1314 *.
1043 1283 1085 1314 Et
1100 1290 1266 1324 propterea
1282 1286 1370 1324 Apo-
1424 1284 1546 1314 cedens.
1571 1284 1612 1314 Et
1635 1283 1736 1314 simile
1759 1290 1806 1314 est
1835 1283 1868 1314 in
1892 1283 1969 1314 aliis.

69 1330 79 1339 '
92 1327 160 1351 νᾶ*-
173 1334 194 1358 5-
307 1328 408 1359 stolus
431 1328 579 1368 prohibet
608 1328 726 1358 horum
748 1327 918 1364 iudicium,
943 1328 1060 1364 dicens,
1085 1328 1096 1358 l
1120 1328 1164 1358 ad
1188 1327 1262 1359 Cor.
1288 1338 1319 1358 1v
1334 1327 1368 1358 *ε
1479 1328 1520 1358 Et
1544 1327 1577 1358 in
1600 1327 1662 1358 hoc
1685 1328 1815 1367 decepta
1837 1327 1960 1358 videtur
1981 1327 2084 1368 glossa
2099 1326 2191 1358 allata
2206 1326 2233 1364 *,
2257 1327 2332 1368 quia
2354 1337 2419 1357 non
2436 1326 2484 1356 di·
2512 1331 2521 1339 '
2536 1330 2723 1358 Num-prtem*-

307 1373 416 1404 Nolite
437 1378 513 1403 ante
535 1378 658 1414 tempus
685 1372 849 1404 iudicare:
870 1381 1034 1412 quousque
1064 1373 1171 1403 ueniat
1192 1372 1369 1409 Dominus,
1425 1371 1530 1402 stinxit
1550 1371 1630 1402 inter
1649 1381 1703 1402 cor
1728 1372 1834 1402 solum
1857 1378 1888 1402 et
1911 1381 1966 1402 cor
1989 1378 2024 1403 ut
2046 1371 2202 1402 rationem
2226 1371 2403 1407 extrinseci,
2428 1380 2485 1401 nec

307 1419 364 1458 qui
385 1416 602 1458 manifestabit
623 1417 757 1448 consilia
781 1416 935 1447 cordium.
1396 1428 1398 1470 Ι
1424 1416 1504 1446 inter
1527 1416 1688 1446 occultum
1718 1425 1774 1455 per
1803 1426 1835 1446 se
1859 1423 1889 1446 et
1912 1416 2075 1446 occultum
2104 1425 2160 1456 per
2189 1415 2341 1452 accidens,
2368 1422 2404 1446 ut
2426 1425 2485 1445 nos

362 1461 414 1492 111.
427 1461 475 1491 Ex
490 1461 538 1491 his
554 1468 661 1492 autem
675 1467 760 1501 patet
775 1460 989 1501 primo‚quod
1000 1459 1174 1490 haereticus
1186 1459 1371 1499 perfectissi-
1397 1479 1398 1491 ἢ
1425 1459 1566 1490 fecimus.

1259 1536 1417 1544 mm

1086 1585 1403 1627 ARTICULUS
1433 1585 1705 1637 QUARTUS

657 1669 811 1700 UTRUM
836 1668 1150 1699 REVERTENTES
1174 1669 1230 1699 AB
1254 1669 1437 1700 HAERESI
1463 1669 1559 1700 SINT
1583 1669 1637 1699 AB
1661 1669 1870 1700 ECCLESIA
1893 1669 2134 1700 RECIPIENDI

1208 1748 1304 1778 Quodl.
1323 1748 1354 1778 X,
1374 1755 1418 1780 qu.
1436 1755 1480 1778 vu,
1499 1753 1546 1772 art.
1567 1755 1590 1772 2.

440 1850 451 1859 ,
486 1843 489 1849 1
520 1829 725 1861 DQUARTUM
740 1830 793 1854 stc
808 1829 1038 1856 PROCEDITUR
1048 1819 1079 1855 ³¹².
1090 1819 1250 1855 Videtur
1265 1818 1371 1866 quod
1479 1819 1705 1854 RESPONDEO
1726 1830 1909 1855 DICENDUM
1939 1818 2043 1866 quod
2069 1818 2250 1865 Ecclesia,
2272 1820 2483 1855 secundum

338 1856 456 1930 (ΒΔΓ
519 1878 750 1908 revertentes
779 1871 827 1907 ab
855 1871 1002 1908 haeresi
1031 1872 1104 1908 sint
1132 1871 1292 1908 omnino
1321 1871 1369 1907 ab
1424 1871 1582 1908 Domini
1602 1871 1887 1917 institutionem,
1909 1871 2101 1908 caritatem
2122 1883 2230 1907 suam
2252 1871 2416 1908 extendit
2435 1871 2483 1909 ad

326 1916 369 1972 ,f
384 1941 443 1975 ἣν,
464 1930 485 1968 (2
500 1923 505 1927 ’
519 1923 691 1960 Ecclesia
732 1923 968 1972 recipiendi.·
987 1924 1133 1962 Dicitur
1175 1924 1278 1961 enim
1317 1925 1371 1960 Ie-
1425 1936 1572 1970 omnes,
1593 1936 1672 1960 non
1692 1925 1818 1960 solum
1839 1924 1995 1971 amicos,
2016 1936 2152 1961 verum
2174 1924 2286 1960 etiam
2312 1924 2484 1961 inimicos

363 1954 459 2008 §2:239
474 1971 506 2012 N
520 1989 612 2014 rem.
625 1989 660 2013 111
670 1976 702 2024 ²⁸,
723 1989 769 2013 ex
787 1989 952 2025 persona
971 1978 1144 2015 Domini:
1164 1978 1370 2014 Fornicata
1425 1984 1462 2013 et
1488 1985 1780 2025 persequentes:
1810 1977 2021 2014 secundum
2041 1977 2132 2014 illud
2153 1978 2287 2014 Matth.
2307 1989 2330 2013 v
2349 1976 2389 2013 *ε
2416 1978 2484 2013 Di·
2510 1987 2522 1998 ⁴
2536 1987 2604 2009 Vera.
2617 1994 2656 2014 44·

307 2041 346 2067 es
382 2041 468 2066 cum
496 2030 729 2067 amatoribus
765 2029 910 2066 multis:
948 2036 1071 2068 tamen
1109 2036 1296 2067 revertere
1321 2030 1373 2066 ad
1423 2030 1527 2080 ligite
1555 2031 1724 2067 inimicos
1751 2036 1904 2076 vestros,
1924 2031 2128 2079 benefacite
2152 2031 2208 2067 his
2236 2031 2302 2078 qui
2327 2031 2487 2068 oderunt

307 2094 379 2128 me,
407 2082 496 2119 dicit
529 2083 726 2120 Dominus.
766 2083 842 2120 Sed
870 2083 1062 2120 Ecclesiae
1096 2084 1277 2121 iudicium
1316 2090 1371 2119 est
1423 2094 1500 2120 vos.
1522 2084 1688 2120 Pertinet
1707 2091 1832 2120 autem
1854 2084 1901 2120 ad
1922 2084 2113 2120 caritatem
2134 2091 2173 2120 ut
2188 2083 2320 2132 aliquis
2337 2084 2482 2120 bonum

69 2140 81 2153 ⁸
94 2139 162 2163 Vm·
176 2146 208 2169 ¹7·
307 2134 490 2172 iudicium
515 2135 606 2172 Dei:
637 2135 848 2172 secundum
868 2135 959 2173 illud
978 2137 1088 2173 Deut.
1110 2137 1173 2173 1²¹³:
1199 2138 1258 2173 Ita
1279 2148 1370 2184 par-
1424 2136 1587 2185 proximi
1608 2145 1644 2173 et
1657 2137 1747 2173 velit
1767 2145 1802 2173 et
1822 2144 2009 2185 operetur.
2031 2138 2099 2173 Est
2118 2145 2245 2173 autem
2263 2136 2400 2185 duplex
2415 2137 2483 2174 bo-

307 2199 396 2225 vum
420 2188 577 2225 audietis
605 2194 646 2225 ut
671 2200 868 2238 magnum,
891 2201 1010 2237 neque
1036 2190 1222 2238 accipietis
1250 2190 1371 2226 cuius·
1424 2201 1530 2226 num.
1559 2190 1689 2227 Unum
1710 2190 1865 2238 quidem
1890 2190 2092 2238 spirituale,
2115 2189 2253 2226 scilieet
2276 2191 2376 2226 salus
2405 2190 2482 2226 ani-

307 2253 422 2290 quam
444 2253 667 2290 personam:
696 2242 784 2290 quia
807 2242 883 2278 Dei
909 2242 1086 2279 iudicium
1115 2249 1178 2280 est.
1208 2243 1311 2290 Ergo
1340 2242 1371 2280 si
1423 2254 1522 2290 mae,
1543 2243 1648 2291 quod
1667 2243 1920 2292 principaliter
1939 2243 2089 2292 respicit
2108 2243 2261 2280 caritas:
2287 2244 2361 2280 hoc
2382 2243 2483 2280 enim

308 2293 424 2341 aliqui
451 2294 622 2332 fornicati
650 2295 786 2332 fuerint
813 2307 881 2343 per
898 2295 1171 2342 infidelitatem,
1193 2307 1291 2344 quae
1316 2304 1372 2333 est
1423 2295 1579 2345 quilibet
1607 2308 1652 2332 ex
1681 2297 1831 2333 caritate
1862 2296 1975 2333 debet
2002 2296 2062 2333 alii
2089 2297 2199 2333 velle.
2229 2296 2340 2333 Unde
2365 2308 2483 2343 quan-

308 2346 508 2395 spiritualis
527 2347 736 2394 fornicatio,
758 2347 1002 2385 nihilominus
1022 2357 1109 2386 sunt
1128 2348 1346 2398 recipiendi.
1424 2355 1508 2385 tum
1525 2348 1574 2386 ad
1593 2350 1680 2396 hoc,
1700 2349 1878 2386 haeretici
1903 2357 2145 2395 revertentes,
2167 2349 2481 2398 quotiescumque

72 2407 211 2429 'Vm-n·
363 2410 398 2436 2.
418 2401 660 2446 PRAETEREA,
690 2401 898 2448 Dominus,
928 2402 1063 2439 Matth.
1083 2414 1168 2439 xvnl
1187 2402 1225 2446 ²¹⁸,
1255 2403 1368 2439 Petro
1424 2402 1560 2450 relapsi
1594 2402 1741 2450 fuerint,
1776 2403 1824 2439 ab
1854 2402 2023 2439 Ecclesia
2057 2402 2288 2450 recipiuntur
2316 2402 2364 2439 ad
2392 2414 2483 2450 poe-

308 2452 466 2489 mandat
483 2460 525 2489 ut
543 2452 644 2489 fratri
673 2453 844 2501 peccanti
873 2453 1032 2491 dimittat
1059 2467 1138 2491 non
1166 2456 1291 2491 solum
1313 2467 1369 2491 se·
1425 2454 1630 2502 nitentiam,
1660 2468 1729 2504 per
1757 2468 1872 2504 quam
1892 2453 1906 2477 δ
1929 2448 2161 2504 impenditur
2181 2455 2234 2492 eis
2257 2455 2320 2492 via
2341 2455 2480 2491 salutis.
2608 2458 2623 2484 ὃ

169 2517 188 2535 α
308 2505 423 2554 pties,
461 2506 527 2542 sed
554 2517 670 2554 usque
701 2506 912 2555 septuagies
938 2508 1089 2554 septies.-
1126 2520 1194 2555 per
1226 2508 1332 2556 quod
1352 2513 1369 2528 ‘²
1476 2506 1590 2544 Aliud
1620 2515 1748 2544 autem
1778 2517 1833 2544 est
1860 2508 2008 2545 bonum
2037 2509 2143 2556 quod
2171 2508 2396 2545 secundario
2426 2520 2482 2544 re-

73 2564 235 2614 {aava
258 2565 282 2586 ¹³¹
308 2558 532 2606 intelligitur,
553 2560 764 2595 secundum
794 2558 1071 2607 expositionem
1092 2560 1318 2608 Hieronymi
1337 2559 1368 2606 ²¹⁸,
1424 2559 1532 2607 spicit
1551 2560 1696 2606 caritas,
1717 2560 1857 2597 scilicet
1875 2562 2022 2598 bonurn
2042 2562 2270 2610 temporale:
2301 2560 2407 2597 sicuti
2428 2569 2484 2597 est

309 2611 413 2660 quod
450 2612 769 2660 quotiescumque
808 2612 941 2660 aliquis
977 2613 1212 2661 peccaverit,
1253 2619 1308 2649 est
1335 2612 1369 2648 ei
1422 2611 1500 2648 vita
1529 2612 1750 2661 corporalis,
1780 2613 1970 2661 possessio
1999 2614 2210 2660 mundana,
2241 2614 2343 2650 bona
2369 2614 2480 2659 fama,

309 2664 588 2702 dimittendum.
627 2665 728 2712 Ergo
765 2665 1079 2713 quotiescumque
1118 2665 1250 2714 aliquis
1281 2676 1369 2714 pec·
1423 2671 1459 2700 et
1479 2664 1637 2712 dignitas
1657 2665 1905 2702 ecclesiastica
1927 2666 2007 2703 sive
2027 2666 2241 2703 saecularis.
2273 2666 2358 2702 Hoc
2379 2666 2480 2702 enim

303 2717 448 2754 caverit
466 2717 506 2754 in
532 2717 722 2754 haeresim
748 2719 929 2767 relapsus,
952 2718 1019 2755 erit
1039 2719 1086 2755 ab
1107 2718 1278 2754 Ecclesia
1308 2730 1368 2754 su·
1423 2729 1501 2754 non
1519 2725 1694 2754 tenemur
1713 2723 1725 2739 ⁸
1746 2730 1790 2755 ex
1810 2719 1959 2755 caritate
1980 2718 2060 2755 aliis
2079 2720 2178 2755 velle
2198 2718 2268 2755 nisi
2287 2719 2325 2755 in
2349 2719 2481 2756 ordine
2611 2734 2622 2751 ε

308 2770 536 2819 scipiendus.
1423 2771 1471 2807 ad
1491 2771 1650 2807 salutem
1671 2779 1863 2808 aeternam
1889 2779 1924 2808 et
1943 2783 2076 2808 eorum
2105 2779 2140 2808 et
2168 2771 2340 2808 aliorum.
2370 2772 2481 2809 Unde

362 2824 398 2860 3.
429 2825 660 2870 plumeam,
681 2823 847 2860 haeresis
868 2831 923 2861 est
942 2824 1133 2872 quaedam
1155 2823 1366 2861 infidelitas.
1393 2860 1396 2876 ,Ι
1423 2823 1452 2859 si
1482 2823 1618 2872 aliquid
1655 2824 1702 2860 de
1730 2824 1948 2861 huiusmodi
1986 2824 2096 2861 bonis
2135 2825 2295 2861 existens
2332 2825 2370 2861 in
2403 2837 2480 2862 uno

310 2876 387 2912 Sed
415 2876 476 2912 alii
507 2876 680 2914 infideles
712 2877 885 2913 volentes
919 2877 1088 2913 converti
1121 2877 1168 2913 ab
1198 2876 1369 2913 Ecclesia
1422 2876 1606 2924 impedire
1635 2877 1754 2924 possit
1781 2885 1973 2914 aeternam
1994 2878 2152 2914 salutem
2182 2878 2220 2914 in
2243 2877 2381 2924 multis,
2403 2890 2481 2915 non

170 2932 185 2966 β
309 2929 540 2978 recipiuntur
554 2927 580 2965 β.
607 2929 710 2976 Ergo
726 2929 839 2966 etiam
856 2929 1033 2966 haeretici
1049 2937 1135 2966 sunt
1150 2929 1367 2978 recipiendi.
1395 2961 1396 2969 ,
1423 2937 1573 2977 oportet
1593 2930 1696 2978 quod
1718 2942 1762 2966 ex
1781 2930 1931 2967 caritate
1959 2930 2177 2967 huiusmodi
2197 2931 2343 2967 bonum
2364 2930 2396 2967 ei
2416 2943 2480 2967 ve—

72 3019 81 3028 ,
96 3018 130 3040 C·
169 2993 209 3041 {a
227 3018 283 3040 aba·
363 2983 437 3019 SED
458 2993 603 3019 CONTRA
622 2994 688 3018 EST
716 2983 820 3030 quod
839 2982 1046 3020 Decretalis
1072 2982 1160 3019 dicit
1178 2987 1193 3010 Υ
1212 2982 1243 3028 *,
1265 2982 1369 3030 quod
1422 2981 1547 3029 limus,
1569 2983 1635 3020 sed
1664 2982 1789 3031 potius
1817 2983 1922 3032 quod
1939 2983 2102 3020 velimus
2132 2996 2222 3020 eum
2242 2983 2303 3020 illo
2334 2996 2479 3021 carere:

73 3025 286 3093 &deflue-
307 3035 341 3071 si
366 3035 494 3083 aliqui,
525 3041 613 3083 post
641 3035 916 3072 abiurationem
951 3036 1112 3081 erroris,
1151 3036 1371 3084 deprehensi
1423 3043 1503 3072 tum
1526 3036 1613 3084 quia
1632 3036 1732 3072 salus
1752 3043 1902 3073 aeterna
1921 3036 2170 3084 praeferenda
2190 3044 2244 3073 est
2263 3037 2367 3073 bono
2387 3045 2481 3074 tem-

153 3086 160 3094 ’
299 3089 449 3136 fuerint
466 3089 503 3124 in
524 3088 738 3124 abiuratam
765 3089 949 3126 haeresim
972 3088 1155 3134 recidisse,
1182 3087 1371 3125 saeculari
1421 3088 1563 3137 porali;
1602 3097 1682 3125 tum
1721 3088 1810 3136 quia
1846 3090 1992 3126 bonum
2030 3090 2237 3126 multorum
2271 3090 2480 3138 praefertur

309 3141 444 3178 iudicio
471 3146 558 3177 sunt
588 3141 832 3189 relinquendi.
871 3142 962 3178 Non
998 3153 1086 3188 ergo
1121 3142 1168 3177 ab
1198 3141 1367 3178 Ecclesia
1423 3141 1526 3178 bono
1551 3141 1674 3178 unius.
1706 3142 1745 3178 Si
1765 3149 1890 3178 autem
1915 3142 2093 3179 haeretici
2122 3150 2352 3179 revertentes
2381 3155 2479 3180 sem-

308 3201 394 3231 sunt
423 3193 637 3242 recipiendi.
1422 3206 1491 3242 per
1510 3194 1765 3243 reciperentur
1783 3202 1825 3231 ut
1853 3203 2169 3232 conservarentur
2188 3196 2225 3232 in
2244 3196 2322 3232 vita
2343 3203 2378 3232 et
2397 3196 2476 3232 aliis

361 3317 388 3347 α)
409 3316 487 3348 quod.
505 3329 524 3334 -
542 3322 609 3347 quae
629 3316 755 3347 PBDFpC
775 3321 799 3340 et
818 3323 861 3340 aa.
879 3329 897 3334 —
917 3315 1023 3340 Inferius
1043 3323 1090 3347 pro
1108 3316 1247 3346 haeresim,
1267 3317 1371 3341 haeresi
1423 3317 1486 3341 dam
1508 3323 1536 3341 11
1554 3324 1612 3348 cap.
1633 3317 1904 3342 &communicamus
1925 3324 1938 3342 1
1961 3325 2051 3350 margo
2070 3318 2099 3342 C.
2116 3331 2135 3337 —
2154 3318 2203 3341 Pro
2229 3318 2363 3346 recidisse,
2384 3318 2478 3342 reinci-

306 3351 405 3377 PACH.
1423 3352 1492 3376 disse
1511 3352 1552 3381 sC,
1573 3352 1721 3377 reddidisse
1740 3352 1772 3381 Η,
1792 3352 1920 3377 decidisse
1938 3353 1965 3377 Ρ.

359 3385 385 3419 β)
405 3386 579 3418 recipiuntur.
597 3399 615 3404 —
632 3385 813 3416 suscipiuntur
833 3386 878 3410 Pa.
1475 3386 1499 3418 δ)
1515 3394 1566 3418 per
1585 3394 1674 3419 quam.
1693 3401 1711 3404 -
1724 3390 1867 3419 postquam
1887 3388 1917 3413 L.
1935 3402 1953 3407 -
1972 3388 2022 3412 Pro
2046 3388 2209 3419 impenditur
2234 3388 2271 3412 eis
2291 3388 2347 3415 via,
2368 3388 2479 3420 impedi-

359 3422 385 3455 γ)
405 3421 480 3446 dicit.
497 3435 516 3440 -
534 3421 600 3446 dicit
619 3421 710 3445 Extra
729 3421 761 3446 de
780 3421 929 3445 Haereticis
952 3428 1010 3452 cap.
1028 3421 1071 3446 Ad
1093 3421 1250 3446 abolendam
1272 3428 1285 3446 1
1306 3422 1367 3446 Illos
1421 3425 1465 3446 tur
1484 3422 1521 3446 eis
1540 3422 1595 3446 vita
1615 3423 1649 3451 133
1670 3428 1728 3454 post
1742 3423 1836 3447 salutis
1854 3423 1876 3447 D
1896 3423 1964 3447 addit
1980 3423 2070 3447 Extra
2090 3423 2121 3447 de
2136 3423 2220 3448 Haer.
2238 3430 2295 3454 cap.
2318 3423 2477 3448 Excommu-

306 3464 418 3490 quorum
437 3457 468 3486 1),
487 3457 531 3481 Ad
548 3456 704 3481 abolendam
725 3457 790 3482 dicit
809 3457 842 3484 Ρ;
863 3457 954 3480 Extra
973 3456 1006 3480 de
1024 3456 1175 3481 Haereticis
1192 3457 1236 3481 Ad
1259 3457 1366 3482 abolen-
1420 3457 1540 3482 nicamus
1561 3463 1598 3482 ιι.

1470 3494 1490 3523 ε’)
1512 3496 1640 3517 tenemur.
1658 3507 1676 3511 -
1695 3495 1818 3517 tenentur·
1837 3493 1864 3518 P.
