2892 4056
390 199 468 234 224
1061 188 1327 234 QUAESTlo
1357 190 1516 236 xxvii,
1546 175 1842 226 ARTICULUS
1875 192 1890 226 1

874 348 1283 426 QUAESTIO
1320 351 2088 408 VIGESIMASEPTIMA

657 461 740 501 DE
772 460 1109 501 PRINCIPALI
1142 460 1310 503 ACTU
1345 461 1689 510 CARITATIS,
1725 461 1830 514 QUI
1861 461 1978 504 EST
2010 463 2293 506 DILECTIo

1208 567 1243 592 IN
1274 566 1372 592 OCTO
1400 567 1602 592 ARTICULOS
1629 567 1747 593 DIVISA

149 658 157 666 “
178 657 211 679 Cf.
233 664 272 685 qu.
292 664 358 684 xxm,

148 683 235 705 lntrod.

1556 653 1698 689 Tertio:
1710 661 1836 691 utrum
1845 656 1949 692 Deus
1965 655 2010 701 sit
2019 663 2175 704 propter
2184 656 2351 705 seipsum
2363 658 2561 697 amandus.

1557 707 1723 752 Quarto:
1753 714 1879 744 utrum
1906 708 2026 757 possit
2059 708 2097 745 in
2133 710 2206 746 hac
2237 709 2315 747 vita
2342 710 2562 749 immediate

470 667 576 692 E1NDE
606 655 925 692 considerandum
960 663 1015 692 est
1043 656 1090 692 de
1115 663 1202 693 actu
1236 655 1397 692 caritatis
1413 658 1444 692 ⁴⁹.
1473 651 1476 702 Ι

470 710 518 744 Et
550 708 690 756 primo,
730 708 777 744 de
810 708 1006 756 principali
1038 716 1124 745 actu
1163 708 1342 755 caritatis,
1383 709 1447 756 qui

387 767 440 795 est
469 761 638 806 dilecti03
668 762 858 808 secundo,
889 762 936 797 de
971 761 1050 797 aliis
1088 761 1231 798 actibus
1267 762 1329 798 vel
1359 760 1449 797 effe-

243 820 279 866 ζν
306 860 311 866 ·
386 813 505 850 ctibus
530 819 546 834 α
576 813 896 862 consequentibus
914 813 943 850 ³¹⁸.

385 865 494 902 Circa
522 867 688 914 primum
717 874 952 915 quaeruntur
980 874 1082 904 octo.

1610 770 1741 796 amari.

1557 811 1722 858 Quinto:
1752 820 1878 849 utrum
1906 814 2025 862 possit
2053 814 2173 851 amari
2201 814 2375 852 totaliter.

1558 865 1691 902 Sexto:
1719 872 1848 902 utrum
1882 866 1961 903 eius
1990 866 2138 903 dilectio
2167 868 2307 905 habeat
2334 868 2509 906 modum.

141 1907 150 1915 ⁴
159 1906 191 1927 Ca
210 1921 215 1926 .
227 1912 351 1932 v111‚n.1.-

140 1933 164 1953 S.
175 1912 219 1953 Τξι.
236 1933 288 1954 lect.
300 1938 351 1954 vul.

140 2278 149 2286 ⁸
165 2277 221 2304 Cap.
238 2283 269 2298 ιν.

226 2493 274 2513 viii,
284 2493 306 2507 n.
315 2492 334 2514 3.
341 2497 351 2501 -

214 2530 218 2535 ,
235 2514 286 2549 [eet.
298 2519 348 2534 vin.

139 2487 213 2535 §.C-'iffi‘

436 919 582 956 Primo:
605 919 695 968 quid
715 920 762 956 sit
774 920 894 967 magis
909 920 1109 968 proprium
1132 919 1305 967 caritatis,
1321 927 1448 956 utrum

490 972 611 1009 amari
637 974 700 1010 vel
729 985 870 1010 amare.

436 1026 638 1062 Secundo:
667 1034 795 1063 utrum
825 1038 967 1072 amare,
997 1034 1112 1074 prout
1139 1033 1196 1063 est
1223 1034 1328 1063 actus
1357 1025 1449 1062 cari-

488 1079 583 1126 tatis,
612 1079 657 1116 sit
683 1079 787 1116 idem
816 1081 921 1130 quod
950 1079 1229 1116 benevolentia.

1557 918 1749 967 Septimo:
1780 918 1871 967 quid
1898 919 1944 956 sit
1971 919 2118 967 melius,
2147 928 2274 958 utrum
2299 921 2452 969 diligere
2470 921 2564 960 ami·

1611 984 1699 1009 cum
1725 973 1789 1008 vel
1817 972 1968 1020 diligere
1999 973 2206 1011 inimicum.

1559 1025 1726 1062 Octavo:
1751 1025 1843 1073 quid
1862 1026 1908 1062 sit
1925 1025 2071 1072 melius,
2100 1034 2229 1063 utrum
2256 1027 2408 1076 diligere
2434 1029 2563 1066 Deum

1610 1078 1673 1114 vel
1701 1077 1854 1130 diligere
1875 1077 1890 1107 β
1916 1078 2147 1127 proximum.

1195 1176 1514 1219 ARTICULUS
1545 1176 1752 1218 PRIMUS

781 1272 937 1303 UTRUM
961 1270 1193 1302 CARITATIS
1218 1270 1284 1301 Sir
1307 1269 1439 1300 MAois
1462 1267 1685 1299 PRomeM
1707 1268 1844 1299 AMAm
1865 1269 1990 1306 QUAM
2013 1270 2165 1301 AMARE

1310 1348 1368 1373 VIII
1389 1347 1485 1376 Ethic„
1505 1348 1564 1372 lect.
1583 1354 1639 1372 vm.

432 1464 440 1471 ,
465 1439 473 1453 ι
498 1445 550 1474 ·s¹:'
592 1433 614 1457 D
639 1432 777 1457 PR1MUM
808 1432 861 1457 sxc
885 1431 1127 1457 PROCEDtTUR.
1157 1418 1318 1457 Videtur
1341 1417 1447 1466 quod

440 1472 454 1493 ·'
519 1474 569 1523 ’ἰὴ
593 1473 753 1510 caritatis
769 1473 889 1521 magis
907 1473 952 1510 sit
970 1472 1171 1522 proprium
1190 1471 1311 1509 amari
1331 1482 1447 1519 quam

500 1547 510 1553 κ
564 1539 734 1564 amare.
766 1527 910 1563 Caritas
940 1526 1042 1563 enim
1065 1525 1346 1571 inmelioribus
1367 1536 1446 1560 me-

381 1632 435 1680 gis
478 1633 607 1670 amari.
656 1634 757 1680 Ergo
797 1632 957 1669 caritatis
999 1632 1119 1680 magis
1158 1639 1213 1668 est
1248 1630 1445 1680 proprium

381 1685 512 1722 amari.

435 1750 470 1775 2.
492 1739 725 1784 PRAETEREA,
751 1738 841 1774 illud
861 1738 966 1786 quod
997 1738 1035 1774 in
1060 1737 1231 1786 pluribus
1253 1736 1446 1773 invenitur

379 1790 531 1827 videtur
563 1803 646 1827 esse
675 1791 795 1838 magis
825 1790 1059 1827 conveniens
1094 1798 1274 1837 naturae,
1314 1797 1350 1825 et
1377 1801 1445 1838 per

380 1856 620 1892 consequens
648 1844 796 1880 melius.
828 1843 904 1880 Sed
933 1843 1029 1880 sicut
1057 1843 1146 1880 dicit
1172 1843 1442 1890 Philosophus,

379 1897 417 1934 in
438 1898 524 1934 V111
553 1897 672 1934 Ethic.
693 1896 724 1944 ²³,
754 1897 862 1933 multi
883 1897 1007 1946 magis
1029 1896 1160 1934 volunt
1185 1896 1312 1932 amari
1329 1906 1443 1943 quam

379 1962 533 1987 amare:
551 1956 708 1998 propter
736 1951 837 1998 quod
853 1954 869 1977 Υ
897 1955 1086 1987 amatores
1113 1949 1338 1986 adulationis
1359 1955 1447 1986 sunt

378 2003 494 2040 multi.
525 2004 627 2051 Ergo
655 2003 791 2039 melius
829 2010 884 2039 est
921 2003 1041 2040 amari
1070 2015 1187 2051 quam
1225 2014 1376 2039 amare:
1408 2010 1444 2039 et

378 2069 446 2105 per
474 2068 714 2104 consequens
743 2056 861 2103 magis
891 2056 1123 2093 conveniens
1152 2055 1303 2092 caritati.

434 2111 466 2146 3.
495 2110 728 2156 PRAETEREA,
749 2117 905 2158 propter
928 2109 1033 2157 quod
1060 2109 1382 2158 unumquodque,
1403 2107 1444 2144 il-

377 2163 441 2200 lud
463 2162 594 2210 magis.
626 2162 703 2199 Sed
721 2163 898 2199 homines
917 2170 1074 2211 propter
1093 2163 1168 2199 hoc
1187 2162 1293 2211 quod
1311 2173 1444 2198 aman-

377 2223 456 2263 tur,
487 2223 633 2254 amant:
669 2215 756 2252 dicit
790 2216 890 2253 enim
919 2216 1175 2263 Augustinus,
1205 2215 1244 2252 in
1273 2214 1369 2252 libro
1397 2214 1443 2252 de

382 2269 563 2317 Catechiz.
583 2269 682 2305 Rud.
707 2269 737 2316 *,
765 2269 870 2317 quod
899 2269 1004 2305 nulla
1032 2275 1086 2305 est
1112 2269 1237 2306 maior
1253 2279 1442 2317 provoca-

377 2323 426 2358 tio
454 2322 505 2358 ad
523 2322 729 2359 amandum
758 2334 872 2371 quam
886 2323 1114 2370 praevenire
1133 2322 1311 2359 amando.
1338 2322 1440 2369 Ergo

378 2375 512 2412 caritas
542 2375 661 2422 magis
691 2375 858 2412 consistit
877 2374 914 2411 in
944 2375 1064 2412 amari
1093 2387 1210 2422 quam
1237 2375 1275 2411 in
1300 2387 1439 2411 amare.

433 2429 506 2465 SED
527 2439 672 2465 CONTRA
692 2440 758 2465 EST
777 2429 881 2476 quod
903 2428 1158 2477 Philosophus
1178 2428 1277 2475 dicit,
1298 2428 1335 2465 in
1354 2428 1440 2464 VIII

376 2482 495 2518 Ethic.
519 2483 550 2528 *‚
582 2481 687 2529 quod
716 2483 840 2531 magis
867 2481 990 2518 existit
1007 2479 1020 2503 δ
1049 2482 1214 2518 amicitia
1244 2481 1280 2518 in
1310 2493 1443 2518 amare

378 2547 491 2583 quam
512 2535 548 2571 in
569 2535 705 2571 amari.
733 2535 808 2572 Sed
831 2534 964 2571 caritas
985 2542 1040 2571 est
1059 2534 1221 2571 amicitia
1237 2534 1440 2582 quaedam.

378 2588 479 2635 Ergo
510 2588 642 2624 caritas
680 2588 800 2635 magis
838 2587 1006 2624 consistit
1034 2587 1070 2624 in
1102 2600 1231 2625 amare
1261 2599 1378 2635 quam
1403 2587 1440 2624 in

378 2641 506 2677 amari.

432 2695 656 2731 RESPONDEO
686 2706 870 2731 DlCENDUM
889 2693 995 2741 quod
1024 2705 1151 2730 amare
1172 2693 1352 2730 convenit
1381 2705 1441 2729 ca-

379 2747 473 2783 ritati
502 2747 724 2796 inquantum
759 2754 814 2783 est
843 2747 986 2785 caritas.
1035 2746 1180 2783 Caritas
1210 2746 1322 2792 enim,
1352 2758 1439 2782 cum

379 2800 425 2836 sit
451 2800 571 2837 virtus
599 2800 810 2848 quaedam,
841 2800 1052 2837 secundum
1091 2811 1201 2836 suam
1236 2798 1439 2835 essentiam

378 2854 492 2889 habet
520 2853 799 2890 inclinationem
829 2853 878 2890 ad
906 2853 1104 2902 proprium
1134 2860 1272 2889 actum.
1308 2852 1440 2888 Amari

379 2913 506 2942 autem
536 2919 613 2942 non
635 2914 690 2942 est
718 2913 822 2943 actus
852 2906 1013 2943 caritatis
1042 2905 1159 2955 ipsius
1180 2905 1243 2954 qui
1272 2912 1438 2942 amatur:

380 2959 447 2995 sed
472 2966 576 2995 actus
606 2959 765 2996 caritatis
795 2959 874 2996 eius
904 2967 959 2996 est
987 2971 1137 3004 amare;
1168 2958 1287 2995 amari
1314 2966 1439 2995 autem

380 3012 560 3060 competit
577 3012 610 3047 ei
626 3013 835 3050 secundum
858 3025 1106 3049 communem
1128 3012 1313 3048 rationem
1334 3012 1438 3059 boni,

378 3072 492 3113 prout
511 3064 650 3101 scilicet
674 3066 722 3102 ad
743 3065 822 3101 eius
842 3066 988 3103 bonum
1013 3066 1107 3102 alius
1126 3077 1195 3113 per
1209 3070 1220 3086 ⁵
1236 3072 1363 3101 actum
1381 3077 1440 3101 ca-

379 3117 493 3154 ritatis
523 3125 711 3155 movetur.
752 3119 862 3155 Unde
890 3119 1133 3155 manifestum
1163 3125 1219 3154 est
1247 3118 1352 3167 quod
1382 3130 1441 3154 ca-

379 3170 476 3207 ritati
505 3170 624 3218 magis
649 3171 827 3207 convenit
855 3184 984 3208 amare
1005 3184 1120 3219 quam
1150 3171 1290 3207 amari:
1322 3171 1440 3218 magis

379 3223 482 3260 enim
513 3223 692 3260 convenit
718 3224 922 3271 unicuique
962 3225 1066 3272 quod
1104 3224 1283 3262 convenit
1312 3224 1345 3260 ei
1373 3236 1441 3272 per

432 3355 458 3387 α)
477 3355 618 3388 effectibus.
631 3368 650 3373 -
662 3355 723 3379 Om.
737 3355 774 3384 D;
794 3362 841 3386 pro
854 3355 1079 3387 consequentibus,
1094 3356 1267 3380 attinentibus
1283 3356 1312 3387 E,
1325 3363 1378 3380 om.
1394 3356 1441 3380 Pa.

432 3389 457 3422 β)
478 3391 597 3423 diligere.
610 3403 631 3409 -
644 3390 706 3415 Om.
724 3390 856 3414 PDFLna.

429 3427 456 3458 γ)
471 3429 586 3458 propter
604 3426 682 3458 quod.
701 3439 720 3444 -
737 3432 891 3457 semperque
910 3425 1213 3450 PABCDEFGHILKRa.

431 3460 455 3491 δ)
476 3461 579 3486 existit.
592 3475 612 3480 —
624 3461 744 3486 consistit
762 3461 820 3491 CD;
841 3461 921 3485 Sed...
941 3461 1030 3485 amari
1047 3469 1099 3485 orn.
1119 3461 1151 3486 D.

432 3505 452 3528 ε)
469 3504 528 3528 per.
543 3511 560 3515 -
572 3497 609 3521 ad
628 3497 716 3521 PFLsI
736 3502 761 3520 ct
779 3504 803 3525 a,
819 3503 871 3528 per
890 3496 927 3521 ad
945 3497 992 3528 pE,
1012 3497 1049 3520 ad
1064 3503 1115 3528 per
1133 3497 1169 3529 pl,
1189 3497 1280 3521 abrasa
1299 3504 1343 3528 pn.

1499 1429 1539 1453 se
1569 1424 1605 1453 et
1633 1417 1925 1454 substantialiter
1948 1430 2066 1466 quam
2094 1420 2199 1467 quod
2228 1421 2407 1470 convenit
2435 1422 2469 1459 ei
2495 1434 2565 1472 per

1499 1470 1613 1507 aliud.
1648 1470 1697 1506 Et
1714 1470 1827 1507 huius
1848 1470 1988 1520 duplex
2008 1479 2063 1508 est
2090 1472 2252 1520 signum.
2282 1474 2456 1512 Primum
2482 1475 2564 1525 qui-

1500 1522 1609 1570 dem,
1640 1523 1729 1571 quia
1756 1523 1869 1560 amici
1897 1524 2017 1572 magis
2053 1525 2254 1563 laudantur
2281 1539 2327 1563 ex
2354 1528 2430 1564 hoc
2458 1529 2564 1576 quod

1499 1583 1630 1612 amant
1658 1588 1774 1625 quam
1803 1589 1849 1614 ex
1876 1578 1951 1613 hoc
1981 1577 2085 1626 quod
2117 1587 2311 1616 amantur:
2346 1581 2559 1629 quinimmo

1499 1628 1529 1665 si
1550 1641 1628 1679 non
1645 1637 1774 1666 amant
1792 1637 1829 1666 et
1847 1637 2023 1667 amentur
2037 1630 2060 1678 ζ,
2077 1631 2347 1680 vituperantur.
2370 1634 2561 1683 Secundo,

1499 1681 1588 1729 quia
1617 1689 1772 1728 matres,
1794 1695 1892 1731 quae
1911 1683 2076 1734 maxime
2105 1693 2243 1732 amant,
2264 1687 2349 1734 plus
2375 1695 2563 1736 quaerunt

1499 1747 1628 1771 amare
1655 1747 1772 1783 quam
1801 1736 1936 1773 amari:
1966 1737 2152 1785 quaedam
2180 1739 2296 1785 enim,
2325 1746 2366 1776 ut
2393 1741 2563 1778 Philoso-

1497 1788 1597 1835 phus
1625 1788 1728 1835 dicit,
1758 1788 1796 1825 in
1816 1789 1955 1826 eodem
1983 1789 2079 1826 libro
2098 1789 2130 1837 ²¹⁶,
2148 1791 2255 1838 filios
2281 1804 2368 1829 suos
2387 1793 2479 1830 dant
2495 1806 2563 1831 nu-

1498 1841 1583 1877 trici
1597 1846 1626 1888 ⁷¹,
1647 1847 1684 1877 et
1699 1847 1833 1878 amant
1848 1842 2008 1890 quidem,
2025 1845 2196 1880 reamari
2211 1850 2336 1882 autem
2355 1858 2430 1882 non
2450 1857 2563 1894 quae-

1497 1899 1600 1939 runt,
1634 1894 1668 1930 si
1694 1906 1768 1931 non
1802 1895 2008 1945 contingat.

1550 1949 1608 1983 AD
1628 1959 1766 1985 PR1MUM
1784 1960 1883 1985 ERGO
1911 1960 2095 1985 DlCENnuM
2119 1950 2225 1997 quod
2251 1950 2428 1988 meliores
2448 1964 2494 1990 ex
2514 1965 2561 1990 eo

1497 2000 1603 2047 quod
1631 2000 1808 2038 meliores
1837 2009 1943 2049 sunt,
1982 2009 2069 2038 sunt
2097 2002 2217 2050 magis
2245 2004 2440 2042 amabiles.
2483 2006 2562 2044 Sed

1497 2065 1543 2090 ex
1565 2066 1612 2090 eo
1632 2054 1738 2103 quod
1753 2053 1791 2091 in
1807 2054 1859 2091 eis
1875 2062 1931 2091 est
1948 2055 2151 2103 perfectior
2169 2056 2314 2104 caritas,
2335 2065 2422 2095 sunt
2440 2059 2562 2107 magis

1496 2114 1685 2144 amantes:
1716 2108 1928 2145 secundum
1957 2115 2086 2145 tamen
2113 2109 2402 2158 proportionem
2431 2112 2558 2150 amati.

1496 2160 1588 2197 Non
1621 2159 1723 2198 enim
1757 2161 1894 2198 melior
1921 2158 1934 2182 θ
1963 2161 2089 2198 minus
2122 2170 2225 2199 amat
2255 2163 2295 2200 id
2327 2164 2433 2212 quod
2464 2164 2560 2202 infra

1494 2213 1622 2262 ipsum
1651 2221 1707 2250 est
1738 2226 1855 2262 quam
1890 2215 2053 2251 amabile
2088 2214 2152 2252 sit:
2191 2216 2259 2252 sed
2282 2221 2290 2237 ²
2323 2216 2382 2253 ille
2411 2217 2476 2266 qui
2503 2225 2560 2255 est

1493 2266 1620 2304 minus
1648 2268 1773 2303 bonus
1818 2279 1897 2304 non
1925 2267 2068 2315 attingit
2101 2268 2150 2305 ad
2178 2269 2389 2306 amandum
2426 2270 2560 2308 melio*

1495 2332 1577 2357 rem
1601 2327 1788 2369 quantum
1817 2320 1989 2357 amabilis
2018 2327 2085 2357 est.

1547 2375 1606 2410 AD
1626 2385 1816 2410 SECUNDUM
1836 2385 2020 2410 Dicanoum
2045 2373 2162 2422 quod,
2183 2374 2278 2411 sicut
2303 2375 2558 2425 Philosophus

1495 2425 1583 2463 dicit
1598 2426 1753 2473 ibidem,
1769 2427 1946 2463 homines
1960 2427 2095 2463 volunt
2109 2427 2228 2464 amari
2243 2428 2470 2477 inquantum
2488 2441 2559 2466 vo-

1495 2480 1575 2516 lunt
1593 2479 1786 2517 honorari.
1818 2480 1923 2517 Sicut
1952 2480 2052 2516 enim
2078 2481 2204 2517 honor
2233 2482 2428 2519 exhibetur
2447 2482 2557 2520 alicui

1494 2540 1535 2569 ut
1562 2533 1758 2581 quoddam
1779 2533 2038 2570 testimonium
2067 2534 2158 2570 boni
2186 2534 2225 2570 in
2245 2535 2328 2584 ipso
2352 2535 2416 2584 qui
2434 2536 2557 2572 hono-

1495 2594 1608 2634 ratur,
1624 2587 1674 2623 ita
1692 2599 1761 2635 per
1781 2583 1855 2624 hoc
1878 2587 1982 2635 quod
2012 2586 2146 2635 aliquis
2174 2595 2324 2625 amatur
2347 2588 2558 2626 ostenditur

1495 2639 1533 2676 in
1552 2640 1635 2688 ipso
1665 2653 1747 2677 esse
1777 2640 1930 2688 aliquod
1951 2640 2118 2677 bonum:
2149 2640 2238 2689 quia
2258 2642 2383 2678 solum
2409 2642 2556 2679 bonum

1495 2693 1658 2730 amabile
1675 2701 1741 2730 est.
1764 2693 1826 2729 Sic
1845 2693 1955 2740 igitur
1975 2693 2094 2729 amari
2115 2701 2151 2730 et
2169 2694 2350 2731 honorari
2371 2702 2558 2743 quaerunt

1495 2746 1670 2782 homines
1684 2753 1840 2794 propter
1859 2746 1971 2792 aliud,
1988 2746 2130 2787 scilicet
2144 2746 2191 2783 ad
2211 2747 2556 2784 manifestationem

1495 2799 1586 2836 boni
1611 2798 1648 2835 in
1669 2807 1798 2836 amato
1829 2798 2026 2836 existentis.
2056 2801 2198 2835 Amare
2218 2807 2347 2836 autem
2368 2807 2558 2848 quaerunt

1496 2852 1687 2889 caritatem
1707 2852 1891 2888 habentes
1919 2851 2131 2888 secundum
2151 2865 2207 2899 se,
2229 2852 2337 2901 quasi
2365 2852 2491 2902 ipsum
2511 2853 2558 2890 sit

1495 2906 1642 2942 bonum
1682 2905 1862 2942 caritatis:
1893 2904 1988 2941 sicut
2015 2912 2052 2941 et
2088 2905 2244 2953 quilibet
2276 2913 2382 2942 actus
2408 2906 2564 2944 virtutis

1497 2966 1551 2995 est
1576 2959 1724 2995 bonum
1742 2957 1888 2995 virtutis
1906 2957 2014 2994 illius.
2044 2957 2156 2995 Unde
2177 2959 2297 3006 magis
2316 2959 2479 3007 pertinet
2507 2959 2555 2997 ad

1496 3012 1689 3048 caritatem
1708 3012 1806 3048 velle
1831 3023 1959 3048 amare
1980 3023 2096 3060 quam
2115 3012 2213 3048 velle
2243 3012 2372 3049 amari.

1547 3067 1605 3101 An
1634 3076 1793 3102 TERTluM
1821 3076 2005 3101 mcaNDUM
2033 3065 2138 3112 quod
2166 3072 2323 3113 propter
2351 3065 2471 3102 amari
2492 3065 2556 3102 ali-

1495 3118 1559 3167 qui
1579 3125 1721 3165 amant,
1742 3129 1820 3154 non
1841 3118 1890 3154 ita
1909 3117 2015 3165 quod
2034 3118 2152 3154 amari
2172 3118 2218 3154 sit
2240 3118 2326 3155 finis
2348 3118 2427 3155 eius
2447 3118 2554 3166 quod

1496 3178 1551 3207 est
1579 3183 1729 3208 amare:
1759 3171 1825 3207 sed
1854 3183 1900 3207 eo
1920 3171 2025 3218 quod
2047 3178 2101 3207 est
2118 3171 2182 3208 via
2201 3171 2393 3219 quaedam
2414 3171 2462 3208 ad
2481 3171 2556 3208 hoc

1496 3223 1680 3260 inducens
1709 3224 1814 3271 quod
1843 3224 1962 3260 homo
1993 3231 2105 3260 amet.

1547 3355 1572 3387 ζ)
1592 3359 1724 3380 amentur.
1739 3369 1757 3374 -
1770 3359 1898 3380 amantur
1916 3355 2016 3388 G(sx?).

1547 3391 1573 3421 η)
1594 3391 1701 3415 nutrici.
1712 3404 1731 3409 -
1745 3391 1845 3415 nutriri
1863 3391 1907 3416 sC.

1547 3423 1571 3457 θ)
1592 3426 1724 3450 melior.—
1738 3426 1799 3450 Om.
1818 3427 1853 3455 B;
1873 3434 1920 3458 pro
1940 3427 2035 3456 minus,
2056 3434 2125 3452 unus
2146 3427 2236 3453 BHlL.

1547 3460 1565 3492 ι)
1584 3461 1620 3485 sit
1643 3461 1700 3486 sed.
1719 3474 1737 3479 —
1755 3461 1823 3486 sicut
1845 3462 1868 3486 si
1887 3462 2073 3493 AEFHLpCK‚
2100 3462 2169 3487 sicut
2188 3463 2216 3492 B,
2235 3461 2271 3486 sit
2293 3461 2318 3486 si
2336 3461 2391 3491 DG,
2417 3461 2486 3486 sicut
2511 3459 2556 3495 (sit

1492 3496 1561 3521 sicut
1580 3496 1621 3527 sn)
1640 3497 1664 3520 si
1682 3496 1761 3521 etiam
1780 3504 1806 3524 n,
1825 3497 1861 3521 sit
1878 3497 1944 3522 sicut
1964 3497 1988 3522 si
2006 3497 2043 3521 Pa
2062 3505 2115 3521 om.
2134 3505 2183 3530 PK}
2203 3504 2235 3521 sn
2254 3504 2306 3521 non
2325 3497 2413 3529 liquet.

2590 1805 2601 1815 ¹
2614 1803 2671 1826 Loc.
2685 1810 2751 1832 prox.
2762 1805 2802 1826 eit.
