2892 4056
153 312 161 319 ⁸
185 309 249 331 Vcrs.
264 310 297 336 56.

154 391 162 399 ⁸
182 389 246 410 Vers.
262 390 283 410 8.

154 726 162 734 ⁸
178 726 202 746 lu
218 731 321 751 corpore.

152 1192 161 1200 ⁴
178 1191 225 1216 Qu.
240 1196 303 1211 Lvui.
318 1193 358 1210 art.

151 1224 172 1242 4,
189 1223 208 1244 5,

151 1500 159 1507 ⁸
175 1498 210 1519 Cf.
227 1503 285 1524 resp.
301 1497 329 1518 ad
339 1504 358 1525 3.

146 1947 155 1956 ’
170 1945 204 1966 (ΣΙ.
221 1945 316 1966 aristot.
327 1945 357 1966 Ε-

149 1972 202 1993 thic.
214 1971 253 1993 lib.
268 1972 296 1997 11,
308 1978 334 1993 ca

160 2005 179 2020 v.
204 2005 225 2019 n.
240 2006 268 2024 4;
284 2005 302 2019 s.
313 1998 334 2019 T

150 2025 200 2046 lect.
217 2031 246 2045 iv.

397 222 472 268 364

392 312 452 336 xm
471 299 491 321 ³⁶
520 300 674 338 dicitur:
703 302 849 349 Species
876 301 1018 348 decepit
1034 306 1079 345 te,
1099 306 1135 336 et
1156 301 1453 348 concupiscentia

391 353 570 389 subvertit
588 358 604 374 α
632 365 699 390 εον
717 359 839 397 tuum;
859 361 895 390 et
912 354 1035 389 Exod.
1056 365 1140 389 xxm
1160 353 1180 374 *
1208 353 1361 390 dicitur:
1389 354 1454 390 Ne
1478 375 1479 380 =

392 406 556 452 accipias
583 418 753 451 munera,
783 418 879 454 quae
911 411 1117 442 excaecant
1152 406 1265 443 etiam
1286 406 1452 454 pruden-
1478 416 1479 420 ’

391 464 453 497 tes.
474 479 498 486 -
519 458 673 495 Oblivio
693 466 819 495 tamen
847 465 972 506 potest
991 457 1176 506 impedire
1195 458 1450 507 prudentiam,
1477 454 1478 499 l

390 510 613 559 inquantum
642 511 814 559 procedit
841 511 890 548 ad
917 510 1231 559 praecipiendum
1262 523 1307 548 ex
1327 511 1452 559 aliqua
1476 505 1478 567 f

392 563 617 611 cognitione,
647 575 745 610 quae
773 576 842 611 per
870 563 1107 600 oblivionem
1135 563 1212 600 tolli
1241 571 1377 612 potest.

443 618 501 652 An
522 627 658 652 PRIMUM
678 628 775 652 ERGO
795 628 982 653 DlCENDUM
1011 616 1117 664 quod
1145 616 1302 653 scientia
1331 624 1386 652 est
1412 616 1451 653 in
1475 640 1476 648 η

391 670 471 705 sola
500 669 655 705 ratione.
693 669 803 706 Unde
837 670 884 705 de
913 680 958 705 ea
986 678 1042 705 est
1069 669 1140 705 alia
1177 669 1284 715 ratio,
1319 677 1361 719 ut
1389 681 1450 706 su-
1474 666 1476 679 ¹

389 733 455 769 pra
478 722 497 742 '¹‘
525 721 667 757 dictum
697 729 764 758 est.
1474 753 1475 756 ,

442 852 467 882 α)
487 851 627 876 subvertit.
645 865 664 870 -
682 852 786 884 decepit
803 851 979 884 ABCFGLpK
1001 858 1026 877 et
1043 860 1070 882 ir,
1090 853 1204 884 decipiet
1223 850 1253 877 E.

1031 222 1296 268 QUAEsTio
1327 223 1488 270 XLVII,

1517 224 1814 261 ARTICULUS
1843 225 1930 262 XVI

1560 303 1618 337 Au
1651 313 1842 339 SECUNDUM
1889 314 2073 340 DICENDUM
2119 306 2225 352 quod
2267 306 2568 354 experimentum

1506 353 1728 401 prudentiae
1757 366 1836 391 non
1864 355 2069 404 acquiritur
2097 368 2142 392 ex
2171 358 2252 394 sola
2280 359 2479 405 memoria,
2501 359 2568 395 sed

1506 418 1552 442 ex
1579 406 1755 443 exercitio
1785 415 1885 444 recte
1912 408 2182 456 praecipiendi.

1558 461 1616 495 An
1636 470 1796 495 TERTIUM
1815 471 1999 498 monimum
2029 461 2134 510 quod
2161 462 2363 511 prudentia
2381 464 2567 513 principa-

1502 510 1584 547 liter
1612 511 1780 549 consistit
1798 525 1878 550 non
1897 513 1936 550 in
1955 514 2172 561 cognitione
2189 515 2475 562 universalium,
2500 517 2569 554 sed

1475 568 1477 602 i
1502 563 1541 600 in
1561 564 1814 612 applicatione
1835 566 1885 603 ad
1905 579 2034 615 opera,
2055 574 2097 604 ut
2115 568 2259 606 dictum
2272 576 2335 605 est
2351 569 2383 606 ³⁸.
2413 570 2461 606 Et
2479 569 2567 606 ideo

1503 617 1645 653 oblivio
1674 617 1899 656 universalis
1929 620 2152 667 cognitionis
2180 632 2259 657 non
2293 622 2503 671 corrumpit
2529 622 2567 659 id

1502 669 1607 717 quod
1637 677 1693 706 est
1711 671 1917 721 principale
1945 672 1983 709 in
2010 673 2224 721 prudentia,
2246 674 2313 711 sed
2336 675 2479 724 aliquid
2498 675 2568 712 im-

1502 722 1769 770 pedimentum
1798 724 1831 761 ei
1858 725 1979 772 affert,
2007 733 2049 762 ut
2077 725 2220 763 dictum
2250 734 2306 764 est
2323 727 2354 764 ⁸⁶.
2534 736 2536 741 “

1064 932 1398 966 Commentariis
1419 931 1672 966 cardinalis
1692 934 1895 968 Caietam

418 1021 437 1041 N
459 1011 558 1041 tribus
582 1011 721 1042 articulis
741 1011 860 1043 ultimis
885 1012 1080 1053 quaestionis
1096 1011 1452 1054 quadragesimaesepti-

391 1024 487 1085 Imae
512 1055 592 1085 nihil
623 1055 709 1086 aliud
740 1062 786 1086 est
809 1056 1011 1087 scribendum
1035 1056 1096 1087 nisi
1119 1057 1211 1098 quod
1241 1066 1301 1097 pro
1324 1056 1452 1092 ultimo,

1505 1012 1642 1044 minatae
1662 1021 1745 1051 sunt,
1767 1016 1851 1047 unde
1867 1023 1898 1047 et
1916 1017 2036 1047 ratione
2053 1017 2367 1059 comprehenduntur
2382 1023 2463 1059 quot
2478 1026 2567 1049 sunt:

1505 1057 1642 1088 rationes
1666 1065 1774 1089 autem
1797 1059 1920 1090 viarum
1943 1061 2201 1092 indeterminatae
2224 1069 2308 1093 sunt.
2333 1061 2431 1099 Quod
2446 1060 2569 1094 etho:

385 1100 552 1140 quomodo
576 1100 694 1131 scilicet
717 1100 823 1140 passio
847 1101 1023 1141 corrumpit
1041 1101 1295 1132 aestimationem
1313 1101 1451 1141 pruden-
1477 1124 1479 1135 2
1505 1108 1591 1141 patet
1622 1103 1710 1142 quod
1734 1104 1821 1134 nulla
1843 1105 1965 1136 ratione
1993 1106 2219 1146 comprehendi
2250 1113 2355 1146 potest
2384 1111 2569 1147 quotv'sunt

386 1144 460 1180 tiae,
485 1144 590 1174 videre
613 1151 705 1184 potes
735 1154 816 1185 quae
840 1145 952 1176 diffuse
980 1145 1163 1186 scripsimus
1196 1145 1229 1176 in
1252 1144 1452 1185 praecedenti

386 1188 482 1218 Libro
507 1188 532 1224 *‚
559 1188 613 1218 ubi
638 1189 866 1220 declaravimus
890 1190 1058 1231 quomodo
1095 1190 1201 1231 qualis
1236 1189 1452 1229 unusquisque

386 1237 443 1270 est,
464 1232 538 1262 talis
549 1233 633 1274 finis
656 1234 686 1264 ei
709 1233 845 1271 videtur,
871 1241 901 1264 et
923 1244 1126 1274 progressum
1142 1232 1353 1273 generationis
1375 1242 1451 1272 pru-

387 1276 521 1307 dentiae.

440 1321 502 1350 Pro
526 1321 779 1361 antepenultimo
802 1331 887 1358 vero,
912 1321 1047 1358 adverte,
1070 1322 1103 1352 in
1119 1321 1327 1361 responsione
1345 1320 1385 1350 ad
1404 1329 1451 1350 se-

386 1364 538 1400 cundum,
556 1365 679 1396 divinae
696 1364 875 1404 adoptionis
892 1365 1126 1396 sufficientiam:
1147 1372 1184 1396 ut
1197 1364 1361 1405 egentibus
1376 1373 1451 1395 con·
1476 1363 1478 1410 j

386 1408 457 1439 silio
480 1408 554 1439 filiis
579 1409 802 1440 discretionem
832 1409 978 1446 tribuerit,
998 1410 1075 1440 mali
1099 1417 1130 1441 et
1154 1409 1231 1441 boni
1255 1408 1397 1444 consilii3
1421 1415 1452 1439 et
1476 1416 1477 1420 ’

387 1453 603 1484 exercentibus
636 1463 669 1484 se
698 1453 731 1484 in
754 1453 876 1484 actibus
907 1454 1086 1485 infusarum
1114 1453 1268 1489 virtutum
1300 1462 1451 1493 augmen·
1475 1449 1477 1497 ἱ

386 1504 457 1527 tum
479 1507 581 1538 usque
606 1497 645 1527 ad
669 1497 900 1537 perfectionem
923 1498 1018 1529 solidi
1042 1497 1101 1529 cibi
1125 1496 1274 1539 largiatur
1291 1497 1318 1528 *.

439 1541 474 1571 In
497 1541 705 1582 responsione
729 1549 836 1573 autem
859 1543 899 1573 ad
921 1542 1059 1579 tertium,
1085 1552 1159 1573 cum
1181 1542 1259 1583 legis
1280 1541 1315 1571 in
1336 1541 1451 1571 iuvene

386 1596 451 1615 non
482 1596 549 1616 esse
572 1586 774 1626 prudentiam
803 1586 1155 1618 secundum-habitum
1186 1596 1243 1616 nec
1273 1585 1450 1616 secundum
1475 1605 1477 1616 7

386 1636 502 1666 actum,
527 1630 666 1669 intellige
695 1639 761 1661 non
785 1631 825 1661 de
847 1638 920 1662 actu
943 1631 1130 1671 prudentiae
1158 1630 1334 1661 secundum
1358 1639 1451 1660 suam
1475 1646 1476 1653 κ

386 1674 605 1710 substantiam,
623 1674 677 1704 sed
702 1675 740 1704 de
756 1681 827 1706 actu
844 1674 982 1706 formato
998 1675 1197 1715 prudentiae:
1222 1675 1285 1706 hoc
1300 1681 1346 1704 est
1360 1674 1450 1714 quod

385 1718 508 1748 iuvenis
532 1728 597 1748 non
620 1718 714 1750 habet
737 1725 844 1750 actum
871 1719 1058 1760 prudentiae
1090 1729 1129 1751 eo
1153 1719 1252 1749 modo
1285 1727 1352 1759 quo
1376 1727 1450 1758 pru·
1474 1723 1476 1761 ξ

385 1762 462 1792 dens
477 1762 571 1792 habet
585 1762 701 1802 ipsum,
719 1763 774 1803 qui
787 1773 824 1793 ex
839 1762 948 1794 habitu
961 1763 1148 1804 prudentiae
1161 1769 1323 1804 operatur;
1340 1771 1450 1802 quam·
1474 1764 1476 1779 ²

384 1806 430 1836 vis
454 1806 567 1836 habeat
581 1807 776 1847 quandoque
800 1813 907 1837 actum
923 1807 1108 1847 prudentiae
1132 1817 1170 1837 eo
1191 1807 1290 1837 modo
1310 1815 1376 1847 quo
1396 1805 1450 1835 ha-

385 1851 438 1881 bet
459 1857 565 1880 actum
583 1851 695 1891 aliquis
719 1858 790 1881 ante
810 1851 969 1888 habiturn;
995 1852 1076 1882 sicut
1094 1851 1187 1882 multi
1207 1851 1302 1882 etiam
1317 1859 1450 1890 operari·
1475 1853 1476 1866 ³

384 1902 436 1925 tur
457 1895 539 1925 iusta
563 1895 617 1925 sed
639 1905 706 1925 non
730 1902 766 1926 ut
787 1895 872 1932 iusti,
896 1903 926 1926 et
949 1895 1043 1926 multi
1077 1901 1251 1936 operantur
1274 1894 1367 1925 fortia
1395 1894 1450 1924 sed

385 1949 452 1970 non
476 1945 511 1969 ut
534 1938 629 1969 fortes
643 1938 669 1970 *.
694 1939 752 1969 Per
766 1939 828 1970 hoc
849 1939 935 1970 enim
957 1940 1090 1972 habetur
1112 1939 1285 1970 differentia
1298 1939 1380 1970 inter
1401 1938 1451 1969 in·
1475 1939 1477 1959 Ρ

385 1983 490 2014 fusam
506 1989 536 2013 et
552 1983 738 2024 acquisitam
765 1984 976 2024 prudentiam,
992 1984 1082 2026 quod
1096 1984 1151 2015 illa
1166 1984 1343 2015 secundum
1362 1982 1450 2014 habi-

386 2035 456 2058 tum
470 2034 575 2067 potest
600 2037 667 2058 esse
689 2027 722 2057 in
749 2038 850 2068 puero
875 2035 906 2059 et
927 2028 1050 2065 iuvene,
1079 2035 1109 2060 et
1135 2029 1312 2059 secundum
1343 2034 1450 2058 actum

386 2072 480 2102 etiam
505 2071 678 2102 formatum
702 2082 738 2102 ex
760 2072 869 2103 habitu
892 2072 1014 2110 in'fuso;
1038 2073 1097 2103 ista
1120 2079 1233 2104 neutro
1257 2071 1366 2103 modo.

441 2116 477 2146 Il.
493 2116 528 2145 In
544 2115 722 2156 penultimo
740 2123 848 2147 autem
864 2117 996 2148 articulo
1021 2116 1155 2148 dubium
1171 2117 1288 2157 duplex
1302 2115 1450 2147 occurrit.
1475 2119 1477 2144 l

386 2160 538 2195 Primum,
563 2160 597 2190 in
620 2169 753 2200 corpore
776 2161 907 2198 articuli,
933 2161 987 2191 ubi
1011 2161 1125 2192 dicitur
1147 2161 1237 2202 quod
1250 2160 1329 2191 fines
1352 2160 1450 2192 virtu-

386 2211 455 2235 tum
479 2211 552 2234 sunt
575 2204 780 2241 determinati,
798 2205 866 2235 viae
890 2212 996 2236 autern
1013 2215 1095 2245 quae
1118 2212 1192 2238 sunt
1214 2205 1253 2236 ad
1274 2205 1353 2236 fines
1376 2211 1451 2236 sunt

385 2248 653 2285 indeterminatae,
672 2249 711 2279 de
727 2259 790 2290 qua
806 2249 1103 2280 indeterminatione
1120 2257 1166 2280 est
1181 2260 1297 2280 sermo.
1321 2250 1396 2280 Non
1411 2249 1450 2279 de

387 2292 557 2322 numerali:
589 2292 663 2333 quia
688 2292 730 2323 sic
754 2293 850 2324 etiam
873 2293 951 2324 fines
975 2301 1079 2324 essent
1102 2293 1346 2330 indeterminati,
1376 2303 1451 2324 cum

386 2337 520 2367 habeant
536 2336 657 2367 infinita
680 2337 858 2376 singularia.
878 2355 899 2361 -
915 2338 980 2368 Nec
1004 2337 1157 2378 specifica.
1182 2338 1271 2369 Tum
1286 2337 1360 2378 quia
1384 2347 1451 2367 non

387 2387 460 2411 sunt
475 2380 615 2411 infinitae
630 2381 749 2421 species
766 2382 824 2411 sub
837 2382 1003 2422 prudentia
1018 2382 1113 2412 unius
1129 2382 1253 2422 speciei.
1271 2382 1359 2412 Tum
1375 2381 1450 2422 quia

387 2424 559 2455 differentia
581 2425 661 2456 inter
677 2425 819 2455 medium
841 2426 874 2455 in
898 2426 1018 2456 Milone
1041 2433 1071 2456 et
1093 2426 1290 2467 Philosopho
1314 2436 1380 2457 non
1405 2433 1451 2456 est

387 2469 447 2499 nisi
463 2469 632 2499 numeralis
647 2469 704 2499 sub
717 2469 828 2500 eadem
841 2470 958 2510 specie:
975 2470 1056 2501 sicut
1069 2471 1236 2511 prudentia
1252 2478 1298 2502 est
1308 2471 1450 2502 eiusdem
1476 2481 1477 2484 ¹

388 2513 502 2553 speciei
525 2513 558 2542 in
583 2520 728 2553 utroque.

443 2557 626 2587 Secundum
642 2565 749 2588 autem
766 2564 812 2588 est
830 2558 910 2588 circa
929 2558 1084 2589 rationem
1100 2558 1256 2589 redditam
1271 2558 1304 2589 in
1319 2568 1449 2599 respon·
1474 2563 1476 2587 l

388 2601 476 2631 sione
499 2601 539 2630 ad
563 2601 690 2632 tertium
709 2612 805 2642 quare
824 2602 990 2642 prudentia
1014 2612 1079 2632 non
1105 2609 1210 2642 potest
1235 2613 1302 2633 esse
1325 2602 1450 2633 homini

387 2645 552 2676 naturalis:
573 2645 647 2686 quia
671 2646 787 2676 scilicet
809 2646 876 2676 eius
893 2646 982 2683 ratio,
1005 2656 1078 2677 cum
1102 2647 1141 2678 sit
1156 2646 1392 2683 universalium,
1410 2648 1450 2678 ad

387 2688 507 2720 infinita
531 2689 697 2729 singularia
715 2700 747 2720 se
771 2691 918 2721 extendit.
944 2691 1148 2722 Probandum
1172 2691 1257 2722 enim
1273 2699 1338 2722 erat
1361 2692 1449 2734 quod

387 2733 427 2764 ad
450 2732 586 2764 infinitas
617 2733 680 2764 vias
704 2734 783 2766 ratio
808 2734 946 2765 hominis
970 2745 1002 2765 se
1027 2735 1179 2767 extendit:
1211 2736 1364 2776 quoniam
1388 2736 1450 2767 hoc

388 2784 434 2808 est
457 2778 642 2817 oppositum
666 2778 733 2809 eius
748 2779 836 2819 quod
860 2779 1018 2810 invenitur
1036 2779 1069 2809 in
1088 2779 1198 2816 brutis,
1216 2790 1307 2820 quae,
1325 2790 1381 2820 per
1396 2781 1448 2810 de-

387 2821 568 2853 terminatas
596 2822 663 2852 vias
695 2824 914 2862 procedendo,
949 2834 966 2853 a
990 2830 1100 2855 natura
1130 2824 1312 2864 prudentias
1342 2824 1450 2855 sortita

388 2873 464 2907 sunt
484 2876 567 2897 suas.
592 2866 627 2896 ln
649 2866 750 2898 littera
768 2874 876 2899 autem
899 2868 1050 2907 probatur
1068 2869 1156 2908 quod
1180 2869 1220 2899 ad
1242 2867 1363 2899 infinita
1386 2868 1449 2899 sin-

388 2910 507 2950 gularia
530 2921 562 2940 se
587 2911 733 2942 extendit.

443 2954 495 2984 111.
519 2955 569 2984 Ad
593 2954 733 2995 primum
748 2955 882 2995 dubium
907 2955 1020 2986 dicitur
1037 2956 1124 2996 quod
1152 2956 1312 2987 diversitas
1336 2955 1449 2987 finium

390 3004 419 3028 et
442 2997 602 3028 diversitas
625 2999 747 3029 viarum
771 3000 811 3029 ad
833 2999 910 3030 fines
934 3000 1086 3031 virtutum
1113 3001 1144 3030 in
1168 3001 1230 3031 hoc
1256 3000 1450 3031 conveniunt

389 3042 478 3082 quod
501 3049 567 3072 tam
589 3041 667 3073 fines
690 3053 787 3084 quarn
810 3043 878 3074 viae
900 3043 933 3074 in
956 3043 1085 3075 infinitis
1109 3045 1268 3075 salvantur
1286 3045 1449 3085 singulari-

389 3086 458 3116 bus.
482 3085 639 3117 Differunt
665 3095 772 3118 autern
795 3087 828 3118 in
851 3088 912 3119 hoc
935 3089 1024 3128 quod
1054 3089 1190 3121 rationes
1212 3088 1326 3120 finium
1350 3089 1450 3120 deter-

1505 1145 1596 1176 modi
1617 1146 1735 1186 quibus
1749 1147 1894 1180 medium
1915 1149 2040 1183 virtutis
2054 1150 2272 1183 constituitur:
2294 1151 2351 1182 sed
2366 1150 2453 1182 iuxta
2467 1151 2569 1183 diver-

1504 1189 1629 1221 sitatem
1651 1200 1870 1230 personarum.
1886 1193 2044 1229 locorum,
2069 1201 2264 1235 temporum,
2279 1194 2477 1232 instantium,
2493 1205 2570 1237 ope-

1504 1232 1674 1270 rationum,
1699 1241 1768 1272 etc.‚
1799 1241 1884 1266 tanta
1906 1235 1943 1267 fit
1966 1236 2126 1267 diversitas
2149 1245 2184 1269 ut
2207 1248 2273 1269 non
2297 1238 2404 1271 solum
2431 1239 2568 1276 indeter-

1505 1276 1623 1308 minata
1646 1277 1686 1308 sit
1701 1279 1803 1315 nobis,
1819 1280 1875 1310 sed
1888 1278 2079 1320 'simpliciter
2095 1280 2218 1312 infinita
2239 1280 2392 1319 videatur,
2407 1282 2441 1313 in
2480 1286 2569 1315 'otenss

1504 1321 1547 1351 tia
1570 1328 1686 1353 tamen.
1711 1323 1908 1354 Huiusmodi
1931 1331 2038 1355 autern
2062 1324 2224 1356 diversitas
2247 1325 2336 1366 quod
2359 1293 2568 1366 speeiffed‘sit,

1503 1371 1589 1405 patet
1611 1375 1648 1397 ex
1671 1367 1855 1398 auctoritate
1886 1367 1982 1399 huius
2004 1368 2127 1400 litterae
2149 1369 2316 1400 dividentis
2346 1369 2570 1403 indeterminata

1503 1409 1624 1441 tionem
1649 1411 1829 1443 mediorum
1851 1419 1961 1443 contra
1984 1413 2280 1451 determinationem
2294 1413 2422 1449 finium:
2437 1419 2571 1451 conam

1504 1453 1591 1487 enim
1613 1454 1727 1486 finium
1752 1456 2050 1489 determinationem
2072 1467 2139 1489 esse
2160 1457 2355 1499 specificam
2379 1465 2411 1492 et
2432 1469 2489 1503 per
2505 1459 2570 1501 hoc

1502 1498 1682 1530 insinuatur
1704 1500 1794 1540 quod
1817 1500 1998 1532 mediorum
2012 1500 2266 1534 indeterminatio
2281 1509 2328 1533 est
2351 1499 2570 1553 specificaim

1475 1542 1477 1582 ξ
1504 1542 1586 1573 sicut
1607 1542 1774 1575 affirmatio
1798 1544 2068 1577 determinationis
2090 1546 2222 1587 ponitur
2245 1557 2338 1578 causa
2352 1545 2569 1579 affirmationis

1503 1586 1721 1625 naturalitatis,
1738 1588 1781 1619 ita
1802 1589 1929 1629 negatio
1953 1589 2222 1621 determinationis
2241 1588 2570 1633 mediorum'ponitur

1504 1641 1597 1662 causa
1613 1632 1789 1672 negationis
1803 1633 2011 1664 naturalitatis
2021 1634 2049 1665 ⁸¹⁸.
2061 1651 2082 1657 —
2094 1635 2135 1665 Et
2149 1634 2271 1666 ratione
2281 1636 2442 1676 probatum
2461 1637 2571 1668 Minui

1503 1675 1589 1707 enim
1611 1676 1736 1709 videtur
1758 1678 1848 1719 quod
1871 1687 1909 1709 ex
1930 1677 2027 1709 finitis
2042 1678 2217 1716 litterarum
2241 1679 2404 1711 elementis
2423 1679 2568 1715 fiantfidae

1503 1718 1609 1751 finitae
1639 1721 1816 1752 secundum
1851 1722 1990 1763 speciem
2013 1722 2178 1761 distinctae
2207 1722 2361 1755 dictiones
2385 1725 2427 1755 ob
2450 1725 2569 1760 variam

1503 1773 1612 1794 earum
1629 1765 1908 1806 compositionem,
1924 1776 2023 1808 quam
2039 1777 2076 1797 ex
2089 1766 2219 1798 infinitis
2234 1768 2494 1800 concurrentibus
2510 1769 2571 1801 sin-

1474 1806 1476 1842 }
1503 1806 1664 1847 gularibus
1688 1818 1908 1848 personarum,
1933 1817 2002 1847 etc.,
2026 1810 2180 1842 resultent
2201 1810 2342 1844 infinitae
2365 1811 2484 1854 species
2498 1820 2570 1857 mo-

1504 1852 1636 1882 dorum:
1656 1853 1811 1893 quoniam
1827 1853 1948 1884 facilius
1965 1864 2002 1885 ex
2013 1854 2144 1886 infinitis
2159 1853 2297 1887 infinitas
2314 1855 2459 1896 specifica
2471 1865 2571 1898 quam

1503 1905 1541 1927 ex
1563 1895 1660 1927 finitis
1682 1896 1727 1928 fit.
1753 1897 1814 1929 Sed
1837 1905 1962 1929 constat
1983 1899 2027 1929 ibi
2058 1909 2126 1930 esse
2159 1898 2348 1931 infinitatem
2376 1900 2570 1941 specificam

1503 1941 1588 1980 Ergo
1612 1941 1798 1974 rationabile
1820 1949 1868 1973 est
1890 1949 1922 1974 et
1942 1942 1994 1974 hic
2017 1942 2206 1974 infinitatem
2234 1943 2415 1984 specificam
2440 1955 2569 1986 ponere·

1555 1985 1607 2016 Ad
1629 1985 1766 2027 primam
1798 1993 1906 2018 autem
1938 1986 2151 2018 obiectionem
2179 1987 2214 2019 in
2237 1987 2426 2030 oppositum
2456 1989 2572 2027 dicitur

1503 2029 1593 2070 quod
1625 2040 1692 2060 non
1720 2029 1904 2062 inconvenit
1925 2030 2063 2063 infinitas
2090 2031 2214 2062 viarum
2242 2031 2361 2073 species
2385 2034 2444 2064 sub
2474 2034 2570 2069 unius

1475 2072 1477 2112 ζ
1503 2073 1618 2114 speciei
1641 2074 1810 2114 prudentia
1833 2074 2002 2106 contineri:
2031 2075 2106 2117 quia
2130 2077 2188 2106 sub
2212 2086 2276 2107 una
2299 2075 2570 2122 formali‘ratione

1502 2117 1689 2158 prudentiae
1713 2125 1779 2150 tota
1803 2128 1913 2150 earum
1928 2119 2089 2151 diversitas
2114 2121 2303 2158 continetur,
2318 2121 2400 2153 sieut
2422 2122 2483 2153 sub
2506 2130 2570 2154 una

1502 2163 1708 2202 grammatica
1730 2162 1870 2195 infinitae
1892 2171 2028 2204 possunt
2051 2164 2204 2196 dictiones
2227 2165 2391 2197 contineri.

1558 2207 1611 2238 Ad
1633 2208 1807 2238 secundam
1830 2214 1938 2239 autem
1961 2208 2076 2239 dicitur
2098 2209 2187 2250 quod
2210 2209 2244 2240 hi
2266 2209 2356 2241 modi
2376 2219 2442 2243 non
2459 2210 2569 2245 distin-

1503 2258 1646 2291 guuntur
1668 2251 1772 2291 specie
1795 2251 1827 2282 in
1850 2261 1964 2292 genere
1987 2252 2085 2283 moris
2120 2253 2179 2284 nisi
2207 2254 2384 2284 secundum
2410 2255 2500 2295 quod
2523 2254 2569 2286 di-

1503 2305 1664 2325 versarum
1677 2303 1751 2326 sunt
1760 2295 1924 2332 virtutum,
1940 2303 2018 2336 puta
2028 2297 2223 2336 prudentiae,
2247 2298 2482 2338 temperantiae,
2499 2306 2569 2330 etc.:

1503 2339 1559 2377 sed
1583 2339 1821 2380 distinguuntur
1843 2340 1946 2380 specie
1961 2340 1994 2371 in
2009 2350 2123 2381 genere
2139 2341 2208 2373 viae
2223 2341 2392 2374 humanae.
2415 2342 2463 2374 Ina
2481 2342 2571 2385 quod

1503 2383 1667 2414 universae
1689 2384 1759 2414 viae
1775 2384 1960 2424 prudentiae
1982 2392 2057 2415 sunt
2072 2385 2168 2416 unius
2191 2386 2316 2426 speciei,
2340 2393 2420 2427 puta
2432 2387 2571 2427 pruden-

1503 2427 1579 2464 tiae;
1604 2435 1678 2458 sunt
1690 2435 1797 2458 autem
1809 2427 2004 2459 infinitarum
2024 2429 2202 2469 specierum
2213 2430 2285 2461 viae
2298 2430 2472 2462 humanae:
2489 2431 2571 2463 sicut

1503 2482 1571 2502 mas
1595 2479 1625 2503 et
1647 2472 1766 2503 femina
1788 2479 1863 2503 sunt
1882 2472 1977 2503 unius
1992 2473 2108 2513 speciei
2130 2474 2163 2504 in
2186 2484 2300 2514 genere
2319 2475 2475 2514 animalis,
2491 2482 2571 2516 puta

1503 2516 1644 2546 hominis
1666 2516 1716 2546 vel
1740 2516 1840 2552 bovis,
1873 2523 1947 2547 sunt
1969 2524 2078 2548 autem
2107 2517 2303 2549 diversarum
2333 2519 2512 2560 specierum
2533 2519 2568 2551 in

1502 2570 1616 2600 genere
1646 2570 1747 2592 sexus.
1775 2560 2024 2601 Distinguuntur
2052 2561 2138 2593 enim
2161 2569 2197 2593 ut
2218 2562 2303 2599 viae,
2329 2563 2475 2604 quamvis
2502 2573 2569 2595 non

1502 2604 1736 2644 distinguantur
1759 2604 1912 2636 termino:
1937 2605 2018 2636 sicut
2036 2615 2126 2637 arcus
2144 2606 2177 2637 in
2201 2605 2363 2638 infinitum
2379 2607 2569 2649 multiplica-

1500 2649 1580 2680 biles
1603 2659 1698 2689 super
1722 2656 1841 2689 puncta
1863 2649 2052 2680 semicirculi
2077 2650 2315 2691 distinguuntur
2339 2658 2374 2682 ut
2397 2651 2465 2683 viae
2488 2652 2570 2684 inter

1503 2694 1633 2724 eosdem
1657 2693 1822 2724 terminos.

1558 2737 1610 2768 IV.
1635 2738 1685 2768 Ad
1709 2738 1887 2768 secundum
1911 2738 2048 2768 dubium
2076 2738 2192 2770 dicitur
2214 2739 2303 2780 quod
2327 2748 2365 2770 ex
2386 2739 2451 2773 hoc
2479 2740 2570 2783 qnod

1501 2781 1581 2812 ratio
1605 2788 1653 2811 est
1675 2780 1875 2813 infinitorum
1891 2781 2101 2821 singularium
2130 2783 2273 2824 sequitur
2300 2782 2446 2825 quodsit
2464 2780 2569 2821 'infini-

1501 2832 1610 2856 torum
1633 2825 1808 2856 modorum
1831 2826 1887 2867 qui
1910 2836 1948 2857 ex
1970 2826 2055 2857 varia
2078 2833 2127 2857 tot
2149 2826 2358 2867 singularium
2381 2836 2569 2861 concurren-

1501 2870 1545 2901 tia
1568 2876 1780 2910 consurgunt:
1806 2880 1842 2900 ac
1865 2879 1921 2910 per
1943 2869 2016 2906 hoc,
2033 2871 2122 2911 quod
2145 2871 2208 2903 sint
2229 2870 2371 2904 infinitae
2388 2871 2459 2903 viae
2473 2870 2568 2903 ratio·

1502 2913 1550 2944 nis
1574 2913 1614 2943 ad
1637 2912 1743 2944 finem.
1770 2913 1868 2951 Quod
1891 2921 1956 2945 erat
1978 2915 2191 2954 probandum.
2223 2915 2270 2946 Ex
2293 2915 2356 2947 hoc
2379 2915 2465 2947 enim
2493 2927 2568 2958 pro·-

1501 2957 1587 2988 venit
1610 2958 1699 2999 quod
1732 2958 1909 2998 prudentia,
1941 2968 2023 2999 quae
2054 2966 2100 2990 est
2130 2967 2212 2991 recta
2242 2959 2322 2991 ratio
2354 2959 2569 2992 humanarum

1502 3002 1635 3036 viarum.
1649 3011 1715 3032 non
1731 3002 1832 3042 possit
1847 3012 1914 3033 esse
1931 3003 2096 3033 naturalis:
2111 3004 2185 3044 quia
2202 3011 2313 3035 natura
2329 3004 2369 3034 ad
2381 3005 2570 3036 determina-

1503 3053 1569 3077 tam
1586 3046 1680 3081 viam,
1694 3053 1724 3077 et
1740 3057 1807 3077 non
1824 3047 1930 3077 solum
1946 3047 2119 3078 terminum
2141 3048 2287 3085 inclinat;
2308 3055 2344 3079 ut
2365 3055 2452 3089 patet
2465 3049 2498 3081 in
2514 3059 2569 3080 na-

1503 3090 1658 3121 turalibus
1686 3090 1874 3131 compositis
1889 3099 1921 3122 et
1951 3092 2101 3131 operibus
2121 3092 2310 3124 animalium
2325 3093 2568 3125 irrationalium.

974 3263 1981 3315 „tt—„fm-„nspc-cffl—

2596 570 2605 579 ⁸
2620 569 2679 590 ibid.

2537 746 2542 756 ,
2596 733 2604 739 '
2619 729 2680 751 Ibid.

2595 1641 2806 1664 ‘enarmonium

2594 1667 2666 1694 Anat.
2675 1668 2681 1690 l
2708 1683 2716 1692 .
2725 1667 2745 1696 1,
2798 1683 2807 1691 .

2594 1696 2751 1743 aas·
2799 1710 2806 1719 ·
