2892 4056
393 146 488 170 XXXII

522 214 603 266 Qu.
638 227 715 263 XL,
750 220 823 254 art.
857 228 889 254 1.
950 231 964 250 «
989 213 1116 254 Unde
1150 214 1421 268 Augustinus
1455 214 1497 254 in
1532 214 1600 253 lib.
1632 213 1684 253 de
1710 213 1862 253 Verbis
1893 213 2091 253 Domini.-
2135 215 2278 268 ,Apud
2310 228 2440 256 veros
2480 216 2563 256 Dei

395 276 578 316 cultores
622 276 748 316 etiam
782 276 851 315 illa
884 275 994 315 bella
1036 280 1186 328 pacata
1218 281 1332 323 sunt,
1368 288 1479 329 quae
1522 282 1609 315 non
1644 274 1872 328 cupiditate
1917 280 1988 314 aut
2027 274 2294 325 crudelitate,
2329 277 2406 317 sed
2448 278 2564 331 pacis

393 337 535 377 studio
569 342 784 391 geruntur,
820 343 866 376 ut
908 336 1006 376 mali
1041 342 1317 376 coerceantur
1350 342 1391 376 et
1424 336 1526 376 boni
1560 336 1850 376 subleventur.
1882 352 1896 371 »
1958 335 2203 384 Gratianus,
2238 338 2391 386 XXIII,
2427 352 2497 392 qu.
2530 352 2563 387 1,

393 408 482 437 can.
506 397 650 451 Apud,
676 399 765 446 Ivo,
800 411 839 451 p.
862 398 914 444 X,
941 410 974 436 c.
1006 395 1101 444 105,
1127 403 1168 437 et
1191 397 1403 446 Halensis,
1432 398 1550 438 Sum.
1583 397 1722 438 Theol.
1762 410 1801 450 p.
1825 397 1893 444 ΙΙΙ,
1929 409 1998 450 qu.
2022 408 2153 445 XLVII,
2183 399 2339 439 memb.
2358 401 2400 448 3,
2429 406 2503 440 art.
2529 413 2561 447 1,

394 459 506 498 idem
541 459 787 513 Augustino
822 459 863 498 in
897 458 967 498 lib.
997 458 1050 497 de
1080 459 1279 499 Diversis
1314 458 1533 499 Ecclesiae
1571 458 1947 499 Observationibus
1978 457 2246 500 adscribunt:
2302 473 2412 514 opus
2450 460 2564 501 istud

393 526 535 559 tamen
578 533 665 559 non
698 519 868 559 videtur
901 524 1066 567 extare;
1112 533 1190 559 nec
1233 520 1274 559 in
1308 520 1542 575 Augustini
1577 520 1779 573 operibus
1814 532 1924 573 quae
1959 525 2119 567 extant,
2161 520 2297 561 verba
2332 522 2458 562 citata
2500 522 2563 562 in-

391 581 630 620 veniuntur.
1288 591 1290 594 ·

514 641 641 689 Ibid.‚
677 641 732 680 ad
762 642 801 681 3.
854 657 868 676 «
894 642 950 681 Et
982 641 1081 681 ideo
1116 641 1340 694 (exercitia
1378 642 1552 696 bellica)
1586 642 1853 682 vocabantur
1890 641 2184 682 meditationes
2216 655 2458 691 armorum,
2493 645 2563 685 vel

391 702 500 742 bella
531 703 624 742 sine
653 702 875 755 sanguine,
911 708 958 742 ut
989 715 1065 757 per
1097 703 1413 756 Hieronymum
1446 709 1562 757 patet
1595 703 1637 743 in
1671 705 1857 757 quadam
1892 703 2084 757 epistola.
2110 721 2124 740 »
2169 703 2260 743 Nec
2294 703 2337 744 in
2371 705 2563 758 epistolis

390 776 468 803 nec
501 764 543 803 in
577 763 668 803 aliis
701 764 755 804 D.
779 763 1035 817 Hieronymi
1069 765 1272 818 operibus
1306 764 1426 818 quod
1459 764 1526 805 hic
1558 765 1768 819 profertur
1799 765 1990 805 invenire
2023 765 2254 819 potuimus.

515 825 737 877 Qu‚X1.111,
773 831 845 865 art.
874 836 912 878 7,
946 839 1035 880 arg.
1061 837 1100 877 4.
1146 843 1161 862 «
1189 826 1483 879 Hieronymus
1517 826 1618 866 dicit
1650 826 1770 880 quod
1804 826 2102 867 dimittendum
2137 832 2202 867 est
2232 832 2407 880 propter
2438 841 2562 868 scan-

390 886 534 926 dalum
568 899 696 927 omne
730 887 848 940 quod
882 893 1026 940 potest
1067 887 1364 941 praetermitti,
1405 888 1525 928 salva
1557 888 1707 942 triplici
1739 888 1929 936 veritate,
1962 888 2123 928 scilicet
2153 888 2279 937 vitae,
2307 888 2489 930 iustitiae
2523 896 2565 930 et

390 948 619 988 doctrinae.
646 967 659 983 »
716 948 808 988 Art.
831 962 935 1002 seq.,
974 962 1060 1004 arg.
1097 962 1140 997 2,
1175 949 1288 990 idem
1322 950 1532 1003 profertur
1564 956 1768 1003 tanquam
1802 950 1954 1003 regula
1986 950 2257 1002 IJieronymi,
2295 950 2367 1004 qui
2413 956 2454 991 et
2490 965 2562 991 su-

387 1010 541 1063 perias,
577 1023 647 1063 qu,
671 1022 820 1058 XXXVI,
845 1016 918 1050 art.
943 1012 982 1059 6,
1018 1024 1106 1065 arg.
1132 1023 1170 1058 2,
1196 1010 1248 1051 de
1271 1011 1475 1051 scandalo
1498 1025 1586 1051 non
1607 1011 1785 1051 vitando
1819 1024 1896 1065 pro
1919 1011 2097 1052 veritate
2119 1011 2233 1052 vitae
2266 1011 2396 1052 fidem
2425 1012 2562 1053 facere

388 1071 529 1111 iussus
553 1077 628 1111 est.
664 1072 779 1112 Ante
803 1072 856 1112 D.
871 1071 1087 1112 Thomam
1109 1072 1357 1112 Alexander
1379 1073 1592 1121 Halensis,
1614 1073 1736 1113 Sum.
1769 1073 1810 1112 T
1803 1073 1910 1113 neol.
1934 1086 1973 1127 p.
1997 1073 2046 1121 II,
2071 1086 2141 1127 qu.
2167 1074 2494 1122 CLXIX,'memb.
2519 1077 2560 1123 6,

389 1133 441 1173 de
466 1133 616 1173 eadem
640 1133 793 1186 regula
814 1133 1072 1185 Hieronymi
1089 1139 1267 1174 testatus
1291 1140 1370 1181 est;
1407 1140 1448 1174 et
1469 1134 1570 1173 ibid.
1595 1147 1634 1187 p.
1658 1135 1730 1181 IV,
1756 1148 1826 1187 qu.
1850 1146 1967 1182 XVIII,
1993 1134 2149 1174 memb.
2175 1146 2215 1185 4,
2246 1134 2300 1174 ad
2323 1137 2363 1183 3,
2387 1148 2561 1176 versum

389 1194 604 1248 quendam
636 1195 891 1235 sententiam
925 1195 1244 1248 exprimentem,
1269 1196 1397 1235 tacito
1432 1195 1615 1234 auctoris
1649 1195 1834 1243 nomine,
1864 1196 1977 1235 citat:
2020 1212 2034 1231 α
2060 1195 2274 1236 Scandala
2307 1209 2394 1236 non
2426 1197 2563 1238 vitant

388 1256 559 1304 doctor,
595 1256 746 1304 iudex,
781 1257 898 1296 bona
928 1256 1017 1296 vita
1047 1273 1079 1296 ».
1137 1257 1270 1310 Hugo
1313 1270 1338 1296 a
1372 1256 1416 1296 S.
1444 1256 1608 1304 Charo,
1643 1257 1694 1296 ln
1728 1257 1886 1297 Matth.
1929 1269 2019 1310 cap.
2043 1268 2170 1304 xvnl,
2214 1269 2326 1298 vers.
2358 1268 2396 1310 7,
2438 1258 2560 1299 dicit:

395 1336 406 1352 ‹
428 1317 603 1370 Triplex
626 1323 690 1357 est
711 1318 880 1365 veritas,
914 1317 1074 1357 scilicet
1095 1317 1220 1365 vitae,
1250 1317 1451 1371 justitiae,
1476 1317 1707 1366 doctrinae,
1733 1331 1844 1371 quae
1867 1330 2088 1371 nunquam
2112 1317 2364 1359 dimittenda
2397 1325 2462 1360 est
2482 1333 2560 1373 pro

386 1378 562 1418 vitando
597 1379 819 1419 scandalo:
863 1379 977 1419 unde
1011 1391 1175 1426 Versus,
1210 1379 1349 1428 Vitae,
1378 1379 1579 1434 justitiae,
1614 1379 1832 1419 doctrinae
1866 1379 2068 1420 scandala
2101 1379 2268 1421 cedunt.
2324 1380 2423 1420 Alia
2455 1394 2560 1422 vero

387 1441 502 1480 bona
543 1440 775 1494 aliquando
811 1441 1062 1481 dimittenda
1103 1447 1223 1489 sunt,
1268 1441 1500 1495 aliquando
1536 1454 1623 1489 non
1645 1459 1676 1481 ι.
1732 1442 1930 1494 Lyranus
1964 1441 2113 1489 etiam,
2156 1441 2290 1482 Gloss.
2335 1442 2378 1482 in
2410 1443 2560 1484 Matth.

387 1515 476 1556 cap.
511 1514 583 1549 XV,
618 1515 729 1543 vers.
760 1515 833 1550 12,
869 1503 1018 1542 habet:
1080 1519 1094 1538 ‹<
1126 1503 1182 1543 Et
1215 1503 1316 1556 quia
1347 1502 1505 1543 veritas
1537 1502 1652 1543 vitae
1666 1519 1683 1551 ,*
1709 1503 1914 1551 iustitiae,
1950 1509 1992 1543 et
2024 1502 2243 1543 doctrinae
2277 1517 2365 1544 non
2399 1510 2471 1544 est.
2496 1504 2558 1545 di-

387 1563 592 1604 mittenda
613 1569 787 1617 propter
808 1564 1056 1604 scandalum
1080 1581 1093 1600 >o
1124 1570 1213 1612 etc.‚
1233 1565 1334 1605 nihil
1353 1564 1407 1605 de
1430 1564 1699 1617 Hieronymo
1723 1564 1880 1605 dicens.
1906 1564 2144 1605 Gulielmus
2167 1564 2559 1615 Altissiodorensis,

386 1626 505 1665 Sum.
538 1625 651 1665 Aur.
675 1639 714 1679 p.
738 1626 806 1673 III,
842 1631 889 1666 tr.
913 1638 1031 1674 XXIV,
1057 1639 1126 1679 qu.
1152 1638 1192 1677 4,
1227 1619 1659 1681 investigando'quid
1692 1626 1747 1666 sit
1768 1626 2068 1674 dimittendum
2101 1632 2275 1680 propter
2295 1627 2558 1676 scandalum,

386 1687 560 1741 quaerit,
585 1686 627 1726 in
655 1687 793 1740 primo
817 1701 930 1736 casu,
954 1694 1095 1728 utrum
1128 1693 1321 1728 teneatur
1343 1688 1496 1741 aliquis
1530 1701 1617 1728 non
1640 1693 1831 1741 repetere
1854 1701 1932 1729 sua
1953 1694 2129 1742 propter
2149 1687 2412 1737 scandalum,
2437 1695 2479 1730 et
2499 1690 2560 1730 sic

386 1749 674 1789 difficultatem
707 1749 926 1802 proponit:
970 1750 1124 1796 «Item,
1158 1762 1288 1803 super
1320 1749 1438 1790 illum
1471 1750 1615 1789 locum
1649 1750 1830 1804 Evang.‚
1859 1750 1952 1790 Vae
1972 1749 2132 1790 mundo
2153 1763 2181 1790 a
2202 1750 2432 1798 scandalis,
2461 1750 2562 1791 dicit

385 1810 631 1851 auctoritas:
664 1810 875 1850 Tenemur
885 1811 1025 1851 vitare
1045 1811 1302 1852 scandalum
1323 1812 1580 1864 inquantum
1593 1813 1827 1865 possumus
1847 1812 1939 1851 sine
1953 1813 2140 1865 peccato.
2165 1810 2255 1852 Sed
2274 1811 2367 1852 sine
2382 1818 2559 1866 peccato

384 1885 617 1926 possumus
639 1871 772 1912 vitare
795 1873 978 1926 proximi
1001 1872 1250 1913 scandalum
1273 1887 1361 1914 non
1385 1872 1618 1927 repetendo
1642 1879 1808 1913 nostra:
1845 1885 1950 1928 ergo
1985 1886 2073 1914 non
2102 1877 2167 1913 est
2188 1872 2347 1914 licitum
2370 1879 2561 1928 repetere

384 1948 463 1974 sua
497 1947 593 1974 cum
626 1933 829 1973 scandalo
863 1934 999 1974 fratris
1023 1952 1055 1975 ».
1095 1935 1143 1974 In
1176 1935 1459 1989 responsione
1493 1935 1552 1975 sic
1586 1934 1730 1975 habet:
1782 1953 1794 1970 ‹
1819 1934 1891 1975 Ad
1924 1935 2049 1975 tertio
2078 1934 2314 1983 obiectum,
2339 1935 2459 1988 quod
2492 1935 2562 1977 illa

385 1995 613 2036 auctoritas
647 1995 924 2050 intelligenda
957 2001 1022 2037 est
1053 1996 1174 2036 salva
1205 1997 1355 2051 triplici
1388 1996 1578 2045 veritate,
1613 1996 1739 2045 vitae,
1774 1996 1957 2037 iustitiae
1991 2002 2033 2037 et
2066 1996 2285 2037 doctrinae
2308 2014 2342 2037 2.

508 2058 555 2097 In
590 2057 912 2098 Commentario
948 2058 1074 2098 Card.
1100 2058 1312 2106 Caietam,
1348 2058 1402 2098 ad
1436 2072 1506 2112 qu.
1530 2071 1571 2106 11,
1606 2064 1680 2099 art.
1708 2071 1745 2108 2,
1781 2071 1895 2099 num.
1927 2071 1961 2106 1,
2014 2075 2028 2095 «
2049 2059 2106 2099 Et
2143 2063 2372 2112 propterea
2410 2057 2561 2099 dicitur

385 2119 505 2172 quod
537 2118 710 2159 credere
730 2119 774 2159 in
796 2119 939 2160 Deum
973 2123 1039 2160 est
1067 2120 1256 2161 amando
1278 2123 1351 2161 etc.
1383 2139 1396 2155 ›
1437 2121 1517 2161 Est
1540 2133 1594 2161 ex
1615 2120 1730 2175 Aug.
1755 2121 1895 2160 Tract.
1919 2120 2064 2161 XXIX
2096 2120 2140 2160 in
2162 2120 2325 2160 Ioan..-
2349 2120 2413 2160 Cf.
2442 2120 2559 2175 Mag.

384 2181 440 2221 III
474 2181 588 2221 Sent.
625 2180 718 2221 dist.
743 2193 861 2221 XXIII.

509 2242 592 2294 Qu.
615 2255 656 2290 X,
691 2248 765 2282 art.
790 2244 829 2291 8,
867 2243 1110 2284 Comment.
1145 2257 1260 2284 num.
1282 2256 1323 2284 11.
1371 2260 1385 2279 α
1411 2249 1453 2284 et
1485 2243 1599 2297 apud
1628 2243 1813 2284 morales
1837 2242 2000 2284 dicatur
2022 2243 2142 2297 quod
2175 2242 2359 2284 oderunt
2378 2245 2563 2297 peccare

383 2304 493 2344 mali
509 2303 751 2358 formidine
773 2307 942 2358 poenae
971 2322 1004 2345 ».
1040 2305 1101 2345 Cf.
1128 2305 1278 2346 Horat.
1312 2304 1449 2359 Epist.
1481 2306 1511 2353 Ι,
1546 2317 1634 2353 XVI,
1671 2303 1740 2353 52,
1777 2304 1847 2346 53.

758 2437 1321 2491 COMMENTARIA
1356 2438 1806 2491 CARDINALIS
1842 2438 2194 2489 CAIETANI

509 2549 829 2591 Commentaria
850 2563 928 2590 sua
949 2549 991 2590 in
1015 2549 1261 2590 Secundam
1285 2549 1513 2590 Secundae
1535 2549 1724 2590 absolvit
1746 2550 1976 2590 Caietanus
2000 2550 2068 2590 die
2094 2551 2151 2590 26
2169 2549 2401 2598 Februarii,
2433 2549 2560 2604 1517,

384 2617 512 2665 prout
534 2612 625 2665 ipse
648 2612 690 2651 in
714 2612 797 2651 fine
819 2617 1014 2651 testatur:
1048 2612 1112 2652 Et
1129 2612 1237 2652 haec
1263 2611 1315 2651 de
1340 2612 1601 2665 expositione
1631 2612 1763 2651 huius
1786 2611 1915 2651 Libri
1934 2610 2164 2665 sufficiant,
2195 2611 2259 2651 ad
2273 2611 2369 2659 Dei,
2398 2612 2563 2653 Beatae

389 2673 584 2726 Virginis
611 2677 654 2714 et
671 2674 801 2713 Beati
828 2673 869 2713 T
861 2674 1015 2713 homae
1042 2673 1243 2726 gloriam.
1277 2673 1453 2720 Romae,
1478 2673 1546 2712 die
1567 2672 1629 2712 26
1649 2673 1892 2719 Februarii,
1928 2685 2042 2713 anno
2069 2672 2224 2713 salutis
2246 2672 2378 2724 1517,
2407 2674 2563 2714 aetatis

384 2738 528 2775 autem
549 2748 669 2775 meae
689 2734 1134 2788 quadragesimonono
1157 2735 1393 2775 inclzoante.
1428 2734 1512 2774 Die
1539 2747 1553 2774 1
1579 2734 1671 2774 Iulii
1694 2734 1889 2788 proxime
1922 2734 2142 2787 sequentis
2165 2734 2219 2774 ad
2243 2734 2562 2776 Cardinalatum

385 2810 410 2837 a
442 2797 592 2837 Leone
625 2798 666 2837 X
704 2803 968 2850 assumptus,
1005 2796 1309 2836 Generalatum
1348 2796 1523 2836 Ordinis
1557 2795 1906 2836 Praedicatorum
1948 2795 2121 2850 speciali
2160 2796 2380 2837 Pontificis
2414 2796 2562 2851 dispo-

384 2858 538 2898 sitione
571 2859 782 2899 retinebat
816 2872 913 2899 cum
949 2858 1151 2899 omnibus
1184 2857 1423 2898 honoribus
1458 2863 1500 2898 et
1533 2857 1737 2898 oneribus
1770 2870 1908 2911 usque
1942 2857 1998 2897 ad
2030 2857 2275 2912 proximum
2310 2858 2556 2912 Capitulum

387 2919 608 2968 Generale,
626 2921 758 2974 quod,
772 2921 825 2960 ab
844 2920 938 2974 ipso
957 2920 1165 2960 Pontifice
1184 2925 1483 2967 convocatum,
1501 2920 1762 2960 celebratum
1780 2925 1844 2960 est
1859 2920 2027 2960 Romae
2044 2919 2086 2960 in
2103 2919 2251 2975 vigilia
2268 2920 2560 2969 Pentecostes,

387 2981 455 3031 die
480 2994 534 3021 22
553 2982 666 3029 Maii,
693 2981 819 3022 1518.
856 2981 935 3022 Cui
959 2988 1102 3022 tamen
1135 2995 1222 3021 non
1257 2981 1435 3035 praefuit
1467 2981 1509 3021 in
1537 2981 1709 3035 propria
1741 2994 1937 3034 persona,
1973 2994 2072 3021 narn
2105 2981 2189 3022 iam
2223 2981 2342 3022 initio
2367 2981 2561 3022 eiusdem

386 3043 545 3083 mensis
568 3044 621 3083 ab
647 3043 765 3084 Urbe
789 3043 1007 3098 digressus
1031 3043 1176 3092 fuerat,
1201 3044 1393 3098 Legatus
1416 3057 1441 3083 a
1463 3043 1591 3083 latere
1615 3043 1670 3083 ad
1692 3043 1998 3097 Imperatorem
2024 3043 2363 3087 Maximilianum
2385 3043 2560 3084 missus:

385 3104 463 3145 sed
485 3105 582 3145 loco
605 3105 739 3158 ipsius
763 3105 976 3158 praesedit
1003 3105 1176 3145 Garsias
1201 3105 1254 3145 de
1277 3106 1463 3158 Loyasa,
1488 3105 1562 3158 qui
1590 3105 1669 3159 ipsi
1691 3105 1910 3158 praedicto
1930 3104 1998 3146 die
2021 3104 2063 3145 in
2083 3118 2379 3146 successorem
2402 3105 2561 3146 electus

387 3172 462 3207 est.
496 3167 680 3207 Nonnisi
714 3180 827 3207 anno
861 3167 1101 3220 insequenti
1125 3181 1150 3207 a
1174 3167 1404 3207 Germania
1437 3167 1570 3207 rediit.
1604 3167 1776 3207 Interim
1810 3180 1936 3208 suum
1963 3167 2167 3221 scriptum
2189 3167 2395 3207 Venetias
2416 3166 2561 3220 impri-

386 3228 591 3269 mendum
630 3228 822 3276 miserat,
864 3229 1008 3268 addita
1041 3229 1222 3282 epistola
1255 3228 1515 3269 dedicatoria
1554 3228 1608 3268 ad
1643 3228 1871 3269 Summum
1909 3229 2163 3269 Pontificem
2202 3234 2302 3282 post
2339 3233 2560 3281 acceptum

388 3290 706 3330 Cardinalatum
729 3291 895 3344 scripta.
929 3291 1205 3344 Impressioni
1227 3291 1475 3344 praeposuit
1496 3290 1664 3331 fratrem
1692 3291 2071 3331 Bartholomaeum
2092 3290 2146 3331 de
2174 3290 2320 3344 Spina,
2343 3289 2558 3336 Pisanum,

387 3352 582 3405 sequenti
606 3352 786 3406 epistola
814 3352 868 3392 ad
893 3352 1032 3406 ipsum
1057 3352 1235 3393 directa:
1278 3353 1465 3392 Thomas
1490 3352 1542 3392 de
1562 3353 1640 3392 Vio
1668 3352 1907 3399 Caietanus,
1934 3353 1977 3392 S.
1995 3353 2049 3392 R.
2068 3353 2120 3392 E.
2155 3351 2384 3403 Presbyter
2407 3349 2560 3390 Cardi-

386 3413 501 3453 nalis
523 3413 639 3454 tituli
657 3414 701 3454 S.
721 3414 842 3454 Sixti
859 3427 912 3454 ac
933 3414 1060 3454 totius
1088 3414 1264 3454 Ordinis
1284 3414 1650 3454 Praedicatorum
1669 3414 1893 3454 Generalis
1914 3414 2138 3467 Affagister.
2172 3411 2426 3453 Venerando
2441 3411 2562 3451 nobis

387 3475 609 3516 carissimo
614 3475 762 3529 fratri
779 3475 1112 3516 Bartholomaeo
1133 3476 1304 3524 Pisano,
1322 3475 1508 3516 eiusdem
1536 3476 1720 3523 Ordinis,
1745 3476 1919 3516 Lectori
1941 3475 2179 3516 Conventus
2210 3474 2254 3514 5.
2271 3473 2493 3514 Dominici
2509 3471 2562 3513 de
