2892 4056
184 714 195 724 ⁸
208 712 243 736 Cf.
258 718 297 741 qu.
311 718 395 740 uvui,

184 738 272 762 Introd.

183 1281 191 1289 ·
207 1279 262 1307 Cap.
277 1285 324 1301 xnt.

182 1652 223 1674 ⁸S.
231 1652 335 1674 Th.1ect.
346 1658 362 1674 1.

181 1913 192 1923 ·
205 1911 272 1934 Vers.
287 1918 320 1941 33.

186 2131 196 2141 ⁸
211 2130 277 2152 vers.
293 2136 325 2152 22.

186 2869 196 2877 “
210 2864 276 2886 Vers.
290 2871 321 2891 ¹7-

428 211 503 248 236

1111 209 1377 255 QUAESTIO
1407 210 1547 256 xxix,
1577 209 1873 246 ARTICULUS
1903 210 1918 245 1

980 413 1388 490 QUAEsTm
1426 413 2047 470 VIGESIMANONA

1332 525 1374 564 D
1394 525 1432 565 E
1479 525 1513 564 P
1529 524 1571 564 A
1591 524 1626 564 C
1643 524 1681 564 E

1205 630 1240 654 IN
1269 629 1443 661 QUATUOR
1469 630 1671 655 ARTICULOS
1699 630 1816 656 DIVlsA

424 720 614 802 Demos
642 710 964 749 considerandum
994 717 1049 747 est
1076 710 1124 749 de
1152 722 1248 758 pace
1266 710 1299 748 ²⁸.

505 764 553 802 Et
581 763 680 802 circa
706 764 782 801 hoc
810 770 1043 812 quaeruntur
1070 770 1246 811 quatuor.

475 816 626 854 Primo:
654 824 782 854 utrum
810 828 885 865 pax
904 817 951 854 sit
967 816 1071 853 idem
1097 816 1204 865 quod
1232 814 1452 852 concordia.

1591 708 1792 745 Secundo:
1821 715 1950 746 utrum
1980 707 2110 745 omnia
2138 715 2321 757 appetant
2343 720 2489 758 pacem.

1590 760 1746 798 Tertio:
1774 767 1899 798 utrum
1928 773 2002 810 pax
2031 761 2077 798 sit
2105 760 2263 800 effectus
2292 762 2465 800 caritatis.

1590 814 1759 860 Quarto:
1787 821 1917 852 utrum
1945 826 2019 863 pax
2047 814 2095 851 sit
2120 814 2252 852 virtus.

1232 915 1550 960 ARTICULUS
1581 915 1790 958 PRIMUS

1049 1009 1207 1041 UTRUM
1221 974 1315 1040 *PAX
1339 1009 1406 1040 srr
1430 1008 1537 1039 IDEM
1561 1007 1683 1047 QUOD
1709 1007 1966 1040 conconmA

1195 1088 1227 1113 111
1247 1088 1333 1118 Sena,
1351 1087 1412 1114 diat.
1428 1095 1504 1118 xxvxi,
1524 1094 1571 1119 qu.
1587 1094 1615 1118 11,
1634 1091 1682 1112 nrt.
1705 1095 1726 1118 1,
1746 1087 1779 1112 nd
1797 1086 1823 1112 6.

487 1180 490 1181 ’
542 1186 609 1221 ...qs
632 1180 655 1205 D
683 1179 820 1205 ΡΒιΜυΜ
848 1179 901 1204 stc
929 1179 1169 1205 procem-rua.
1189 1166 1349 1204 Videtur
1377 1165 1483 1214 quod

451 1215 455 1222 ¹
560 1216 605 1278 ζῇ
631 1233 705 1270 pax
721 1220 767 1257 sit
779 1219 883 1258 idem
904 1221 1011 1268 quod
1029 1219 1245 1256 concordia.
1267 1218 1367 1255 Dicit
1382 1218 1483 1255 enim

444 1301 462 1316 ,,
486 1312 515 1327 ,ν
539 1292 552 1326 ss
579 1269 886 1321 ‘r‘Augustinus‚
911 1273 1000 1309 XIX
1028 1273 1073 1309 de
1106 1273 1185 1309 Civ.
1215 1272 1290 1308 Dei
1308 1272 1346 1318 ²,
1377 1270 1483 1318 quod

425 1321 448 1336 “
479 1340 489 1356 >
515 1327 567 1350 ”’-”
593 1317 711 1376 pax
745 1326 941 1363 hominum
976 1331 1028 1362 est
1060 1325 1234 1362 ordinata
1267 1324 1482 1361 concordia.

421 1380 497 1417 Sed
516 1392 595 1416 non
622 1379 817 1427 loquimur
844 1391 945 1415 nunc
974 1378 1046 1415 nisi
1075 1378 1122 1415 de
1142 1390 1237 1427 pace
1266 1377 1481 1414 hominum.

419 1434 520 1480 Ergo
549 1444 623 1481 pax
653 1439 709 1469 est
737 1431 840 1468 idem
870 1431 973 1480 quod
1003 1431 1220 1468 concordia.

474 1497 509 1522 2.
545 1487 788 1532 PRAETEREA,
828 1483 1033 1522 concordia
1073 1492 1128 1522 est
1162 1483 1352 1533 quaedam
1390 1483 1482 1520 unio

418 1539 674 1576 voluntatum.
706 1538 783 1575 Sed
812 1538 905 1574 ratio
934 1537 1039 1587 pacis
1067 1537 1105 1574 in
1133 1537 1196 1575 tali
1223 1536 1365 1574 unione
1395 1549 1485 1573 con-

420 1592 541 1628 sistit:
585 1591 676 1629 dicit
709 1590 812 1627 enim
851 1591 1081 1639 Dionysius,
1117 1603 1152 1627 xi
1192 1603 1274 1639 cap.
1313 1590 1359 1626 de
1393 1589 1482 1626 Diu.

419 1645 537 1682 Nom.
558 1643 588 1691 ²¹²,
620 1644 726 1693 quod
747 1655 833 1692 pax
850 1650 905 1680 est
926 1644 1095 1680 omnium
1117 1644 1259 1680 unitiva
1279 1648 1316 1679 et
1332 1654 1486 1679 consen-

418 1710 481 1735 sus
501 1698 707 1745 operativa.
729 1698 831 1744 Ergo
850 1709 925 1745 pax
946 1705 1000 1733 est
1019 1696 1122 1734 idem
1142 1697 1246 1744 quod
1267 1695 1484 1733 concordia.

474 1751 508 1787 3.
539 1751 782 1796 PRAETEREA,
822 1762 987 1798 quorum
1016 1757 1072 1785 est
1104 1749 1206 1787 idem
1241 1749 1484 1797 oppositum,

421 1812 456 1840 et
484 1803 566 1851 ipsa
594 1810 681 1839 sunt
709 1802 823 1839 idem.
855 1801 932 1839 Sed
960 1802 1063 1839 idern
1092 1802 1299 1850 opponitur
1328 1814 1486 1838 concor-

420 1856 504 1893 diae
526 1863 561 1892 et
579 1855 676 1904 paci,
706 1855 847 1892 scilicet
875 1855 1081 1892 dissensio:
1109 1855 1214 1891 unde
1235 1854 1380 1901 dicitur,
1402 1856 1416 1891 1
1436 1855 1488 1891 ad

424 1910 511 1946 Cor.
531 1921 592 1946 xw
610 1908 646 1945 *ε
676 1908 767 1945 Νοη
787 1913 840 1945 est
867 1908 1106 1946 dissensionis
1130 1909 1252 1954 Deus,
1277 1908 1345 1944 sed
1364 1907 1484 1956 pacis.

420 1963 522 2010 Ergo
552 1974 626 2010 pax
655 1969 710 1998 est
738 1961 842 1999 idem
872 1961 976 2011 quod
1006 1961 1226 1998 concordia.

474 2016 548 2052 SED
582 2026 728 2052 CONTRA
763 2026 829 2052 EST
865 2016 968 2064 quod
1005 2014 1210 2052 concordia
1248 2021 1374 2062 potest
1402 2025 1484 2050 esse

420 2068 636 2116 aliquorum
665 2067 872 2115 impiorum
902 2068 941 2104 in
971 2069 1086 2105 malo.
1118 2067 1195 2104 Sed
1224 2079 1299 2103 non
1328 2072 1381 2103 est
1402 2078 1486 2115 pax

420 2122 558 2169 impiis,
592 2129 634 2157 ut
663 2120 798 2157 dicitur
836 2121 955 2158 Isaiae
974 2119 1133 2158 XLvl11*.
1172 2121 1274 2168 Ergo
1303 2132 1378 2168 pax
1407 2132 1486 2156 non

421 2181 476 2210 est
504 2174 606 2211 idem
636 2173 743 2223 quod
772 2173 989 2212 concordia.

474 2228 703 2264 RespoNosso
732 2238 916 2264 DICENDUM
954 2227 1059 2276 quod
1097 2239 1170 2275 pax
1207 2226 1363 2262 includit
1397 2238 1486 2262 con-

422 2280 591 2317 cordiam
629 2287 664 2316 et
692 2280 832 2328 aliquid
862 2279 976 2317 addit.
1016 2280 1128 2317 Unde
1162 2279 1398 2326 ubicumque
1433 2286 1488 2315 est

420 2346 515 2382 pax,
551 2332 602 2369 ibi
633 2340 688 2369 est
717 2333 943 2369 concordia:
982 2345 1060 2369 non
1090 2340 1219 2369 tamen
1251 2332 1486 2379 ubicumque

422 2394 477 2423 est
502 2385 721 2432 concordia,
751 2393 807 2422 est
834 2398 907 2434 pax
928 2391 956 2431 α,
978 2385 1008 2422 si
1028 2398 1172 2422 nomen
1200 2385 1304 2434 pacis
1332 2385 1486 2434 proprie

421 2446 603 2476 sumatur.
643 2438 861 2475 Concordia
890 2439 1009 2485 enim,
1043 2438 1198 2487 proprie
1228 2446 1401 2486 sumpta,
1432 2446 1488 2475 est

422 2493 469 2529 ad
499 2492 674 2528 alterum:
709 2491 936 2540 inquantum
966 2491 1106 2528 scilicet
1135 2491 1375 2528 diversorum
1406 2503 1487 2528 cor-

422 2545 527 2582 dium
546 2545 763 2581 voluntates
783 2544 896 2581 simul
926 2545 963 2580 in
992 2557 1113 2581 unum
1144 2556 1376 2581 consensum
1398 2557 1487 2581 con-

420 2598 592 2634 veniunt.
637 2597 829 2645 Contingit
871 2597 984 2634 etiam
1014 2596 1028 2626 β
1056 2597 1168 2634 unius
1209 2597 1378 2634 hominis
1421 2609 1487 2634 cor

421 2651 577 2687 tendere
605 2650 643 2686 in
672 2650 842 2687 diversa:
874 2658 910 2687 et
937 2651 1011 2687 hoc
1041 2650 1249 2699 dupliciter.
1289 2651 1375 2687 Uno
1406 2650 1487 2699 qui-

422 2704 510 2741 dem
533 2704 663 2750 modo,
685 2705 898 2740 secundum
927 2703 1097 2741 diversas
1125 2703 1313 2752 potentias
1342 2703 1485 2752 appeti-

421 2757 538 2793 tivas:
568 2756 663 2793 sicut
682 2757 871 2804 appetitus
896 2756 1097 2793 sensitivus
1117 2758 1343 2805 plerumque
1368 2756 1487 2793 tendit

422 2810 460 2846 in
481 2809 711 2846 contrarium
732 2809 924 2846 rationalis
945 2810 1142 2858 appetitus,
1160 2809 1374 2846 secundum
1393 2809 1485 2846 illud

423 2863 474 2899 ad
504 2863 587 2899 Gal.
608 2862 681 2899 v*:
716 2863 816 2899 Caro
845 2863 1073 2911 concupiscit
1098 2863 1279 2899 adversus
1300 2862 1483 2910 spiritum.

423 2916 509 2951 Alio
539 2915 671 2961 modo,
701 2915 927 2963 inquantum
955 2928 1033 2952 una
1062 2923 1098 2951 et
1127 2916 1261 2952 eadem
1282 2915 1341 2952 vis
1369 2927 1486 2963 appe-

423 2967 527 3004 titiva
547 2968 585 3004 in
606 2968 755 3004 diversa
784 2968 999 3017 appetibilia
1028 2968 1146 3005 tendit
1175 2980 1273 3016 quae
1297 2968 1408 3004 simul
1429 2980 1485 3003 as-

478 3080 505 3113 α)
525 3087 576 3104 non
597 3083 711 3105 tamen...
727 3087 797 3111 pax.
814 3094 833 3100 -
851 3085 877 3106 et
895 3089 946 3106 non
963 3089 976 3106 e
988 3089 1116 3107 converso
1135 3083 1170 3112 D;
1190 3090 1237 3114 pro
1256 3085 1295 3106 est
1310 3089 1379 3113 pax,
1396 3081 1432 3106 ibi
1450 3084 1490 3105 est

421 3123 484 3148 pax
503 3115 621 3140 PEGHa.

480 3149 504 3183 β)
524 3150 612 3175 etiam.
631 3164 649 3169 -
667 3150 735 3174 enim
755 3151 785 3181 D,
806 3151 894 3175 abrasa
914 3159 957 3183 pn.

478 3186 505 3219 γ)
525 3186 650 3218 quandiu.
669 3199 687 3204 -
706 3186 798 3210 tandiu
819 3187 856 3215 H;
877 3194 928 3210 non
955 3187 1032 3211 habet
1057 3188 1128 3219 quod
1148 3185 1193 3220 (id
1218 3187 1288 3219 quod
1307 3187 1342 3219 P)
1367 3187 1424 3211 vult
1443 3186 1486 3210 ad-

427 3222 503 3289 dung)
520 3221 637 3288 Zia-ique.
653 3268 673 3274 -
691 3259 801 3287 uterque
820 3256 860 3281 ed.
880 3263 904 3284 a,
925 3257 1042 3288 utrisque
1062 3258 1090 3282 Ρ.

1536 1165 1644 1214 sequi
1673 1177 1752 1202 non
1779 1172 1915 1213 potest.
1953 1164 2065 1203 Unde
2094 1178 2251 1203 necesse
2281 1173 2337 1205 est
2369 1179 2452 1204 esse
2490 1178 2601 1216 repu-

1535 1217 1730 1267 gnantiam
1749 1224 1930 1255 motuum
1957 1217 2157 1266 appetitus.
2186 1217 2287 1256 Unio
2311 1226 2441 1259 autem
2459 1221 2600 1260 horum

1536 1277 1713 1306 motuum
1735 1278 1790 1307 est
1809 1270 1965 1318 quidem
1995 1270 2043 1307 de
2072 1270 2219 1308 ratione
2247 1271 2367 1319 pacis:
2396 1284 2476 1311 non
2499 1270 2601 1312 enim

1535 1323 1656 1360 homo
1684 1323 1800 1359 habet
1819 1330 1999 1372 pacatum
2025 1335 2091 1360 cor
2124 1323 2297 1371 quandiu
2314 1329 2353 1375 Y„
2374 1324 2443 1365 etsi
2461 1324 2604 1368 habeas

1536 1375 1678 1424 aliquid
1708 1375 1812 1425 quod
1841 1375 1934 1423 vult,
1963 1383 2093 1413 tamen
2121 1376 2246 1415 adhuc
2275 1384 2388 1414 restat
2407 1377 2445 1424 ei,
2462 1377 2514 1418 ali
2537 1376 2603 1417 uid

1535 1428 1746 1466 volendum
1776 1428 1882 1478 quod
1910 1427 2022 1466 simul
2049 1429 2192 1467 habere
2221 1441 2300 1467 non
2328 1431 2465 1479 potest.
2518 1442 2604 1472 *aec

1537 1489 1666 1519 autem
1684 1482 1778 1519 unio
1798 1494 1877 1519 non
1901 1489 1958 1519 est
1977 1482 2024 1519 de
2049 1482 2194 1519 ratione
2219 1482 2461 1522 concordiae.
2489 1481 2604 1530 Unda

1537 1535 1743 1572 concordia
1776 1536 1956 1584 importat
1991 1534 2175 1572 unionem
2203 1535 2441 1585 appetituum
2480 1536 2603 1577 diver-

1537 1600 1666 1625 sorum
1687 1588 1965 1637 appetentium:
1986 1600 2060 1636 pax
2079 1596 2221 1636 autern,
2240 1601 2355 1637 supra
2374 1589 2474 1626 hanc
2492 1589 2603 1626 unio-

1537 1653 1640 1688 nem,
1662 1641 1841 1690 importat
1861 1641 1973 1678 etiam
1992 1641 2229 1690 appetituum
2253 1642 2366 1679 unius
2390 1642 2603 1691 appetentis

1538 1706 1735 1731 unionem.

1590 1749 1648 1784 An
1669 1758 1806 1784 Pmmum
1826 1759 1923 1784 ERGO
1943 1743 2129 1784 DICENDUM
2157 1747 2262 1796 quod
2290 1747 2524 1796 Augustinus
2547 1749 2603 1785 lo-

1538 1801 1663 1849 quitur
1689 1799 1740 1836 ibi
1775 1799 1822 1836 de
1851 1812 1945 1848 pace
1983 1812 2081 1848 quae
2119 1807 2176 1836 est
2210 1800 2322 1837 unius
2358 1801 2526 1838 hominis
2554 1802 2603 1839 ad

1538 1853 1668 1890 alium.
1712 1853 1761 1889 Et
1788 1853 1887 1889 hanc
1914 1865 2052 1901 pacem
2087 1852 2176 1889 dicit
2212 1865 2295 1890 esse
2335 1853 2603 1902 concordiam,

1538 1918 1616 1943 non
1645 1905 1880 1955 quamlibet,
1919 1905 1987 1943 sed
2024 1904 2264 1943 ordinatam:
2302 1917 2348 1943 ex
2381 1918 2427 1943 eo
2462 1903 2605 1960 Scilicet

1539 1959 1645 2008 quod
1663 1971 1764 1996 unus
1791 1959 1911 1996 homo
1942 1958 2151 1996 concordat
2179 1971 2267 1996 cum
2286 1959 2359 1997 alio
2388 1958 2604 2000 secundum

1538 2012 1628 2051 illud
1648 2011 1755 2061 quod
1773 2011 1923 2060 utrique
1937 2010 1951 2034 ὅ
1967 2011 2158 2050 convenit.
2191 2012 2231 2050 Si
2251 2012 2354 2050 enim
2371 2012 2493 2051 homo
2513 2025 2604 2054 con-

1539 2066 1669 2102 cordet
1697 2078 1785 2102 cum
1815 2065 1888 2102 alio
1926 2078 2005 2102 non
2039 2073 2252 2114 spontanea
2277 2065 2497 2111 voluntate,
2535 2066 2604 2104 sed

1539 2119 1647 2168 quasi
1672 2126 1825 2155 coactus
1853 2118 1990 2155 timore
2019 2115 2175 2155 alieuius
2204 2118 2295 2155 mali
2321 2118 2555 2156 imminentis
2572 2124 2603 2168 ⁸,

1539 2171 1621 2209 talis
1644 2171 1850 2208 concordia
1878 2183 1956 2208 non
1986 2178 2042 2209 est
2068 2182 2161 2208 vere
2189 2182 2283 2220 pax:
2313 2170 2402 2220 quia
2430 2183 2509 2210 non
2528 2182 2606 2213 ser-

1538 2233 1651 2262 vatur
1680 2226 1775 2262 ordo
1804 2224 1999 2273 utriusque
2038 2223 2324 2271 concordantis,
2363 2224 2431 2262 sed
2458 2233 2605 2274 pertur-

1539 2279 1650 2315 batur
1678 2279 1726 2314 ab
1762 2277 1888 2326 aliquo
1924 2278 2105 2314 timorem
2137 2277 2332 2314 inferente.
2372 2278 2422 2314 Et
2447 2285 2605 2327 propter

1539 2333 1614 2369 hoc
1633 2331 1836 2380 praemittit
1863 2330 1968 2379 quod
1990 2342 2076 2378 pax
2098 2336 2153 2367 est
2177 2330 2426 2378 tranquillitas
2449 2331 2604 2370 ordinis.

1540 2386 1650 2432 Quae
1679 2384 1836 2433 quidem
1862 2383 2108 2432 tranquillitas
2142 2383 2309 2420 consistit
2327 2382 2367 2420 in
2394 2384 2470 2421 hoc
2498 2385 2604 2433 quod

1539 2450 1674 2474 omnes
1702 2445 1830 2474 motus
1859 2436 2054 2486 appetitivi
2073 2436 2112 2473 in
2130 2448 2209 2473 uno
2237 2436 2394 2473 homine
2423 2437 2604 2487 conquie-

1540 2498 1661 2527 scunt.

1591 2545 1651 2580 At>
1667 2554 1857 2579 SECUNDUM
1873 2542 2193 2591 mcennuqud,
2206 2543 2236 2580 si
2250 2543 2369 2580 homo
2386 2543 2498 2580 simul
2513 2556 2602 2582 cum

1539 2596 1612 2633 alio
1633 2595 1791 2632 homine
1810 2596 1848 2632 in
1873 2596 1976 2633 idem
2007 2596 2227 2643 consentiat,
2257 2609 2336 2633 non
2363 2604 2493 2634 tamen
2513 2609 2604 2635 con-

1539 2662 1672 2686 sensus
1709 2648 1789 2685 eius
1828 2657 1883 2686 est
1920 2649 2080 2687 omnino
2113 2650 2241 2686 unitus
2260 2648 2272 2674 ῑ
2291 2649 2362 2686 nisi
2391 2650 2504 2687 etiam
2532 2650 2604 2688 sibi

1537 2702 1704 2740 invicem
1738 2714 1872 2738 omnes
1910 2709 2038 2739 motus
2071 2701 2267 2752 appetitivi
2305 2703 2382 2739 eius
2411 2703 2484 2740 sint
2512 2715 2603 2740 con-

1524 2778 1527 2782 ·
1538 2755 1754 2795 sentientes.

1591 2809 1650 2845 An
1669 2818 1828 2845 TERTiuM
1848 2818 2031 2844 DICENDUM
2061 2807 2165 2856 quod
2193 2807 2279 2856 paci
2308 2808 2514 2856 opponitur
2533 2808 2600 2856 du-

1537 2861 1623 2909 plex
1652 2859 1858 2897 dissensio:
1889 2859 2028 2896 scilicet
2056 2859 2242 2897 dissensio
2270 2860 2437 2897 hominis
2465 2861 2515 2898 ad
2543 2874 2601 2898 se-

1537 2913 1676 2961 ipsum,
1699 2921 1735 2950 et
1755 2913 1938 2950 dissensio
1967 2912 2134 2949 hominis
2158 2914 2206 2950 ad
2227 2913 2398 2950 alterum.
2430 2914 2601 2952 Concor·

1540 2967 1623 3003 diae
1643 2979 1736 3003 vero
1749 2971 1766 2993 η
1779 2966 1985 3015 opponitur
2003 2967 2098 3002 haec
2114 2966 2194 3002 sola
2214 2967 2382 3004 secunda
2402 2966 2599 3006 dissensio.

1595 3081 1616 3113 ε)
1637 3080 1834 3105 imminentis.—
1847 3080 1898 3105 sibi
1915 3080 2076 3104 imminentis
2095 3080 2124 3105 P.
2137 3093 2155 3099 —
2168 3081 2218 3105 Pro
2236 3088 2304 3110 vere,
2324 3088 2388 3106 vera
2403 3082 2456 3112 PH,
2474 3089 2528 3106 orn.
2546 3081 2600 3112 DL;

1541 3124 1588 3147 pro
1607 3119 1738 3144 servatur,
1758 3118 1933 3141 conservatur
1952 3115 2015 3139 Psc.

1593 3150 1618 3181 ζ)
1639 3151 1737 3176 unitus.
1754 3164 1774 3171 ·-
1787 3151 1837 3176 sibi
1855 3151 1944 3175 unitus
1965 3151 2010 3175 Pa.

1593 3190 1618 3217 η)
1639 3194 1710 3211 vero.
1727 3200 1746 3206 -
1765 3194 1816 3211 non
1837 3187 1890 3216 AB,
1908 3189 1997 3211 autem
2018 3193 2068 3210 non
2089 3186 2128 3212 ed.
2143 3193 2168 3215 a,
2183 3190 2272 3211 autem
2287 3187 2396 3218 PDGsn,
2409 3195 2462 3212 om.
2476 3187 2600 3219 Elepnz

1540 3230 1586 3253 pro
1605 3222 1677 3250 haec,
1697 3222 1749 3246 nisi
1766 3223 1812 3247 sA.

1098 3335 1429 3367 Commentaria
1452 3334 1702 3367 Car-diualis
1724 3335 1923 3367 Caietam

430 3425 477 3486 IN
492 3414 623 3444 articulo
636 3413 740 3454 primo
753 3413 947 3454 quaestionis
962 3413 1236 3453 vigesimaenonae
1255 3414 1380 3444 adverte
1396 3414 1484 3454 quod

459 3458 646 3498 impotentia
670 3457 885 3498 consequendi
911 3458 1031 3487 diversa
1056 3458 1236 3498 appetibilia
1261 3457 1356 3488 simul
1380 3464 1485 3497 potest

426 3502 556 3542 intelligi
580 3502 754 3542 dupliciter.
779 3502 896 3538 Primo,
917 3512 953 3531 ex
978 3509 1064 3541 parte
1084 3502 1312 3542 appetibilium,
1333 3502 1407 3542 quia
1427 3501 1484 3531 sci-

1538 3414 1610 3443 licet
1625 3414 1765 3454 implicat
1782 3415 2062 3445 contradictionem
2079 3425 2114 3445 ea
2126 3415 2221 3445 simul
2236 3414 2358 3445 haberi:
2389 3420 2499 3454 utpote
2512 3413 2600 3454 quod

1540 3457 1578 3487 sit
1603 3458 1696 3487 hodie
1721 3465 1751 3488 et
1775 3468 1840 3488 cras
1865 3459 1969 3490 simul.
1995 3459 2068 3489 Alio
2093 3459 2202 3495 modo,
2223 3469 2259 3489 ex
2282 3464 2370 3498 parte
2385 3457 2517 3488 alicuius
2541 3457 2599 3487 im-

1540 3502 1713 3541 pedimenti
1736 3503 1785 3532 vel
1809 3502 1958 3539 defectus,
1984 3503 2058 3543 quia
2081 3503 2153 3533 licet
2171 3513 2237 3532 non
2260 3508 2415 3542 repugnet
2436 3501 2489 3531 ina
2504 3501 2600 3531 simul
