2892 4056
177 782 365 830 8.Τ1Γ.11ἐῃῡ.ῐιι.

349 1639 389 1680 ‚334
417 1629 524 1675 dicit,

417 199 490 235 358

1084 198 1351 244 QUAESTIO
1380 199 1536 244 XLVIl,
1567 197 1861 234 ARTICULUS
1891 198 1925 233 X

1209 330 1526 373 ARTICULUS
1556 330 1805 372 DECIMUS

803 425 956 455 UTRUM
979 424 1228 454 PRUDENTIA
1252 424 1300 455 SE
1325 425 1562 455 EXTENDAT
1586 424 1644 454 AD
1670 423 1864 454 REGiMEN
1887 423 2203 454 MULTITUDINIS
2452 448 2467 451 „

1165 503 1233 527 Part.
1251 503 1269 533 1,
1289 510 1333 535 qu.
1351 510 1410 533 xm,
1430 506 1477 526 art.
1501 510 1528 532 1;
1547 502 1581 526 VI
1602 501 1697 530 Ethic„
1717 502 1775 526 lect.
1794 509 1839 527 vn.

449 606 462 619 s
530 611 535 620 ,
559 595 580 624 :''
605 585 647 609 D
667 585 828 609 DEClMUM
849 585 901 609 sm
921 584 1160 610 PROCEDITUR.
1190 573 1350 610 Videtur
1369 574 1471 622 quod

480 624 487 632 “
551 624 600 669 5²,
624 625 825 674 prudentia
853 637 931 662 non
961 638 1000 661 se
1022 625 1199 662 extendat
1227 627 1275 663 ad
1304 626 1473 673 regimen

449 698 469 727 ,ι
527 697 542 733 5
592 674 886 736 multitudinis,
916 678 983 714 sed
1012 679 1137 714 solum
1159 678 1207 715 ad
1228 678 1394 738 regimen
1417 678 1475 715 sui

502 732 509 741 ‘
554 738 558 746 ’
599 730 754 778 ipsius.
807 730 907 767 Dicit
935 730 1038 767 enim
1068 731 1344 779 Philosophus,
1375 731 1414 768 in
1440 731 1475 768 V

377 784 531 820 Ethic.
547 783 578 828 *,
609 784 713 831 quod
730 784 848 820 virtus
877 783 993 820 relata
1021 783 1070 820 ad
1090 784 1238 820 bonum
1268 796 1474 820 commune

415 844 468 872 est
491 835 639 872 iustitia.
671 836 747 873 Sed
770 835 974 884 prudentia
999 836 1124 873 differt
1147 849 1168 873 a
1192 836 1341 873 iustitia.
1371 837 1473 884 Ergo

412 888 613 938 prudentia
642 900 720 925 non
750 890 909 925 refertur
937 889 985 926 ad
1014 890 1160 926 bonum
1191 902 1410 926 commune.

468 953 501 977 2.
533 942 773 989 ptumam-m,
812 942 871 979 ille
900 941 1052 979 videtur
1088 955 1170 979 esse
1206 943 1376 992 prudens
1410 941 1474 991 qui

413 994 483 1030 sibi
502 994 573 1042 ipsi
594 995 740 1031 bonum
760 994 908 1043 quaerit
927 1002 963 1031 et
982 1002 1173 1045 operatur.
1205 996 1281 1033 Sed
1300 996 1475 1044 frequen-

412 1055 468 1083 ter
495 1046 544 1083 illi
573 1047 638 1095 qui
667 1055 856 1096 quaerunt
897 1048 1000 1085 bona
1028 1048 1252 1085 communia
1284 1048 1476 1096 negligunt

414 1112 493 1136 sua.
543 1100 645 1147 Ergo
675 1113 753 1137 non
782 1108 870 1138 sunt
896 1101 1115 1150 prudentes.

469 1153 502 1189 3.
524 1153 757 1200 PRAETEREA,
786 1154 988 1202 prudentia
1017 1154 1196 1190 dividitur
1225 1161 1355 1190 contra
1382 1161 1475 1190 tem-

413 1206 624 1254 perantiam
663 1213 700 1242 et
726 1206 998 1243 fortitudinem.
1049 1207 1126 1243 Sed
1153 1206 1403 1254 temperantia
1442 1213 1477 1242 et

413 1258 592 1295 fortitudo
612 1259 790 1296 videntur
810 1259 882 1296 dici
907 1260 1031 1296 solum
1057 1271 1126 1308 per
1146 1259 1474 1307 comparationem

415 1311 463 1347 ad
492 1312 638 1348 bonum
668 1312 877 1360 proprium.
925 1313 1027 1359 Ergo
1057 1312 1168 1349 etiam
1200 1319 1236 1348 et
1262 1312 1474 1360 prudentia.

469 1365 543 1400 SED
572 1376 717 1401 CONTRA
745 1377 811 1401 EST
847 1365 950 1413 quod
979 1365 1172 1402 Dominus
1201 1365 1307 1411 dicit,
1338 1365 1472 1402 Matth.

414 1429 499 1453 xxiv
521 1417 559 1453 *z
594 1418 709 1463 Quis,
738 1423 876 1466 putaS,
911 1423 965 1454 est
992 1418 1118 1464 fidelis
1151 1429 1283 1455 servus
1318 1424 1354 1455 et
1382 1430 1475 1466 pru-

415 1470 524 1515 dens,
561 1481 670 1518 quem
708 1471 895 1517 constituit
929 1471 1101 1508 dominus
1137 1483 1249 1520 super
1278 1472 1474 1519 familiam

414 1522 556 1559 suam?

470 1577 694 1612 REsponnEo
725 1587 907 1613 DICENDUM
935 1578 1059 1624 quod,
1098 1576 1194 1613 sicut
1221 1577 1476 1626 Philosophus

564 1629 602 1666 in
630 1629 681 1665 VI
709 1630 829 1666 Ethic.
858 1630 897 1676 ²³²,
929 1629 1087 1678 quidam
1124 1637 1336 1677 posuerunt
1372 1630 1476 1678 quod

415 1682 616 1730 prudentia
645 1695 723 1718 non
752 1694 791 1718 se
813 1682 976 1719 extendit
1005 1682 1053 1719 ad
1083 1683 1228 1719 bonum
1256 1685 1476 1730 commune,

416 1735 483 1772 sed
513 1735 637 1771 solum
677 1734 725 1771 ad
760 1736 905 1772 bonum
944 1734 1155 1783 proprium.
1202 1736 1251 1772 Et
1285 1735 1359 1772 hoc
1388 1736 1476 1774 ideo

415 1787 504 1835 quia
542 1787 807 1824 existimabant
835 1789 940 1837 quod
979 1800 1056 1824 non
1090 1795 1242 1836 oportet
1277 1788 1477 1826 hominem

417 1852 600 1890 quaerere
630 1840 699 1877 nisi
728 1842 874 1878 bonum
903 1840 1115 1889 proprium.
1147 1841 1224 1878 Sed
1249 1841 1346 1878 haec
1370 1841 1479 1879 aesti-

416 1893 532 1930 matio
563 1901 749 1942 repugnat
777 1893 938 1941 caritati,
969 1906 1067 1942 quae
1105 1906 1180 1930 non
1209 1895 1358 1942 quaerit
1383 1906 1480 1943 quae

415 1958 483 1983 sua
502 1953 598 1993 sunt,
619 1955 660 1983 ut
681 1947 815 1984 dicitur
839 1948 852 1983 Ι
873 1948 925 1984 ad
942 1947 1028 1983 Cor.
1049 1958 1109 1982 xm
1128 1946 1159 1983 ³¹³.
1189 1947 1300 1984 Unde
1320 1955 1356 1984 et
1375 1950 1479 1996 Apo-

417 2000 534 2036 stolus
565 2000 612 2037 de
641 2001 766 2049 seipso
789 2000 886 2046 dicit,
917 2001 930 2036 I
960 2000 1011 2036 ad
1034 2000 1120 2036 Cor.
1141 2012 1165 2036 x
1182 1999 1218 2037 *2
1255 2001 1346 2038 Non
1367 2013 1479 2049 quae·

416 2065 502 2090 rens
522 2054 623 2101 quod
649 2054 742 2090 mihi
769 2052 855 2090 utile
877 2053 934 2098 sit,
953 2053 1020 2089 sed
1037 2053 1137 2101 quod
1163 2053 1300 2099 multis,
1326 2059 1366 2090 ut
1385 2054 1483 2091 salvi

405 2107 519 2153 fiant.
567 2107 771 2154 Repugnat
799 2106 912 2142 etiam
942 2105 1077 2142 rationi
1107 2113 1248 2153 rectae,
1279 2119 1378 2155 quae
1406 2108 1481 2144 hoc

415 2159 567 2206 iudicat,
589 2160 694 2208 quod
724 2160 871 2196 bonum
899 2171 1106 2196 commune
1135 2159 1181 2196 sit
1207 2159 1343 2196 melius
1364 2172 1480 2208 quam

416 2213 562 2249 bonum
584 2213 708 2249 unius.
740 2213 840 2259 Quia
860 2212 971 2260 igitur
990 2212 1038 2249 ad
1057 2213 1299 2261 prudentiam
1321 2213 1483 2261 pertinet

1528 585 1625 621 quae
1654 572 1876 621 pervenitur
1903 573 1951 610 ad
1981 573 2152 610 debitum
2180 573 2318 620 finem,
2347 574 2589 612 manifestum

1529 633 1583 662 est
1599 625 1704 674 quod
1722 625 1924 674 prudentia
1943 638 2022 663 non
2043 626 2168 662 solum
2185 638 2224 662 se
2240 626 2356 663 habet
2375 628 2423 665 ad
2442 628 2589 664 bonurn

1527 678 1718 726 privatum
1754 678 1866 715 unius
1895 678 2082 726 hominis,
2112 679 2179 715 sed
2217 678 2330 716 etiam
2360 679 2409 716 ad
2442 680 2590 718 bonum

1529 743 1738 767 commune
1767 731 2028 768 multitudinis.

1582 785 1640 820 AD
1660 796 1798 821 PRIMUM
1817 796 1915 821 ERGO
1934 795 2119 821 meENDUM
2139 784 2245 831 quod
2263 783 2522 833 Philosophus
2541 785 2592 821 ibi

1527 836 1694 884 loquitur
1723 837 1769 874 de
1797 836 1936 874 virtute
1963 836 2109 874 morali.
2158 837 2263 873 Sicut
2300 843 2428 874 autem
2467 837 2592 874 omnis

1527 889 1647 926 virtus
1667 889 1821 927 moralis
1841 890 1958 927 relata
1978 890 2026 927 ad
2046 890 2194 926 bonum
2217 901 2424 926 commune
2458 889 2593 927 dieitur

1527 942 1655 990 legalis
1693 942 1851 988 iustitia,
1898 942 1948 979 ita
1984 942 2186 990 prudentia
2215 943 2330 978 relata
2367 942 2416 980 ad
2444 942 2592 981 bonurn

1530 1007 1736 1032 commune
1778 1003 1938 1032 vocatur
1960 995 2135 1044 politica:
2176 1002 2218 1032 ut
2252 994 2304 1031 sic
2333 1007 2374 1032 se
2401 995 2542 1032 habeat
2575 999 2593 1016 ²

1528 1048 1680 1096 politica
1699 1049 1748 1085 ad
1767 1047 1946 1085 iustitiam
1973 1048 2145 1095 legalem,
2175 1047 2271 1084 sicut
2298 1061 2339 1084 se
2363 1048 2479 1085 habet
2505 1061 2594 1098 pru-

1529 1101 1656 1138 dentia
1683 1101 1900 1149 simpliciter
1928 1100 2028 1137 dicta
2056 1101 2104 1138 ad
2132 1101 2310 1138 virtutem
2339 1102 2539 1139 moralem.

1581 1156 1639 1189 Αι)
1669 1165 1862 1190 SECUNDUM
1897 1164 2083 1190 mcENDUM
2120 1154 2224 1201 quod
2252 1153 2313 1190 ille
2341 1154 2409 1202 qui
2446 1153 2595 1203 quaerit

1529 1206 1676 1243 bonum
1724 1217 1930 1242 commune
1972 1205 2222 1243 multitudinis
2259 1218 2305 1242 ex
2347 1207 2595 1255 consequenti

1530 1258 1642 1295 etiam
1663 1258 1810 1307 quaerit
1837 1259 1985 1295 bonum
2014 1270 2138 1305 suum,
2168 1266 2323 1307 propter
2343 1259 2433 1296 duo.
2462 1258 2594 1300 Primo

1529 1311 1697 1359 quidem,
1727 1311 1817 1360 quia
1845 1311 1993 1348 bonum
2021 1311 2219 1360 proprium
2249 1324 2327 1348 non
2354 1319 2480 1360 potest
2513 1324 2595 1351 esse

1529 1365 1610 1401 sine
1639 1365 1743 1402 bono
1764 1364 1962 1401 communi
1980 1365 2043 1401 vel
2071 1363 2236 1401 familiae
2255 1365 2319 1401 vel
2348 1363 2508 1403 civitatis
2531 1369 2596 1402 aut

1529 1417 1646 1466 regni.
1668 1417 1780 1454 Unde
1796 1425 1832 1454 et
1847 1416 2040 1454 Maximus
2049 1417 2222 1454 Valerius
2239 1416 2356 1454 dicit*
2373 1417 2420 1455 de
2435 1417 2633 1466 antiquis

1531 1471 1717 1508 Romanis
1737 1471 1842 1519 quod
1860 1470 2052 1507 malebant
2062 1482 2141 1507 esse
2148 1482 2338 1519 pauperes
2350 1471 2388 1507 in
2404 1471 2544 1509 divite·
2529 1482 2597 1508 zm-

1524 1525 1634 1573 perio
1649 1536 1763 1572 quam
1783 1523 1911 1560 divites
1935 1523 1972 1559 in
1989 1535 2161 1572 paupere
2179 1524 2348 1572 imperio.
2363 1544 2387 1551 -
2417 1524 2597 1563 Secundo

1531 1577 1631 1626 quia,
1648 1589 1736 1614 cum
1752 1577 1872 1613 homo
1889 1575 1935 1612 sit
1947 1587 2035 1624 pars
2052 1576 2191 1613 domus
2209 1584 2245 1613 et
2260 1576 2430 1624 civitatis,
2447 1584 2599 1626 oportet

1532 1630 1638 1678 quod
1674 1630 1794 1666 homo
1824 1628 2037 1666 consideret
2066 1629 2157 1677 quid
2186 1629 2232 1666 sit
2264 1629 2335 1666 sibi
2368 1630 2517 1667 bonum
2552 1642 2597 1669 ex

1531 1684 1606 1720 hoc
1627 1682 1732 1732 quod
1753 1689 1808 1719 est
1826 1681 1994 1730 prudens
2009 1679 2024 1710 β
2044 1681 2141 1732 circa
2161 1681 2309 1719 bonum
2329 1682 2596 1721 multitudinis:

1532 1737 1636 1773 bona
1665 1735 1766 1772 enirn
1791 1734 1988 1783 dispositio
2014 1734 2160 1793 partis*
2186 1733 2598 1784 accipitur'secundum

1531 1788 1796 1826 habitudinem
1817 1788 1866 1824 ad
1885 1795 2028 1834 totum;
2059 1787 2147 1836 quia
2173 1794 2216 1824 ut
2243 1788 2477 1835 Augustinus
2497 1788 2587 1827 dicit

1532 1842 1571 1879 in
1598 1841 1694 1878 libro
1729 1841 1894 1889 Confess.
1914 1840 1946 1887 *‚
1977 1841 2094 1889 turpis
2113 1845 2168 1876 est
2186 1841 2307 1877 omnis
2329 1852 2424 1890 pars
2446 1853 2514 1879 suo
2535 1846 2636 1879 tot!
2650 1845 2701 1867 ¹⁴¹⁶·
2718 1844 2763 1871 m
2785 1850 2835 1871 0⁸⁹-

1534 1907 1608 1932 non
1637 1891 1895 1943 congruens.

1586 1949 1645 1984 An
1663 1958 1827 1983 TERTIUM
1855 1958 2040 1983 memnon
2065 1946 2170 1994 quod
2199 1945 2320 1983 etiam
2350 1946 2601 1996 temperantia

1534 2009 1570 2037 et
1590 1999 1769 2037 fortitudo
1798 2006 1959 2048 possunt
1979 1998 2108 2036 referri
2137 1999 2185 2036 ad
2205 1999 2353 2036 bonum
2372 2012 2599 2041 commune:

1532 2053 1636 2090 unde
1666 2053 1713 2090 de
1743 2053 1889 2090 actibus
1919 2064 2052 2089 earum
2091 2051 2230 2089 dantur
2257 2060 2462 2102 praecepta
2493 2052 2598 2102 legis,

1533 2115 1574 2143 ut
1604 2106 1737 2144 dicitur
1764 2105 1802 2142 in
1829 2105 1865 2142 V
1891 2105 2011 2142 Ethic.
2032 2105 2052 2126 ’¹‘
2089 2104 2212 2153 Magis
2239 2111 2369 2142 tamen
2396 2105 2642 2157 prudentia·S
2645 2109 2738 2158 Τῇ;,“ἒ

1535 2168 1571 2197 et
1595 2159 1743 2207 iustitia,
1765 2171 1862 2208 quae
1891 2158 2079 2218 pertinent
2107 2157 2154 2195 ad
2183 2165 2331 2206 partem
2361 2158 2600 2208 rationalem,

1534 2213 1583 2250 ad
1612 2225 1728 2261 quam
1758 2211 1898 2248 directe
1931 2211 2121 2260 pertinent
2151 2211 2394 2259 communia,
2424 2212 2519 2249 sicut
2551 2214 2600 2251 ad

416 2274 514 2302 recte
536 2266 736 2313 consiliari,
767 2265 933 2302 iudicare
953 2273 989 2301 et
1012 2265 1232 2313 praecipere
1253 2266 1300 2302 de
1328 2266 1386 2302 his
1414 2278 1483 2314 per
1505 2277 1508 2307 ι
1534 2273 1681 2314 partem
1711 2264 1930 2301 sensitivam
1960 2264 2147 2313 pertinent
2175 2264 2390 2312 singularia.

464 2397 642 2457 ffbpolgica:
662 2401 691 2421 ut
708 2397 747 2422 sic
765 2404 792 2421 se
806 2397 910 2422 habeat.
929 2410 947 2416 -
960 2398 1109 2429 prudentia
1124 2397 1250 2430 politica.-
1269 2401 1296 2422 et
1314 2399 1387 2430 (nam
1403 2397 1432 2430 P)
1447 2397 1485 2422 sic

418 2439 445 2457 se
482 2439 499 2456 a
518 2435 544 2456 et
585 2439 612 2457 α.

472 2466 497 2500 β)
513 2467 645 2499 prudens.
661 2481 680 2486 -
694 2468 814 2499 pendens
831 2468 1028 2500 ABCEFstx.

1591 2398 1617 2430 γ)
1632 2397 1769 2429 ρανΐίεμ-
1782 2397 1905 2428 partium
1926 2397 1954 2422 Ρ.

1590 2431 1615 2464 ὃ)
1634 2439 1792 2465 congruens.
1810 2445 1829 2450 —
1846 2431 2005 2457 conveniens
2030 2432 2071 2456 vel
2089 2432 2142 2463 (vel
2161 2438 2214 2456 non
2234 2431 2284 2463 Pa)
2302 2438 2453 2470 congruens
2471 2431 2603 2462 PABCEF

1538 2467 1663 2497 HlKan,
1683 2467 1841 2492 conventens
1859 2467 1892 2492 G.

1095 2548 1427 2580 Commentaria
1450 2547 1701 2580 cardinatis
1723 2547 1925 2580 Caietam

450 2637 469 2657 N
493 2627 625 2658 articulo
650 2627 784 2663 decimo,
801 2627 834 2657 in
858 2627 1065 2667 responsione
1088 2628 1127 2658 ad
1144 2627 1329 2663 secundum,
1347 2627 1481 2658 dubium

423 2639 587 2702 Ioccurrit
612 2671 692 2702 circa
721 2671 818 2708 illud,
843 2672 969 2702 Bonum
992 2673 1163 2712 proprium
1198 2681 1260 2702 non
1279 2677 1385 2712 potest
1415 2681 1483 2702 esse

419 2717 489 2746 sine
511 2717 684 2754 communi,
708 2723 739 2746 et
762 2715 829 2746 eius
853 2716 1083 2756 probationem.
1107 2717 1191 2747 Nam
1214 2722 1319 2756 potest
1335 2716 1406 2757 quis
1429 2715 1484 2746 ha-

420 2761 493 2790 bere
509 2761 630 2790 bonum
646 2760 826 2796 honestum,
843 2767 920 2800 puta
935 2760 1083 2791 virtutem
1096 2760 1335 2801 temperantiam
1351 2767 1382 2791 et
1398 2759 1483 2797 utile,

422 2811 498 2844 puta
522 2804 645 2835 divitias
653 2814 661 2841 ;
686 2811 716 2835 et
733 2804 915 2835 delectabile
937 2805 970 2834 in
990 2805 1062 2836 ioco
1077 2804 1128 2835 vel
1153 2805 1243 2840 ludo,
1263 2805 1382 2846 absque
1399 2814 1485 2834 com-

423 2848 514 2878 muni
537 2849 634 2880 bono.
666 2849 733 2879 Nec
757 2859 793 2880 ex
820 2848 881 2880 hoc
912 2849 1001 2890 quod
1035 2849 1173 2880 Romani
1203 2849 1351 2880 amabant
1385 2848 1485 2888 magis

423 2902 611 2923 communes
628 2903 723 2934 quam
742 2892 886 2934 proprias
910 2892 1043 2930 divitias,
1059 2893 1212 2934 probatur
1235 2893 1325 2934 quod
1340 2892 1485 2933 propriae

423 2947 489 2967 non
513 2937 636 2976 possint
659 2947 724 2967 esse
748 2938 867 2980 absque
891 2937 1127 2968 communibus.

478 2982 529 3011 Ad
552 2981 614 3012 hoc
637 2981 749 3012 dicitur
772 2982 860 3022 quod
883 2983 1005 3013 Auctor
1027 2981 1187 3023 loquitur,
1211 2981 1251 3012 ad
1273 2981 1423 3017 litteram,
1449 2981 1486 3011 de

424 3026 512 3055 bono
537 3025 605 3056 utili
630 3032 660 3056 et
684 3026 866 3067 delectabili.
890 3026 932 3057 Et
953 3026 1088 3057 intendit
1111 3026 1200 3067 quod
1223 3035 1289 3056 non
1312 3032 1417 3065 potest
1431 3025 1486 3055 ha-

1534 2627 1599 2658 beri
1619 2628 1796 2658 secundum
1819 2634 1936 2658 rectam
1960 2627 2116 2673 rationem
2132 2627 2199 2658 sine
2215 2627 2302 2658 bono
2319 2627 2496 2664 communi,
2522 2627 2604 2670 idest

1535 2671 1602 2702 sine
1618 2671 1769 2702 relatione
1785 2672 1824 2702 ad
1840 2672 1964 2703 bonum
1980 2669 2162 2702 commune.
2187 2671 2260 2702 Hoc
2275 2678 2336 2703 est:
2361 2671 2422 2702 nisi
2434 2671 2603 2712 proprium
2622 2671 2624 2674 ’

1536 2726 1594 2756 pro
1619 2716 1785 2747 communi
1809 2716 1895 2746 bono
1921 2716 1960 2746 sit
1983 2723 2138 2756 paratum,
2163 2725 2230 2746 non
2253 2723 2338 2747 recta
2359 2715 2482 2747 ratione
2505 2715 2602 2747 habe-

1536 2767 1598 2791 tur.
1621 2760 1662 2791 Et
1685 2760 1747 2790 hoc
1770 2760 1923 2800 probatur
1953 2770 2008 2800 per
2038 2760 2214 2791 Romanos.
2244 2760 2320 2790 Non
2342 2769 2380 2791 ex
2402 2759 2602 2799 abdicatione

1537 2804 1624 2835 fatua
1653 2805 1830 2841 bonorum,
1861 2805 1916 2834 sed
1946 2814 1983 2835 ex
2006 2810 2090 2834 recta
2113 2803 2234 2834 ratione
2265 2803 2394 2845 propria
2424 2804 2510 2834 bona
2541 2814 2600 2844 pro

1538 2848 1764 2879 communibus
1787 2848 1831 2879 sic
1854 2848 2016 2888 ponebant
2032 2854 2068 2879 ut
2091 2848 2220 2878 mallent
2235 2847 2366 2889 propria
2388 2857 2452 2879 non
2475 2847 2601 2884 habere,

1538 2893 1768 2924 communitate
1791 2903 1827 2924 ea
1842 2892 1988 2930 habente,
2005 2902 2104 2934 quam
2120 2892 2385 2923 communitatem
2403 2901 2471 2922 non
2486 2891 2602 2922 habere

1539 2944 1570 2968 et
1593 2947 1625 2968 se
1649 2937 1772 2968 habere.
1797 2936 1968 2977 Optimum
1991 2943 2099 2968 autem
2121 2936 2231 2967 fuisset
2246 2944 2277 2968 et
2299 2936 2387 2977 ipsos
2411 2943 2441 2967 et
2457 2932 2603 2969 commu·

1539 2981 1670 3012 nitatem
1693 2981 1818 3012 habere.

2650 1422 2715 1445 Rau<
2731 1425 2756 1444 et
2768 1421 2832 1444 Βία.

2622 1449 2720 1471 Memor.
2735 1449 2774 1471 lib.
2789 1448 2831 1475 lv,

2623 1481 2674 1503 etp.
2688 1481 2718 1498 π.

2748 2114 2772 2130 n.
2783 2114 2815 2135 ¹4-
2827 2118 2838 2123 —

2739 2139 2769 2157 ct.
2783 2141 2809 2158 ιι.
