2892 4056
205 3215 214 3224 ⁸
231 3213 296 3235 Ycrs.
314 3219 344 3234 10.

282 2698 343 2717 xxvi,
353 2697 411 2712 vers.

301 2768 307 2774 .
318 2759 345 2773 ex
356 2752 412 2774 Cas-

428 2125 578 2166 'primum
603 2126 687 2156 enim
713 2133 747 2156 ut
771 2126 937 2161 dicentem,
958 2126 1047 2166 quod
1070 2125 1102 2155 in
1126 2126 1228 2156 littera
1252 2125 1366 2156 dicitur
1388 2125 1503 2165 princi·
1528 2133 1530 2140 ·

430 2170 530 2210 vpium
551 2170 707 2206 veritatis;
740 2171 917 2201 secundum
946 2177 981 2201 ut
1003 2170 1203 2209 largientem,
1232 2170 1321 2210 quod
1344 2170 1378 2200 in
1401 2170 1504 2200 littera

444 213 513 249 132
1101 212 1367 258 QUAEsT1o
1398 214 1518 259 xvn,

435 298 526 326 tem.
556 292 656 338 Ergo
678 303 763 338 spes
793 298 847 327 est
866 290 984 326 virtus
1011 290 1182 326 distincta
1211 291 1258 326 ab
1288 291 1368 327 aliis
1393 292 1499 327 theo·
1524 291 1526 329 l

435 342 565 390 logicis
585 349 611 380 Ὺ.

490 396 714 432 RESPONDEO
743 407 928 432 mcENDUM
962 394 1066 443 quod
1096 394 1214 431 virtus
1252 395 1378 443 aliqua
1412 396 1499 432 dici·
1525 441 1526 444 Ἰ

435 456 496 484 tur
515 446 527 469 δ
557 449 768 495 theologica
807 460 850 484 ex
879 448 953 483 hoc
983 447 1087 495 quod
1125 448 1241 484 habet
1267 449 1396 485 Deum
1430 461 1499 496 pro

437 501 586 537 obiecto
617 501 675 537 cui
704 501 884 536 inhaeret.
915 501 1044 536 Potest
1072 507 1200 536 autem
1226 501 1359 549 aliquis
1389 501 1498 537 alicui
1524 504 1526 536 l

437 553 489 589 rei
510 558 521 574 ⁸
550 553 745 590 inhaerere
770 552 987 600 dupliciter:
1017 565 1095 589 uno
1115 553 1247 600 modo,
1268 561 1424 602 propter
1443 565 1498 590 se-

436 605 583 654 ipsum,
613 605 685 642 alio
724 605 863 651 modo,
895 605 1121 653 inquantum
1161 618 1205 642 ex
1235 618 1280 642 eo
1319 606 1368 643 ad
1397 606 1498 642 aliud
1524 631 1525 643 2

654 270 673 279 x

436 658 645 695 devenitur.
677 657 821 694 Caritas
850 657 959 705 igitur
986 658 1073 694 facit
1099 658 1297 695 hominem
1331 660 1415 695 Deo
1445 659 1499 695 in·
1532 703 1535 705 ,

435 711 591 747 haerere
607 719 762 758 propter
776 711 956 758 seipsum,
973 718 1142 747 mentem
1159 710 1348 748 hominist
1363 711 1498 748 uniens

435 764 519 799 Deo
541 775 609 811 per
628 764 807 800 aflectum
828 763 980 800 amoris.
1003 764 1098 812 Spes
1120 771 1248 800 autem
1275 771 1312 800 et
1331 764 1428 801 fides
1448 764 1499 800 fa-

436 816 536 852 ciunt
555 816 754 852 hominem
775 816 970 853 inhaerere
990 817 1075 853 Deo
1105 816 1200 853 sicut
1228 817 1379 854 cuidam
1398 817 1499 866 prin-

435 868 533 917 cipio
564 881 608 905 ex
637 881 714 917 quo
743 869 869 917 aliqua
902 869 1013 906 nobis
1050 869 1294 918 proveniunt.

487 922 545 958 De
573 923 658 958 Deo
687 930 816 959 autem
836 922 1013 970 provenit
1042 921 1152 959 nobis
1173 930 1209 959 et
1237 923 1402 971 cognitio
1430 935 1496 960 ve-

434 975 550 1011 ritatis
577 983 613 1011 et
640 975 792 1024 adeptio
822 975 1010 1024 perfectae
1046 975 1233 1013 bonitatis.
1265 976 1377 1014 Fides
1407 988 1496 1024 ergo

434 1028 522 1064 facit
538 1028 739 1065 hominem
769 1030 854 1065 Deo
883 1029 1080 1065 inhaerere
1100 1029 1326 1077 inquantum
1356 1037 1411 1066 est
1430 1041 1497 1066 no-

433 1081 490 1117 bis
519 1080 746 1130 principium
777 1082 1031 1130 cognoscendi
1062 1082 1276 1119 veritatem:
1308 1082 1496 1119 credimus
1522 1080 1524 1106 ξ

435 1133 535 1170 enim
566 1146 610 1171 ea
633 1147 725 1171 vera
754 1144 837 1171 esse
870 1147 968 1183 quae
998 1135 1108 1172 nobis
1137 1148 1159 1172 a
1187 1136 1271 1172 Deo
1310 1134 1494 1172 dicuntur.
1523 1163 1524 1169 ,

435 1188 532 1235 Spes
551 1195 678 1224 autem
699 1187 786 1224 facit
804 1189 888 1224 Deo
909 1188 1115 1225 adhaerere
1135 1196 1249 1236 prout
1275 1196 1329 1224 est
1348 1188 1458 1224 nobis
1478 1193 1495 1215 η

433 1240 659 1289 principium
678 1241 867 1289 perfectae
892 1241 1086 1278 bonitatis:
1117 1242 1339 1289 inquantum
1359 1240 1498 1276 scilicet
1523 1281 1525 1285 ¹

485 1355 511 1388 γ)
532 1355 695 1388 theologicis.
714 1369 731 1374 -
751 1355 893 1380 virtutibus
920 1355 1075 1388 theologicis
1099 1354 1194 1384 PKna,
1215 1355 1369 1388 theologicis
1394 1354 1501 1380 virtuti-

435 1390 638 1457 bu86?.eiicitur.
657 1439 676 1445 —
694 1432 749 1450 esse
768 1426 865 1451 addunt
884 1426 930 1450 Pa.

488 1461 510 1493 ε)
530 1461 578 1486 νεὶ.
595 1475 614 1480 -
633 1461 695 1486 Om.
714 1462 762 1487 Pa.

487 1496 512 1529 ζ)
533 1500 645 1522 mentem
672 1497 796 1521 hominis.
813 1510 832 1516 —-
851 1497 962 1522 invicem
988 1496 1063 1521 bonis
1083 1496 1163 1529 (boni
1186 1497 1219 1528 B,
1245 1496 1331 1522 omnis
1349 1496 1405 1530 pC)
1429 1497 1500 1521 ΑΒΗ

1549 213 1844 250 ART1CULUS
1872 213 1941 250 Vll

1553 303 1622 338 per
1646 302 1754 338 spem
1784 290 1914 326 divino
1952 290 2089 327 auxilio
2118 290 2313 329 innitimur
2340 293 2390 329 ad
2419 291 2614 329 beatitudi-

1525 357 1526 378 1
1554 355 1643 379 nem
1673 342 1933 379 obtinendam.

1606 398 1665 431 AD
1694 407 1831 432 Palmum
1860 407 1959 432 ERGO
1987 407 2172 432 memnon
2200 397 2305 445 quod
2337 398 2444 434 Deus
2480 409 2614 434 secun-

1524 470 1526 501 3
1554 448 1646 485 dum
1675 448 1787 484 aliam
1818 455 1853 484 et
1882 447 1993 484 aliam
2023 448 2209 485 rationem
2239 457 2293 486 est
2329 450 2522 487 obiectum
2549 451 2615 487 ha-

1553 513 1637 537 rum
1668 495 1860 547 virtutum,
1881 508 1922 537 ut
1947 500 2089 537 dictum
2119 508 2174 537 est
2191 500 2223 538 ⁵¹⁸.
2253 503 2313 539 Ad
2333 502 2615 540 distinctionem

1553 561 1681 590 autem
1711 554 1911 590 habituum
1941 553 2079 590 sufficit
2103 553 2254 590 diversa
2281 555 2375 603 ratio
2405 555 2554 602 obiecti,
2575 563 2617 591 ut

1553 618 1668 655 supra
1686 605 1707 628 ‘¹‘
1734 606 1907 643 habiturn
1937 614 2010 650 est„
2046 654 2049 657 1

1605 660 1666 695 AD
1694 671 1887 696 SECUNDUM
1916 671 2100 696 mCENDUM
2128 660 2233 707 quod
2269 662 2478 708 expectatio
2508 660 2615 710 poni-

1552 719 1611 748 tur
1635 711 1674 748 in
1701 713 1880 760 symbolo
1900 712 1991 749 fidei
2019 724 2098 748 non
2127 712 2215 760 quia
2243 711 2289 748 sit
2307 721 2411 750 aetus
2439 714 2616 763 proprius

1552 764 1662 806 fidei:
1693 765 1761 802 sed
1781 765 2006 813 inquantum
2036 773 2140 801 actus
2165 765 2245 814 spei
2274 767 2547 815 praesupponit
2573 767 2617 804 fi-

1553 817 1654 865 dem,
1670 825 1711 854 ut
1732 817 1876 855 dicetur
1889 816 1902 839 θ
1917 818 1948 864 ²¹⁶,
1971 826 2006 855 et
2026 817 2078 854 sic
2098 825 2203 855 actus
2222 817 2315 854 fidei
2329 819 2616 856 manifestantur

1551 883 1620 919 per
1647 878 1752 908 actus
1781 871 1873 920 spei.

1604 925 1662 960 Αι)
1691 935 1852 961 TERTluM
1882 936 2067 961 mmmmm
2096 924 2201 972 quod
2230 936 2317 972 spes
2346 923 2432 960 facit
2460 924 2616 962 tendere

1550 976 1588 1012 in
1617 978 1744 1013 Deum
1782 977 1878 1014 sicut
1914 977 1952 1013 in
1989 977 2186 1026 quoddam
2220 977 2368 1014 bonum
2396 977 2511 1014 finale
2539 977 2618 1014 adi—

1549 1029 1787 1077 piscendum,
1815 1038 1850 1067 et
1878 1029 1973 1066 sicut
2000 1030 2038 1066 in
2067 1030 2262 1079 quoddam
2296 1030 2527 1067 adiutorium
2567 1031 2618 1067 ef—

1550 1082 1648 1119 ficax
1676 1083 1725 1120 ad
1758 1083 2078 1120 subveniendum.
2118 1083 2195 1120 Sed
2225 1083 2357 1120 caritas
2382 1083 2536 1133 proprie
2566 1082 2618 1120 fa-

1553 1135 1601 1172 cit
1635 1136 1790 1173 tendere
1826 1136 1865 1173 in
1901 1137 2030 1172 Deum
2070 1135 2239 1173 uniendo
2277 1135 2457 1174 aflectum
2493 1136 2649 1182 homi-t

1551 1188 1610 1224 nis
1644 1189 1751 1234 Deo,
1784 1196 1826 1224 ut
1863 1188 2002 1225 scilicet
2029 1189 2149 1226 homo
2186 1201 2264 1226 non
2302 1189 2372 1226 sibi
2404 1189 2511 1228 vivat
2550 1190 2619 1227 sed

1552 1241 1650 1277 Deo.

1554 1354 1651 1387 LpCE,
1671 1355 1833 1379 voluntatem
1854 1354 1965 1379 invicem
1985 1354 2060 1379 bonis
2079 1354 2111 1386 F,
2131 1354 2242 1380 invicem
2261 1355 2380 1380 homines
2399 1356 2430 1387 D,
2454 1357 2619 1383 voluntatem

1554 1390 1668 1415 hominis
1687 1390 1724 1419 111,
1744 1389 1855 1415 invicem
1875 1389 1990 1415 hominis
2009 1397 2052 1422 pn,
2072 1389 2164 1414 abrasa
2182 1391 2234 1423 pK.

1607 1426 1634 1458 η)
1654 1426 1739 1451 nobis.
1755 1439 1775 1444 -
1794 1425 1820 1450 in
1841 1425 1916 1450 nobis
1935 1425 1983 1451 Pa.
2595 1440 2617 1451 -.

1606 1459 1630 1494 θ)
1650 1461 1764 1487 dicetur.
1786 1475 1805 1480 —
1824 1461 1897 1494 infra
1915 1460 2020 1486 dicetur
2039 1461 2115 1486 PGL.
2128 1474 2147 1480 -
2161 1461 2213 1486 Pro
2228 1461 2444 1495 manifestantur,
2464 1461 2620 1496 manifest&

1551 1499 1597 1522 tur
1617 1496 1905 1526 PABCEFGHIan
1924 1504 1972 1528 pro
1991 1499 2068 1522 actus
2086 1497 2150 1528 spei,
2170 1500 2260 1522 actum
2279 1497 2336 1529 spei
2354 1498 2393 1523 lx.

1113 1567 1446 1600 Commentaria
1468 1568 1720 1601 cardinalis
1741 1567 1944 1600 Caietam

467 1649 486 1668 n
518 1638 651 1668 articulo
682 1645 769 1668 sexto
803 1638 946 1668 eiusdem
979 1639 1274 1679 decimaeseptimae
1305 1639 1502 1679 quaestionis

439 1650 598 1713 Iadverte
622 1683 711 1722 quod
734 1686 866 1718 Auctor,
896 1692 934 1713 ex
963 1683 1142 1713 notioribus
1172 1683 1304 1719 docens,
1329 1683 1432 1714 noluit
1453 1693 1501 1713 as·
1526 1697 1528 1705 >

435 1736 561 1757 sumere
584 1726 773 1757 differentias
796 1727 855 1757 Dei
884 1734 919 1757 ut
942 1727 1104 1757 obiectum
1135 1733 1181 1757 est
1211 1727 1323 1757 harum
1347 1727 1501 1758 virtutum

435 1771 595 1807 absolute;
625 1771 680 1801 sed
703 1771 873 1811 assumpsit
897 1770 1085 1802 differentias
1110 1771 1253 1801 eiusdem
1282 1778 1317 1802 ut
1340 1771 1502 1802 obiectum

436 1822 482 1845 est
512 1815 562 1846 cui
590 1815 731 1846 inhaeret
760 1815 860 1846 virtus
891 1815 1081 1855 theologica.
1114 1815 1313 1846 Differentiae
1345 1815 1502 1855 siquidem

436 1859 550 1890 obiecti
575 1860 718 1890 absolute
747 1869 843 1899 penes
867 1869 980 1890 verum
1009 1866 1039 1890 et
1067 1860 1191 1890 bonum
1215 1860 1323 1900 quoad
1353 1858 1449 1890 fidem
1473 1865 1503 1891 et'

436 1904 512 1934 alias
534 1904 675 1940 virtutes,
693 1911 724 1934 et
746 1914 843 1944 penes
867 1904 990 1935 bonum
1013 1903 1072 1934 Dei
1097 1910 1127 1934 et
1149 1910 1296 1934 nostrum
1320 1904 1428 1944 quoad
1453 1914 1502 1935 ca-

436 1948 561 1979 ritatem
585 1955 616 1978 et
639 1958 727 1988 spem
753 1955 933 1979 sumuntur.
959 1948 1020 1979 Sed
1040 1947 1230 1979 differentiae
1255 1948 1370 1979 obiecti
1393 1955 1430 1979 ut
1453 1948 1503 1979 cui

436 1992 637 2023 inhaeremus
673 2003 770 2032 penes
794 1993 908 2023 modos
932 1993 964 2022 in
993 1992 1095 2023 littera
1125 2002 1289 2033 expressos
1313 1999 1501 2023 sumuntur:

437 2037 554 2068 scilicet
578 2046 674 2077 penes
698 2047 765 2068 esse
790 2037 839 2067 cui
864 2037 1016 2073 creditur,
1048 2047 1065 2067 a
1089 2047 1155 2077 quo
1178 2037 1362 2067 habendum
1386 2043 1448 2073 est,
1474 2043 1504 2068 et

437 2089 567 2121 propter
582 2091 689 2122 quem,
708 2088 764 2112 etc.
789 2082 876 2111 Haec
900 2081 986 2112 enim
1009 2081 1115 2111 Deum
1138 2081 1290 2112 trifariam
1312 2080 1501 2121 significant:

437 2214 551 2246 dicitur
573 2215 767 2255 principium
790 2214 955 2250 bonitatis;
981 2215 1111 2245 tertium
1134 2221 1171 2245 ut
1189 2214 1286 2245 finem
1310 2214 1471 2245 ultimum.

1607 1639 1642 1668 In
1662 1638 1870 1678 responsione
1884 1638 1924 1668 ad
1939 1637 2069 1668 tertium
2092 1638 2235 1668 eiusdem
2249 1638 2373 1670 articuli
2388 1639 2515 1670 advene
2530 1638 2622 1680 quod

1553 1682 1625 1713 finis
1649 1682 1781 1714 ultimus
1805 1689 1852 1712 est
1874 1681 1946 1712 finis
1969 1682 2101 1713 ultimus
2124 1689 2232 1713 noster
2259 1683 2437 1714 secundum
2460 1684 2619 1724 seipsum,

1553 1734 1590 1757 ut
1612 1726 1810 1768 praedictum
1833 1732 1879 1757 est
1893 1726 1926 1762 *;
1951 1732 1982 1756 et
2005 1733 2052 1757 est
2074 1736 2140 1757 non
2164 1734 2295 1767 propter
2317 1737 2387 1764 nos,
2412 1728 2467 1758 sed
2489 1735 2621 1769 propter

1554 1771 1705 1811 seipsum.
1730 1771 1771 1802 Et
1794 1770 1905 1801 caritas
1934 1770 1967 1800 in
1997 1770 2059 1801 hoc
2081 1770 2183 1802 differt
2205 1781 2224 1801 a
2246 1781 2302 1812 spe
2325 1772 2503 1803 secundum
2535 1771 2622 1804 diffe·

1554 1816 1669 1846 rentias
1699 1814 1814 1845 obiecti
1837 1814 1998 1851 absolute,
2023 1815 2113 1856 quod
2142 1815 2252 1846 caritas
2280 1815 2378 1846 fertur
2404 1816 2438 1846 in
2469 1816 2621 1848 ultimum

1554 1859 1652 1890 finem
1675 1865 1805 1899 propter
1833 1858 1992 1899 seipsum;
2025 1869 2096 1899 spes
2119 1869 2194 1890 vero
2222 1859 2256 1889 in
2283 1858 2381 1890 finem
2411 1859 2568 1892 ultimum
2586 1867 2624 1892 ux

1555 1910 1712 1934 nostrum.
1737 1903 1837 1940 Quod
1853 1905 1974 1933 Auctor
1989 1903 2028 1933 ab
2044 1902 2154 1934 effectu
2179 1902 2374 1944 significavit,
2395 1905 2435 1935 ab
2451 1904 2622 1945 adeptione

1555 1947 1682 1984 scilicet,
1700 1947 1817 1983 dicens,
1834 1947 1877 1978 ad
1892 1947 2007 1978 bonum
2029 1947 2129 1982 finale
2149 1948 2408 1988 adipiscendum:
2430 1948 2512 1980 sicut
2525 1949 2622 1980 etium

2643 519 2650 525 ·
2667 516 2690 537 ln
2707 522 2812 544 corpore.

2642 617 2652 628 ⁸
2661 617 2716 638 Loc.
2725 617 2764 639 cit.
2771 618 2793 639 in
2801 620 2848 645 irg-

2645 870 2652 876 ·
2670 867 2721 888 Art.
2737 872 2777 894 seq
2782 882 2787 887 .

2648 1735 2656 1744 ’
2671 1733 2723 1755 Δη-
2738 1734 2858 1759 praecem,

2647 1759 2781 1782 comment.
2794 1766 2858 1781 num.

2646 1793 2670 1807 V.

1554 1992 1662 2023 Deum
1678 1998 1714 2022 ut
1728 1990 1826 2022 finem
1849 1991 1999 2022 ultimum
2023 1998 2154 2031 propter
2169 2001 2202 2022 se
2218 1992 2257 2022 ab
2273 1991 2385 2023 effectu
2400 1992 2620 2031 manifestavit,
2648 2016 2651 2018 -

1554 2081 1633 2111 tiam
1649 2080 1729 2111 inter
1744 2080 1800 2111 has
1813 2079 1946 2111 virtutes
1962 2089 1999 2110 ex
2017 2086 2105 2120 parte
2129 2080 2244 2111 obiecti
2263 2081 2407 2112 absolute
2422 2081 2620 2114 monstravit.

1556 2125 1597 2156 Et
1620 2125 1658 2156 ad
1683 2125 1743 2155 hoc
1767 2124 2012 2160 insinuandum,
2042 2130 2211 2165 utramque
2239 2124 2444 2156 differentiam
2459 2135 2509 2156 *a
2533 2132 2621 2166 pme

1557 2169 1624 2210 spei
1647 2168 1756 2209 posuit
1779 2169 1812 2199 in
1835 2168 1894 2199 hac
1917 2167 2135 2208 responsione,
2160 2175 2196 2199 ut
2218 2175 2304 2209 patet
2325 2169 2360 2199 in
2382 2169 2495 2200 littera.

1611 2213 1646 2244 In
1661 2212 1790 2253 reliquis
1805 2213 1932 2243 duobus
1948 2212 2087 2243 articulis
2103 2212 2182 2243 nihil
2195 2212 2399 2244 scribendum
2413 2213 2562 2245 occurrit.

1609 2291 1662 2298 w

1215 2342 1533 2384 ARTICULUS
1563 2342 1830 2384 SEPTIMUS

1171 2426 1326 2456 UTRUM
1350 2426 1447 2456 spus
1471 2425 1732 2456 PRAECEDAT
1757 2426 1890 2456 FIDEM

914 2500 935 2523 1¹¹
957 2499 1011 2530 11⁸0,
1031 2507 1076 2532 qu.
1096 2507 1155 2530 an,
1175 2505 1221 2524 art.
1240 2507 1270 2531 4;
1289 2507 1375 2532 supra,
1395 2508 1438 2532 qu.
1458 2507 1491 2530 1v,
1511 2505 1556 2524 art.
1577 2507 1605 2532 7;
1625 2500 1656 2524 lll
1676 2500 1758 2528 Sent.,
1778 2500 1835 2524 dist.
1855 2507 1924 2530 xnu,
1944 2508 1988 2532 qu.
2007 2508 2034 2531 11,
2055 2505 2101 2526 art.
2122 2499 2145 2524 5.

494 2608 501 2615 ,
652 2578 674 2603 D
694 2578 872 2603 SEPTIMUM
892 2578 945 2602 sm
964 2577 1203 2602 PRocEfflTUR.
1225 2565 1384 2603 Videtur
1398 2565 1503 2614 quod

510 2615 517 2623 ”
583 2618 632 2655 '‘²ss-
653 2631 739 2667 spes
758 2619 961 2668 praecedat
989 2619 1120 2656 fidem.
1151 2619 1252 2666 Quia
1271 2631 1385 2668 super
1413 2619 1504 2656 illud

504 2687 581 2718 ,xz
601 2670 792 2714 (Psalm.
817 2673 854 2717 *,
886 2673 1004 2721 Spera
1033 2672 1069 2708 in
1098 2672 1277 2718 Domino,
1298 2678 1334 2708 et
1355 2673 1422 2717 fac
1440 2673 1503 2708 bo-

498 2699 588 2755 5⁴4&
612 2717 816 2771 Χηὶΐαίενη,
838 2726 926 2762 dicit
954 2726 1091 2762 Glossa
1109 2725 1148 2761 *t
1179 2726 1268 2773 Spes
1295 2730 1350 2761 est
1375 2724 1502 2762 introi-

439 2783 495 2814 tus
513 2777 621 2825 fidei,
643 2779 787 2815 initium
807 2779 947 2815 salutis.
979 2779 1056 2815 Sed
1077 2779 1177 2814 salus
1207 2786 1262 2814 est
1283 2790 1352 2826 per
1370 2778 1501 2824 fidem,

439 2842 508 2879 per
527 2842 642 2879 quam
659 2832 917 2869 iustificamur.
940 2832 1041 2879 Ergo
1058 2843 1144 2880 spes
1164 2831 1356 2879 praecedit
1370 2830 1500 2868 fidem.

495 2895 528 2920 2.
552 2884 783 2931 ΡΚΑΕΤΕΕΕΑ,
806 2885 894 2922 illud
924 2884 1028 2933 quod
1047 2884 1201 2933 ponitur
1224 2884 1261 2920 in
1283 2884 1502 2922 definitione

441 2936 596 2973 alicuius
634 2938 746 2974 debet
775 2951 855 2974 esse
884 2938 988 2987 prius
1018 2946 1054 2974 et
1087 2937 1205 2985 magis
1244 2945 1389 2974 notum.
1426 2937 1503 2974 Sed

441 3002 527 3038 spes
542 2991 695 3038 ponitur
710 2991 746 3027 in
764 2991 984 3028 definitione
1000 2990 1111 3039 fidei:
1132 2998 1173 3027 ut
1187 2998 1290 3039 patet
1303 2990 1449 3027 Heh.x1
1464 2990 1501 3027 *z

440 3043 551 3079 Fides
565 3049 618 3079 est
631 3045 835 3081 substantia
851 3056 979 3081 rerum
994 3043 1400 3092 sperandarum.,Ergo
1417 3055 1503 3092 spes

443 3104 498 3132 est
525 3096 628 3144 prior
655 3097 744 3134 fide.

498 3150 532 3186 3.
549 3150 781 3196 PRAETEREA,
799 3162 884 3198 spes
899 3150 1092 3199 praecedit
1107 3157 1233 3186 actum
1248 3148 1501 3186 meritorium:

443 3201 532 3239 dicit
552 3202 653 3239 enim
669 3203 888 3251 Apostolus,
906 3204 919 3238 Ι
941 3204 992 3239 ad
1014 3204 1101 3239 Cor.
1119 3214 1154 3239 1x
1171 3201 1203 3249 *,
1221 3201 1325 3251 quod
1341 3202 1407 3250 qui
1419 3208 1506 3240 arat

443 3255 550 3292 debet
575 3266 689 3292 arare
709 3256 745 3292 in
777 3267 841 3303 spe
855 3257 1012 3303 fructus
1024 3255 1266 3304 percipiendi.
1298 3254 1374 3291 Sed
1400 3263 1503 3292 actus

443 3307 534 3345 fidei
563 3316 618 3345 est
655 3309 880 3345 meritorius.
912 3308 1012 3356 Ergo
1047 3321 1133 3357 spes
1161 3307 1353 3357 praecedit
1371 3308 1502 3345 fidem.

499 3363 572 3398 SED
593 3373 739 3399 CONTRA
758 3373 823 3398 EST
844 3361 948 3409 quod
964 3363 1096 3398 Matth.
1115 3361 1159 3398 1*
1178 3361 1328 3398 dicitur:
1352 3376 1370 3394 «
1385 3362 1504 3398 Abra-

499 3476 525 3507 α)
545 3476 645 3501 haberi.
662 3490 680 3494 —
699 3476 795 3501 habere
812 3475 996 3516 BEl-lpACKx.
1530 3476 1532 3519 ]

499 3510 523 3543 β)
544 3511 598 3536 Sed
616 3511 753 3536 obiectum.
771 3525 790 3530 -
812 3511 946 3536 Obzectum
966 3514 1054 3536 autem
1077 3511 1122 3536 Pa.
1530 3520 1532 3524 ³

1556 2566 1645 2602 hain
1674 2565 1804 2614 genuit
1832 2567 1935 2603 Isaac
1958 2581 1991 2613 »,
2021 2566 2114 2603 idest
2128 2567 2229 2614 fides
2255 2577 2376 2615 spem,
2410 2567 2505 2603 sicut
2535 2565 2623 2604 dicit

1559 2619 1697 2656 Glossa
1715 2619 1746 2656 ³¹².
1887 2657 1890 2660 ,

1611 2672 1837 2708 ΒΕεΡοΝυΕο
1866 2684 2051 2709 mcENDuM
2071 2673 2176 2720 quod
2198 2672 2301 2723 *fides
2321 2673 2494 2709 absolute
2512 2685 2622 2721 prae-

1557 2724 1658 2761 cedit
1684 2737 1805 2773 spem.
1836 2724 2041 2762 obiectum
2071 2725 2172 2761 enirn
2197 2725 2278 2773 spei
2307 2733 2362 2761 est
2391 2726 2537 2761 bonum
2566 2725 2622 2762 fu-

1556 2784 1682 2814 turum
1713 2777 1876 2814 arduum
1914 2777 2093 2826 possibile
2131 2778 2260 2814 haberi
2281 2782 2309 2814 ².
2339 2777 2400 2814 Ad
2428 2778 2502 2814 hoc
2531 2789 2620 2827 ergo

1557 2830 1662 2878 quod
1677 2830 1810 2879 aliquis
1830 2838 1966 2879 speret,
1984 2830 2183 2880 requiritur
2201 2829 2307 2879 quod
2327 2829 2522 2868 obiectum
2540 2831 2622 2881 spei

1557 2891 1794 2932 proponatur
1822 2882 1856 2919 ei
1884 2891 1925 2920 ut
1952 2883 2143 2932 possibile.
2174 2883 2252 2921 Sed
2287 2883 2480 2920 obiectum
2498 2881 2514 2913 β
2541 2884 2623 2934 spei

1558 2944 1614 2973 est
1641 2948 1720 2973 uno
1749 2936 1868 2974 modo
1907 2936 2099 2974 beatitudo
2129 2945 2304 2984 aeterna,
2335 2944 2371 2974 et
2399 2936 2472 2974 alio
2502 2937 2622 2976 modo

1559 2989 1731 3027 divinum
1752 2989 1944 3036 auxilium,
1964 2997 2006 3026 ut
2025 3001 2069 3026 ex
2099 2990 2205 3026 dictis
2224 2990 2244 3011 ’¹‘
2265 2997 2379 3038 patet.
2410 2989 2459 3026 Et
2476 2997 2622 3028 utrum-

1558 3055 1632 3092 que
1654 3045 1787 3079 e'orum
1806 3043 2032 3092 proponitur
2052 3043 2163 3080 nobis
2182 3055 2251 3092 per
2269 3043 2401 3091 fidem,
2417 3054 2486 3092 per
2505 3043 2622 3092 quam

1558 3095 1669 3132 nobis
1697 3095 1897 3132 innotescit
1916 3096 2020 3145 quod
2050 3096 2098 3133 ad
2126 3095 2243 3133 vitam
2265 3103 2460 3133 aeternam
2488 3108 2623 3146 possu-

1558 3161 1645 3186 mus
1672 3148 1885 3197 pervenire,
1908 3156 1943 3185 et
1970 3149 2076 3198 quod
2105 3150 2152 3187 ad
2173 3149 2247 3186 hoc
2275 3156 2450 3198 paratum
2480 3156 2537 3187 est
2554 3146 2622 3187 no·

1558 3202 1615 3239 bis
1636 3202 1806 3239 divinum
1827 3201 2028 3240 auxilium:
2058 3203 2271 3240 secundum
2289 3202 2380 3239 illud
2406 3202 2506 3241 Heb.
2526 3214 2562 3239 xi
2580 3201 2620 3238 *t

1557 3255 1804 3293 Accedentem
1841 3255 1893 3292 ad
1918 3255 2042 3292 Deum
2077 3261 2220 3304 oportet
2254 3255 2406 3292 credere
2441 3255 2530 3303 quia
2557 3259 2621 3303 est,

1559 3313 1595 3345 et
1616 3308 1705 3356 quia
1730 3308 2000 3356 inquirentibus
2019 3313 2034 3337 Υ
2060 3321 2101 3345 se
2128 3312 2391 3345 remunerator
2418 3312 2481 3344 est.
2509 3306 2621 3344 Unde

1559 3360 1802 3398 manifestum
1833 3368 1888 3397 est
1915 3362 2020 3410 quod
2048 3361 2144 3399 fides
2172 3360 2364 3410 praecedit
2393 3371 2512 3408 spem.

1611 3477 1637 3510 γ)
1657 3476 1860 3508 inquirentibus.
1877 3490 1896 3496 —
1914 3476 2086 3509 diligentibus
2105 3475 2392 3501 ABCDEFGHIKan.

1541 2034 1592 2067 ‘ut
1613 2037 1706 2067 homo
1730 2037 1816 2067 vivat
1839 2045 1902 2066 non
1925 2035 1986 2066 sibi
2013 2035 2071 2066 sed
2092 2036 2172 2067 Deo.
2196 2036 2237 2067 Et
2263 2036 2315 2067 hic
2333 2039 2457 2068 Auctor
2478 2037 2621 2069 diffmu-
2648 2041 2651 2044 '

2649 2635 2657 2642 '
2672 2633 2773 2656 Interlin.

2651 3007 2659 3014 '
2674 3006 2725 3028 Ast.
2739 3011 2760 3031 a.
2775 3013 2802 3033 43
2818 3009 2861 3028 nrt.

2650 3031 2673 3059 fi,
2687 3031 2715 3054 ud
2729 3038 2750 3062 3.

2650 3212 2658 3220 ·
2674 3209 2743 3234 Vere.
2757 3212 2780 3233 6.
