2892 4056
223 839 231 846 ⁸
246 837 281 858 Cf.
298 837 389 864 Prolog.

246 891 286 1080 ἓξὲξ

212 2530 220 2538 “
233 2528 291 2550 Part.
303 2529 319 2551 1.
334 2534 348 2556 q

211 2560 306 2586 Lxxxin,
330 2558 372 2576 art.
416 2571 421 2581 ,

211 2581 301 2628 ἱΙίἌῐΠῑῆ
318 2588 356 2608 qu.
371 2587 421 2608 xm,

213 2635 293 2682 3}ng
310 2640 369 2682 ἴέεῖἶ·
377 2640 421 2682 ,7ᾰῖ

351 2532 422 2549 uaeSi.

216 3219 278 3240 ’Lib.
286 3219 423 3243 x‚ad1itt.P.

465 226 539 272 348

1140 227 1406 273 QUAESTIO
1435 228 1589 274 XLVII,
1620 211 1914 264 ARTICULUS
1945 229 1958 264 1

819 422 1229 501 QUAEsTlo
1269 423 2282 501 QUADRAGESIMASEPTIMA
2416 475 2432 480 ,

1071 535 1155 575 DE
1189 534 1544 576 PRUDENTIA

1579 533 1919 576 SECUNDUM
1953 533 2026 576 SE

1240 640 1275 665 IN
1304 639 1481 666 SEXDECIM
1508 639 1711 666 ARTICULOS
1739 640 1857 666 DIVISA

542 736 823 770 ONSEQUENTER‚
855 733 940 773 post
969 724 1125 761 virtutes
1160 723 1414 771 theologicas,
1445 723 1546 772 pri-‘

542 790 606 814 mo
643 783 659 798 α
687 777 1007 814 considerandum
1037 784 1108 823 est,
1139 777 1237 813 circa
1257 776 1413 813 virtutes
1441 789 1519 813 car-
1545 787 1546 829 j

462 830 622 875 dinaleS,
649 831 695 867 de
724 830 924 879 prudentia
950 830 981 867 ³¹⁸.
1012 831 1060 866 Et
1083 830 1220 878 primo,
1246 829 1292 866 de
1321 829 1519 878 prudentia
1545 831 1546 843 ³

460 883 672 920 secundum
693 895 752 929 se;
781 883 962 930 secundo,
985 884 1032 920 de
1051 882 1220 931 partibus
1241 882 1319 918 eius
1338 882 1378 927 *3
1398 882 1518 930 tertio,
1544 897 1546 921 ,¹

461 937 506 973 de
535 936 638 973 dono
677 936 711 972 ei
741 937 1061 985 correspondente
1090 935 1130 981 *3
1160 943 1315 983 quarm,
1346 936 1393 972 de
1421 936 1519 973 vitiis
1544 956 1546 966 ε

460 989 643 1038 oppositis
666 989 706 1034 *ς
736 989 889 1037 quinto,
926 989 972 1026 de
1005 988 1216 1038 praeceptis
1252 989 1300 1025 ad
1328 989 1403 1025 hoc
1436 1001 1518 1037 per·
1544 993 1546 1015 f

458 1042 663 1079 tinentibus
683 1041 714 1078 ²¹⁶.

459 1095 569 1132 Circa
598 1095 767 1143 primum
797 1102 1034 1143 quaeruntur
1063 1094 1266 1131 sexdecim.
1341 1126 1345 1130 .
1544 1125 1545 1142 3

510 1147 663 1184 Primo:
697 1155 825 1185 utrum
852 1148 1057 1197 prudentia
1086 1148 1131 1184 sit
1159 1147 1197 1184 in
1225 1147 1434 1193 voluntate,
1458 1147 1519 1183 vel
1543 1143 1545 1189 l

563 1201 600 1237 in
629 1200 787 1238 ratione.
1544 1204 1545 1219 ³

510 1254 712 1291 Secundo:
742 1254 773 1290 si
802 1261 858 1290 est
884 1254 923 1290 in
951 1253 1109 1299 ratione,
1129 1260 1258 1288 utrum
1289 1252 1326 1288 in
1354 1251 1519 1300 practica
1543 1276 1545 1303 3

562 1314 722 1354 tantum,
751 1308 814 1344 vel
844 1306 956 1343 etiam
986 1306 1024 1342 in
1054 1305 1299 1354 speculativa.
1543 1304 1545 1350 l

509 1360 660 1396 Tertio:
690 1367 818 1396 utrum
847 1359 894 1396 sit
922 1358 1180 1407 cognoscitiva
1209 1357 1468 1405 singularium.
1543 1352 1545 1392 ἰ

509 1414 678 1460 Quarto:
717 1420 846 1450 utrum
877 1412 923 1449 sit
949 1411 1082 1449 virtus.
1543 1411 1544 1416 ’

508 1466 672 1513 Quinto:
702 1473 832 1503 utrum
862 1465 908 1502 sit
934 1465 1054 1503 virtus
1083 1464 1269 1513 specialis.

509 1520 644 1556 Sexto:
673 1527 802 1556 utrum
821 1519 1042 1568 praestituat
1061 1518 1180 1556 finem
1204 1516 1407 1553 virtutibus
1435 1527 1517 1552 mo-

561 1573 714 1609 ralibus.

1627 723 1822 772 Septimo:
1851 732 1980 761 utrurn
2010 724 2212 762 constituat
2239 726 2411 765 medium
2437 727 2478 765 in
2505 729 2571 766 eis.

1627 777 1798 813 Octavo:
1835 785 1963 814 utrum
1991 778 2211 827 praecipere
2241 779 2287 816 sit
2314 780 2491 828 proprius
2529 789 2634 819 actus

1680 841 1774 866 eius.

1626 882 1761 919 Nono:
1799 890 1927 919 utrum
1966 883 2180 921 sollicitudo
2208 885 2271 921 vel
2299 884 2490 933 vigilantia
2522 887 2634 935 perti-

1678 943 1767 972 neat
1795 935 1843 972 ad
1871 936 2124 984 prudentiam.

1625 988 1804 1025 Decimo:
1844 996 1971 1026 utrum
1999 990 2201 1038 prudentia
2230 1003 2270 1027 se
2295 992 2472 1029 extendat
2500 993 2549 1030 ad
2578 1005 2634 1029 re-

1677 1041 1806 1088 gimen
1833 1042 2095 1079 multitudinis.

1624 1094 1861 1131 Undecimo:
1890 1102 2020 1132 utrum
2039 1095 2241 1143 prudentia
2266 1109 2364 1144 quae
2385 1105 2442 1134 est
2459 1105 2634 1146 respectu

1677 1146 1769 1182 boni
1796 1148 1940 1195 proprii
1969 1148 2015 1184 sit
2043 1148 2179 1185 eadem
2200 1149 2326 1197 specie
2355 1162 2443 1187 cum
2469 1163 2514 1188 ea
2533 1163 2633 1199 quae

1679 1210 1719 1235 se
1749 1199 1914 1236 extendit
1941 1200 1990 1236 ad
2019 1200 2165 1237 bonum
2195 1214 2412 1240 commune.

1624 1251 1888 1288 Duodecimo:
1926 1259 2053 1289 utrum
2082 1253 2284 1301 prudentia
2321 1255 2366 1292 sit
2393 1255 2432 1292 in
2461 1256 2633 1304 subditis,

1678 1316 1725 1340 an
1754 1305 1880 1341 solum
1909 1304 1947 1342 in
1975 1306 2221 1355 principibus.

1623 1357 1932 1394 Tertiodecimo:
1961 1365 2089 1395 utrum
2117 1359 2333 1397 inveniatur
2359 1359 2398 1397 in
2425 1361 2547 1398 malis.

1624 1410 1947 1456 Quartodecimo:
1986 1419 2114 1449 utrum
2142 1413 2359 1450 inveniatur
2387 1413 2424 1450 in
2454 1414 2634 1452 omnibus

1677 1463 1799 1500 bonis.

1623 1516 1940 1562 Quintodecimo:
1969 1525 2096 1554 utrum
2126 1518 2210 1556 insit
2238 1519 2349 1556 nobis
2377 1531 2399 1556 a
2427 1527 2572 1563 natura.

1625 1569 1916 1607 Sextodecimo:
1945 1578 2074 1608 utrum
2093 1573 2274 1620 perdatur
2291 1584 2361 1621 per
2385 1572 2630 1611 oblivione..

1265 1685 1583 1728 ARTICULUS
1613 1686 1819 1728 PRIMUS

819 1782 975 1813 UTRUM
999 1780 1250 1812 PRUDENTIA
1273 1779 1340 1810 siT
1365 1779 1407 1808 IN
1431 1778 1474 1808 vl
1499 1777 1835 1816 coGNoscirlvA‚
1860 1781 1919 1810 AN
1943 1781 1986 1811 IN
2010 1782 2271 1813 ΑΡΡΕΤῙΤΝΑ

770 1862 794 1886 1¹
813 1861 868 1893 11²⁶,
888 1869 933 1893 qu,
952 1868 1001 1892 Lm,
1022 1865 1068 1885 art.
1089 1867 1112 1889 2,
1133 1860 1163 1884 ad
1185 1859 1213 1890 3;
1233 1864 1280 1883 art.
1301 1857 1329 1889 3;
1349 1857 1380 1881 111
1400 1856 1483 1886 Sent„
1504 1856 1563 1882 dist.
1583 1864 1668 1887 xxxin,
1688 1865 1733 1890 qu.
1751 1865 1779 1888 11,
1797 1865 1844 1884 art.
1863 1866 1889 1890 4,
1908 1859 1958 1892 qu⁸
1977 1868 1994 1892 4
2001 1867 2008 1890 ;
2027 1860 2061 1885 Vl
2081 1860 2182 1891 Ethic„
2203 1862 2263 1887 lect.
2281 1869 2315 1887 iv-

485 1948 545 1978 >s;··
568 1961 608 1978 ‚st
661 1943 684 1968 n
708 1943 845 1968 PRIMUM
868 1943 921 1968 sm
949 1941 1190 1967 PRocnmrua.
1219 1928 1378 1965 Videtur
1406 1927 1511 1976 quod

479 1968 640 2045 &5⁹¹⁴
661 1984 862 2033 prudentia
899 1996 978 2020 non
1011 1983 1056 2020 sit
1092 1983 1130 2019 in
1169 1982 1206 2019 vi
1241 1979 1510 2030 cognoscitiva,

467 2036 515 2096 {5
566 2061 576 2068 «
598 2023 728 2075 ''sed
755 2038 794 2074 in
822 2037 1040 2086 appetitiva.
1078 2035 1177 2073 Dicit
1206 2035 1307 2072 enim
1335 2033 1512 2083 Augusti-

505 2106 517 2122 κ*
537 2093 546 2116 ³
618 2083 649 2127 Κ
662 2103 745 2137 nus,
762 2091 800 2127 in
820 2090 916 2127 libro
941 2091 987 2126 de
1004 2089 1182 2126 Moribus
1208 2089 1332 2126 Eccle.
1360 2086 1396 2124 *z
1415 2087 1511 2124 Pru·

450 2144 574 2180 dentia
602 2149 657 2180 est
681 2156 792 2181 amor
819 2155 863 2180 ea
892 2144 1024 2192 quihus
1051 2143 1254 2179 adiuvatur
1284 2142 1333 2179 ab
1360 2141 1412 2178 eis
1431 2141 1511 2190 qui-

450 2198 518 2234 bus
546 2198 746 2244 impeditur
785 2197 975 2246 sagaciter
1002 2196 1154 2245 eligens.
1191 2196 1267 2232 Sed
1295 2206 1406 2231 amor
1432 2205 1511 2231 non

451 2258 506 2286 est
534 2250 573 2286 in
602 2250 873 2298 cognoscitiva,
894 2251 960 2286 sed
994 2249 1032 2286 in
1052 2248 1270 2297 appetitiva.
1300 2249 1402 2295 Ergo
1421 2259 1511 2297 pru-

451 2303 577 2340 dentia
606 2311 662 2339 est
690 2303 728 2340 in
755 2303 795 2340 vi
824 2303 1040 2352 appetitiva.

505 2369 539 2393 2.
571 2357 804 2402 Pasti-anm,
835 2356 930 2392 sicut
959 2367 1004 2391 ex
1032 2353 1260 2403 praedicta*
1288 2352 1509 2391 definitione

449 2417 618 2458 apparet,
640 2410 689 2445 ad
709 2408 953 2457 prudentiam
973 2407 1134 2456 pertinet
1153 2407 1292 2456 eligere
1309 2405 1509 2457 sagaciter.

451 2463 529 2499 Sed
558 2462 691 2499 electio
722 2470 777 2499 est
806 2470 910 2498 actus
939 2460 1167 2510 appetitivae
1194 2460 1352 2507 virtutis,
1382 2467 1423 2496 ut
1451 2472 1512 2497 su-

450 2528 519 2564 pra
537 2515 557 2536 '¹‘
585 2515 757 2552 habiturn
786 2522 853 2551 est.
883 2516 985 2562 Ergo
1006 2513 1207 2562 prudentia
1226 2525 1304 2549 non
1334 2521 1388 2550 est
1415 2513 1454 2550 in
1471 2513 1511 2550 vi

451 2568 720 2617 cognoscitiva‚
751 2568 818 2604 sed
846 2568 883 2604 in
912 2566 1130 2616 appetitiva.

505 2623 540 2659 3.
561 2623 794 2668 ΡΚΑΕΤΕΚΕΑ,
817 2620 1074 2669 Philosophus
1094 2618 1194 2666 dicit,
1210 2618 1248 2656 in
1267 2619 1318 2656 VI
1338 2620 1458 2657 Ethic.
1478 2619 1509 2666 *‚

451 2675 556 2724 quod
591 2675 628 2711 in
663 2680 744 2711 arte
781 2674 928 2722 quidem
964 2673 1091 2710 volens
1122 2684 1286 2721 peccans
1312 2673 1512 2722 eligibilior

450 2733 524 2765 est.-
552 2728 654 2764 circa
672 2727 912 2776 prudentiam
940 2732 1077 2772 autem,
1098 2726 1238 2770 minus,
1270 2727 1511 2774 quemadmo-

451 2782 540 2818 dum
568 2787 602 2817 et
629 2781 731 2817 circa
771 2780 935 2817 virtutes.
966 2779 1044 2816 Sed
1071 2778 1230 2816 virtutes
1257 2779 1432 2826 morales,
1463 2779 1510 2816 de

451 2834 589 2882 quibus
618 2833 668 2870 ibi
697 2833 874 2882 loquitur,
905 2841 990 2870 sunt
1018 2833 1055 2868 in
1083 2839 1190 2881 parte
1210 2832 1426 2881 appetitiva,
1451 2844 1511 2869 ars

452 2895 579 2924 autern
609 2886 647 2923 in
676 2886 833 2923 ratione.
872 2887 973 2933 Ergo
1002 2885 1203 2935 prudentia
1237 2885 1357 2933 magis
1391 2893 1446 2922 est
1473 2885 1510 2922 in

451 2948 558 2990 parte
587 2940 794 2988 appetitiva
822 2951 937 2988 quam
967 2939 1003 2975 in
1033 2939 1192 2975 ratione.

506 2994 580 3030 SED
609 3004 754 3029 CONTRA
773 3004 839 3029 EST
858 2992 962 3041 quod
982 2991 1215 3040 Augustinus
1234 2991 1333 3037 dicit,
1358 2991 1396 3027 in
1415 2991 1509 3028 libro

457 3046 654 3095 Octoginta
683 3046 794 3082 trium
826 3046 972 3087 Quaest.
992 3044 1028 3081 *ε
1052 3044 1258 3081 Prudentia
1277 3049 1331 3080 est
1348 3045 1511 3093 cognitio
1537 3081 1539 3096 ‚

453 3111 581 3136 rerum
609 3099 903 3146 appetendarum
932 3103 968 3134 et
982 3098 1276 3147 fugiendarum.

506 3153 731 3189 RESPONDEO
749 3163 933 3188 DICENDUM
963 3152 1078 3198 quod,
1100 3151 1194 3187 sicut
1217 3149 1383 3186 Isidorus
1412 3149 1510 3196 dicit,

451 3205 489 3242 in
526 3205 621 3242 libro
649 3204 814 3252 Etymol.
843 3203 874 3250 ³¹²,
898 3204 1065 3251 prudens
1093 3203 1228 3240 dicitur
1263 3202 1373 3251 quasi
1390 3214 1510 3250 porro

451 3258 600 3295 videns.-
632 3257 836 3305 perspicax
868 3257 966 3292 enim
1003 3262 1069 3302 est,
1099 3262 1135 3293 et
1159 3256 1387 3292 incertorum
1414 3256 1514 3292 videt

452 3323 571 3348 casus.
608 3310 713 3347 Visio
743 3318 871 3347 autem
901 3322 979 3346 non
1008 3316 1062 3346 est
1089 3306 1235 3346 virtutis
1271 3308 1510 3357 appetitivae‚

1564 1927 1657 1964 Non
1692 1936 1820 1966 autern
1849 1930 1898 1966 ad
1926 1930 2008 1967 vim
2036 1931 2274 1968 sensitivam:
2313 1931 2403 1980 quia
2439 1945 2509 1982 per
2545 1944 2632 1971 eam
2687 1967 2690 1970 Α

1564 1989 1847 2028 cognoscuntur
1875 1980 1889 2012 β
1918 1984 2044 2020 solum
2084 1996 2130 2021 ea
2158 1996 2258 2033 quae
2295 1992 2448 2034 praesto
2481 1994 2570 2024 sunt
2595 1993 2634 2024 et

1563 2033 1738 2071 sensibus
1768 2035 1992 2080 offeruntur.
2023 2037 2266 2085 Cognoscere
2286 2045 2414 2076 autem
2443 2038 2566 2076 futura
2585 2050 2632 2077 ex

1562 2087 1827 2135 praesentibus
1845 2090 1908 2126 vel
1927 2090 2148 2138 praeteritis,
2171 2091 2276 2140 quod
2295 2092 2458 2140 pertinet
2475 2092 2524 2129 ad
2542 2104 2632 2141 pru-

1565 2139 1747 2187 dentiam,
1767 2142 1921 2190 proprie
1942 2143 2096 2180 rationis
2117 2151 2192 2181 est:
2223 2143 2312 2192 quia
2330 2145 2406 2181 hoc
2423 2157 2493 2194 per
2512 2157 2631 2194 quan-

1565 2192 1654 2231 dam
1685 2194 1927 2233 collationem
1955 2196 2086 2244 agitur.
2125 2196 2237 2234 Unde
2266 2197 2489 2246 relinquitur
2525 2198 2631 2246 quod

1563 2246 1766 2295 prudentia
1794 2248 1947 2296 proprie
1977 2249 2023 2286 sit
2049 2249 2087 2285 in
2117 2249 2275 2287 ratione.

1617 2300 1677 2336 Αι)
1705 2311 1842 2337 PRIMUM
1870 2313 1968 2338 ERGO
1997 2313 2188 2342 monimum,
2211 2303 2329 2351 quod,
2350 2302 2447 2339 sicut
2474 2315 2588 2352 supra
2611 2304 2631 2326 *

1564 2350 1709 2389 dictum
1738 2361 1805 2400 est,
1834 2355 2013 2391 voluntas
2041 2363 2174 2392 movet
2201 2367 2338 2392 omnes
2364 2356 2554 2404 potentias
2581 2358 2630 2395 ad

1564 2417 1655 2442 suos
1683 2413 1801 2443 actus.
1831 2407 1982 2444 Primus
2013 2416 2141 2445 autern
2171 2416 2278 2445 actus
2306 2409 2536 2457 appetitivae
2555 2410 2629 2448 vir-

1564 2458 1651 2495 tutis
1681 2466 1736 2494 est
1764 2471 1884 2506 amor,
1913 2468 1955 2497 ut
1982 2473 2097 2510 supra
2116 2461 2136 2483 '¹‘
2164 2462 2307 2499 dictum
2337 2469 2402 2499 est.
2433 2462 2494 2499 Sic
2521 2462 2632 2510 igitur

1563 2511 1764 2560 prudentia
1797 2512 1931 2550 dicitur
1960 2526 2042 2551 esse
2072 2527 2182 2551 amor
2208 2526 2287 2551 non
2316 2515 2474 2563 quidem
2504 2528 2630 2554 essen-

1564 2564 1716 2611 tialiter,
1757 2565 1824 2602 sed
1852 2566 2079 2615 inquantum
2117 2580 2228 2604 amor
2264 2576 2396 2605 movet
2424 2569 2473 2605 ad
2501 2576 2628 2606 actum

1563 2618 1799 2666 prudentiae.
1842 2619 1954 2656 Unde
1992 2628 2028 2656 et
2064 2628 2198 2669 postea
2235 2620 2360 2658 subdit
2395 2621 2630 2669 Augustinus

1564 2671 1671 2720 quod
1684 2672 1887 2719 prudentia
1902 2678 1956 2709 est
1972 2684 2083 2710 amor
2101 2674 2195 2711 bene
2212 2674 2424 2711 discernens
2438 2685 2483 2712 ea
2497 2675 2630 2723 quibus

1564 2725 1762 2761 adiuvetur
1785 2726 1837 2761 ad
1862 2726 2084 2763 tendendum
2113 2727 2150 2763 in
2186 2727 2310 2764 Deum
2337 2728 2386 2764 ab
2413 2727 2469 2764 his
2497 2729 2629 2776 quibus

1565 2777 1739 2825 impediri
1758 2783 1888 2825 potest.
1924 2778 2072 2816 Dicitur
2100 2787 2229 2816 autern
2258 2791 2368 2816 amor
2397 2780 2627 2828 discernere,

1565 2830 1790 2878 inquantum
1821 2839 1952 2868 movet
1980 2832 2165 2869 rationem
2194 2832 2242 2869 ad
2272 2832 2578 2870 discernendum.

1618 2885 1677 2920 An
1701 2895 1891 2921 SECUNDUM
1914 2896 2099 2922 DICENDUM
2127 2885 2230 2934 quod
2257 2885 2427 2934 prudens
2456 2886 2628 2932 conside-

1565 2944 1621 2974 rat
1649 2948 1694 2972 ea
1721 2949 1820 2984 quae
1855 2945 1942 2974 sunt
1968 2939 2102 2986 procul
2140 2938 2367 2986 inquantum
2405 2938 2629 2976 ordinantur

1565 2991 1612 3027 ad
1642 2989 1907 3027 adiuvandum
1936 2992 1998 3027 vel
2026 2991 2314 3039 impediendum
2343 3003 2388 3028 ea
2415 3003 2514 3040 quae
2541 3000 2629 3030 sunt

1565 3043 1861 3091 praesentialiter
1887 3044 2046 3091 agenda.
2076 3044 2188 3081 Unde
2207 3051 2310 3092 patet
2329 3045 2436 3092 quod
2456 3056 2501 3081 ea
2527 3057 2627 3093 quae

1537 3097 1538 3104 ¹
1566 3095 1780 3133 considerat
1807 3096 2008 3145 prudentia
2036 3097 2261 3134 ordinantur
2288 3097 2336 3134 ad
2365 3097 2438 3134 alia
2452 3097 2552 3134 ‘sicut
2577 3097 2628 3135 ad

1565 3150 1696 3186 finem.
1735 3149 1882 3186 Eorum
1921 3155 2048 3186 autem
2078 3162 2176 3199 quae
2213 3158 2300 3187 sunt
2334 3150 2382 3187 ad
2409 3150 2528 3188 finem
2571 3157 2628 3188 est

1566 3202 1765 3239 consilium
1794 3203 1831 3239 in
1852 3202 1996 3240 ratione
2026 3210 2062 3239 et
2090 3203 2223 3240 electio
2252 3203 2291 3240 in
2310 3203 2490 3252 appetitu.
2521 3203 2627 3250 Quo-

1566 3267 1651 3292 rum
1672 3257 1835 3292 duorum
1866 3256 2065 3293 consilium
2084 3256 2204 3304 magis
2222 3256 2376 3306 proprie
2395 3255 2561 3305 pertinet
2576 3255 2627 3294 ad

1565 3309 1824 3357 prudentiam:
1841 3309 1930 3346 dicit
1944 3309 2046 3346 enim
2062 3309 2330 3358 Philosophus,
2347 3309 2385 3346 in
2395 3309 2446 3346 VI
2456 3309 2576 3346 Ethie.
2590 3307 2615 3331 ⁶

2651 3312 2663 3322 ⁸
2681 3311 2738 3340 Cup.

2615 3337 2623 3355 ⁷
2652 3343 2703 3366 cap.
2725 3343 2768 3365 vu,
2789 3343 2811 3359 n.
2834 3338 2862 3363 ὃς

2756 3317 2779 3338 v,
2798 3317 2821 3333 n.
2841 3317 2861 3336 ις

453 3364 520 3401 sed
558 3362 849 3411 cognoscitivae.
888 3362 998 3399 Unde
1033 3362 1273 3399 manifestum
1317 3369 1372 3398 est
1408 3363 1510 3410 quod
1566 3362 1672 3409 quod
1707 3362 1875 3410 prudens
1913 3369 1969 3399 est
2004 3363 2098 3399 bene
2128 3362 2391 3400 consiliativus.
2431 3362 2508 3399 Sed
2535 3361 2625 3410 quia
2651 3369 2888 3417 gfefffvkgjstj

1567 3415 1698 3451 electio
1728 3414 2001 3463 praesupponit
2029 3415 2241 3462 consilium,
2273 3423 2328 3452 est
2356 3415 2458 3452 enim
2487 3414 2625 3463 appeti-
2651 3422 2746 3444 ’'hvm-

451 3416 651 3466 prudentia
680 3416 819 3453 directe
840 3415 999 3463 pertinet
1027 3416 1074 3452 ad
1101 3415 1182 3452 vim
1203 3414 1509 3462 cognoscitivam.

506 3530 532 3561 α)
548 3529 646 3561 primo.
665 3542 683 3547 -
702 3529 762 3553 Om.
782 3528 813 3552 K.
831 3541 849 3547 -
868 3528 900 3552 de
914 3527 1062 3559 prudentia
1080 3529 1164 3559 primo
1184 3529 1242 3552 loco
1261 3536 1314 3553 om.
1331 3528 1428 3552 ADKa.
1532 3533 1535 3559 ι

1615 3527 1639 3560 β)
1658 3531 1862 3560 cognoscuntur.
1880 3541 1899 3547 -
1917 3528 2100 3560 cognoscimus
2119 3528 2166 3553 Ρα.
