2892 4056
991 153 1258 199 QUAESTIO
1287 153 1428 200 XXIX,
1458 153 1753 190 ARTICULUS
1783 154 1814 190 11

311 229 435 266 haberi,
460 239 519 269 ego
543 236 648 260 tamen
672 240 738 260 non
763 240 897 271 possum
922 231 976 261 illa
1008 231 1103 262 simul
1126 231 1254 262 habere:
1287 237 1323 263 ut
1345 230 1372 261 si

312 273 487 304 desiderem
511 273 692 310 sanitatem,
716 274 999 314 pulchritudinem,
1025 275 1146 306 divitias
1177 282 1208 306 et
1229 275 1290 305 alia
1313 274 1371 305 hu-

310 316 469 355 iusmodi,
493 323 524 347 et
551 316 696 348 deficiant
729 319 822 355 mihi,
847 325 904 349 etc.
930 319 1046 349 Littera
1075 329 1140 349 non
1171 319 1292 359 primo,
1317 319 1371 349 sed

311 361 451 391 secundo
463 361 562 391 modo
576 361 778 401 intelligenda
793 369 848 393 est.
865 362 1017 393 Consistit
1033 363 1116 393 enim
1134 373 1193 403 pax
1207 363 1240 393 in
1252 362 1373 393 unione

310 404 530 444 appetibilium
558 405 759 445 possibilium
787 406 984 446 simpliciter,
1008 417 1026 436 a
1050 416 1188 447 quorum
1220 416 1371 438 consecu-

253 461 255 464 ·
309 448 397 479 tione
419 448 577 488 appetitus
601 449 713 480 deficit.

0 972 3 981 “
0 791 14 958 θυι-*ν-π-ι-
8 775 10 779 ,
8 726 13 737 ,,

64 1504 208 1534 ‘ven-34.

64 1823 155 1849 'vm-
168 1829 208 1852 ⁴⁹·

0 3002 5 3021 ζ
62 2987 74 2998 ·
88 2986 144 3008 boc.
158 2986 196 3007 cit.

67 1034 181 1083 &in’
188 1045 200 1050 -
207 1034 279 1057 S.Th.
326 1030 334 1069 '4
345 1029 359 1072 <¹

365 492 402 525 ln
426 492 541 524 eodem
570 493 675 534 primo
699 493 842 531 articulo,
867 493 902 525 in
925 493 1134 533 responsione
1156 495 1196 525 ad
1220 494 1370 534 primum,

309 535 382 567 vide
405 536 494 579 quod
523 537 562 567 ad
585 547 698 577 pacem
727 537 822 568 unius
852 547 927 569 cum
957 537 1055 569 altero
1090 538 1311 579 requiruntur,
1336 548 1372 569 ex
1396 521 1401 576 Ι

2408 154 2483 203 237

1424 231 1616 270 Augustino,
1637 232 1718 262 duo:
1739 231 1856 262 scilicet
1875 231 2059 267 concordia;
2085 237 2115 261 et
2130 231 2210 261 ordo
2230 231 2394 271 utriusque
2411 242 2485 262 con-

1425 274 1593 311 cordantis,
1618 285 1684 315 quo
1709 282 1842 316 uterque
1865 275 1897 306 in
1921 275 1986 306 suis
2009 275 2255 315 imperturbatus
2286 282 2421 306 maneat.
2445 276 2486 306 Et

1426 325 1591 359 propterea
1613 319 1638 349 si
1662 319 1692 349 vi
1716 326 1770 350 aut
1794 327 1880 350 metu
1904 319 1958 350 fiat
1981 319 2167 355 concordia,
2192 329 2258 349 non
2282 326 2328 349 est
2350 330 2419 359 pax.
2445 320 2486 350 Et

1425 362 1498 393 ideo
1520 363 1618 402 vulgo
1635 362 1762 393 dicitur:
1782 364 1842 394 Est
1857 373 1940 404 pax,
1963 363 2020 394 sed
2036 364 2122 394 mala
2142 363 2308 394 voluntas:
2331 363 2485 403 quoniam

1426 413 1472 437 est
1495 413 1571 438 tunc
1594 407 1763 437 concordia
1782 414 1890 438 contra
1913 408 1945 438 id
1968 407 2057 448 quod
2080 407 2180 437 homo
2205 406 2304 447 magis
2327 407 2429 443 vellet,
2449 417 2485 437 ac

1425 460 1481 490 per
1503 450 1563 480 hoc
1594 457 1687 481 restat
1716 451 1863 482 voluntas
1890 452 1930 482 ad
1953 451 2159 491 frangendam
2188 460 2299 491 pacem
2330 450 2381 481 cui
2410 461 2485 481 con-

1425 493 1519 526 sentit
1541 501 1578 525 ut
1599 495 1760 534 perveniat
1784 496 1824 526 ad
1845 495 1878 526 id
1901 495 1990 536 quod
2013 495 2114 535 magis
2136 495 2239 526 vellet.

1077 672 1395 717 ARTICULUS
1424 675 1723 718 SECUNDUS

1021 765 1177 796 UTRUM
1201 765 1342 796 oMNJA
1364 766 1595 797 APPETANT
1618 767 1766 798 PACEM

554 844 589 869 1v
608 844 691 874 Sent„
711 843 771 869 dist.
789 851 854 873 xux,
874 850 918 875 qu.
937 851 955 874 1,
974 848 1022 867 art.
1043 850 1066 874 2,
1086 843 1136 876 qu·
1154 851 1172 875 4
1179 851 1186 874 ;
1207 844 1249 868 De
1266 843 1356 873 Ver-it„
1377 851 1421 876 qu.
1440 851 1499 875 xxu,
1521 849 1569 870 art.
1592 852 1613 876 1,
1632 845 1664 869 ad
1688 852 1733 876 ης
1752 845 1785 870 de
1804 845 1866 870 Diu.
1884 845 1972 875 Nom„
1992 854 2047 879 cap.
2066 854 2106 877 ¹1,
2126 847 2182 871 lect.
2201 854 2238 871 111.

428 944 494 983 M<
516 931 539 956 n
554 930 744 956 SECUNDUM
758 929 815 955 stc
827 928 1069 954 PROCEDH’UR.
1086 917 1247 954 Videtur
1261 917 1365 965 quod

447 968 494 1020 ξ’ἱο
516 984 595 1009 non
614 971 744 1008 omnia
764 976 946 1019 appetant
972 981 1121 1018 pacem.
1149 970 1230 1006 Pax
1249 969 1364 1016 enim,

456 1013 487 1067 ’ἦ
502 1024 729 1062 secundum
748 1023 979 1071 Dionysium
989 1022 1022 1070 ⁸,
1043 1030 1098 1059 est
1117 1023 1259 1060 unitiva
1278 1035 1367 1060 con-

444 1095 459 1099 ff
488 1095 507 1114 xx.
524 1089 655 1114 ensus.
684 1077 762 1114 Sed
789 1077 827 1114 in
854 1076 915 1113 his
941 1087 1043 1124 quae
1065 1076 1282 1124 cognitione
1306 1088 1367 1113 ca-

304 1137 388 1166 rent
419 1141 499 1166 non
529 1137 655 1180 potest
683 1129 783 1167 uniri
802 1135 820 1152 ‘⁸
848 1141 1068 1166 consensus,
1107 1130 1209 1180 Ergo
1237 1129 1368 1166 huius-

304 1181 412 1220 modi
437 1194 575 1231 pacem
603 1191 782 1232 appetere
810 1195 890 1219 non
916 1189 1090 1231 possunt.

357 1247 395 1272 2.
423 1236 667 1284 Pmmm,
695 1235 884 1284 appetitus
919 1247 998 1272 non
1025 1236 1144 1272 fertur
1169 1234 1282 1271 simul
1318 1234 1366 1272 ad

303 1289 610 1335 contrariafSed
638 1289 746 1327 multi
764 1296 853 1326 sunt
870 1295 1095 1337 appetentes
1121 1288 1219 1324 bella
1239 1295 1275 1324 et
1295 1287 1368 1324 dis-

302 1342 514 1380 sensiones.
541 1344 644 1391 Ergo
671 1354 752 1380 non
779 1353 916 1378 omnes
943 1347 1128 1390 appetunt
1154 1352 1304 1390 pacem.

358 1397 393 1433 3.
426 1396 668 1445 Pitana-am,
707 1395 832 1432 solum
870 1394 1018 1430 bonum
1058 1401 1115 1430 est
1150 1392 1366 1442 appetibile.

303 1448 382 1486 Sed
408 1449 601 1497 quaedam
635 1460 708 1496 pax
736 1447 888 1484 videtur
916 1458 999 1483 esse
1028 1446 1150 1483 mala:
1198 1445 1367 1493 alioquin

301 1502 495 1539 Dominus
517 1514 596 1539 non
616 1501 771 1546 diceret,
797 1499 932 1536 Matth.
951 1511 976 1535 x
995 1498 1035 1535 *z
1063 1499 1155 1536 Non
1175 1499 1263 1535 veni
1283 1499 1365 1535 mit-

300 1559 381 1592 tere
399 1567 549 1604 pacem.
595 1555 699 1601 Ergo
727 1565 806 1590 non
834 1551 966 1588 omnia
999 1563 1135 1600 pacem
1170 1558 1366 1600 appetunt.

344 1611 391 1654 '4
420 1609 659 1653 szmam,
687 1606 779 1643 illud
807 1604 915 1652 quod
943 1604 1074 1641 omnia
1102 1611 1287 1653 appetunt
1311 1604 1368 1642 vi-

301 1659 415 1698 detur
440 1673 524 1698 esse
557 1671 756 1698 summurn
783 1658 950 1704 bonum,
980 1657 1086 1705 quod
1123 1666 1179 1694 est
1210 1658 1366 1694 ultimus

299 1712 399 1751 finis.
444 1714 522 1751 Sed
549 1725 623 1762 pax
651 1725 730 1750 non
768 1719 824 1748 est
849 1710 1094 1748 huiusmodi:
1136 1711 1225 1759 quia
1254 1711 1366 1748 etiam

299 1765 343 1804 in
367 1773 465 1805 statu
491 1767 579 1804 viae
606 1766 789 1810 habetur3
818 1763 985 1812 alioquin
1013 1765 1149 1800 frustra
1177 1764 1367 1801 Dominus

301 1821 521 1867 mandaret,
555 1820 678 1857 Marc.
698 1830 733 1855 1x
750 1817 789 1854 *ε
837 1818 974 1854 Pacem
1002 1818 1134 1854 habete
1162 1817 1260 1854 inter
1285 1829 1364 1854 vos.

301 1872 407 1920 Ergo
432 1884 511 1910 non
540 1872 672 1909 omnia
698 1882 835 1920 pacem
864 1877 1057 1919 appetunt.

354 1926 430 1963 sn>
459 1937 606 1962 com-ma
625 1936 691 1962 aar
709 1923 815 1973 quod
832 1923 1065 1970 Augustinus
1089 1922 1187 1969 dicit,
1207 1923 1297 1960 XIX
1321 1923 1367 1960 de

306 1978 386 2015 Civ.
407 1979 483 2015 Dei
494 1978 526 2024 ²¹⁸,
548 1979 652 2026 quod
673 1977 804 2014 omnia
823 1988 959 2024 pacem
980 1982 1174 2024 appetunt.
1195 1976 1243 2012 Et
1264 1976 1365 2013 idern

237 2055 243 2062 -
267 2055 274 2062 -
301 2030 417 2069 etiam
438 2031 527 2068 dicit
545 2030 765 2079 Dionysius,
780 2041 816 2066 xx
832 2041 914 2077 cap.
934 2029 982 2065 de
1000 2029 1087 2065 Div.
1106 2028 1223 2065 Nom.
1240 2028 1261 2050 '³‘

353 2085 583 2122 Rssmnnzo
609 2095 794 2121 mesanum
822 2081 930 2129 quod
967 2093 1012 2118 ex
1045 2082 1120 2118 hoc
1148 2081 1232 2129 ipso
1261 2082 1366 2129 quod

299 2137 421 2175 homo
450 2137 592 2186 aliquid
619 2135 776 2185 appetit,
806 2146 1044 2183 consequens
1073 2141 1129 2170 est
1156 2134 1280 2182 ipsum
1302 2147 1367 2183 ap-

299 2197 429 2239 petere
467 2190 551 2228 eius
585 2189 691 2238 quod
729 2188 871 2237 appetit
898 2187 1199 2233 assecutionem,
1235 2195 1271 2224 et
1297 2200 1366 2236 per

243 2283 254 2293 .‚
300 2254 542 2291 consequens
578 2242 834 2280 remotionem
874 2252 1009 2277 eorum
1047 2251 1146 2288 quae
1184 2252 1366 2277 consecu-

299 2296 447 2334 tionem
477 2295 493 2326 ⁹
524 2295 711 2344 impedire
747 2301 919 2343 possunt.
964 2294 1095 2330 Potest
1131 2300 1260 2330 autem
1297 2293 1365 2331 im-

297 2349 421 2397 pediri
457 2348 644 2385 assecutio
672 2347 764 2384 boni
800 2346 1000 2383 desiderati
1036 2357 1105 2394 per
1132 2346 1364 2384 contrarium

301 2402 511 2451 appetitum
539 2401 602 2438 vel
630 2400 687 2438 sui
716 2400 833 2448 ipsius
860 2399 922 2435 vel
951 2398 1123 2434 alterius:
1158 2406 1195 2434 et
1221 2407 1366 2437 utrum-

300 2467 375 2503 que
395 2455 537 2491 tollitur
556 2466 624 2502 per
651 2465 799 2502 pacem,
821 2452 925 2488 -sicut
943 2463 1060 2499 supra
1077 2450 1098 2472 ’¹‘
1126 2450 1268 2487 dictum
1296 2460 1363 2489 est.

300 2509 349 2545 Et
369 2507 455 2544 ideo
482 2519 638 2544 necesse
659 2514 715 2542 est
734 2504 839 2553 quod
859 2516 975 2540 omne
1004 2510 1187 2551 appetens
1211 2512 1365 2552 appetat

252 2583 257 2585 <
299 2573 455 2609 pacem:
476 2560 703 2609 inquantum
723 2557 864 2594 scilicet
883 2569 998 2593 omne
1019 2564 1203 2604 appetens
1222 2557 1365 2605 appetit

299 2613 499 2662 tranquille
528 2621 565 2649 et
598 2612 678 2650 sine
707 2610 981 2659 impedimento
1019 2609 1220 2657 pervenire
1247 2610 1296 2646 ad
1325 2610 1363 2647 id

299 2666 405 2715 quod
434 2666 587 2714 appetit,
607 2665 646 2701 in
670 2677 747 2713 quo
777 2663 946 2699 consistit
972 2662 1065 2698 ratio
1093 2662 1214 2710 pacis,
1244 2674 1362 2710 quam

299 2718 531 2767 Augustinus
561 2718 694 2755 definit
711 2716 731 2738 ²¹⁶
758 2716 1063 2763 tranquillitatem
1092 2715 1245 2751 ordinis.

351 2774 412 2810 An
439 2783 577 2811 ΡκιΜυΜ
604 2782 702 2809 ERGO
731 2781 916 2807 mcENDUM
949 2768 1054 2817 quod
1082 2780 1156 2816 pax
1184 2767 1364 2816 importat

298 2825 487 2865 unionem
512 2837 590 2862 non
627 2824 753 2861 solum
781 2822 969 2871 appetitus
1005 2821 1264 2858 intellectualis
1294 2833 1362 2858 seu

300 2877 494 2917 rationalis
520 2885 585 2915 aut
612 2876 796 2921 animalis,
826 2876 875 2913 ad
903 2887 1000 2923 quos
1023 2881 1148 2923 potest
1174 2873 1362 2922 pertinere

1419 925 1594 965 portetur
1627 919 1719 955 unio
1755 919 1991 967 appetituum
2026 931 2071 956 ex
2104 921 2318 968 cognitione
2351 933 2484 970 proce-

1421 970 1611 1017 dentium;
1639 982 1709 1019 per
1731 973 2085 1009 connaturalitatem
2108 985 2203 1010 vero
2229 974 2484 1022 importatur*

1420 1023 1511 1059 unio
1541 1024 1781 1072 appetituum
1811 1025 2053 1062 naturalium.

1472 1078 1532 1112 An
1551 1088 1743 1114 SECUNDUM
1761 1089 1946 1115 memnon
1965 1078 2071 1126 quod
2098 1078 2148 1114 illi
2169 1078 2282 1115 etiam
2302 1079 2366 1127 qui
2386 1080 2484 1116 bella

1421 1137 1608 1177 quaerunt
1637 1136 1673 1166 et
1696 1130 1952 1167 dissensiones
1976 1143 2055 1168 non
2079 1130 2294 1167 desiderant
2318 1132 2389 1168 nisi
2418 1144 2484 1181 pa-

1421 1194 1520 1229 cem,
1550 1194 1669 1230 quam
1698 1195 1738 1219 se
1765 1184 1912 1221 habere
1936 1196 2016 1220 non
2043 1183 2256 1220 aestimant.
2302 1184 2352 1221 Ut
2381 1185 2483 1222 enim

1421 1235 1566 1272 dictum
1595 1243 1651 1272 est
1667 1235 1701 1282 ²¹⁸,
1730 1248 1810 1273 non
1838 1244 1894 1273 est
1919 1248 1994 1285 pax
2021 1236 2052 1273 si
2079 1236 2164 1285 quis
2183 1249 2272 1273 cum
2300 1237 2375 1277 alio
2395 1250 2484 1274 con-

1420 1288 1552 1325 cordet
1571 1296 1703 1325 contra
1723 1289 1763 1326 id
1782 1290 1888 1337 quod
1916 1290 1997 1338 ipse
2023 1289 2145 1337 magis
2163 1290 2289 1326 vellet.
2319 1290 2368 1327 Et
2394 1291 2482 1328 ideo

1419 1341 1597 1378 homines
1618 1350 1807 1389 quaerunt
1823 1343 1924 1379 hanc
1943 1342 2189 1380 concordiam
2209 1355 2388 1391 rumpere
2408 1344 2485 1380 bel-

1399 1394 1546 1441 ¹lando,
1566 1401 1751 1443 tanquam
1781 1395 1972 1432 defectum
2000 1396 2106 1444 pacis
2132 1396 2351 1443 habentem,
2371 1404 2412 1433 ut
2436 1397 2485 1434 ad

1418 1459 1556 1495 pacem
1584 1447 1810 1495 perveniant
1843 1448 1882 1484 in
1910 1461 1985 1496 qua
2012 1448 2104 1484 nihil
2136 1461 2270 1485 eorum
2298 1449 2485 1486 voluntati

1419 1507 1616 1547 repugnet.
1646 1500 1696 1536 Et
1721 1508 1879 1548 propter
1905 1502 1980 1537 hoc
2000 1513 2137 1538 omnes
2165 1502 2348 1538 bellantes
2369 1514 2485 1550 quae-

1419 1560 1505 1589 runt
1532 1564 1601 1600 per
1629 1553 1729 1589 bella
1748 1554 1796 1590 ad
1825 1565 1962 1601 pacem
1982 1553 2150 1602 aliquam
2178 1554 2380 1602 pervenire
2400 1567 2486 1603 per·

1418 1605 1617 1642 fectiorern
1645 1617 1763 1653 quam
1792 1606 1895 1654 prius
1922 1607 2121 1643 haberent.

1471 1660 1530 1694 An
1549 1669 1710 1695 TER'rxuM
1730 1670 1915 1696 montinum
1934 1660 2052 1707 quod,
2073 1659 2162 1707 quia
2181 1658 2194 1681 δ
2213 1671 2288 1707 pax
2317 1659 2486 1696 consistit

1418 1710 1456 1747 in
1471 1711 1703 1760 quietatione
1725 1719 1762 1748 et
1778 1712 1920 1749 unione
1939 1712 2146 1760 appetitus;
2166 1712 2262 1749 sicut
2275 1720 2404 1749 autem
2420 1725 2486 1761 ap-

1418 1764 1556 1812 petitus
1583 1773 1710 1813 potest
1729 1777 1812 1801 esse
1831 1766 1894 1802 vel
1923 1765 2014 1801 boni
2042 1765 2287 1813 simpliciter*
2311 1766 2373 1802 vel
2393 1765 2484 1802 boni

1419 1818 1646 1866 apparentis,
1677 1817 1728 1854 ita
1757 1818 1872 1855 etiam
1901 1826 1937 1854 et
1964 1830 2037 1866 pax
2065 1826 2191 1866 potest
2218 1830 2303 1854 esse
2330 1825 2366 1854 et
2391 1830 2485 1855 vera

1419 1877 1456 1906 et
1484 1882 1695 1919 apparens:
1732 1883 1826 1907 vera
1853 1871 2011 1919 quidem
2040 1883 2113 1919 pax
2141 1883 2220 1907 non
2248 1878 2373 1919 potest
2400 1883 2484 1908 esse

1419 1923 1489 1960 nisi
1509 1923 1608 1960 circa
1627 1923 1837 1972 appetitum
1851 1924 1934 1960 veri
1953 1923 2063 1968 boni3
2082 1923 2172 1971 quia
2187 1935 2304 1960 omne
2322 1925 2483 1971 malum,

1419 1976 1487 2012 etsi
1515 1976 1729 2014 secundum
1753 1976 1895 2024 aliquid
1914 1984 2096 2025 appareat
2123 1977 2285 2023 bonum,
2312 1978 2413 2014 unde
2440 1989 2484 2014 ex

1418 2030 1543 2078 aliqua
1561 2037 1667 2077 parte
1688 2029 1900 2078 appetitum
1920 2029 2076 2078 quietet,
2106 2030 2220 2066 habet
2239 2037 2368 2066 tamen
2389 2030 2484 2067 mul·-

1418 2089 1479 2118 tos
1515 2082 1704 2129 defectus,
1744 2094 1789 2119 ex
1818 2083 1956 2131 quibus
1993 2083 2182 2131 appetitus
2220 2090 2393 2119 remanet
2428 2082 2483 2119 in-

1419 2135 1568 2183 quietus
1597 2143 1633 2171 et
1661 2136 1915 2183 perturbatus.
1942 2135 2054 2173 Unde
2081 2147 2155 2183 pax
2182 2147 2274 2171 vera
2303 2147 2382 2172 non
2413 2147 2482 2183 po·

1418 2195 1491 2224 test
1519 2200 1601 2224 esse
1631 2188 1700 2224 nisi
1733 2188 1772 2225 in
1805 2189 1917 2226 bonis
1950 2197 1986 2225 et
2009 2189 2214 2225 bonorum.
2244 2189 2323 2224 Pax
2354 2195 2483 2225 autem

1418 2253 1517 2289 quae
1555 2241 1746 2277 malorum
1784 2249 1860 2287 est,
1899 2249 1954 2278 est
1995 2253 2069 2289 pax
2105 2252 2292 2289 apparens
2331 2248 2367 2277 et
2403 2253 2482 2278 non

1416 2305 1521 2330 vera.
1551 2293 1662 2331 Unde
1692 2293 1828 2331 dicitur
1854 2295 1942 2343 Sap.
1963 2306 2023 2330 xiv
2041 2293 2083 2329 *t
2111 2295 2157 2331 In
2186 2304 2330 2342 magno
2355 2294 2483 2330 viven-

1417 2352 1470 2383 tes
1501 2347 1719 2383 inscientiae
1754 2347 1869 2393 bello,
1898 2353 1950 2384 tot
1979 2353 2016 2383 et
2041 2352 2145 2384 tanta
2173 2345 2185 2370 t
2213 2346 2316 2382 mala
2345 2358 2482 2394 pacem

1417 2400 1592 2436 arbitrati
1621 2405 1718 2436 sunt.

1468 2453 1528 2488 An
1549 2463 1723 2493 QUARTUM
1741 2463 1926 2488 mesanum
1945 2451 2064 2499 quod,
2085 2451 2173 2488 c'um
2194 2463 2286 2487 vera
2309 2463 2382 2499 pax
2403 2464 2482 2489 non

1416 2503 1462 2540 sit
1490 2504 1560 2540 nisi
1589 2505 1635 2540 de
1665 2505 1782 2550 b0n0,
1812 2504 1906 2540 sicut
1934 2504 2132 2551 dupliciter
2158 2504 2321 2540 habetur
2343 2516 2480 2540 verum

1416 2557 1577 2603 bonum,
1602 2556 1742 2593 scilicet
1760 2557 1925 2604 perfecte
1946 2564 1982 2593 et
2001 2556 2233 2605 imperfecte,
2263 2557 2312 2592 ita
2340 2565 2395 2593 est
2414 2558 2482 2593 du-

1414 2610 1501 2657 plex
1520 2621 1594 2657 pax
1612 2621 1717 2646 vera.
1748 2609 1833 2645 Una
1853 2609 2008 2657 quidem
2029 2614 2047 2636 ⁷¹
2073 2610 2251 2656 perfecta,
2273 2621 2371 2657 quae
2392 2622 2480 2646 con-

1415 2662 1508 2698 sistit
1530 2662 1569 2698 in
1587 2662 1754 2710 perfecta
1778 2661 1954 2698 fruitione
1978 2662 2120 2698 summi
2145 2662 2252 2708 boni,
2274 2674 2343 2709 per
2362 2674 2479 2710 quam

1416 2727 1553 2752 omnes
1578 2715 1765 2763 appetitus
1789 2714 1970 2750 uniuntur
1985 2714 2140 2762 quietati
2163 2715 2201 2751 in
2224 2727 2316 2751 uno.
2351 2715 2399 2750 Et
2418 2715 2480 2751 hic

1416 2776 1472 2805 est
1499 2767 1655 2804 ultimus
1681 2767 1768 2804 finis
1797 2774 1990 2805 creaturae
2019 2767 2230 2804 rationalis:
2265 2768 2478 2805 secundum

1415 2821 1506 2858 illud
1544 2821 1686 2859 Psalm.
1707 2821 1748 2856 *t
1794 2821 1868 2862 Qui
1887 2820 2017 2868 posuit
2034 2822 2137 2868 fines
2165 2826 2247 2857 tuos
2274 2831 2424 2868 pacem.
2453 2840 2478 2848 -

1414 2874 1498 2911 Alia
1516 2886 1611 2911 vero
1640 2871 1652 2894 θ
1682 2881 1737 2910 est
1765 2885 1839 2921 pax
1866 2873 2098 2921 imperfecta,
2129 2885 2228 2920 quae
2257 2873 2419 2910 habetur
2440 2872 2478 2909 in

301 2942 522 2976 consensus,
542 2930 610 2967 sed
631 2929 744 2967 etiam
769 2928 956 2977 appetitus
981 2927 1170 2964 naturalis.
1201 2927 1250 2963 Et
1271 2926 1359 2963 ideo
1412 2928 1488 2964 hoc
1517 2927 1677 2963 mundo.
1708 2926 1807 2972 Quia
1835 2926 1903 2963 etsi
1926 2925 2143 2974 principalis
2171 2926 2321 2963 animae
2350 2933 2478 2963 motus

300 2983 507 3031 Dionysius
539 2982 629 3021 dicit
645 2982 666 3004 ²⁸⁸
685 2982 792 3030 quod
812 2993 897 3029 pax
928 2986 983 3017 est
1007 2980 1200 3028 operativa
1220 2985 1255 3015 et
1273 2991 1360 3016 con·

299 3048 428 3075 sensus·
463 3041 500 3074 et
533 3034 876 3074 connaturalitatis:
917 3041 959 3070 ut
994 3033 1032 3070 in
1070 3044 1258 3069 consensu
1290 3032 1359 3069 im·

355 3147 382 3180 αι)
403 3147 483 3173 uniri.
501 3161 520 3167 -
538 3147 646 3172 mentiri
664 3147 775 3179 BFpr,
793 3154 849 3172 esse
867 3147 887 3176 l,
905 3146 1002 3171 vinciri
1013 3147 1048 3171 L.

355 3182 380 3216 β)
399 3182 617 3208 consecutionem.
635 3196 654 3201 —
671 3182 862 3207 assecutionem
882 3181 911 3206 P.

353 3218 380 3252 γ)
401 3218 572 3250 importatur.
587 3229 607 3236 -
625 3217 784 3249 importetur
803 3217 853 3241 PC.

354 3253 379 3287 ὃ)
399 3253 470 3286 quia.
488 3267 507 3273 -
525 3253 586 3278 Om-
605 3253 756 3278 PCHLm.

1413 2980 1582 3028 quiescat
1608 2979 1645 3016 in
1674 2980 1776 3025 Deo,
1806 2987 1892 3016 sunt
1919 2987 2048 3016 tamen
2076 2979 2203 3027 aliqua
2231 2978 2479 3027 repugnantia

1385 3014 1389 3081 Ι
1414 3040 1449 3069 et
1477 3032 1576 3069 intus
1612 3039 1648 3068 et
1676 3039 1778 3068 extra
1810 3043 1909 3079 quae
1937 3032 2159 3080 perturbant
2191 3033 2290 3069 hanc
2327 3044 2475 3080 pacem.

1471 3147 1492 3177 ε)
1513 3146 1554 3171 vel
1572 3146 1634 3171 boni
1650 3145 1815 3177 simpliciter.
1832 3157 1851 3164 —
1867 3145 2025 3177 simpliciter
2043 3145 2104 3170 boni
2122 3145 2168 3170 Pa.

1469 3181 1494 3213 ζ)
1515 3184 1600 3206 tanta.
1618 3194 1637 3199 -
1655 3184 1709 3206 tam
1730 3187 1830 3214 magna
1849 3180 1882 3210 Ρ;
1902 3180 1963 3205 item
1982 3188 2030 3213 pro
2048 3180 2177 3206 arbitrati
2194 3183 2263 3209 sunt,
2282 3180 2426 3212 appellant.

1469 3217 1497 3248 η)
1516 3224 1570 3241 una
1587 3216 1703 3248 quidem.
1719 3227 1739 3235 -
1756 3215 1887 3248 quaedam
1905 3216 1952 3240 Pa.

1470 3249 1494 3283 θ)
1514 3252 1575 3276 Alia
1595 3259 1666 3276 vero.
1683 3265 1702 3270 -
1721 3251 1795 3284 Ergo
1814 3258 1866 3276 non
1886 3252 1918 3280 Α,
1937 3251 2012 3284 Ergo
2029 3251 2095 3283 Fpn,
2113 3251 2176 3276 Alia
2194 3250 2295 3280 PCILa,
2314 3257 2366 3275 om.
2386 3250 2416 3275 E.

2509 1243 2520 1254 '
2534 1244 2586 1264 Art.
2600 1243 2718 1270 praeced„

2509 1269 2538 1290 nd
2553 1275 2570 1291 ι.

2607 1657 2622 1683 ὃ

2510 2302 2520 2312 ·
2534 2301 2602 2324 Vers.
2616 2307 2651 2324 2³.

2506 2824 2716 2850 ·Ps.cxn.vn‚vers.

2505 2857 2518 2878 3
2533 2851 2572 2876 (al.
2587 2851 2624 2872 Ps.
2642 2857 2716 2878 cxi-vr,

2506 2883 2565 2898 vers.
2581 2880 2620 2903 ¹4)-
