2892 4056
172 746 179 754 ·
194 746 244 766 Art.
255 752 282 771 43
298 751 336 772 qu.
348 750 380 770 vr,

227 777 237 786 η

173 1708 183 1718 “
197 1707 267 1728 Vers.
283 1713 313 1734 ¹3-

176 2237 183 2245 ‘
200 2235 265 2256 Vers.
280 2240 299 2262 5.

175 2502 228 2524 ‘Ad
241 2502 294 2524 Gal.
308 2508 387 2530 cap.v.

176 2535 233 2550 vers.
250 2529 271 2550 6.

177 2605 186 2615 ⁸
202 2604 224 2625 1³
239 2603 292 2629 11⁸⁶,
314 2609 353 2630 qu.
371 2609 387 2630 ι,

177 2635 217 2652 art.
233 2637 256 2658 32
272 2636 311 2657 qu.
323 2635 387 2656 xvru,

177 2661 218 2678 art.
236 2657 257 2679 6.

405 188 455 233 46
1104 185 1369 231 QUAESTIO
1402 186 1462 233 lv,

407 267 474 296 Nos
498 272 604 296 autem
627 265 790 306 loquimur
813 265 851 294 de
874 264 1066 304 perfectione
1091 273 1153 303 qua
1168 263 1266 293 virtus
1282 263 1464 303 simpliciter

407 309 508 340 differt
527 320 543 340 a
559 310 672 340 virtute
696 319 761 339 non
786 308 976 347 simpliciter,
1001 317 1082 347 quae
1106 314 1151 338 est
1174 307 1300 337 alterius
1324 307 1463 338 rationis.

407 354 447 384 Et
471 354 605 384 dicimus
629 354 716 393 quod
740 359 827 383 actus
846 351 918 382 fidei
943 358 978 381 ut
993 359 1038 381 est
1056 351 1088 380 in
1105 357 1187 381 statu
1203 351 1326 381 virtutis
1346 351 1464 391 simpli-

408 397 495 433 citer,
521 403 647 436 oportet
671 396 759 437 quod
782 396 820 426 sit
843 396 880 425 ab
906 402 1040 434 utroque
1066 394 1220 435 principio
1245 394 1394 435 perfecto.
1426 395 1466 424 Et

407 448 573 482 propterea
586 443 707 470 Auctor
730 440 761 469 in
786 439 941 479 principio
960 438 1101 478 corporis
1125 438 1246 468 articuli
1270 438 1344 468 dicit
1367 439 1464 479 quod,

407 494 478 515 cum
492 484 581 525 fides
602 485 642 514 sit
666 485 777 520 virtus,
803 490 860 513 etc.

464 527 619 558 Omnium
643 537 716 566 ergo
740 527 858 556 solutio
882 533 941 556 stat
963 526 995 555 in
1019 526 1080 556 hoc
1099 526 1188 565 quod
1208 532 1294 556 actus
1310 525 1383 562 fidei
1399 535 1466 565 per-

408 572 508 602 fectus
527 572 570 601 sic
595 578 630 601 ut
653 571 691 601 sit
706 577 793 600 actus
813 570 972 600 virtuosus
987 569 1179 609 simpliciter,
1195 569 1288 609 exigit
1303 567 1467 609 perfectio-

408 625 482 645 nem
506 615 538 645 in
562 615 719 645 intellectu
737 621 767 644 et
785 614 959 649 voluntate,
977 624 994 643 a
1009 613 1126 654 quibus
1149 612 1193 644 fit.
1218 613 1317 644 Aliter
1332 613 1467 653 perfecte

407 659 567 689 virtuosus
592 668 656 688 non
681 665 736 694 est,
762 665 796 688 ut
819 658 851 687 in
875 657 976 688 littera
999 658 1160 697 probatur.
1186 656 1271 687 Cum
1294 657 1343 687 his
1362 664 1467 687 tamen

409 709 484 737 stat,
509 709 543 732 ut
567 702 687 732 dictum
711 708 774 737 est,
799 702 887 741 quod
911 701 950 731 sit
973 707 1059 731 actus
1083 700 1155 731 fidei
1179 700 1245 731 sine
1270 701 1408 736 caritate,
1434 707 1469 731 ut

408 746 486 776 infra
502 745 520 762 ὥ
544 746 680 785 amplius
703 745 832 785 patebit.

464 790 515 820 111.
541 790 575 818 In
600 789 742 819 eiusdem
765 788 887 819 articuli
911 788 1040 818 secundi
1064 788 1270 827 responsione
1287 788 1327 817 ad
1342 788 1468 818 tertium

408 834 532 863 adverte
556 833 660 872 primo
680 833 778 873 quod,
796 833 870 873 quia
890 832 1051 863 obiectum
1069 831 1142 862 fidei
1158 839 1204 862 est
1219 832 1305 862 Deus
1322 832 1397 872 ipse,
1415 832 1469 872 qui

408 884 454 907 est
477 887 642 907 summum
666 877 814 907 omnium
829 876 1070 917 speculabilium
1086 883 1215 916 propter
1230 876 1380 917 seipsum,
1396 876 1468 906 ideo

408 923 528 951 Auctor
553 931 589 951 ex
611 921 680 961 ipsa
704 928 814 951 natura
839 920 951 951 obiecti
975 920 1066 960 ponit
1081 919 1177 950 fidem
1193 920 1337 951 habitum
1360 930 1469 960 specu-

408 965 550 995 lativum.
571 965 611 995 Et
626 965 780 1006 quoniam
796 965 882 995 idem
898 964 1058 996 obiectum
1074 971 1120 995 est
1136 964 1232 995 etiam
1247 964 1327 995 ratio
1344 974 1469 995 summa

409 1019 553 1048 operum,
570 1008 643 1039 ideo
667 1019 703 1039 ex
727 1009 870 1039 eiusdem
894 1009 1006 1039 obiecti
1031 1016 1141 1039 natura
1164 1008 1308 1039 habitum
1331 1007 1402 1039 fidei
1420 1019 1468 1038 ex-

1498 185 1793 222 ARTICULUS
1827 186 1873 220 111

1517 263 1616 293 tendit
1645 262 1684 292 ad
1715 262 1897 301 proximum
1925 261 2220 302 proportionaliter,
2249 263 2330 293 sicut
2358 270 2388 293 et
2415 262 2576 293 obiectum

1518 307 1623 346 ipsum
1648 304 1832 336 extenditur.

1572 350 1707 380 Adverte
1724 349 1874 382 secundo,
1890 349 1978 390 quod
1993 348 2069 379 haec
2086 348 2162 385 dixit
2176 351 2297 380 Auctor
2316 350 2354 381 de
2372 349 2434 380 fide
2449 359 2577 390 compa-

1519 394 1618 423 rando
1633 392 1806 432 practicam
1822 391 2026 432 speculativo.
2051 392 2154 422 Altius
2171 393 2255 423 enim
2275 401 2305 424 et
2319 393 2423 424 verius
2442 393 2577 434 loquen-

1520 438 1576 472 do,
1602 437 1770 467 dicendum
1798 443 1859 472 est,
1892 436 2067 466 secundum
2094 436 2200 476 ipsum
2229 443 2259 467 et
2285 437 2464 473 veritatem,
2489 437 2578 477 quod

1519 480 1597 510 fides
1621 487 1667 510 est
1689 480 1815 511 habitus
1839 480 1930 511 altior
1954 479 2091 520 practico
2116 486 2147 510 et
2164 481 2367 519 speculativo,
2385 480 2578 521 praehabens

1521 524 1693 554 eminenter
1717 532 1898 565 utrumque,
1923 524 2004 555 sicut
2027 533 2137 554 sensus
2154 525 2333 555 communis
2349 531 2492 565 respectu
2509 533 2579 554 sen-

1521 578 1615 599 suum
1633 568 1852 609 propriorum:
1877 575 1908 599 et
1923 574 2089 608 propterea
2105 575 2277 609 utrumque
2292 578 2374 608 opus
2389 569 2492 600 habet.
2518 567 2580 598 Sed

1520 612 1683 653 loquendo
1707 619 1743 643 ut
1765 613 1881 652 plures,
1899 619 1929 642 et
1945 612 2160 653 comparando
2180 612 2220 641 ad
2243 612 2320 642 haec
2342 613 2418 648 duo,
2435 612 2493 643 sub
2510 621 2579 652 spe-

1522 656 1658 686 culativo
1672 656 1959 696 comprehenditur.
1977 657 2067 686 Hanc
2082 663 2188 686 autem
2203 665 2270 686 esse
2281 663 2420 686 mentem
2435 655 2580 687 Auctoris

1521 707 1606 740 patet
1629 707 1698 730 tum
1722 710 1758 730 ex
1777 710 1815 730 eo
1839 700 1928 741 quod
1951 700 2128 740 theologica
2152 699 2289 735 scientia,
2306 709 2387 740 quae
2409 698 2582 730 virtualiter

1523 744 1701 775 continetur
1724 744 1755 774 in
1780 744 1950 784 principiis,
1974 754 2114 786 quorum
2139 750 2185 774 est
2206 743 2299 779 fides,
2323 750 2370 774 est
2384 743 2580 779 huiusmodi,

1522 795 1557 818 ut
1580 787 1612 818 in
1636 787 1743 818 Primo
1763 788 1859 818 Libro
1874 788 1891 806 *
1914 795 2078 819 ostensum
2095 795 2151 818 est.
2175 788 2264 818 Tum
2281 796 2317 817 ex
2336 797 2375 818 eo
2391 788 2481 828 quod
2497 787 2582 818 dona

1521 831 1655 872 Spiritus
1679 832 1793 869 Sancti,
1817 842 1899 873 quae
1923 842 1959 863 ex
1982 831 2043 862 fide
2066 838 2225 870 emanant,
2246 838 2319 862 sunt
2335 830 2534 869 huiusmodi,
2547 838 2583 862 ut

1522 876 1602 907 infra
1616 876 1633 895 *
1656 877 1784 916 patebit.
1800 894 1821 899 -
1837 876 1914 906 Esse
1930 883 2037 907 autem
2052 876 2132 907 hanc
2149 875 2325 906 doctrinam
2341 875 2516 906 secundum
2531 884 2583 905 ve-

1523 920 1646 950 ritatem
1670 920 1840 951 eminentia
1863 920 1986 950 divinae
2010 920 2217 960 cognitionis,
2243 920 2332 950 cuius
2355 918 2432 950 fides
2456 925 2502 950 est
2524 918 2584 948 im-

1524 965 1643 1004 pressio
1667 964 1787 1005 proprii
1811 963 1939 1000 ordinis,
1964 964 2153 1000 manifestat,
2170 971 2205 995 ut
2225 964 2262 994 de
2281 963 2443 1004 theologia
2465 962 2585 993 dictum

1524 1008 1582 1038 fuit
1599 1006 1624 1038 *.
2547 1020 2550 1026 ·

1222 1144 1536 1186 ARTICULUS
1565 1144 1792 1186 TERTIUS

1114 1235 1268 1265 UTRUM
1293 1235 1477 1265 CARITAS
1502 1235 1568 1265 SIT
1592 1234 1743 1265 FORMA
1766 1234 1878 1265 FlDEl

578 1313 652 1344 lnfm,
672 1321 715 1345 qu.
734 1321 802 1344 xxm,
822 1318 870 1338 art.
888 1313 919 1343 8;
939 1313 970 1336 111
990 1313 1072 1343 Sem„
1093 1313 1150 1337 dist.
1170 1319 1238 1343 xxm,
1258 1320 1301 1345 qu.
1320 1319 1357 1341 ιιι,
1377 1318 1423 1337 art.
1447 1320 1467 1342 ι,
1487 1312 1536 1345 qu⁸
1555 1320 1583 1343 13
1605 1312 1645 1337 De
1668 1312 1757 1342 Verit„
1776 1319 1822 1345 qu.
1839 1319 1891 1342 xiv,
1910 1317 1956 1337 art.
1977 1311 2006 1343 5;
2028 1312 2068 1337 De
2092 1312 2197 1343 Virtam,
2217 1320 2262 1345 qu.
2281 1320 2308 1342 ιι,
2327 1318 2375 1338 art.-
2394 1313 2427 1338 3.
2462 1339 2464 1342 ,
2516 1333 2517 1336 ,

435 1394 501 1445 ‘hii‘
522 1397 579 1430 μς(
620 1394 642 1419 D
662 1393 820 1418 TERTIUM
840 1393 893 1418 sm
917 1374 1157 1419 enocemtua.
1181 1381 1342 1419 Videtur
1365 1382 1470 1431 quod

438 1421 755 1493 &fficaritas
775 1446 852 1471 non
873 1434 919 1471 sit
938 1435 1061 1471 forma
1080 1434 1183 1472 fidei.
1218 1435 1471 1484 Unumquod-

425 1487 1470 1590 &GKffinaefffmssss‘ssffihmssrgsffifssi‘?..52225333

411 1593 631 1630 dividuntur
659 1593 755 1630 sicut
783 1593 955 1630 diversae
985 1593 1130 1642 species
1162 1593 1274 1630 unius
1303 1594 1469 1642 generis,

410 1658 530 1683 unum
560 1658 637 1683 non
665 1654 790 1694 potest
818 1658 901 1682 esse
929 1647 1053 1683 forma
1082 1646 1244 1683 alterius.
1275 1647 1351 1684 Sed
1375 1647 1471 1684 fides

411 1707 446 1736 et
466 1698 599 1735 caritas
621 1699 841 1736 dividuntur
865 1711 910 1735 ex
929 1699 1120 1748 opposito,
1142 1700 1155 1735 I
1177 1699 1224 1736 ad
1246 1700 1335 1736 Cor.
1356 1712 1415 1737 X111
1435 1700 1469 1746 ³¹²,

411 1752 505 1789 sicut
534 1751 706 1788 diversae
735 1751 880 1800 species
907 1751 1065 1789 virtutis.
1101 1753 1202 1800 Ergo
1233 1753 1365 1790 caritas
1394 1765 1472 1791 non

410 1812 535 1854 potest
564 1816 647 1841 esse
675 1805 798 1841 forma
826 1804 929 1841 fidei.

465 1870 499 1894 2.
523 1859 759 1903 PRAETEREA,
786 1858 909 1894 forma
930 1865 965 1894 et
983 1857 1022 1894 id
1042 1857 1148 1894 cuius
1170 1865 1224 1894 est
1243 1858 1367 1895 forma
1386 1867 1473 1895 sunt

410 1911 448 1947 in
477 1912 636 1947 eodem:
667 1911 755 1959 quia
785 1923 829 1946 ex
850 1910 901 1947 eis
921 1911 963 1947 fit
986 1923 1107 1947 unum
1137 1910 1363 1959 simpliciter.
1396 1912 1472 1948 Sed

411 1964 508 2001 fides
528 1971 584 2000 est
611 1964 649 2000 in
668 1963 868 2010 intellectu,
891 1963 1024 2000 caritas
1053 1970 1182 2000 autem
1207 1964 1245 2000 in
1263 1965 1471 2002 voluntate.

411 2018 513 2065 Ergo
544 2016 677 2053 caritas
706 2029 785 2054 non
814 2023 869 2053 est
897 2017 1021 2053 forma
1048 2016 1152 2054 fidei.

467 2071 501 2106 3.
531 2070 773 2116 PRAETEREA,
806 2070 929 2106 forma
958 2077 1013 2106 est
1040 2069 1268 2118 principium
1298 2070 1360 2107 rei.
1397 2071 1472 2108 Sed

411 2122 640 2171 principium
662 2122 841 2159 credendi
861 2134 905 2158 ex
924 2129 1029 2171 parte
1049 2123 1254 2159 voluntatis
1281 2123 1400 2171 magis
1419 2124 1474 2161 vi—

414 2176 522 2212 detur
556 2188 637 2212 esse
675 2175 891 2212 obedientia
927 2187 1043 2223 quam
1075 2176 1228 2213 caritas:
1263 2177 1475 2214 secundum

412 2228 502 2265 illud
526 2229 577 2265 ad
594 2230 705 2265 Rom.
728 2241 737 2265 1
757 2228 792 2265 *z
822 2229 873 2265 ad
900 2229 1144 2265 obediendum
1166 2229 1265 2276 fidei
1291 2230 1327 2266 in
1357 2230 1475 2266 omni-

414 2283 481 2318 bus
509 2283 692 2331 gentibus.
728 2282 830 2329 Ergo
860 2281 1076 2319 obedientia
1104 2282 1224 2329 magis
1262 2289 1317 2318 est
1352 2282 1475 2320 forma

414 2334 503 2371 fidei
533 2346 648 2382 quam
680 2334 822 2370 caritas.

470 2387 543 2423 SED
569 2398 715 2424 CONTRA
738 2398 804 2424 EST
833 2386 938 2435 quod
966 2387 1270 2436 unumquodque
1300 2395 1478 2436 operatur

414 2452 484 2489 per
512 2452 621 2477 suam
650 2440 835 2477 formam.
857 2439 970 2476 Fides
999 2447 1127 2476 autem
1150 2451 1223 2488 per
1245 2439 1475 2478 dilectionem

416 2498 594 2541 operatur
612 2493 642 2528 ³¹⁸.
674 2493 776 2540 Ergo
797 2492 947 2529 dilectio
969 2492 1129 2529 caritatis
1156 2501 1210 2529 est
1229 2493 1354 2529 forma
1372 2493 1475 2530 fidei.

470 2547 695 2583 RESPONDEO
724 2557 907 2582 mOENDUM
938 2547 1052 2593 quod,
1084 2545 1179 2582 sicut
1205 2557 1249 2582 ex
1278 2546 1478 2594 superiori—

416 2599 487 2635 bus
507 2598 526 2620 *
545 2606 663 2647 patet,
694 2606 798 2635 actus
825 2598 1029 2635 voluntarii
1058 2598 1224 2647 speciem
1254 2598 1437 2648 recipiunt
1456 2611 1478 2636 a

415 2652 504 2698 fine,
526 2651 591 2700 qui
612 2659 667 2688 est
685 2651 896 2688 voluntatis
911 2651 1116 2688 obiectum.
1148 2652 1190 2689 Id
1210 2659 1338 2688 autem
1358 2665 1380 2688 a
1400 2665 1477 2700 quo

416 2705 557 2752 aliquid
585 2704 752 2753 speciem
782 2704 934 2741 sortitur
954 2717 993 2741 se
1014 2705 1130 2742 habet
1157 2705 1205 2741 ad
1225 2705 1386 2742 modum
1405 2705 1478 2741 for-

417 2770 503 2794 mae
525 2758 561 2794 in
582 2758 694 2794 rebus
714 2757 958 2794 naturalibus.
981 2758 1030 2794 Et
1048 2757 1136 2794 ideo
1157 2757 1355 2794 cuiuslibet
1374 2765 1478 2794 actus

471 2892 498 2923 α)
510 2893 613 2924 forma.
631 2905 650 2910 -
668 2895 694 2916 et
705 2892 800 2924 forma
819 2891 1019 2924 AEFLpBKxn.

471 2925 496 2959 β)
514 2927 633 2958 speciem.
652 2941 670 2945 -
682 2928 804 2960 formam
825 2927 871 2952 Pa.

1096 2994 1426 3028 Commentariun.
1448 2994 1696 3027 cardinalis
1718 2994 1916 3027 Caietani

448 3085 468 3104 N
493 3074 586 3105 titulo
611 3074 731 3104 articuli
761 3073 842 3103 tertii
871 3073 1011 3102 eiusdem
1041 3071 1236 3112 quaestionis
1267 3079 1397 3113 quartae
1425 3072 1478 3102 ad-

422 3087 534 3148 lverte
557 3118 646 3158 quod
670 3117 795 3148 termini
819 3117 850 3146 in
875 3126 1067 3157 unaquaque
1098 3123 1161 3147 arte
1188 3116 1382 3156 intelligendi
1406 3124 1480 3147 sunt

419 3163 596 3193 secundum
620 3162 794 3191 subiectam
821 3160 986 3190 materiam
1009 3161 1093 3191 illius
1118 3160 1200 3191 artis.
1235 3161 1326 3191 Unde
1350 3170 1424 3191 cum
1447 3161 1479 3190 in

419 3206 608 3242 moralibus,
633 3206 671 3235 de
695 3205 812 3245 quibus
835 3211 997 3240 tractatur,
1022 3215 1085 3234 una
1108 3205 1208 3235 virtus
1235 3204 1348 3235 dicitur
1378 3204 1479 3235 forma

419 3250 564 3286 alterius,
590 3259 656 3280 non
680 3259 718 3279 eo
743 3249 842 3279 modo
872 3248 985 3279 dicitur
1013 3259 1079 3289 quo
1102 3249 1135 3279 in
1159 3249 1354 3279 naturalibus
1377 3249 1481 3279 forma

420 3295 534 3325 dicitur
556 3293 728 3324 informare
752 3293 924 3323 materiam.
955 3293 1029 3323 Non
1054 3293 1138 3323 enim
1162 3300 1328 3333 propterea
1350 3293 1412 3324 hoc
1436 3293 1481 3323 di-

421 3339 500 3369 citur
523 3345 578 3368 aut
601 3337 763 3378 quaeritur
785 3337 875 3378 quasi
900 3346 962 3367 una
981 3337 1079 3367 virtus
1096 3337 1136 3368 sit
1150 3337 1327 3368 subiectum
1344 3337 1480 3373 alterius,

421 3390 475 3413 aut
499 3389 586 3412 actus
608 3381 731 3412 virtutis
760 3381 855 3411 unius
883 3381 922 3411 sit
950 3381 1125 3411 subiectum
1150 3388 1237 3412 actus
1260 3382 1403 3412 alterius:
1428 3383 1481 3412 sed

421 3427 461 3456 ad
491 3426 662 3466 imperium
690 3425 785 3456 unius
820 3435 915 3465 super
944 3432 1015 3455 actu
1046 3426 1171 3456 alterius
1205 3435 1309 3456 sermo
1341 3425 1481 3456 refertur.

423 3471 519 3507 Quod
543 3470 628 3500 enim
652 3469 834 3500 naturaliter
852 3469 939 3500 alteri
963 3469 1097 3509 imperat
1121 3470 1160 3499 ad
1183 3469 1279 3500 finem
1302 3469 1401 3510 ipsius
1424 3469 1482 3500 im-

1521 1381 1726 1419 voluntarii
1744 1382 1869 1419 forma
1884 1386 1901 1403 ‘²
1917 1378 2217 1430 quodammodo
2229 1375 2286 1419 est
2300 1381 2386 1420 finis
2405 1376 2586 1432 ad‘quetii
2627 1429 2629 1431 Ι

1524 1434 1739 1473 ordinatur:
1777 1443 1860 1472 tum
1888 1434 1978 1484 quia
2006 1447 2052 1472 ex
2080 1434 2164 1484 ipso
2193 1434 2326 1484 recipit
2362 1431 2529 1484 speciem
2546 1432 2587 1466 θ’·
2620 1428 2711 1468 -Ὓω

1523 1495 1605 1524 tum
1626 1488 1739 1524 etiam
1759 1488 1847 1536 quia
1875 1487 2016 1524 modus
2045 1483 2208 1524 actionis*
2224 1495 2383 1538 -oportet
2405 1485 2510 1547 quod
2530 1465 2587 1526 θὲἰ
2710 1500 2715 1507 ⁸

1525 1540 1712 1590 spondeat
1751 1540 2086 1590 proportionaliter
2120 1540 2198 1578 fini.
2242 1540 2488 1578 Manifestum
2523 1536 2588 1591 ¹est

1524 1595 1652 1631 autern
1683 1605 1728 1631 ex
1754 1593 1956 1643 praedictis
1974 1593 1995 1615 ²¹⁸
2014 1593 2121 1642 quod
2149 1602 2254 1631 actus
2273 1593 2364 1631 fidei
2392 1591 2588 1645 ordinatur

1525 1647 1573 1684 ad
1602 1646 1796 1684 obiectum
1824 1646 2046 1693 voluntatis,
2077 1647 2183 1696 quod
2211 1653 2268 1684 est
2295 1647 2462 1696 bonum,
2492 1644 2588 1684 sicut

1525 1699 1574 1737 ad
1594 1700 1726 1737 finem.
1755 1700 1842 1736 Hoc
1861 1707 1990 1736 autem
2009 1700 2156 1737 bonum
2175 1699 2279 1748 quod
2300 1707 2356 1736 est
2373 1700 2460 1738 finis
2478 1695 2586 1752 fidei3

1525 1753 1664 1790 scilicet
1691 1753 1837 1790 bonum
1867 1752 2053 1800 divinum,
2084 1760 2140 1790 est
2165 1752 2364 1802 proprium
2393 1752 2587 1798 obiectum

1526 1805 1698 1842 caritatis.
1729 1806 1778 1842 Et
1805 1805 1891 1843 ideo
1922 1805 2056 1844 caritas
2085 1805 2220 1843 dicitur
2245 1805 2370 1842 forma
2397 1801 2504 1854 fidei,
2523 1802 2590 1843 'i‘nss
2674 1834 2706 1847 ,,.

1526 1866 1712 1907 quantum
1741 1870 1810 1907 per
1837 1859 2030 1896 caritatem
2065 1866 2170 1895 actus
2206 1857 2298 1895 fidei
2330 1858 2590 1907 perficitur'e't

1526 1913 1711 1948 formatur
1727 1911 1759 1948 ³¹².

1579 1966 1638 2002 AD
1658 1976 1795 2001 ptumum
1828 1976 1928 2001 ERGO
1957 1975 2141 2001 monimum
2171 1963 2277 2013 quod
2297 1964 2429 2001 caritas
2457 1964 2592 2010 dieitur

1528 2030 1611 2055 esse
1626 2017 1748 2054 forma
1763 2017 1854 2054 fidei
1873 2017 2099 2066 inquantum
2118 2016 2296 2064 informat
2315 2025 2442 2056 actum
2461 2017 2589 2067 ipsius

1528 2070 1632 2107 Nihil
1659 2078 1789 2108 autem
1816 2070 1992 2119 prohibet
2019 2082 2141 2107 unum
2159 2077 2293 2107 actum
2307 2082 2329 2108 a
2343 2070 2507 2108 diversis
2520 2071 2593 2108 ha-

1529 2123 1668 2160 bitibus
1696 2122 1904 2170 informari,
1935 2130 1971 2160 et
1999 2122 2211 2160 secundum
2240 2123 2315 2160 hoe
2343 2123 2391 2161 ad
2421 2122 2591 2161 diversas

1529 2177 1676 2225 species
1696 2176 1824 2214 reduci
1844 2176 1976 2213 ordine
1997 2176 2182 2224 quodam:
2212 2183 2253 2212 ut
2275 2176 2424 2225 supra*
2448 2176 2591 2214 dictum

1530 2237 1600 2276 est,
1631 2241 1719 2266 cum
1753 2229 1800 2266 de
1828 2229 1973 2266 actibus
2009 2229 2185 2266 humanis
2213 2229 2252 2266 in
2280 2230 2477 2266 communi
2507 2241 2592 2277 age-

1530 2289 1643 2319 retur.
2568 2287 2574 2326 ζ

1583 2337 1641 2372 Αι)
1670 2346 1861 2372 SECUNDUM
1885 2346 2069 2374 DICENDUM
2089 2334 2195 2383 quod
2228 2334 2390 2372 obiectio
2418 2333 2479 2372 illa
2506 2335 2594 2389 prof

1531 2388 1630 2426 cedit
1657 2387 1704 2425 de
1733 2388 1858 2424 forma
1884 2387 2097 2424 intrinseca.
2128 2387 2342 2424 Sic.autem
2362 2386 2594 2433 caritassnon

1532 2449 1587 2478 est
1615 2441 1738 2478 forma
1765 2440 1876 2478 fidei:
1906 2440 1974 2477 sed
2002 2448 2115 2489 prout
2146 2440 2326 2477 informat
2353 2447 2480 2479 actum
2501 2440 2592 2485 eius,

1530 2501 1571 2530 ut
1599 2505 1712 2542 supra
1731 2493 1752 2515 *
1780 2493 1922 2530 dictum
1953 2501 2019 2530 est.
2302 2511 2303 2515 =

1584 2548 1643 2583 AD
1662 2557 1822 2583 mnrium
1841 2557 2026 2583 DICENDUM
2049 2546 2155 2595 quod
2175 2545 2289 2582 etiam
2309 2546 2392 2595 ipsa
2412 2542 2595 2590 obedien—

1531 2598 1600 2645 tia,
1632 2607 1668 2637 et
1695 2599 1864 2636 similiter
1892 2610 1979 2647 spes
2008 2607 2044 2636 et
2077 2609 2344 2648 quaecumque
2378 2598 2449 2636 alia
2475 2595 2596 2643 virtus

1531 2660 1661 2701 posset
1678 2657 1694 2680 Υ
1721 2651 1952 2701 praecedere
1981 2659 2108 2689 actum
2138 2650 2253 2698 fidei„
2272 2651 2457 2689 formatur
2485 2664 2509 2688 a
2536 2648 2595 2697 ca-

1533 2705 1652 2751 ritate,
1681 2704 1777 2742 sicut
1803 2704 1900 2741 infra
1918 2704 1938 2726 ‘¹‘
1965 2704 2119 2752 patebit.
2158 2705 2208 2741 Et
2235 2704 2324 2741 ideo
2352 2704 2434 2752 ipsa
2463 2704 2596 2743 caritas

1532 2757 1686 2805 ponitur
1713 2757 1838 2793 forma
1865 2756 1968 2793 fidei.

1585 2891 1612 2923 γ)
1629 2893 1727 2922 posset.
1744 2903 1763 2908 —
1776 2892 1874 2922 potens
1892 2890 1912 2914 l.
1924 2902 1943 2908 —
1955 2890 2005 2914 Pro
2016 2890 2165 2923 sumatur,
2175 2889 2314 2923 formatae
2332 2889 2598 2922 BFsCa,sormatiam

1534 2925 1680 2958 DLpCsEK
1695 2931 1721 2950 et
1733 2933 1760 2956 n,
1771 2929 1856 2957 prout
1859 2925 2000 2958 formatur
2015 2925 2047 2955 G,
2057 2932 2110 2949 om.
2124 2925 2158 2954 Η,
2172 2924 2369 2950 rationabiliter
2379 2925 2533 2958 formatum
2551 2925 2598 2956 Pa.

2518 2980 2582 3000 ..¹

1532 3072 1668 3112 perantis
1691 3072 1771 3103 illud
1795 3071 1909 3112 dirigit,
1934 3082 1969 3103 ac
1991 3082 2048 3112 per
2071 3073 2133 3103 hoc
2152 3072 2319 3113 dupliciter
2333 3079 2441 3104 actum
2464 3073 2598 3113 impom-

1531 3124 1602 3147 tum
1625 3116 1784 3152 informat,
1803 3124 1838 3147 ut
1853 3117 1885 3146 in
1904 3116 2006 3147 littera
2025 3117 2152 3147 dicitur:
2177 3117 2293 3157 primo,
2318 3117 2424 3148 dando
2440 3116 2486 3147 illi
2497 3116 2598 3147 finem

1533 3161 1617 3191 unde
1641 3160 1853 3201 specificatum
1877 3161 2029 3197 secundo,
2045 3161 2152 3191 dando
2175 3161 2221 3191 illi
2245 3161 2382 3194 modum
2397 3169 2465 3202 quo
2483 3168 2601 3191 conve-¹

1532 3205 1654 3236 nienter
1677 3205 1716 3235 ad
1743 3205 1835 3236 illum
1857 3204 1954 3235 finem
1983 3212 2146 3245 congruat.
2178 3205 2243 3243 Qui
2266 3206 2354 3237 enim
2376 3204 2491 3236 scindit
2512 3204 2598 3248 ligna

1533 3256 1663 3290 propter
1690 3249 1825 3280 domum
1855 3256 1910 3280 aut
1938 3249 2044 3279 navim
2072 3247 2264 3287 faciendam,
2288 3249 2383 3281 aliam
2407 3248 2543 3289 speciem
2560 3254 2598 3279 vet

1533 3293 1632 3323 alium
1656 3293 1792 3324 modurn
1816 3293 1958 3324 scissioni
1982 3293 2036 3323 dat
2057 3303 2154 3334 quarn
2179 3293 2236 3334 qui
2259 3293 2372 3324 scindit
2395 3301 2431 3323 ea
2450 3292 2494 3322 ‘ad
2509 3300 2596 3323 com-

1534 3338 1723 3368 burendum.
1749 3337 1832 3375 Quia
1855 3347 1930 3377 ergo
1954 3344 2019 3368 tam
2039 3336 2111 3367 finis
2126 3344 2225 3378 quam
2240 3337 2358 3368 modus
2373 3337 2466 3367 datus
2484 3336 2598 3378 abiai—

1534 3388 1662 3422 perante
1685 3381 1836 3412 informat
1859 3388 1965 3412 actum
1988 3382 2194 3421 imperatum,
2218 3381 2291 3412 ideo
2316 3381 2415 3411 virtus
2438 3380 2596 3421 imperans

1535 3425 1638 3456 forma
1668 3426 1782 3456 dicitur
1804 3425 1927 3456 virtutis
1957 3425 2139 3466 imperatae.
2170 3425 2212 3457 Et
2239 3425 2326 3459 iuxta
2354 3425 2439 3455 hunc
2467 3432 2597 3454 sensum

1535 3470 1695 3510 quaeritur
1718 3480 1757 3500 an
1781 3469 1852 3500 fidei
1877 3469 1979 3500 forma
2005 3469 2044 3500 sit
2067 3470 2187 3502 caritas.
2240 3484 2243 3490 ·

2609 793 2618 802 ‘
2635 792 2682 819 Qu.
2697 797 2713 817 ι,
2729 795 2769 813 art.
2783 792 2813 819 '45

2611 884 2619 891 ·
2631 881 2678 908 Qu.
2690 887 2739 908 vui,
2748 884 2789 903 art.
2799 887 2821 910 3,

2610 915 2637 934 4;
2652 914 2691 936 qu.
2703 914 2734 934 tx,
2749 911 2790 929 nrt.
2800 913 2821 936 3.

2613 984 2621 991 ¹
2637 981 2696 1003 Part.
2711 981 2734 1008 1,
2752 987 2790 1009 qu.
2805 986 2822 1008 ι,

2613 1011 2653 1029 art.
2668 1015 2691 1034 4.

2612 1586 2721 1628 ‘Anisa
2762 1615 2763 1619 =

2616 1915 2627 1926 ⁸
2642 1915 2672 1937 D.
2686 1921 2738 1944 3⁰7.

2620 2191 2708 2218 ‘1²122,
2718 2197 2757 2220 qu.
2767 2197 2830 2218 xvui,

2619 2222 2660 2240 art,
2676 2223 2698 2245 7,
2713 2218 2741 2239 ιΔ
2757 2224 2773 2240 ι.

2623 2712 2634 2723 “
2639 2711 2688 2739 Qu.
2693 2716 2759 2738 xxm,
2764 2714 2806 2733 an.
2813 2711 2834 2733 Β.
