2892 4056
72 334 83 343 ⁸
132 338 154 353 u.
184 336 257 352 xuni
274 346 279 356 ‚

72 362 112 380 ιη.
138 357 280 384 ,(ἶοωωεηι.

72 390 135 406 num.
143 389 168 405 u·
175 389 281 411 quaux,

71 414 112 432 ιη.
122 416 140 437 3,
147 399 279 431 O'ommem.

73 442 135 458 num.
151 442 182 457 ιν.

996 117 1261 165 QUAESTIO
1290 117 1396 164 XIX,
1427 116 1720 153 ARTICULUS
1749 116 1780 152 ll

982 212 1309 258 Commentariq
1331 211 1576 244 Cardinalis
1599 210 1795 243 Caietam

2397 113 2467 159 139

337 296 358 317 n
380 284 512 316 articulo
528 284 632 324 ptimo
651 283 844 325 quaestionis
866 283 1108 314 decimaenonae
1123 283 1247 313 adverte
1265 282 1363 323 quod,
1388 281 1390 317 Ξ
1416 291 1516 311 mum.
1539 281 1580 311 Et
1595 281 1670 321 quia
1692 281 1779 311 solus
1795 281 1926 311 ultimus
1946 278 2016 309 finis
2033 285 2079 309 est
2094 278 2164 308 finis
2187 277 2378 318 simpliciter,
2394 277 2474 308 idest

311 298 374 360 lut
395 329 428 359 in
449 328 573 358 Primae
597 328 693 359 Partis
722 327 965 359 Commentariis
980 325 996 342 ¹⁸
1020 327 1139 357 dictum
1163 333 1217 362 est,
1242 326 1363 356 malum
1388 324 1390 329 “
1416 331 1447 355 et
1462 324 1597 355 totaliter
1612 331 1643 355 et
1665 325 1783 365 absque
1800 323 2058 354 determinatione
2082 320 2208 364 (reliqui
2235 331 2373 362 namque
2395 320 2473 352 fines

309 373 419 413 culpae
440 372 598 402 intantum
630 371 722 402 distat
744 381 762 401 a
784 371 869 401 malo
893 380 1014 411 poenae
1042 371 1130 410 quod
1153 370 1272 400 malum
1297 369 1363 400 cul·
1388 352 1390 394 i
1416 375 1490 399 sunt
1518 367 1596 398 fines
1619 368 1651 398 in
1675 368 1736 398 hoc
1766 368 1816 398 vel
1839 368 1893 398 illo
1925 366 2051 403 ordine,
2075 372 2218 407 respectu
2241 365 2337 396 huius
2367 365 2417 395 vel
2438 365 2474 395 il-

308 425 367 456 pae
389 415 563 456 opponitur
585 416 672 445 bono
703 415 810 445 divino
838 415 871 444 in
891 414 995 455 seipso
1019 411 1192 455 (obiective
1215 411 1361 454 tamen),
1389 395 1391 451 i
1415 410 1509 453 lius),
1532 411 1604 441 ideo
1628 412 1659 441 in
1683 412 1782 442 littera
1806 411 1920 442 dicitur
1941 411 2039 452 quod,
2059 419 2132 441 cum
2154 410 2278 440 bonum
2301 415 2331 439 et
2353 409 2474 438 malum

307 460 388 491 sicut
411 458 519 490 caritas
542 459 642 490 tendit
663 460 696 489 in
719 459 842 489 bonum
873 457 1016 488 divinum
1037 457 1070 487 in
1098 457 1218 496 seipso:
1242 457 1364 487 malum
1417 456 1560 486 dicantur
1575 456 1750 485 secundum
1773 455 1917 485 ordinem
1935 454 2073 490 finalem,
2089 453 2195 484 solum
2218 453 2338 483 malum
2363 451 2474 492 culpae

307 513 382 534 vero
397 513 520 544 poenae
535 503 711 543 opponitur
733 503 819 532 bono
839 507 952 532 creato.
977 501 1018 531 Et
1033 507 1199 540 propterea
1213 501 1246 530 in
1262 501 1363 531 littera
1389 479 1391 524 i
1418 506 1464 530 est
1486 499 1608 530 malum
1638 499 1836 538 simpliciter,
1859 499 1980 529 malum
2003 505 2109 529 autem
2133 507 2255 538 poenae
2278 503 2325 528 est
2352 496 2474 526 malum

308 547 420 578 dicitur
442 547 531 588 quod
553 547 674 577 malum
695 546 805 585 culpae
828 545 928 585 privat
951 544 1094 574 ordinem
1115 544 1154 574 ad
1177 544 1274 574 finem
1293 544 1364 574 ulti-
1417 543 1517 574 istius.

1077 667 1391 709 ARTICULUS
1421 667 1718 709 SECUNDUS

524 743 679 776 UTRUM
701 742 841 774 TlMOR
863 741 1201 772 CONVENIENTER
1223 741 1462 772 DIVIDATUR
1485 742 1528 772 IN
1551 741 1763 777 FILIALEM,
1788 741 2020 777 1N1T1ALEM,
2045 740 2258 772 SERVILEM

1230 794 1288 824 ET
1312 794 1562 824 MUNDANUM

853 863 884 888 111
903 863 984 892 δοιῇ,
1004 862 1062 887 dist.
1080 869 1162 892 xxxxv,
1182 870 1226 894 qu.
1244 869 1272 893 n,
1291 867 1338 887 art.
1361 870 1382 892 ι,
1401 861 1450 894 qu*
1470 869 1499 893 23
1517 862 1562 886 Ad
1579 861 1666 891 Rom„
1687 869 1742 893 cap.
1760 869 1814 891 vm,
1833 862 1892 886 lect.
1911 869 1950 887 111.

424 953 490 977 »κ
521 943 544 968 n
563 924 751 967 sacunnuu
766 940 820 966 sm
834 939 1074 965 puocanrrua.
1085 928 1246 964 Videtur
1261 927 1365 976 quod
1392 928 1394 935 ’

438 965 492 1043 (ἕρ
521 981 832 1019 inconvenienter
859 981 1050 1018 dividatur
1077 980 1190 1017 timor
1208 980 1246 1016 in
1273 980 1366 1016 filia-

502 1034 609 1081 lem,
637 1033 829 1082 initialem,
849 1033 1026 1070 servilem
1056 1041 1092 1070 et
1112 1033 1364 1070 mundanum.

1419 927 1468 964 ad
1493 929 1621 964 Deum
1650 927 1882 963 convertitur
1911 935 1946 963 et
1973 928 2007 963 ei
2036 927 2216 964 inhaeret.
2247 928 2363 975 Quod
2397 929 2478 977 qui-

1421 979 1510 1016 dem
1539 980 1682 1015 malum
1713 987 1769 1015 est
1797 980 1956 1028 duplex:
1985 980 2126 1016 scilicet
2152 981 2296 1017 malum
2315 993 2477 1029 poenae,

1422 1039 1458 1068 et
1485 1033 1628 1069 malum
1667 1032 1811 1080 culpae.
1848 1031 1888 1068 Si
1922 1031 2031 1079 igitur
2067 1031 2201 1080 aliquis
2239 1041 2480 1071 convertatur

478 1082 508 1121 ‘z
521 1088 783 1125 Damascenus
803 1085 916 1133 enim,
932 1087 970 1123 in
991 1087 1022 1122 II
1043 1086 1108 1123 lib.
1123 1085 1155 1133 *,
1174 1085 1283 1134 ponit
1301 1097 1366 1123 sex

269 1140 275 1145 '
311 1139 456 1190 species
481 1139 638 1187 timoris,
658 1139 799 1176 seilicet
825 1139 1034 1187 segnitiem,
1054 1137 1366 1185 erubescentiam,

311 1200 350 1230 et
365 1193 439 1230 alia
457 1192 506 1229 de
524 1192 662 1240 quibus
681 1204 795 1241 supra
810 1193 830 1214 *
846 1192 988 1229 dictum
1017 1199 1084 1239 est,
1111 1203 1210 1239 quae
1239 1191 1277 1227 in
1296 1191 1367 1227 hac

311 1245 497 1284 divisione
517 1257 595 1296 non
613 1252 825 1293 tanguntur.
857 1245 959 1292 Ergo
977 1244 1129 1281 videtur
1149 1244 1254 1292 quod
1273 1244 1368 1280 haec

307 1297 466 1336 divisit-r
476 1297 623 1334 tifnoris
651 1298 698 1334 sit
724 1297 1008 1335 inconveniens.

367 1361 402 1389 2.
431 1351 668 1396 Passieni,
697 1350 852 1398 quilibet
874 1350 1013 1400 borum
1033 1349 1213 1385 timorum
1232 1348 1295 1385 vel
1315 1354 1370 1384 est

311 1403 437 1442 bonus
463 1403 525 1440 vel
554 1403 688 1440 malus.
718 1403 795 1440 Sed
823 1409 879 1438 est
909 1400 1043 1449 aliquis
1070 1400 1202 1446 timor,
1231 1399 1370 1436 scilicet

312 1455 512 1502 naturam,
549 1454 614 1503 qui
641 1466 766 1503 neque
794 1455 919 1490 bonus
947 1461 1002 1489 est
1029 1452 1241 1498 moraliter,
1281 1464 1368 1488 cum

312 1507 697 1553 sitin'rdaemonibus,
717 1506 929 1543 secundum
957 1505 1047 1542 illud
1078 1507 1151 1542 Iac.
1172 1516 1194 1541 11
1209 1504 1240 1551 ²⁸²,
1268 1506 1369 1541 Dae·
1396 1544 1398 1558 Ε

311 1569 445 1598 mones
477 1559 632 1596 credunt
667 1563 704 1596 et
738 1558 1052 1602 contremsscunt,·
1092 1569 1217 1605 neque
1257 1557 1369 1594 etiam
1397 1563 1398 1568 ’

313 1606 369 1658 est
384 1617 402 1634 ²
420 1611 559 1659 malim,
589 1623 677 1656 curn
706 1611 751 1648 sit
777 1611 815 1648 in
845 1610 1011 1658 Christo,
1041 1609 1252 1647 secundum
1280 1610 1370 1646 illud

313 1661 435 1709 Mare.
451 1675 512 1707 xiv
525 1662 557 1710 ²¹²,
582 1662 711 1712 Coepit
734 1664 841 1701 Iesus
861 1674 1006 1711 pavere
1028 1669 1064 1699 et
1081 1662 1238 1699 taedere.
1268 1663 1369 1710 Ergo
1397 1671 1399 1674 ’

311 1717 425 1765 timor
442 1716 714 1753 insufficienter
733 1716 912 1753 dividitur
930 1715 1144 1752 secundum
1163 1715 1368 1763 praedicta.

367 1770 402 1806 3.
429 1770 664 1816 Pinarum,
685 1769 758 1805 alia
777 1776 833 1805 est
851 1768 1034 1805 habitudo
1053 1768 1119 1805 filii
1143 1768 1191 1804 ad
1210 1775 1369 1816 patrem,

314 1829 351 1859 et
376 1821 505 1858 uxoris
533 1822 581 1858 ad
608 1821 747 1869 virum,
778 1828 814 1858 et
842 1821 940 1858 servi
968 1820 1017 1858 ad
1045 1820 1258 1857 dominum.
1294 1820 1372 1857 Sed

313 1873 426 1924 timor
456 1873 598 1921 filialis,
637 1874 703 1922 qui
740 1882 795 1911 est
831 1873 898 1911 filii
933 1873 972 1910 in
1009 1872 1294 1922 comparatione
1321 1873 1371 1910 ad

312 1934 474 1975 patrem,
502 1926 739 1974 distinguitur
757 1940 779 1963 a
798 1925 934 1963 timore
953 1925 1092 1971 servili,
1111 1925 1177 1974 qui
1197 1932 1252 1962 est
1271 1926 1370 1962 servi

312 1991 382 2028 per
416 1979 744 2028 comparationem
782 1979 831 2016 ad
868 1978 1083 2016 dominum.
1125 1979 1228 2026 Ergo
1258 1979 1370 2014 etiam

313 2031 431 2069 timor
457 2039 602 2078 castus,
635 2032 700 2080 qui
727 2031 878 2068 videtur
906 2043 988 2068 esse
1016 2030 1143 2068 uxoris
1170 2042 1239 2080 per
1267 2041 1371 2067 corn-

311 2083 549 2134 parationem
567 2084 616 2122 ad
635 2084 773 2131 virum,
795 2085 909 2122 debet
928 2083 1103 2132 distingui
1123 2083 1171 2120 ab
1191 2082 1371 2120 omnibus

313 2135 397 2186 istis
419 2135 631 2184 timoribus.

321 2187 324 2191 ’
349 2201 405 2236 ,4.
433 2189 675 2236 PRAETEREA,
709 2188 805 2227 sicut
830 2188 945 2226 timor
972 2188 1119 2226 servilis
1146 2188 1253 2225 timet
1279 2201 1372 2237 poe-

315 2253 418 2287 nam,
441 2241 494 2278 ita
518 2241 634 2279 timor
661 2242 810 2279 initialis
839 2249 876 2278 et
901 2241 1132 2279 mundanus.
1161 2242 1254 2278 Non
1283 2253 1372 2289 ergo

317 2293 531 2331 debuerunt
558 2293 607 2330 ad
625 2293 792 2331 invicem
821 2293 997 2342 distingui
1022 2294 1082 2330 isti
1099 2294 1265 2331 timores.

349 2353 351 2355 ’
373 2347 406 2383 5.
435 2346 676 2392 Pam-nm,
715 2346 810 2383 sicut
841 2346 1145 2395 concupiscentia
1177 2354 1233 2383 est
1259 2346 1371 2392 boni,

316 2398 367 2435 ita
396 2398 508 2435 etiam
537 2398 650 2435 timor
678 2406 733 2435 est
761 2398 861 2435 mali.
901 2399 979 2436 Sed
1011 2398 1081 2435 alia
1111 2406 1167 2434 est
1194 2398 1373 2446 concupi-

317 2451 458 2488 scentia
490 2451 708 2496 oculorum,
748 2463 823 2499 qua
855 2452 936 2499 quis
965 2449 980 2480 β
1009 2451 1239 2498 concupiscit
1271 2452 1373 2487 bona

317 2503 470 2548 mundi3
501 2503 573 2540 alia
602 2511 657 2539 est
686 2503 991 2551 concupiscentia
1020 2502 1154 2548 carnis,
1184 2515 1259 2551 qua
1287 2503 1371 2551 quis

318 2555 548 2604 concupiscit
577 2556 864 2593 delectationem
893 2555 1100 2604 propriam.
1130 2555 1230 2603 Ergo
1259 2555 1371 2592 etiam

317 2608 411 2645 alius
441 2615 496 2644 est
524 2608 637 2644 timor
664 2608 893 2653 mundanus,
914 2620 990 2657 quo
1019 2607 1103 2655 quis
1132 2607 1238 2644 timet
1264 2608 1372 2644 amit-

317 2668 393 2698 tere
415 2661 516 2698 bona
536 2661 741 2705 exteriora;
772 2669 807 2697 et
828 2661 921 2696 alius
943 2669 996 2696 est
1023 2661 1137 2696 timor
1164 2660 1370 2706 humanus,

316 2725 394 2762 quo
414 2713 497 2762 quis
517 2713 623 2750 timet
641 2713 818 2762 propriae
837 2725 1023 2761 personae
1044 2712 1323 2751 detrimentum.

371 2767 444 2805 SED
464 2776 610 2803 CONTRA
633 2777 698 2803 EST
726 2765 928 2803 auctoritas
957 2765 1137 2813 Magistri,
1159 2777 1266 2802 xxxiv
1287 2765 1370 2802 dist.

318 2817 368 2857 111
397 2818 463 2855 lib.
490 2818 590 2857 Sent.

370 2870 595 2908 Rmpounno
618 2882 802 2908 menmium
830 2871 936 2918 quod
956 2870 1003 2907 de
1023 2870 1158 2907 timore
1177 2882 1278 2906 nunc
1297 2870 1372 2918 agi-

318 2935 405 2959 mus
450 2922 662 2959 secundum
700 2923 806 2970 quod
832 2935 901 2972 per
935 2923 1060 2971 ipsum
1093 2922 1218 2971 aliquo
1254 2923 1372 2959 modo

318 2975 367 3012 ad
385 2976 511 3012 Deum
532 2975 789 3013 convertimur
806 2976 867 3025 vel
887 2975 935 3012 ab
956 2987 1002 3012 eo
1023 2976 1240 3012 avertimur.
1271 2975 1372 3022 Cum

317 3080 437 3117 homo
466 3087 621 3129 propter
649 3081 750 3116 mala
782 3092 879 3129 quae
907 3080 1014 3117 timet
1046 3093 1068 3116 a
1096 3081 1180 3116 Deo
1210 3080 1370 3117 recedit:

319 3140 355 3169 et
389 3131 458 3168 iste
495 3131 629 3169 dicitur
668 3133 782 3169 timor
821 3133 1008 3169 humanus
1048 3133 1109 3169 vel
1147 3133 1370 3170 mundanus.

318 3184 560 3233 Quandoque
596 3192 723 3221 autern
754 3185 874 3222 homo
902 3197 970 3233 per
1001 3186 1100 3221 mala
1137 3197 1235 3233 quae
1264 3185 1371 3222 timet

370 3288 397 3319 α)
417 3291 464 3312 est.
481 3301 499 3306 -
518 3287 580 3312 Om.
599 3287 675 3312 PDG.

357 3321 395 3363 .ss)
414 3323 551 3382 quaAquis.
569 3336 589 3341 -
606 3330 658 3354 qua
677 3322 850 3355 ABEFHan
868 3327 894 3347 et
911 3329 938 3353 a,
950 3322 1013 3355 quta
1031 3322 1062 3352 D,
1081 3330 1148 3355 quae
1162 3325 1198 3353 Κς
1218 3324 1298 3349 altero
1313 3324 1372 3348 loco

317 3364 375 3390 qum
393 3365 448 3382 om.
489 3375 496 3382 .

1394 1119 1395 1139 ζ
1421 1084 1470 1122 ad
1496 1085 1624 1122 Deum
1653 1091 1690 1120 et
1718 1084 1752 1120 ei
1779 1084 1973 1121 inhaereat
2000 1091 2155 1132 propter
2183 1084 2359 1122 timorem
2387 1099 2479 1135 poe—

1421 1149 1514 1184 nae,
1545 1137 1613 1174 erit
1639 1137 1754 1174 timor
1780 1138 1934 1174 servilis.
1965 1137 2006 1173 Si
2030 1145 2158 1174 autern
2186 1145 2342 1186 propter
2369 1139 2479 1175 timo-

1422 1202 1503 1226 rem
1533 1190 1678 1238 culpae,
1709 1189 1777 1226 erit
1803 1191 1918 1226 timor
1933 1190 2089 1237 filialis:
2117 1201 2206 1226 nam
2234 1191 2401 1227 filiorum
2425 1199 2481 1228 est

1421 1242 1554 1279 timere
1574 1242 1763 1278 offensam
1790 1243 1917 1291 patris.
1949 1242 1988 1279 Si
2007 1250 2135 1279 autern
2162 1251 2319 1291 propter
2335 1251 2480 1280 utrum-

1423 1307 1509 1344 que,
1527 1302 1582 1331 est
1596 1295 1709 1331 timor
1728 1295 1888 1341 initialis,
1905 1295 1971 1343 qui
1991 1303 2046 1332 est
2059 1294 2208 1332 medius
2227 1296 2323 1332 inter
2335 1303 2480 1334 utrum-

1424 1359 1497 1396 que
1517 1347 1706 1384 timorem.
1728 1368 1752 1374 -
1771 1347 1908 1390 Utrum
1929 1355 2055 1384 autem
2077 1349 2221 1385 malum
2242 1348 2375 1396 culpae
2394 1362 2482 1397 pos-

1423 1399 1470 1436 sit
1496 1399 1630 1445 timeri,
1651 1412 1765 1447 supra
1783 1400 1803 1422 *
1821 1401 1993 1437 habitum
2023 1408 2090 1447 est,
2111 1412 2199 1437 cum
2230 1401 2276 1437 de
2303 1402 2481 1449 passione
2508 1415 2519 1425 ·
2535 1414 2547 1426 ¹
2578 1414 2602 1426 ⁸²
2662 1420 2691 1434 xz

1423 1452 1568 1488 timoris
1596 1459 1780 1499 ageretur.

1477 1505 1536 1540 AD
1564 1515 1701 1540 ramum
1730 1515 1828 1540 ERGO
1861 1515 2045 1542 mensuum
2084 1504 2188 1552 quod
2220 1506 2482 1542 Damascenus

1425 1556 1557 1593 dividit
1583 1556 1762 1593 timorem
1791 1557 2002 1594 secundum
2032 1557 2135 1606 quod
2165 1564 2220 1594 est
2247 1559 2374 1606 passio
2405 1559 2482 1595 ani—

1425 1621 1523 1646 mae.
1562 1609 1669 1646 Haec
1697 1617 1824 1646 autem
1864 1609 2000 1646 divisio
2038 1609 2180 1646 timoris
2217 1611 2419 1648 attenditur
2446 1612 2482 1648 in

1426 1661 1559 1699 ordine
1587 1661 1636 1699 ad
1665 1663 1808 1708 Deum,
1837 1670 1879 1698 ut
1907 1662 2048 1699 dictum
2078 1670 2133 1698 est
2151 1661 2183 1698 ³¹².

1478 1717 1538 1750 AD
1570 1726 1759 1751 SECUNDUM
1792 1726 1975 1752 DtCENDUM
2013 1717 2117 1763 quod
2155 1717 2302 1752 bonum
2338 1717 2482 1752 morale

1424 1767 1628 1816 praecipue
1649 1767 1816 1803 consistit
1833 1767 1871 1803 in
1893 1768 2143 1805 conversione
2168 1770 2214 1806 ad
2235 1769 2378 1815 Deum,
2404 1781 2483 1805 ma-

1425 1821 1504 1856 lum
1525 1827 1652 1856 autem
1681 1820 1826 1856 morale
1855 1819 1893 1856 in
1921 1821 2120 1858 aversione
2150 1834 2171 1857 a
2199 1823 2296 1858 Deo.
2325 1822 2375 1858 Et
2394 1821 2481 1858 ideo

1427 1884 1562 1909 omnes
1589 1871 1770 1920 praedicti
1799 1872 1955 1909 timores
1976 1878 1991 1900 Υ
2014 1874 2076 1909 vel
2105 1874 2309 1922 important
2338 1875 2482 1910 bonum

1426 1925 1569 1961 morale
1589 1925 1651 1960 vel
1671 1925 1825 1962 malum.
1857 1926 1933 1962 Sed
1962 1925 2075 1961 timor
2099 1926 2276 1962 naturalis
2304 1939 2484 1975 praesup-

1426 1977 1579 2026 ponitur
1607 1977 1710 2013 bono
1731 1984 1776 2013 et
1794 1978 1896 2014 malo
1925 1978 2070 2014 morali.
2102 1979 2151 2015 Et
2179 1979 2265 2015 ideo
2294 1991 2372 2015 non
2393 1991 2483 2016 con-

1426 2037 1649 2067 numeratur
1675 2029 1772 2066 inter
1797 2030 1888 2066 istos
1915 2030 2083 2067 timores.

1478 2085 1536 2119 An
1565 2093 1724 2119 TERTmM
1743 2094 1926 2120 mcENDUM
1960 2083 2064 2132 quod
2091 2083 2274 2121 habitudo
2308 2084 2407 2120 servi
2435 2085 2484 2121 ad

1428 2135 1627 2173 dominum
1648 2142 1703 2172 est
1720 2147 1789 2183 per
1806 2143 2034 2183 potestatem
2063 2136 2207 2173 domini
2235 2149 2389 2174 servum
2414 2137 2485 2174 sibi

1427 2187 1672 2225 subiicientis:
1693 2188 1760 2225 sed
1779 2188 1961 2225 habitudo
1980 2189 2046 2225 filii
2066 2191 2114 2226 ad
2132 2197 2292 2237 patrem,
2312 2190 2373 2226 vel
2394 2201 2485 2226 uxo-

1427 2241 1476 2277 ris
1495 2241 1544 2277 ad
1562 2240 1700 2287 virum,
1721 2247 1776 2277 est
1795 2253 1816 2277 e
1836 2253 2023 2278 converso
2051 2254 2120 2290 per
2147 2241 2325 2279 affectum
2355 2242 2420 2279 filii
2445 2254 2484 2278 se

1426 2293 1622 2330 subdentis
1648 2293 1744 2342 patri
1781 2294 1843 2330 vel
1872 2294 1998 2330 uxoris
2034 2307 2074 2330 se
2112 2294 2373 2342 coniungentis
2401 2295 2485 2331 viro

1426 2345 1568 2382 unione
1597 2346 1748 2382 amoris.
1787 2345 1897 2383 Unde
1926 2346 2040 2383 timor
2066 2346 2187 2384 filialis
2223 2355 2258 2384 et
2286 2355 2409 2384 castus
2437 2347 2484 2384 ad

1427 2398 1529 2435 idem
1549 2398 1753 2446 pertinent:
1783 2400 1871 2446 quia
1893 2411 1961 2446 per
1989 2399 2149 2453 caritatis
2177 2412 2350 2437 amorem
2379 2401 2485 2436 Deus

1426 2458 1533 2498 pater
1553 2458 1681 2486 noster
1705 2451 1877 2497 efficitur,
1898 2453 2109 2488 secundum
2134 2453 2225 2489 illud
2243 2454 2355 2489 Rom.
2376 2452 2482 2498 V111*‚

1426 2503 1628 2550 Accepistis
1655 2503 1833 2550 Spiritum
1870 2505 2079 2551 adoptionis
2108 2505 2304 2552 filiorum,
2344 2505 2380 2541 in
2409 2516 2482 2552 quo

1427 2554 1654 2599 clamamus,
1683 2556 1813 2600 Abba,
1841 2556 1974 2600 Pater;
2004 2565 2039 2592 et
2072 2558 2283 2594 secundum
2321 2557 2482 2594 eandem

1429 2607 1620 2644 caritatem
1647 2607 1780 2644 dicitur
1799 2607 1912 2644 etiam
1932 2621 2095 2656 sponsus
2114 2618 2252 2656 noster,
2274 2611 2482 2646 secundum

1427 2659 1517 2696 illud
1547 2661 1577 2695 11
1607 2660 1658 2696 ad
1689 2661 1774 2696 Cor.
1795 2672 1831 2696 xi
1851 2660 1882 2705 ³⁸,
1912 2662 2104 2709 Despondi
2120 2674 2187 2698 vos
2212 2663 2278 2698 uni
2294 2663 2386 2706 viro,
2408 2663 2483 2698 vir-

1426 2712 1554 2761 ginem
1591 2718 1732 2748 castam
1769 2713 1944 2749 exhibere
1986 2715 2142 2751 Christo.
2181 2715 2317 2751 Timor
2354 2722 2482 2751 autem

1427 2765 1571 2802 servilis
1600 2766 1648 2802 ad
1678 2765 1778 2802 aliud
1810 2766 1985 2813 pertinet:
2015 2767 2104 2815 quia
2132 2767 2323 2804 caritatem
2347 2767 2386 2804 in
2414 2780 2483 2804 sua

1428 2817 1571 2854 ratione
1591 2815 1604 2839 δ
1625 2829 1703 2854 non
1730 2817 1894 2855 includit.

1480 2872 1539 2907 An
1568 2881 1741 2912 QUARTUM
1773 2882 1956 2908 DlCENDUM
1993 2872 2097 2919 quod
2131 2872 2311 2920 praedicti
2339 2879 2413 2909 tres
2441 2872 2483 2909 ti-

1428 2935 1556 2959 mores
1575 2923 1779 2970 respiciunt
1797 2936 1976 2972 poenam,
1998 2924 2066 2961 sed
2085 2925 2365 2962 diversimode.—
2378 2925 2483 2962 Nam

1399 3012 1401 3015 .
1427 2976 1542 3012 timor
1570 2976 1785 3012 mundanus
1813 2976 1891 3013 sive
1919 2977 2111 3014 humanus
2139 2977 2288 3026 respicit
2315 2990 2482 3026 poenam

319 3027 422 3064 enim
458 3026 651 3065 obiectum
685 3027 830 3065 timoris
871 3028 917 3064 sit
949 3029 1112 3074 malum,
1142 3028 1400 3076 quandoque*

1426 3040 1449 3064 a
1467 3029 1552 3065 Deo
1579 3035 1826 3075 avertentem,
1847 3041 1962 3077 quam
1991 3030 2222 3078 quandoque
2250 3031 2392 3068 inimici
2410 3031 2483 3067 Dei

1427 3080 1599 3128 infligunt
1622 3082 1684 3118 vel
1707 3082 1999 3119 comminantur.
2031 3083 2107 3119 Sed
2135 3083 2248 3120 timor
2275 3083 2419 3120 servilis
2447 3090 2483 3119 et

1426 3133 1572 3171 initialis
1605 3134 1808 3181 respiciunt
1843 3147 2011 3182 poenam
2048 3147 2118 3183 per
2153 3148 2270 3184 quam
2307 3136 2482 3172 homines

1427 3187 1661 3222 attrahuntur
1698 3187 1746 3223 ad
1773 3188 1922 3234 Deum,
1962 3188 2140 3225 divinitus
2173 3188 2353 3225 inflictam
2382 3193 2394 3209 Ε
2421 3189 2483 3225 vel

1478 3290 1504 3323 γ)
1525 3290 1642 3315 timores.
1659 3304 1679 3309 -
1698 3298 1782 3315 mores
1802 3291 1986 3324 EFpABCKn,
2005 3293 2112 3318 timores
2131 3294 2244 3318 morales
2263 3293 2309 3318 Pa.
2325 3306 2346 3313 —
2363 3293 2413 3318 Pro
2439 3294 2482 3318 170·

1426 3332 1515 3349 num...
1535 3325 1642 3354 malum,
1662 3326 1787 3350 malum...
1807 3326 1902 3351 bonum
1922 3326 1968 3352 Pa.

1478 3358 1503 3390 ὃ)
1522 3367 1572 3384 sua
1590 3360 1702 3385 ratione.
1720 3375 1739 3379 -
1755 3361 1799 3385 sui
1817 3361 1922 3387 ratione
1940 3362 2029 3390 PFLa,
2049 3370 2099 3388 sua
2117 3363 2208 3388 radice
2227 3363 2260 3388 G.

1479 3396 1500 3421 ε)
1520 3395 1656 3429 inflictam.
1674 3409 1693 3414 -
1710 3396 1833 3429 afflictam
1853 3397 2034 3430 ABEFLpCK.

2510 1673 2520 1683 ⁸
2536 1672 2560 1693 ln
2575 1678 2680 1700 corpore.

2513 2468 2521 2474 ·
2537 2465 2603 2487 Vers-
2620 2472 2646 2493 ¹5·

2510 2680 2520 2690 ⁶
2535 2680 2601 2702 Vera.
2617 2686 2637 2701 ι.
