2892 4056
67 263 183 311 '1⁸11¹*⁴⁵.⁷¹

67 317 110 335 art.
124 320 144 342 3.
160 320 173 334 a

67 345 159 387 ζέιῖιι,
180 343 223 361 art.
272 355 278 366 ‚

185 293 206 308 u.
215 293 277 311 xxxv.

204 319 224 339 ις
239 319 278 341 qu.

0 3133 6 3176 l

0 3180 6 3203 ῃ

0 3207 8 3244 Ρ

1029 180 1294 227 QUAEsrio
1325 181 1374 227 11,
1404 181 1698 218 ART1CULus
1728 182 1761 217 x
1969 234 1972 237 ψ
2427 182 2474 228 39

308 255 482 292 diminuit
519 255 697 293 meritum
734 257 843 294 fidei:

307 308 447 345 dictum
486 315 542 344 est
570 309 675 356 quod
709 310 835 358 passio
873 311 1105 359 praecedens
1144 311 1365 349 electionem

305 361 344 398 in
368 361 568 397 virtutibus
597 363 805 399 moralibus
835 363 1008 401 diminuit
1036 365 1190 401 laudem
1209 364 1367 402 virtuosi

305 421 421 450 actus.
453 413 558 450 Sicut
577 414 677 450 enim
695 415 816 452 homo
836 423 941 453 actus
959 417 1140 453 virtutum
1162 418 1364 454 moralium

305 467 419 503 debet
433 478 609 503 exercere
627 475 782 516 propter
802 468 983 505 iudicium
1004 469 1168 516 rationis,
1185 483 1261 507 non
1279 483 1365 519 pro-

302 527 387 568 pter
406 519 645 567 passionem3
676 521 725 557 ita
750 521 904 558 credere
924 522 1036 558 debet
1062 522 1180 559 homo
1202 535 1246 559 ea
1267 535 1364 571 quae

304 580 391 608 sunt
417 572 508 609 fidei
537 585 615 610 non
643 581 798 622 propter
828 574 1011 610 rationem
1040 575 1267 622 humanam,
1297 577 1364 613 sed

303 632 459 673 propter
487 626 748 663 auctoritatem
778 626 959 663 divinam.

356 677 442 714 Alio
472 679 591 716 modo
619 679 711 716 ratio
735 679 904 715 humana
931 687 1056 727 potest
1084 693 1124 717 se
1153 681 1294 718 habere
1314 682 1363 718 ad

302 731 537 768 voluntatem
573 731 757 768 credentis
795 740 1082 780 consequenter.
1127 733 1226 770 Cum
1262 735 1363 771 enim

302 784 422 820 homo
437 784 552 821 habet
568 792 785 834 promptam
799 785 1036 821 voluntatem
1053 787 1100 822 ad
1117 787 1362 834 credendum,

304 837 418 885 diligit
446 837 644 874 veritatem
673 836 866 883 creditam,
897 845 933 874 et
961 850 1075 886 super
1108 851 1152 874 ea
1181 840 1365 887 excogitat

304 898 340 926 et
367 889 606 938 amplectitur
632 890 662 926 si
690 902 785 938 quas
819 890 982 926 rationes
1015 892 1064 928 ad
1091 892 1165 928 hoc
1193 892 1363 929 invenire

302 951 438 992 potest.
482 943 530 979 Et
558 950 742 992 quantum
778 943 825 979 ad
854 943 929 979 hoc
958 944 1050 979 ratio
1088 945 1258 981 humana
1286 958 1364 982 non

303 995 466 1033 excludit
496 995 672 1032 meritum
701 995 812 1041 fidei,
843 996 909 1032 sed
946 1003 1001 1033 est
1029 997 1178 1045 signum
1211 999 1365 1035 maioris

302 1048 446 1085 meriti:
485 1049 579 1085 sicut
598 1046 610 1069 θ
641 1047 752 1085 etiarn
790 1048 916 1097 passio
955 1061 1193 1098 consequens
1225 1051 1261 1087 in
1290 1051 1364 1088 vir-

301 1101 442 1150 tutibus
471 1101 678 1138 moralibus
708 1109 763 1138 est
789 1102 938 1149 signum
966 1103 1211 1152 promptioris
1231 1105 1365 1141 volun—

300 1154 397 1201 tatis,
426 1161 467 1190 ut
486 1165 600 1204 supra
617 1154 638 1176 '¹‘
659 1155 801 1192 dictum
833 1163 898 1192 est.
921 1176 943 1183 -
963 1156 1012 1192 Et
1031 1157 1106 1192 hoc
1134 1156 1366 1204 significatur

302 1209 406 1244 Ioan.
428 1218 462 1243 ιν
476 1207 507 1253 *,
527 1209 594 1244 ubi
615 1207 842 1244 Samaritani
861 1209 908 1244 ad
928 1209 1140 1256 mulierem,
1159 1222 1229 1258 per
1249 1223 1364 1259 quarn

301 1260 396 1298 ratio
425 1260 595 1305 humana
621 1261 815 1309 figuratur,
844 1260 1034 1298 dixerunt:
1063 1263 1149 1299 Iam
1178 1275 1252 1300 non
1275 1275 1366 1311 pro-

294 1314 514 1363 prefatam
542 1314 730 1362 loquelam
758 1314 956 1351 credimus.

355 1370 416 1404 An
434 1377 572 1404 PRIMUM
587 1378 685 1404 ERGO
700 1378 884 1404 DlCENDUM
899 1367 1004 1416 quod
1021 1368 1228 1414 Gregorius
1247 1368 1365 1416 loqui-

301 1426 362 1457 tur
380 1421 419 1457 in
434 1431 533 1469 *casu
553 1420 616 1457 illo
636 1420 791 1468 quando
811 1421 930 1456 homo
951 1431 1030 1456 non
1052 1420 1168 1456 habet
1189 1421 1365 1456 volunta—

300 1480 380 1510 tem
399 1478 407 1493 ¹
443 1472 624 1509 credendi
657 1472 727 1509 nisi
746 1479 911 1520 propter
943 1471 1130 1508 rationem
1159 1472 1365 1510 inductam.

252 1529 254 1531 ’
298 1525 470 1572 'Quando
485 1531 614 1562 autem
632 1525 751 1562 homo
772 1525 886 1562 habet
900 1525 1137 1562 voluntatem
1152 1530 1168 1546 κ
1188 1526 1366 1563 credendi

299 1586 347 1616 ea
374 1589 474 1628 quae
511 1584 599 1614 sunt
634 1577 726 1614 fidei
762 1589 807 1614 ex
843 1577 923 1615 sola
956 1578 1176 1615 auctoritate
1215 1578 1365 1625 divina,

297 1631 414 1669 etiam
439 1630 470 1668 si
488 1632 628 1668 habeat
653 1631 837 1668 rationem
863 1631 1202 1668 demonstrativam
1226 1631 1275 1668 ad
1303 1631 1366 1668 ali-

298 1683 394 1734 quid
413 1697 559 1731 eorum,
576 1692 667 1733 puta
681 1684 731 1722 ad
745 1685 820 1721 hoe
834 1685 939 1733 quod
960 1693 1015 1721 est
1029 1686 1157 1722 Deum
1178 1697 1271 1731 esse,
1288 1697 1366 1721 non

299 1744 456 1788 propter
481 1739 557 1775 hoc
584 1738 726 1775 tollitur
751 1738 814 1775 vel
843 1738 1024 1775 minuitur
1056 1737 1232 1774 meritum
1262 1738 1365 1774 fidei.

353 1870 380 1905 η)
399 1870 477 1896 sicut.
493 1884 514 1890 -
529 1871 568 1896 sic
587 1871 635 1895 Pa.

353 1905 379 1940 θ)
397 1906 475 1932 sicut.
492 1919 512 1925 -
529 1906 567 1931 sic
585 1906 632 1931 Pa.

353 1942 372 1975 ι)
392 1942 563 1967 voluntatem.
580 1955 599 1962 -·
617 1941 749 1966 rationem
775 1940 1005 1973 ABGEFGHpKn,
1027 1943 1180 1972 promptam
1205 1940 1366 1965 voluntatem

300 1976 347 2003 sK.
364 1991 384 1997 -
401 1977 465 2002 Post
482 1976 611 2002 credendi
628 1977 726 2001 addunt
745 1983 776 2001 ea
794 1982 862 2008 quae
875 1979 937 2000 sunt
948 1974 1018 2007 fidei
1037 1975 1117 2003 muas
1137 1975 1222 2000 nisi....
1241 1975 1367 2000 credendi

299 2020 355 2038 om.
373 2013 444 2045 (ἶρις.

300 2075 304 2077 ,
354 2049 380 2081 ι)
400 2049 572 2073 voluntatem.
591 2060 610 2065 -
628 2047 760 2072 rationem
780 2047 832 2071 AB.

353 2082 381 2116 λ)
399 2083 599 2109 auctoritatem.
616 2096 634 2100 —
652 2082 781 2107 articulos
800 2083 847 2106 sK.
865 2094 885 2100 -
903 2081 953 2105 Pro
976 2084 1098 2112 possunt,
1113 2082 1220 2112 possint
1239 2079 1365 2105 ABCle.

886 258 979 294 sicut
1000 264 1016 285 η
1051 259 1164 295 etiam
1206 271 1320 307 supra
1347 259 1367 281 '³‘
1391 261 1395 303 ἑ

1477 260 1534 294 AD
1577 270 1765 296 SECUNDUM
1808 270 1989 296 morannum
2028 258 2133 306 quod
2174 258 2336 295 rationes
2378 272 2475 307 quae

1420 311 1646 347 inducuntur
1674 312 1722 348 ad
1751 312 2009 348 auctoritatem
2035 310 2048 331 λ
2078 310 2167 348 fidei
2195 323 2272 348 non
2304 320 2389 348 sunt
2412 313 2474 349 de-

1419 364 1711 400 monstrationes
1731 376 1830 411 quae
1859 365 1895 401 in
1922 364 2111 401 visionem
2132 364 2400 411 intelligibilem
2421 364 2476 401 in-

1418 417 1607 452 tellectum
1640 417 1852 454 humanum
1883 417 2064 454 reducere
2096 425 2268 465 possunt.
2308 418 2356 453 Et
2389 417 2475 454 ideo

1420 481 1496 506 non
1531 469 1706 506 desinunt
1745 482 1824 506 esse
1854 482 1931 506 non
1967 470 2199 519 apparentia.
2237 471 2314 506 Sed
2352 482 2476 506 remo-

1417 529 1508 558 vent
1544 522 1816 570 impedimenta
1853 523 1962 570 fidei,
2002 523 2238 560 ostendendo
2279 535 2356 559 non
2395 535 2475 559 esse

1418 574 1651 623 impossibile
1687 575 1792 622 quod
1820 576 1858 612 in
1885 576 1962 612 fide
1994 576 2230 624 proponitur.
2269 575 2379 612 Unde
2407 588 2477 624 per

1418 628 1509 664 tales
1534 628 1697 664 rationes
1732 641 1809 664 non
1837 628 2056 665 diminuitur
2084 629 2260 665 meritum
2289 628 2378 665 fidei
2407 641 2477 665 nec

1418 680 1511 716 ratio
1542 681 1642 717 fidei.
1674 681 1750 717 Sed
1771 681 1933 717 rationes
1954 682 2272 718 demonstrativae
2302 679 2476 718 inductae

1417 732 1465 769 ad
1494 745 1538 769 ea
1567 745 1664 781 quae
1694 742 1780 770 sunt
1808 734 1917 780 fidei,
1955 735 2201 782 praeambula
2227 742 2356 770 tamen
2383 739 2401 762 ¹⁴
2429 734 2477 770 ad

1418 785 1605 832 articulos,
1628 786 1694 822 etsi
1725 786 1935 822 diminuant
1963 787 2146 824 rationem
2174 787 2280 832 fidei,
2311 786 2399 835 quia
2424 786 2476 823 fa-

1418 838 1519 874 ciunt
1547 851 1630 875 esse
1659 851 1846 887 apparens
1865 839 1904 875 id
1932 839 2037 886 quod
2056 840 2298 890 proponitur3
2328 851 2405 876 non
2425 847 2476 875 ta-

1419 903 1507 927 men
1536 891 1750 927 diminuunt
1769 892 1955 927 rationem
1985 892 2156 938 caritatis,
2177 904 2244 940 per
2272 904 2386 940 quam
2409 904 2477 928 vo-

1418 944 1540 979 luntas
1570 951 1626 980 est
1653 952 1830 992 prompta
1859 944 1907 980 ad
1936 956 1979 980 ea
2002 951 2015 965 ν
2041 945 2272 981 credendum
2309 945 2421 981 etiam
2447 944 2477 980 si

1420 1008 1495 1032 non
1531 1004 1766 1044 apparerent.
1806 998 1854 1033 Et
1886 997 1973 1033 ideo
2012 1009 2089 1034 non
2127 997 2346 1034 diminuitur
2383 997 2476 1033 ratio

1420 1057 1554 1085 mer1t1.

1472 1103 1531 1138 An
1545 1113 1704 1138 TERTiuM
1725 1113 1907 1138 DICENDUM
1937 1102 2041 1149 quod
2070 1114 2114 1138 ea
2143 1114 2239 1150 quae
2268 1109 2479 1150 repugnant

1420 1155 1521 1202 fidei,
1543 1155 1622 1192 sive
1651 1154 1688 1191 in
1709 1154 2008 1191 consideratione
2037 1154 2201 1191 hominis
2220 1153 2231 1177 Ε
2251 1155 2331 1191 sive
2358 1155 2396 1191 in
2417 1165 2478 1190 ex-

1420 1208 1546 1244 teriori
1578 1208 1864 1256 persecutione,
1903 1207 2088 1244 intantum
2127 1215 2265 1255 augent
2301 1207 2477 1244 meritum

1420 1261 1508 1298 fidei
1529 1261 1754 1309 inquantum
1785 1261 1993 1298 ostenditur
2010 1262 2188 1298 voluntas
2212 1260 2331 1307 magis
2349 1272 2479 1309 prom-

1421 1321 1484 1361 pta
1513 1322 1549 1350 et
1576 1314 1687 1350 firma
1722 1313 1759 1350 in
1791 1314 1879 1351 fide.
1919 1315 1968 1351 Et
1995 1314 2082 1351 ideo
2110 1320 2295 1361 martyres
2319 1318 2332 1334 ⁰
2355 1313 2478 1350 maius

1421 1366 1510 1403 fidei
1537 1366 1715 1403 meritum
1744 1367 1959 1404 habuerunt
1992 1379 2070 1404 non
2105 1367 2323 1403 recedentes
2352 1378 2374 1402 a
2401 1365 2478 1403 fide

1420 1426 1575 1468 propter
1602 1419 1904 1467 persecutiones;
1938 1428 1975 1456 et
2002 1420 2113 1456 etiam
2141 1419 2330 1468 sapientes
2358 1419 2478 1455 maius

1421 1472 1597 1509 meritum
1626 1471 1716 1508 fidei
1740 1473 1882 1508 habent
1909 1485 1988 1509 non
2015 1473 2236 1509 recedentes
2255 1485 2277 1508 a
2296 1471 2373 1508 fide
2392 1483 2479 1519 pro·

1421 1533 1504 1573 pter
1541 1524 1705 1561 rationes
1746 1525 2064 1574 philosophorum
2100 1526 2163 1561 vel
2202 1524 2479 1562 haereticorum

1421 1586 1552 1615 contra
1579 1577 1698 1614 fidem
1727 1577 1910 1615 inductas.
1941 1578 2018 1615 Sed
2047 1590 2091 1615 ea
2120 1590 2218 1626 quae
2248 1577 2481 1614 conveniunt

1421 1631 1510 1668 fidei
1539 1643 1617 1667 non
1646 1642 1800 1679 semper
1819 1630 2034 1668 diminuunt
2052 1631 2392 1680 promptitudinem
2412 1643 2480 1667 vo-

1420 1683 1571 1721 luntatis
1599 1684 1648 1720 ad
1677 1684 1923 1721 credendum.
1954 1685 2002 1720 Et
2023 1684 2110 1721 ideo
2139 1696 2216 1721 non
2246 1695 2398 1732 semper
2425 1684 2484 1721 di«

1421 1737 1596 1774 minuunt
1623 1737 1799 1773 meritum
1828 1737 1930 1774 fidei.

1475 1867 1503 1902 μ)
1524 1872 1622 1893 tamen.
1640 1882 1659 1887 -
1677 1875 1729 1893 non
1749 1871 1836 1892 tamen
1855 1868 1908 1897 PD,
1927 1867 2048 1892 videlicet
2066 1867 2107 1892 ed.
2124 1874 2150 1897 α,
2168 1874 2221 1891 om.
2241 1867 2274 1891 G.

1474 1904 1498 1936 ν)
1517 1911 1556 1928 ea.
1575 1917 1594 1922 -
1613 1904 1641 1928 id
1659 1903 1850 1935 ABCFGfflpK
1869 1908 1895 1928 et
1913 1910 1960 1932 Ra,
1979 1910 2032 1927 om.
2052 1902 2148 1932 DEsK3
2168 1902 2177 1926 l
2197 1902 2257 1934 legit
2280 1901 2334 1926 hic.
2353 1902 2416 1933 quia
2433 1902 2480 1935 fa-

1420 1940 1494 1964 ciunt
1511 1946 1567 1964 esse
1585 1946 1718 1970 apparens
1737 1946 1788 1963 non
1809 1938 1960 1963 diminuunt
1979 1937 2108 1962 rationem
2127 1937 2249 1962 caritatis
2263 1944 2315 1968 per
2339 1944 2417 1968 quam
2436 1944 2482 1961 vo-

1420 1976 1509 1999 luntas
1527 1977 1567 1999 est
1580 1977 1708 2005 prompta
1724 1974 1760 2003 ad
1778 1973 1938 1998 credendum
1959 1973 1987 1997 id
1998 1973 2070 2005 quod
2087 1973 2110 1997 si
2129 1980 2180 1997 non
2199 1975 2312 2005 apparet
2331 1979 2382 1996 non
2402 1972 2479 1996 dimi-

1421 2010 1513 2034 nuitur
1530 2010 1602 2034 ratio
1613 2009 1691 2041 fidei.

1474 2043 1496 2078 Ε)
1516 2045 1638 2069 hominis.
1656 2058 1674 2063 —
1693 2044 1807 2069 rationis
1826 2044 1872 2069 sG.

1415 2085 1421 2091 “
1474 2080 1500 2113 ο)
1520 2083 1664 2113 martyres.
1682 2093 1702 2098 -
1719 2083 1745 2104 et
1764 2079 1855 2111 (etiam
1875 2079 1945 2111 PLR)
1966 2081 2099 2112 martyres
2118 2078 2262 2103 PEFILn.

981 2160 1311 2193 Commentaria
1335 2159 1584 2192 Cardinalis
1606 2159 1806 2192 Caietam

331 2251 352 2272 Ν
375 2241 508 2272 articulo
533 2240 668 2277 decimo,
692 2240 726 2270 in
750 2240 956 2281 responsione
980 2240 1020 2270 ad
1036 2240 1223 2285 secundum,
1240 2239 1365 2269 adverte

305 2253 422 2326 lquod
444 2284 582 2315 rau'ones
605 2294 688 2325 quae
706 2284 813 2315 induci
828 2291 965 2324 possunt
984 2283 1023 2314 ad
1050 2276 1269 2314 auctoritatem
1292 2282 1366 2313 fidei

301 2336 379 2360 sunt
398 2328 432 2359 in
448 2328 567 2368 duplici
582 2328 703 2359 ordine.
727 2329 811 2359 Nam
826 2329 984 2369 quaedam
1005 2328 1184 2378 procedunt
1199 2337 1236 2358 ex
1258 2328 1366 2358 amba-

302 2373 363 2404 bus
385 2379 440 2404 aut
462 2373 559 2403 altera
582 2372 752 2412 praemissa
775 2372 902 2403 credita.
941 2372 982 2402 Et
1003 2372 1081 2403 istae
1104 2381 1170 2402 non
1194 2372 1367 2402 ostendunt

302 2426 370 2448 non
393 2426 462 2447 esse
484 2415 683 2456 impossibile
716 2416 805 2456 quod
827 2415 861 2446 in
885 2414 948 2445 fide
977 2415 1168 2456 proponitur
1198 2415 1257 2446 nisi
1282 2415 1368 2456 apud

301 2459 421 2492 fideles.
446 2460 612 2497 Quaedam
634 2469 710 2490 vero
733 2459 911 2500 procedunt
933 2469 971 2489 ex
993 2459 1064 2490 solo
1078 2459 1200 2490 lumine
1222 2459 1366 2489 naturali.

302 2504 344 2536 Et
366 2505 443 2536 istae
466 2511 610 2545 respectu
635 2513 747 2534 eorum
771 2513 853 2544 quae
876 2509 951 2533 sunt
972 2502 1046 2533 fidei
1070 2513 1135 2533 non
1159 2502 1280 2533 faciunt
1304 2502 1367 2532 evi-

302 2547 458 2580 dentiam:
490 2549 544 2579 sed
575 2554 717 2588 respectu
748 2546 962 2588 possibilitatis
991 2546 1112 2587 logicae
1141 2556 1255 2577 eorum
1284 2556 1366 2586 quae

300 2599 378 2624 sunt
399 2592 472 2623 fidei
496 2592 615 2623 faciunt
638 2591 837 2622 evidentiam.
861 2591 956 2622 Verbi
978 2591 1086 2631 gratia,
1106 2590 1186 2621 ratio
1205 2590 1368 2631 metaphy-

303 2637 367 2668 sica
397 2631 526 2678 sumpta
550 2647 587 2667 ex
609 2637 693 2677 quod
715 2636 792 2676 quid
814 2641 861 2666 est
890 2635 1075 2670 accidentis,
1100 2641 1177 2675 puta
1211 2635 1299 2675 quod
1322 2641 1368 2665 est

301 2691 352 2714 res
375 2681 426 2712 cui
450 2681 581 2712 debetur
599 2690 666 2711 esse
681 2680 714 2710 in
731 2679 883 2715 subiecto,
901 2689 967 2709 non
986 2678 1123 2710 ostendit
1141 2678 1284 2708 accidens
1301 2688 1368 2708 esse

303 2724 370 2762 sine
393 2724 545 2762 subiecto,
565 2730 620 2755 aut
643 2723 757 2755 habere
779 2723 956 2764 potentiam
972 2722 1147 2753 naturalem
1163 2722 1203 2752 ad
1218 2731 1284 2752 esse
1300 2721 1367 2752 sine

302 2769 458 2800 subiecto:
483 2769 538 2800 sed
561 2767 699 2799 ostendit
721 2767 810 2808 quod
834 2777 899 2797 non
922 2765 1064 2807 implicat
1087 2766 1368 2797 contradictionem

302 2813 410 2854 ipsum
426 2823 493 2844 esse
508 2813 575 2843 sine
592 2812 744 2843 subiecto.
768 2812 809 2842 Et
825 2811 926 2842 simile
943 2818 989 2842 est
1005 2811 1043 2841 de
1071 2810 1148 2841 aliis.
1173 2810 1368 2841 Huiusmodi

1420 2246 1527 2270 autern
1551 2238 1835 2269 demonstrationes
1858 2238 1948 2267 valde
1971 2243 2106 2277 prosunt
2128 2236 2215 2267 fidei:
2241 2243 2271 2266 et
2293 2236 2400 2276 magni
2416 2246 2480 2266 me-

1420 2283 1470 2313 riti
1494 2290 1540 2313 est
1563 2292 1614 2312 eas
1638 2282 1755 2319 afferre,
1771 2282 1810 2311 ad
1827 2282 2029 2312 auferendam
2046 2281 2283 2311 insultationem
2300 2281 2478 2319 sapientum

1420 2328 1515 2358 huius
1538 2327 1665 2364 mundi,
1690 2333 1720 2357 et
1743 2326 1976 2366 reprimendam
1999 2335 2111 2356 eorum
2142 2325 2307 2355 audaciam
2329 2325 2384 2365 qui
2408 2334 2480 2364 pos-

1421 2371 1509 2402 sibile
1533 2378 1563 2402 et
1585 2370 1781 2411 impossibile
1805 2380 1864 2401 suo
1880 2369 2008 2410 ingenio
2032 2369 2134 2400 metiri
2154 2375 2371 2410 praesumunt,
2395 2368 2480 2398 infir-

1421 2425 1614 2456 morumque
1638 2421 1758 2445 mentes
1782 2414 1814 2444 in
1839 2413 1901 2444 fide
1923 2413 2103 2444 firmandas.

1476 2459 1511 2489 In
1527 2459 1659 2489 articulo
1675 2458 1799 2494 eodem,
1815 2458 1848 2488 in
1865 2457 2070 2498 responsione
2087 2447 2125 2487 ad
2140 2457 2302 2494 ultimum,
2318 2462 2479 2486 memento

1420 2502 1600 2533 dictorum'
1592 2512 1624 2532 in
1640 2501 1836 2542 praecedenti
1849 2501 1945 2532 Libro
1955 2501 1973 2521 *
1985 2501 2022 2531 de
2041 2501 2164 2537 merito,
2178 2507 2213 2531 ut
2226 2500 2380 2540 intelligas
2391 2500 2515 2540 quod·

1420 2546 1653 2586 persecutiones
1677 2552 1851 2586 martyrum
1871 2552 1902 2576 et
1924 2545 2060 2576 rationes
2081 2545 2347 2585 philosophorum
2372 2550 2479 2574 contra

1419 2589 1516 2620 fidem
1528 2599 1595 2620 non
1609 2595 1726 2629 augent
1737 2589 1887 2619 meritum
1898 2589 1958 2619 nisi
1973 2596 2108 2629 augeant
2119 2589 2326 2619 voluntatem.
2347 2588 2387 2618 Et
2398 2597 2478 2628 quo-

1421 2634 1506 2664 niam
1518 2643 1632 2673 magna
1644 2633 1805 2664 obstacula
1819 2639 1908 2669 sunt;
1928 2639 1968 2668 et,
1981 2633 2089 2663 ceteris
2105 2632 2242 2672 paribus,
2254 2632 2352 2662 virtus
2366 2638 2479 2671 potens

1421 2684 1529 2709 contra
1544 2687 1659 2717 magna
1677 2677 1830 2708 contraria
1845 2677 1947 2707 maior
1961 2683 2007 2707 est
2029 2687 2095 2707 non
2109 2682 2291 2716 superante:
2311 2676 2383 2706 ideo
2403 2675 2478 2706 dici·

1421 2730 1472 2752 tur
1487 2722 1519 2752 in
1535 2721 1636 2752 littera
1651 2722 1739 2762 quod
1754 2728 1870 2761 augent
1887 2721 2077 2761 inquantum
2098 2721 2269 2751 ostendunt
2282 2720 2479 2750 voluntatem

1421 2765 1520 2805 magis
1537 2772 1720 2806 promptam
1743 2773 1773 2796 et
1795 2764 1929 2795 firmam.
1953 2765 1993 2795 Et
2007 2765 2081 2805 quia
2105 2771 2178 2795 sunt
2203 2764 2300 2804 signa,
2316 2773 2383 2794 non
2407 2773 2477 2794 cau-

1422 2820 1472 2841 sae
1496 2810 1667 2850 augmenti,
1684 2816 1849 2850 propterea
1864 2809 2012 2839 dicuntur
2027 2818 2139 2848 augere
2156 2818 2220 2838 non
2236 2808 2295 2839 nisi
2312 2807 2477 2839 ostensive.

2531 2503 2580 2530 Qu.
2593 2508 2659 2530 συν,
2673 2507 2718 2525 art.
