2892 4056
0 7 20 575 *ww*
9 0 12 3 .

69 537 82 550 ²
95 535 152 558 naid.

71 848 81 858 ·
95 847 162 870 Ven-
177 853 206 869 21.

68 1163 163 1189 ’ναι
175 1164 198 1187 ⁶.

995 136 1260 183 QUAESTio
1289 135 1397 182 xlv,
1426 135 1720 172 ARTlcULUs
1750 136 1798 171 111

360 214 418 250 Ex
435 220 542 262 parte
561 225 655 250 vero
674 214 819 262 peccati
843 214 920 251 duo
941 222 1027 251 sunt
1050 227 1147 263 quae
1167 214 1366 251 hominem
1393 214 1395 216 ’

308 278 331 303 a
355 273 514 314 peccato
542 266 732 303 retrahere
760 274 931 315 possunt.
961 267 1138 314 Quorum
1166 279 1287 304 unum
1313 273 1368 302 est

306 317 534 356 inordinatio
564 326 599 355 et
626 319 819 367 turpitudo
847 328 964 365 actus,
987 320 1092 357 cuius
1117 318 1366 356 consideratio

307 371 488 408 inducere
507 372 603 408 solet
622 371 660 408 in
679 372 834 408 homine
851 372 1123 420 poenitentiam
1142 372 1190 408 de
1207 379 1367 420 peccato

309 422 529 461 commisso.
560 424 608 460 Et
637 432 767 462 contra
793 425 868 461 hoc
893 425 1048 473 ponitur
1076 425 1368 472 impoenitentia.-

308 489 388 514 non
414 476 570 524 quidem
590 488 636 512 eo
657 477 775 514 modo
796 489 874 525 quo
901 476 990 514 dicit
1006 477 1311 526 permanentiam
1331 476 1368 513 in

307 537 466 577 peccato
496 541 615 578 usque
645 529 694 566 ad
726 537 903 576 mortem,
923 529 1019 566 sicut
1046 541 1160 578 supra
1178 529 1197 551 '¹‘
1224 530 1369 578 impoe-

308 581 463 619 nitentia
491 582 746 630 accipiebatur
773 582 842 628 (sic
869 581 971 618 enim
990 594 1069 618 non
1089 590 1188 619 esset
1205 582 1367 631 speciale

307 643 529 683 peccatum,
559 635 626 672 sed
654 634 845 683 quaedam
875 634 1021 682 peccati
1054 634 1367 681 circumstantia);

308 687 376 724 sed
401 688 581 736 accipitur
599 685 611 708 ⁰
635 687 697 724 hic
718 686 1005 735 impoenitentia
1029 687 1240 724 secundum
1264 687 1370 736 quod

308 740 488 789 importat
514 739 754 789 propositum
777 751 856 776 non
874 739 1106 788 poenitendi.
1126 760 1150 767 -
1170 740 1284 777 Aliud
1304 752 1368 777 au-

309 801 386 830 tem
416 802 471 831 est
498 792 664 842 parvitas
699 801 736 828 et
767 791 933 828 brevitas
965 792 1056 829 boni
1084 792 1189 840 quod
1217 793 1302 841 quis
1329 793 1367 829 in

308 854 466 894 peccato
485 844 643 894 quaerit,
657 843 870 881 secundum
887 844 980 881 illud
998 845 1110 881 Rom.
1126 856 1161 881 vt
1180 844 1216 880 *ε
1251 846 1369 887 Quem

303 900 474 946 fructum
508 897 687 935 habuistis
714 902 721 918 ¹
754 897 791 933 in
825 897 957 945 quihus
994 909 1095 934 nunc
1126 897 1370 934 erubescitis?

310 952 418 989 cuius
433 949 684 988 consideratio
700 949 879 986 inducere
900 950 996 986 solet
1009 949 1208 986 hominem
1228 950 1277 986 ad
1295 950 1370 986 hoc
1396 946 1398 953 '

309 1003 416 1053 quod
430 1003 511 1040 eius
525 1003 702 1040 voluntas
716 1001 755 1039 in
769 1010 926 1050 peccato
942 1015 1020 1040 non
1034 1003 1217 1040 firmetur.
1234 1003 1283 1039 Et
1297 1003 1371 1039 hoc

309 1056 449 1098 tollitur
470 1067 540 1104 per
567 1055 874 1092 ohstinationem:
902 1056 1057 1104 quando
1085 1055 1226 1092 scilicet
1249 1056 1370 1092 homo
1397 1063 1398 1076 ¹

307 1109 436 1156 firmat
462 1120 576 1145 suum
598 1108 838 1157 propositum
858 1108 896 1145 in
914 1109 989 1145 hoc
1008 1108 1114 1157 quod
1131 1116 1289 1157 peccato
1318 1108 1372 1146 in-

309 1162 475 1199 haereat.
494 1181 519 1190 -·
539 1161 589 1198 Et
617 1161 663 1198 de
687 1161 745 1198 his
774 1161 926 1198 duobus
955 1161 1088 1198 dicitur
1108 1161 1369 1198 lerem.v1u*:

307 1214 448 1252 Nullus
463 1220 518 1251 est
539 1214 605 1262 qui
617 1220 712 1264 agat
719 1214 987 1262 poenitentiam
1000 1226 1113 1262 super
1120 1220 1276 1262 peccato
1290 1226 1371 1260 suo,

362 1343 387 1376 0)
405 1344 545 1376 accipitur.
563 1357 582 1363 --
598 1343 748 1375 accipiatur
766 1343 796 1368 P.

364 1381 382 1412 ι)
402 1379 540 1404 habuistis.
557 1393 576 1398 —
594 1379 621 1403 in
641 1379 692 1403 illis
712 1379 809 1404 addunt
827 1379 890 1409 Esx,
909 1382 973 1404 tunc
991 1379 1018 1404 in
1037 1379 1090 1404 illis
1107 1379 1205 1403 addunt
1224 1380 1271 1404 Pa.

2410 137 2478 171 115

1421 213 1556 257 dicens,
1591 213 1690 255 Quid
1704 212 1819 261 feci?
1845 220 2030 261 quantum
2059 212 2106 248 ad
2135 211 2320 260 primum;
2346 212 2481 248 Omnes

1421 266 1594 302 conversi
1605 272 1690 302 sunt
1704 266 1756 302 ad
1768 277 1920 303 cursum
1935 265 2044 314 quasi
2057 276 2172 312 equus
2186 264 2323 312 impetu
2342 265 2481 301 vadens

1421 319 1472 356 ad
1488 318 1700 366 praelium,
1725 326 1911 367 quantum
1935 317 1984 354 ad
2017 316 2242 354 secundum.

1474 373 1533 407 An
1558 383 1696 408 PRlMUM
1721 383 1819 408 ERGO
1843 382 2027 408 nlceunuu
2054 370 2160 418 quod
2187 377 2388 418 peccatum
2418 369 2481 406 de-

1394 429 1396 436 *
1421 424 1646 472 sperationis
1674 425 1734 460 vel
1769 423 2091 472 praesumptionis
2128 435 2208 460 non
2245 421 2412 458 consistit
2445 422 2482 458 in

1420 478 1496 514 hoc
1524 477 1629 524 quod
1658 477 1729 513 Dei
1757 476 1892 513 iustitia
1918 477 1981 513 vel
2012 474 2271 512 misericordia
2299 487 2378 511 non
2405 486 2483 510 cre-

1423 530 1551 567 datur:
1582 529 1650 566 sed
1678 529 1716 565 in
1743 529 1818 566 hoc
1846 529 1951 577 quod
1980 535 2245 566 contemnatur
2263 533 2291 563 ².

1475 584 1533 619 An
1557 594 1747 619 SECUNDUM
1776 594 1959 619 monimum
1987 581 2092 630 quod
2121 579 2323 618 obstinatio
2353 588 2389 616 et
2414 579 2483 616 im-

1422 635 1652 684 poenitentia
1670 647 1749 671 non
1776 635 1900 671 solum
1930 634 2109 671 differunt
2137 634 2348 670 secundum
2376 644 2484 681 prae-

1396 726 1397 731 ,
1422 688 1572 725 teritum
1601 695 1638 724 et
1665 688 1856 724 futurum:
1886 687 1954 724 sed
1973 686 2184 723 secundum
2204 685 2391 735 quasdam
2411 685 2484 722 for-

1396 760 1397 771 ι
1423 741 1543 778 males
1566 740 1734 777 vrationes
1763 752 1808 776 ex
1836 739 1987 776 diversa
2016 739 2319 776 consideratione
2348 750 2483 775 eorum

1423 805 1522 842 quae
1548 793 1586 829 in
1614 800 1771 841 peccato
1801 792 2030 829 considerari
2058 800 2238 840 possunt,
2267 800 2309 828 ut
2341 791 2483 828 dictum

1396 881 1398 886 ,
1425 854 1480 882 est
1498 845 1529 882 ³⁸.

1396 1003 1398 1018 A

1397 1029 1398 1043 l

1476 899 1536 934 An
1550 909 1710 944 rum-ium
1729 908 1913 934 mcENDUM
1932 897 2039 944 quod
2054 896 2211 944 gratiam
2231 904 2266 933 et
2285 896 2483 933 veritatem

1425 949 1596 986 Christus
1623 950 1710 986 fecit
1736 962 1804 997 per
1824 949 1926 986 dona
1947 949 2106 998 Spiritus
2135 949 2273 995 Sancti,
2300 961 2396 997 quae
2416 949 2484 985 ho-

1425 1002 1591 1039 minibus
1620 1002 1734 1039 dedit.

1477 1057 1536 1092 AD
1566 1066 1738 1096 QUARTUM
1766 1066 1950 1091 DiCENDuM
1974 1055 2079 1102 quod
2107 1055 2206 1090 nolle
2227 1054 2382 1091 obedire
2401 1065 2485 1101 per-

1424 1108 1516 1145 tinet
1543 1107 1592 1144 ad
1611 1107 1927 1153 obstinationem;
1956 1107 2143 1144 simulatio
2162 1106 2416 1155 poenitentiae
2436 1106 2485 1142 ad

1425 1160 1770 1219 impoenitentiam;
1791 1159 1956 1197 schisma
1970 1159 2018 1196 ad
2033 1159 2282 1196 invidentiam
2302 1160 2485 1196 fraternae

1397 1218 1399 1228 ⁴
1424 1213 1581 1262 gratiae,
1616 1226 1685 1262 per
1717 1225 1835 1261 quam
1868 1213 2044 1250 membra
2072 1212 2263 1249 Ecclesiae
2292 1212 2483 1248 uniuntur.

1478 1344 1504 1375 κ)
1523 1346 1717 1368 contemnatur.
1735 1357 1754 1362 —
1771 1344 1951 1368 contemnitur
1970 1344 2052 1368 me.

985 1449 1318 1489 Commentariis
1339 1449 1590 1481 Cardine-lis
1611 1448 1812 1481 Caietani

337 1538 360 1560 Ν
382 1527 515 1559 articulo
539 1526 690 1562 secundo,
715 1525 811 1556 simul
834 1536 909 1556 cum
931 1526 1138 1566 responsione
1162 1527 1202 1557 ad
1221 1526 1372 1558 ultimum

306 1540 435 1623 Iprimi
457 1570 591 1606 articuli,
614 1575 690 1600 nota
713 1570 812 1611 quod,
833 1580 907 1600 cum
931 1570 1044 1601 dicitur
1067 1578 1233 1621 peccatum
1254 1571 1286 1601 in
1303 1570 1372 1611 Spi-

306 1613 405 1646 ritum
428 1614 581 1646 Sanctum
596 1623 663 1644 esse
683 1614 817 1664 speciale
832 1623 932 1654 genus
947 1614 1066 1655 peccati
1088 1621 1119 1645 et
1139 1615 1299 1645 continere
1314 1615 1372 1645 sub

158 1663 168 1676 ⁸
219 1663 227 1674 ’·
241 1662 245 1673 ⁴¹
308 1669 342 1691 κ
365 1669 418 1690 sex
445 1659 564 1699 species
593 1668 675 1699 quae
705 1658 738 1688 in
769 1658 871 1688 littera
903 1659 1115 1695 declarantur,
1140 1669 1206 1689 non
1229 1659 1371 1699 intelligo

90 1680 103 1702 ξι
120 1687 175 1702 ,νων
202 1691 209 1700 ι

77 3367 86 3375 ·
111 3365 232 3388 bombard.
260 3372 287 3387 ex

76 3418 99 3430 *⁸
151 3423 286 3447 cu‚ven..3

308 1704 399 1746 quod
421 1703 460 1735 sit
482 1702 615 1743 proprie
633 1711 733 1742 genus
749 1712 854 1733 unum
867 1703 1029 1735 divisum
1020 1713 1054 1734 in
1070 1704 1127 1734 has
1141 1703 1274 1743 species:
1291 1713 1372 1744 quo-

309 1791 452 1824 eiusdem
474 1790 606 1831 generis,
632 1798 667 1822 ut
690 1797 776 1830 patet
799 1790 1012 1822 discurrendo.
1038 1792 1098 1822 Sed
1122 1792 1263 1832 intelligo
1285 1792 1374 1833 quod

309 1836 350 1868 sit
365 1845 468 1867 unum
484 1835 618 1876 speciale
634 1845 755 1875 genuss
750 1835 818 1865 ‘hoc
834 1842 889 1872 est,
903 1846 1075 1866 commune
1091 1837 1130 1866 ad
1147 1843 1244 1867 certas
1262 1843 1291 1867 et
1307 1846 1373 1866 non

309 1880 353 1911 ad
373 1889 486 1911 omnes
509 1885 713 1920 peccatorum
733 1879 852 1918 speeies
867 1889 899 1910 se
915 1881 1096 1911 extendens.
1120 1880 1192 1911 Hoc
1208 1880 1292 1911 enim
1309 1880 1373 1911 suf-

309 1923 375 1956 ficit
388 1924 508 1955 litterae
523 1924 656 1964 ponenti
671 1922 880 1954 differentiam
894 1925 975 1955 inter
990 1932 1156 1964 peccatum
1172 1925 1205 1954 in
1220 1925 1374 1965 Spiritum
1398 1927 1400 1965 J

309 1968 463 2001 Sanctum
485 1969 614 2009 quando
645 1974 691 1998 est
719 1967 872 2007 generalis
900 1969 1041 2000 conditio
1065 1976 1120 2000 aut
1142 1969 1375 2003 circumstantia

308 2013 466 2054 cuiusque
490 2012 626 2052 peccati;
651 2019 681 2043 et
704 2012 833 2052 quando
858 2020 904 2043 est
931 2013 1065 2053 speciale
1095 2021 1259 2054 peccatum
1288 2023 1374 2043 com-

311 2067 408 2105 niune
434 2064 468 2088 ut
490 2066 590 2096 genus
614 2057 654 2087 ad
677 2055 793 2087 multas
816 2057 946 2096 species.

361 2091 405 2131 'ln'
426 2101 540 2131 eodem
563 2100 704 2131 secundo
729 2099 870 2136 articulo,
895 2101 928 2131 in
944 2101 1150 2140 responsione
1166 2102 1206 2131 ad
1223 2101 1374 2141 primum,

311 2145 454 2176 advertas
477 2145 730 2185 desperationem
753 2153 819 2174 non
841 2145 1009 2175 consistere
1033 2145 1064 2175 in
1089 2155 1153 2175 non
1171 2146 1304 2181 credere,
1321 2146 1375 2175 sed
1400 2160 1402 2164 ·

289 2189 344 2227 'in
367 2196 570 2220 contemnere
597 2188 855 2220 misericordiam.
884 2190 925 2220 Et
948 2188 1049 2219 simile
1078 2196 1124 2220 est
1152 2190 1190 2220 de
1214 2200 1376 2230 praesum-

280 2269 286 2274 ¹
311 2233 422 2273 ptione
443 2240 586 2274 respectu
601 2233 748 2264 iustitiae.
772 2235 813 2265 Et
826 2233 860 2264 in
875 2241 1007 2276 tractatu
1024 2234 1062 2264 de
1079 2244 1135 2274 spe
1153 2234 1283 2265 inferius
1297 2234 1314 2253 *
1337 2235 1375 2264 de
1400 2239 1402 2243 ¹

225 2303 231 2310 .
311 2277 373 2308 hoc
396 2277 585 2309 tractabitur.

368 2321 406 2352 11.
430 2321 466 2352 In
489 2321 695 2361 responsione
717 2321 758 2351 ad
781 2321 959 2352 secundum
982 2321 1117 2352 dubium
1134 2322 1270 2353 occurrit
1285 2332 1321 2352 ex
1338 2333 1375 2352 eo

312 2366 410 2406 quod,
435 2365 507 2396 licet
529 2365 694 2405 turpitudo
710 2371 798 2395 actus
822 2372 853 2395 et
875 2365 1011 2406 parvitas
1026 2366 1104 2396 boni
1119 2366 1151 2396 in
1168 2373 1240 2397 actu
1257 2367 1374 2406 peccati

1423 1526 1598 1557 formaliter
1622 1526 1863 1566 distinguantur,
1889 1537 1955 1557 non
1978 1534 2052 1557 sunt
2075 1534 2180 1557 tamen
2205 1527 2326 1558 obiecta
2345 1534 2487 1567 peccato-

1397 1575 1399 1586 *
1424 1581 1496 1600 rum
1520 1580 1601 1611 quae
1621 1580 1717 1610 penes
1737 1581 1773 1600 ea
1793 1570 1943 1610 distingui
1968 1571 2124 1606 dicuntur,
2142 1571 2257 1601 scilicet
2278 1571 2486 1611 impoeniten-

1424 1614 1485 1645 tiae
1518 1622 1549 1645 et
1585 1614 1822 1648 obstinationis:
1857 1615 2011 1655 quoniam
2042 1614 2300 1655 impoenitentiae
2328 1615 2487 1646 obiectum

1398 1678 1399 1692 2
1424 1659 1558 1689 abiectio
1575 1666 1622 1689 est
1640 1659 1867 1699 poenitentiae;
1892 1666 1922 1690 et
1945 1659 2166 1689 obstinationis
2183 1660 2343 1690 obiectum
2360 1667 2406 1690 est
2422 1669 2486 1689 ma-

1398 1743 1399 1746 *
1424 1704 1493 1734 lum
1516 1704 1553 1733 in
1573 1713 1639 1743 quo
1663 1703 1734 1744 quis
1757 1703 1892 1733 intendit
1914 1703 2087 1742 persistere.

308 1758 396 1799 mm
419 1746 610 1789 differentiae
633 1747 854 1778 constitutivae
861 1747 1002 1778 illarum
1025 1748 1202 1787 specierum
1217 1757 1282 1778 non
1300 1755 1374 1778 sunt
1398 1750 1399 1766 ἶ

1479 1748 1531 1777 Ad
1552 1747 1614 1778 hoc
1638 1747 1752 1778 dicitur
1774 1748 1862 1788 quod
1887 1747 1960 1778 satis
1978 1747 2038 1778 fuit
2053 1747 2185 1778 Aucton'
2200 1757 2317 1787 ponere
2333 1748 2487 1788 quasdam

1425 1792 1561 1822 diversas
1588 1791 1724 1822 rationes
1749 1791 1898 1822 formales
1921 1792 2037 1832 quibus
2056 1792 2132 1822 haec
2157 1791 2394 1831 distinguuntur
2417 1801 2487 1832 pec-

1425 1842 1508 1871 cata;
1526 1845 1584 1866 nec
1600 1836 1742 1876 oportuit
1758 1846 1876 1876 ponere
1893 1836 2046 1876 cuiusque
2063 1836 2230 1876 proprium
2249 1836 2408 1866 obiectum
2425 1835 2487 1866 for-

1426 1880 1517 1910 male.
1542 1879 1583 1910 Et
1605 1880 1684 1910 ratio
1709 1886 1755 1910 est
1777 1880 1851 1920 quia
1874 1879 1924 1910 hic
1948 1890 2014 1910 non
2037 1887 2185 1910 tractatur
2208 1880 2247 1910 de
2269 1880 2335 1910 istis
2354 1880 2487 1920 peccatis

1425 1924 1579 1959 absolute,
1604 1924 1658 1953 sed
1682 1931 1717 1954 ut
1740 1931 1814 1955 sunt
1837 1930 1964 1963 peccata
1980 1924 2013 1954 in
2029 1924 2182 1964 Spiritum
2202 1924 2362 1955 Sanctum.
2388 1925 2431 1955 Ut
2445 1924 2487 1954 sic

1425 1975 1532 1999 autern
1557 1968 1792 2002 constituuntur
1814 1978 1870 2008 per
1891 1975 2112 2008 contemptum
2133 1968 2359 1999 retrahentium
2379 1979 2396 1998 a
2417 1978 2487 2008 pec-

1427 2020 1506 2043 cato.
1531 2012 1572 2042 Et
1595 2019 1761 2052 propterea
1784 2012 1960 2042 secundum
1985 2012 2194 2042 diversitatem
2214 2012 2380 2042 formalem
2396 2019 2487 2043 retra-

1399 2059 1400 2063 ’
1427 2056 1570 2087 hentium
1595 2067 1613 2086 a
1637 2063 1767 2096 peccato
1790 2056 1946 2096 assignata
1970 2063 2015 2086 est
2039 2056 2210 2086 differentia
2233 2057 2359 2087 horum.
2379 2073 2400 2080 —
2423 2057 2488 2087 Nec

1427 2107 1532 2131 tamen
1556 2100 1742 2130 huiusmodi
1767 2100 1943 2131 distinctiva
1965 2100 2060 2140 longe
2084 2108 2157 2131 sunt
2180 2101 2218 2130 ab
2234 2100 2373 2131 obiectis.
2399 2101 2487 2138 Quo—

1427 2145 1513 2175 niam
1537 2144 1807 2184 impoenitentiae
1826 2144 1971 2180 materia,
1996 2144 2020 2174 si
2045 2145 2156 2175 eadem
2184 2152 2230 2175 est
2258 2155 2331 2175 cum
2360 2145 2488 2175 materia

1400 2188 1402 2218 ἓ
1427 2189 1639 2229 poenitentiae
1663 2189 1737 2229 quia
1758 2189 1838 2219 circa
1853 2189 1938 2218 idem
1954 2189 2108 2219 contraria
2124 2195 2206 2224 sunt,
2222 2189 2386 2228 turpitudo
2401 2196 2488 2219 actus

1428 2241 1490 2264 est:
1515 2233 1681 2273 poenitens
1701 2233 1785 2263 enim
1809 2232 2039 2272 turpitudinem
2062 2233 2231 2264 detestatur
2250 2240 2337 2264 actus
2360 2233 2487 2273 peccati.

1428 2278 1613 2309 obstinatus
1637 2287 1782 2318 quoque,
1806 2277 1972 2307 intendens
1996 2277 2157 2317 persistere
2180 2277 2212 2307 in
2236 2277 2332 2314 malo,
2356 2278 2489 2308 intendit

1427 2322 1540 2362 procul
1563 2321 1661 2352 dubio
1685 2321 1717 2351 in
1742 2321 1891 2361 parvitate
1915 2327 1946 2351 et
1968 2321 2116 2352 brevitate
2143 2321 2219 2351 boni
2244 2321 2432 2352 delectabilis
2456 2322 2487 2351 in

1429 2373 1500 2397 actu
1524 2366 1643 2406 peccati
1666 2366 1837 2405 persistere.

1114 2500 1430 2542 ARTICULUS
1458 2500 1686 2542 TERTIUS

720 2583 874 2614 UTRUM
898 2583 1136 2614 PECCATUM
1160 2583 1202 2613 ιΝ
1227 2583 1429 2614 SPIRITUM
1452 2582 1661 2613 SANCTUM
1685 2581 1752 2613 sir
1777 2583 2082 2614 IRREMISSIBILE

418 2661 486 2687 Part.
504 2661 544 2690 111.
564 2668 608 2693 qu.
626 2669 724 2691 LxxxVI,
744 2666 790 2686 art.
810 2660 835 2692 3,
854 2662 886 2685 ad
906 2668 930 2692 2,
951 2661 981 2691 3;
1000 2662 1020 2686 11
1038 2661 1122 2690 Sene„
1141 2661 1200 2686 dist.
1218 2669 1287 2692 mu,
1307 2666 1353 2685 art.
1371 2669 1389 2692 4
1396 2669 1403 2692 ;
1423 2661 1464 2686 De
1482 2661 1574 2690 Verit„
1596 2669 1642 2693 qu.
1659 2668 1729 2691 xxiv,
1749 2666 1794 2686 art.
1819 2669 1856 2692 ιι,
1876 2662 1907 2685 ad
1927 2669 1957 2693 7;
1978 2661 2018 2686 De
2037 2661 2121 2690 Malo,
2141 2669 2184 2693 qu.
2204 2669 2247 2693 ni,
2267 2668 2314 2686 art.
2337 2661 2381 2691 153

846 2705 943 2735 Quodl.
961 2705 990 2736 11,
1009 2713 1052 2737 qu.
1071 2713 1126 2736 vm,
1146 2711 1191 2729 art.
1215 2713 1235 2735 ις
1256 2705 1286 2729 In
1306 2705 1412 2734 Matth.,
1432 2713 1490 2737 cap.
1506 2713 1557 2736 ¹115
1575 2705 1619 2730 Ad
1637 2705 1724 2735 Rom„
1743 2713 1798 2738 cap.
1816 2713 1844 2736 n,
1863 2706 1922 2731 lect.
1939 2713 1958 2730 1.

430 2794 485 2821 ss
498 2802 499 2805 ¹
526 2786 723 2812 DTERTIUM
742 2787 796 2812 Sic
814 2786 1054 2812 PROCEDlTUR.
1082 2775 1240 2812 Videtur
1268 2775 1374 2824 quod

342 2806 725 2896 Apeccatum
754 2828 792 2865 in
821 2828 1003 2876 Spiritum
1028 2829 1209 2865 Sanctum
1229 2840 1308 2865 non
1328 2829 1374 2865 sit

332 2882 374 2928 'ly
392 2897 447 2914 xv
474 2887 496 2921 (

526 2880 792 2917 irremissibile.
821 2881 920 2918 Dicit
949 2881 1051 2917 enim
1070 2881 1343 2929 Augustinus,
1335 2894 1373 2918 ιιι

334 2927 346 2938 ”
371 2901 494 2965 c⁶⁵3³)
484 2926 621 2970 libro
640 2934 686 2970 de
715 2935 822 2971 Verb.
843 2935 956 2970 Dom.
978 2934 1012 2970 *ε
1041 2935 1101 2970 De
1120 2934 1221 2970 nullo
1249 2934 1374 2982 despe-

281 3014 286 3018 .
313 2986 475 3022 randum
504 2991 558 3022 est
583 2987 749 3034 quandiu
770 2987 952 3035 patientia
985 2987 1142 3023 Domini
1167 2988 1218 3029 ad
1241 2988 1373 3035 poeni-

313 3038 464 3074 tentiam
493 3038 653 3075 adducit.
694 3039 769 3076 Sed
798 3039 828 3076 si
857 3039 1010 3088 aliquod
1042 3047 1241 3088 peccatum
1277 3047 1374 3076 esset
1399 3054 1401 3072 ι

272 3107 277 3110 -
313 3090 582 3138 irremissibile,
603 3098 701 3128 esset
719 3092 766 3128 de
787 3091 912 3140 aliquo
942 3100 1143 3140 peccatore
1171 3093 1374 3141 desperan-
1399 3106 1400 3116 ³

314 3144 420 3180 dum.
450 3144 552 3191 Ergo
581 3152 780 3192 peccatum
809 3145 847 3181 in
877 3145 1058 3193 Spiritum
1088 3146 1269 3182 Sanctum
1295 3157 1373 3182 non

315 3204 370 3233 est
398 3196 663 3233 irremissibile.

313 3313 382 3350 per
409 3302 483 3339 hoc
511 3303 616 3352 quod
645 3302 773 3339 anima
801 3311 953 3339 sanatur
981 3315 1003 3339 a
1030 3303 1128 3340 Deo.
1159 3303 1234 3340 Sed
1254 3305 1372 3341 omni-

310 3355 453 3403 potenti
469 3355 611 3392 medico
631 3355 754 3392 nullus
773 3355 990 3392 insanabilis
1008 3356 1173 3406 languor
1191 3357 1372 3394 occurrit.-
1399 3380 1400 3384 ,

314 3407 409 3445 sicut
429 3407 515 3445 dicit
531 3408 691 3445 Glossa’?
706 3420 820 3458 super
837 3407 929 3445 illud
948 3403 1088 3446 Psalm.
1104 3409 1154 3445 **.
1179 3409 1253 3450 Qui
1265 3416 1376 3446 sanat

1427 2787 1555 2812 omnes
1583 2776 1816 2823 infirmitates
1843 2782 1936 2812 tuas.
1966 2777 2068 2823 Ergo
2096 2785 2296 2824 peccatum
2315 2777 2353 2814 in
2374 2777 2486 2825 Spiri-

1425 2836 1507 2865 tum
1538 2829 1719 2865 Sanctum
1748 2841 1825 2865 non
1856 2837 1910 2865 est
1938 2829 2201 2866 irremissibile.

1482 2883 1516 2918 3.
1547 2882 1786 2927 PRAETEREA,
1817 2882 1975 2918 liberum
2005 2882 2199 2918 arbitrium
2227 2894 2268 2918 se
2295 2883 2411 2919 habet
2438 2883 2487 2920 ad

1427 2935 1573 2970 bonum
1604 2942 1639 2970 et
1667 2935 1715 2971 ad
1744 2935 1899 2971 malum.
1931 2935 2008 2971 Sed
2036 2935 2206 2983 quandiu
2235 2935 2345 2971 durat
2370 2944 2486 2972 status

1425 2987 1524 3033 viae,
1544 2995 1668 3035 potest
1687 2987 1820 3035 aliquis
1840 3000 1861 3024 a
1881 2999 2122 3036 quacumque
2140 2987 2277 3024 virtute
2299 2989 2485 3035 excidere,

1428 3052 1516 3076 cum
1546 3040 1658 3076 etiam
1688 3041 1842 3088 angelus
1871 3040 1918 3077 de
1948 3041 2052 3077 caelo
2078 3041 2272 3077 ceciderit:
2302 3041 2404 3078 unde
2434 3041 2487 3078 di-

1428 3093 1521 3129 citur
1548 3094 1618 3130 Iob
1637 3105 1672 3129 1v
1686 3093 1720 3129 ss:
1750 3093 1796 3129 In
1825 3093 1971 3143 angelis
1992 3094 2069 3130 suis
2087 3093 2225 3141 reperit
2235 3094 2486 3142 pravitatem:

1426 3151 1564 3194 quanto
1598 3146 1722 3195 magis
1755 3147 1820 3194 qui
1850 3147 2020 3183 habitant
2044 3147 2174 3183 domos
2208 3146 2356 3183 luteas?
2384 3148 2484 3194 Ergo

1399 3194 1401 3201 ¹
1426 3199 1508 3247 pari
1535 3198 1678 3235 ratione
1707 3206 1830 3246 potest
1858 3198 1992 3246 aliquis
2011 3211 2033 3235 a
2054 3211 2299 3246 quocumque
2328 3208 2484 3247 peccato

369 3261 403 3286 2.
425 3250 658 3296 PRAETEREA,
684 3250 830 3286 nullum
857 3258 1058 3298 peccatum
1088 3250 1284 3289 remittitur
1302 3251 1372 3288 nisi
1399 3253 1400 3257 ’

1426 3252 1475 3289 ad
1503 3259 1642 3288 statum
1660 3251 1819 3288 iustitiae
1838 3252 1973 3291 redire.
2003 3252 2105 3300 Ergo
2126 3260 2324 3300 peccatum
2345 3252 2382 3288 in
2403 3252 2486 3300 Spi-

1427 3305 1540 3342 ritum
1570 3305 1751 3341 Sanctum
1780 3316 1859 3341 non
1888 3312 1943 3342 est
1970 3305 2236 3342 irremissibile.

1481 3358 1554 3394 SED
1575 3369 1721 3394 CONTRA
1739 3369 1804 3394 EST
1832 3357 1936 3406 quod
1966 3357 2098 3395 dicitur
2125 3358 2258 3394 Matth.
2279 3369 2326 3394 xu
2345 3357 2379 3393 *z
2414 3357 2487 3398 Qui

1398 3406 1400 3457 J
1425 3410 1563 3447 dixerit
1587 3411 1743 3447 verbum
1772 3416 1904 3447 contra
1925 3411 2102 3459 Spiritum
2123 3411 2312 3455 Sanctum,
2334 3421 2407 3446 non
2427 3422 2484 3446 re-

2511 847 2522 857 *
2536 846 2561 868 In
2576 852 2681 874 corpore.

2515 3109 2522 3116 ·
2540 3106 2604 3128 Vers.
2620 3108 2654 3133 18,
2670 3113 2702 3134 ¹9-

2513 3366 2521 3374 ·
2537 3365 2602 3387 Vers.
2616 3371 2649 3393 32.
