2892 4056
0 2472 5 2477 ν
0 2402 14 2469 uvam«
0 2379 9 2398 -m

0 2674 24 3310 xmfflwwmwv
0 2528 4 2560 “·

2434 183 2469 206 XI

429 250 485 311 L)
519 253 751 294 Vaticanus
788 265 868 306 741
909 266 1018 293 saec.
1051 265 1123 300 xv,
1157 252 1355 292 foliorum
1389 253 1500 304 337,
1534 252 1683 291 ultimo
1718 251 1817 291 albo
1852 264 1939 291 non
1973 256 2301 298 connumerat03
2335 251 2473 304 primo

304 316 374 357 fol.
399 316 552 356 rubro:
585 315 742 368 Incipit
762 315 972 368 prologus
991 327 1155 354 summe
1174 313 1342 366 fratris
1373 313 1536 360 thomos
1569 314 1611 353 in
1634 314 1770 366 prima
1790 313 1927 353 littera
1959 318 2100 353 textus
2122 312 2259 366 pictus
2293 318 2358 352 est
2379 313 2473 352 Do-

305 377 540 418 'minicanus
575 389 671 416 curn
704 377 889 423 aureola,
914 375 1062 415 dextra
1082 374 1214 414 lilium
1247 374 1414 414 sinistra
1436 374 1659 414 ecclesiam
1692 380 1890 428 portans;
1924 380 2064 414 textus
2095 373 2237 413 finitur
2269 374 2338 414 fol.
2363 375 2475 425 329;

305 438 517 492 sequitur:
551 438 767 491 Incipiunt
796 437 984 491 capitula
1015 435 1196 475 secunde
1228 435 1374 489 partis
1404 435 1583 475 secundi
1611 436 1714 475 libri
1750 449 1916 475 summe
1948 435 2056 476 edite
2088 449 2115 475 a
2137 434 2290 489 fratre
2330 435 2475 475 thoma

305 499 358 541 de
388 499 546 552 aquino
587 499 749 539 ordinis
782 497 1128 552 predicatormm
1159 503 1259 550 post
1297 496 1479 536 indicem
1523 497 1671 537 rubro:
1706 497 1850 536 Finito
1892 497 1998 536 libro
2039 497 2097 536 sit
2126 496 2223 536 lans
2255 499 2298 536 et
2331 496 2476 548 gloria

305 560 474 601 christo.
511 561 810 601 Correctiones
844 571 979 612 paene
1013 556 1148 597 nullas
1181 557 1321 598 habet.

337 664 355 678 l
431 622 644 675 Perpetuo
677 621 743 661 usi
775 633 923 660 sumus
957 618 1143 658 editione
1176 619 1287 659 Petri
1316 618 1557 659 Schoiffher
1590 619 1687 659 anni
1729 621 1854 672 1467,
1880 632 2009 672 quam
2037 619 2150 659 Hain
2184 619 2263 658 sub
2298 630 2476 658 numero

314 681 673 737 1459srecenset;
707 681 816 735 sigla
848 694 876 720 a
910 680 1193 734 distinguitur.

436 744 620 785 Codices
653 742 848 783 Vaticani
882 755 993 795 quos
1027 741 1160 781 modo
1194 741 1496 788 recensuimus,
1531 742 1585 781 ab
1619 755 1705 781 uno
1740 741 1991 796 apographo
2026 741 2204 789 oriundi,
2241 754 2390 781 omnes
2424 741 2478 780 ad

307 821 436 848 unam
469 805 668 846 familiam
700 804 921 858 pertinent.
957 803 1054 842 Hoc
1079 802 1298 842 evidenter
1329 803 1513 856 probant
1545 803 1677 842 semel
1702 808 1925 855 corruptae
1957 803 2224 856 singulorum
2246 803 2478 842 verborum

307 867 687 922 interpretationeS,
712 865 868 918 aliique
891 863 1089 917 quamvis
1113 864 1245 905 multo
1269 864 1491 917 pauciores
1516 877 1679 903 errores
1704 864 1776 917 qui
1799 863 2065 903 librariorum
2087 869 2305 911 vocantur,
2341 863 2478 903 omni-

308 930 390 970 bus
413 928 634 969 codicibus
657 938 926 973 communes3
962 931 1002 965 et
1024 925 1186 972 iterum,
1217 925 1289 964 ubi
1313 938 1429 964 error
1451 938 1537 964 non
1562 925 1802 965 communis
1825 930 1890 964 est
1911 924 1988 964 sed
2011 925 2052 964 in
2076 925 2288 977 aliquibus
2316 925 2478 964 solum-

309 990 442 1031 modo
461 989 651 1036 occurrit,
677 993 915 1028 ceterorum
937 986 1142 1026 lectiones
1165 986 1288 1026 nimis
1305 986 1508 1039 dispares,
1531 999 1641 1039 quae
1666 999 1762 1026 cum
1786 999 1927 1025 errore
1951 991 2220 1039 comparatae
2243 985 2343 1025 nihil
2366 985 2479 1025 aliud

308 1065 403 1092 esse
431 1056 636 1105 apparent
668 1049 747 1089 nisi
770 1049 889 1088 varia
912 1047 1152 1103 corrigendi
1185 1048 1427 1095 tentamina,
1463 1061 1560 1087 cum
1582 1047 1780 1087 indubias
1804 1047 2140 1100 interpolationis
2170 1053 2294 1086 notas
2317 1042 2479 1086 tantum

246 1147 248 1149 ,
309 1127 396 1154 non
436 1125 605 1165 semper
636 1124 737 1164 prae
771 1123 817 1150 se
850 1109 994 1150 serant.
1050 1110 1218 1149 Horum
1252 1122 1462 1156 errorum,
1498 1115 1539 1148 et
1572 1108 1864 1148 communium
1898 1114 1939 1148 et
1979 1108 2342 1161 qualitercumque
2386 1121 2479 1147 cor-

309 1180 543 1222 rectorum,
578 1172 681 1212 satis
715 1185 916 1227 magnam
956 1170 1268 1211 multitudinem
1302 1170 1630 1210 observavimus
1664 1176 1710 1210 ut
1744 1169 1796 1209 de
1831 1169 1996 1224 origine
2031 1183 2084 1209 ex
2116 1183 2203 1209 uno
2238 1169 2479 1222 eodemque

308 1225 789 1290 apographodubitare
823 1246 910 1272 non
945 1231 1193 1272 concedant.
1228 1232 1668 1272 Numeruserrorum
1707 1231 1830 1285 primi
1865 1231 2020 1271 librarii
2055 1231 2346 1270 communium
2374 1230 2481 1270 forte

259 1312 262 1313 ⁷
302 1296 450 1338 tantus
475 1309 562 1336 non
585 1301 649 1335 est
671 1300 856 1348 quantus
880 1307 1029 1334 eorum
1052 1306 1163 1346 quos
1196 1299 1283 1333 tam
1310 1293 1437 1333 variis
1471 1292 1612 1333 modis
1646 1293 1859 1347 corrigere
1892 1298 2142 1332 attentatum
2177 1298 2256 1339 est;
2291 1291 2367 1331 sed
2400 1291 2482 1331 hoc

310 1358 469 1399 nemini
492 1358 645 1398 mirum
667 1356 872 1396 videatur.
928 1355 1040 1394 Fieri
1062 1367 1165 1394 sane
1188 1367 1274 1394 non
1308 1354 1446 1407 potuit
1467 1360 1513 1393 ut
1535 1353 1692 1394 menda
1724 1354 1846 1407 primi
1876 1353 2111 1408 apographi
2140 1354 2182 1393 in
2211 1353 2300 1394 eius
2324 1352 2482 1392 descri-

309 1419 529 1474 ptionibus
572 1417 731 1457 nedum
775 1415 940 1462 omnia,
974 1415 1203 1455 maximam
1242 1421 1405 1468 partem
1438 1415 1593 1454 intacta
1635 1415 1953 1467 incorrectaque
1992 1414 2304 1468 perdurassent.
2361 1415 2483 1467 Opus

310 1480 424 1521 enim
448 1478 567 1532 quod
599 1491 700 1532 prae
733 1477 930 1518 manibus
963 1476 1184 1523 habemus,
1219 1490 1307 1516 non
1340 1477 1583 1523 obscurum,
1619 1489 1706 1516 non
1737 1476 1989 1530 neglectum,
2025 1475 2102 1515 sed
2126 1475 2326 1515 diffusum
2360 1475 2484 1515 simul

310 1554 360 1583 ac
393 1546 555 1588 natum,
589 1539 831 1586 lectitatum,
868 1538 1105 1578 admirabili
1138 1551 1216 1577 sua
1250 1537 1503 1578 excellentias
1529 1537 1749 1577 studiosos
1791 1537 1973 1577 lectores
2006 1536 2060 1576 ad
2094 1550 2140 1576 se
2173 1550 2198 1576 a
2231 1536 2483 1589 scriptorum

311 1601 478 1644 mendis
511 1600 816 1641 vindicandum
849 1599 1068 1640 alliciebat.
1124 1600 1180 1639 Et
1207 1599 1267 1639 s'ic
1301 1599 1414 1639 idem
1447 1598 1550 1639 illud
1583 1599 1774 1639 accidere
1807 1598 1955 1638 debuit
1982 1598 2101 1651 quod
2135 1597 2203 1637 illa
2236 1603 2372 1637 aetate
2396 1610 2484 1637 rem

311 1663 497 1705 criticam
530 1662 758 1718 agentibus
785 1674 955 1715 semper
976 1660 1182 1701 accidisse
1204 1666 1354 1701 notum
1378 1666 1458 1700 est:
1495 1673 1548 1700 ex
1570 1674 1655 1700 una
1683 1666 1812 1714 parte,
1837 1659 1938 1713 quia
1966 1659 2220 1699 correctoria
2252 1672 2403 1698 manus
2431 1658 2484 1698 ad

312 1738 479 1766 errores
501 1724 630 1778 paulo
654 1723 908 1764 occultiores
930 1736 1025 1763 raro
1048 1722 1259 1776 pertingit,
1283 1722 1415 1762 immo
1444 1734 1496 1761 ne
1520 1722 1728 1762 manifesti
1753 1721 1927 1775 quidem
1961 1727 2001 1761 et
2025 1720 2142 1760 obvii
2177 1733 2327 1760 omnes
2350 1720 2484 1759 anim-

312 1787 602 1834 advertuntur,
627 1786 668 1825 in
696 1785 897 1825 omnibus
920 1784 1036 1824 libris
1063 1797 1226 1824 errores
1258 1783 1360 1823 satis
1388 1783 1507 1823 multi
1530 1789 1750 1831 remanent
1772 1789 1818 1822 ut
1839 1782 2019 1822 familiae
2043 1782 2247 1821 unitatem
2271 1781 2484 1829 evincant;

313 1862 367 1889 ex
399 1848 480 1888 alia
511 1860 616 1887 vero
650 1852 780 1901 parte,
816 1846 916 1900 quia
949 1851 1210 1886 correctores
1243 1845 1417 1898 proprio
1452 1851 1584 1885 marte
1619 1850 1660 1884 et
1692 1857 1772 1884 suo
1798 1844 1980 1897 quisque
2013 1839 2186 1897 ingenio
2210 1840 2322 1882 ducti
2357 1842 2486 1882 corri-

312 1910 493 1966 gebant,
530 1908 835 1949 dissimillimae
858 1907 1165 1947 Vaticanorum
1200 1907 1397 1946 codicum
1436 1906 1641 1946 lectiones
1674 1906 1796 1946 fictae
1831 1911 1872 1945 et
1905 1904 2203 1958 multiplicatae
2242 1909 2351 1951 sunt,
2376 1916 2486 1956 quae

312 1971 406 2026 ipsa
446 1984 525 2011 sua
558 1970 802 2024 disparitate
845 1969 1049 2009 terminos
1091 1968 1364 2008 intemeratae
1399 1967 1695 2021 descriptionis
1727 1964 1946 2007 ‘excedere
1979 1965 2198 2013 videntur,
2234 1971 2275 2005 et
2307 1978 2487 2018 quarum

313 2031 574 2079 testimonio,
598 2045 694 2072 cum
717 2030 973 2084 primordius
1008 2043 1125 2070 error
1149 2029 1305 2069 librarii
1339 2029 1559 2069 evidenter
1586 2029 1811 2082 perluceat,
1845 2027 2026 2068 familiae
2049 2027 2187 2067 unitas
2216 2026 2487 2070 nihilominus

315 2107 396 2135 con
453 2098 602 2134 matur.

439 2155 649 2208 Reliquae
684 2153 881 2194 codicum
914 2153 1141 2200 varietatis,
1177 2152 1277 2205 quia
1309 2152 1423 2192 nulla
1455 2151 1603 2206 regula
1636 2151 1885 2197 continetur,
1921 2150 2095 2190 scientia
2128 2149 2207 2189 nisi
2237 2149 2278 2188 in
2301 2148 2487 2202 generali

315 2217 461 2258 haberi
495 2216 654 2269 nequit.
695 2215 767 2256 Sic
800 2221 942 2255 tamen
975 2220 1147 2268 aspecta
1180 2214 1363 2254 varietas
1396 2213 1451 2253 ad
1484 2213 1682 2252 fortuitos
1717 2225 1840 2252 casus
1869 2211 1942 2264 qui
1984 2211 2251 2265 singulorum
2284 2210 2488 2249 librorum

315 2278 593 2332 scriptoribus
617 2277 861 2317 acciderunt
893 2275 1135 2316 reducenda
1169 2281 1245 2323 est,
1279 2281 1320 2315 et
1342 2287 1546 2328 magnam,
1578 2274 1703 2314 etiam
1737 2279 1899 2327 partem
1928 2273 2106 2312 debetur
2129 2271 2363 2325 castigandi
2390 2284 2489 2324 pru-

317 2336 411 2380 ritui
445 2352 533 2392 quo
567 2344 829 2378 correctores
862 2337 1047 2385 abducti,
1081 2343 1247 2390 praeter
1269 2349 1433 2376 errores
1456 2349 1596 2383 veros,
1633 2335 1758 2375 etiam
1791 2334 2008 2388 putativos
2033 2334 2074 2373 in
2097 2332 2306 2386 quidquid
2339 2332 2489 2372 melius

317 2400 548 2456 legendum
593 2405 634 2439 et
666 2399 804 2452 aptius
838 2398 996 2439 dictum
1031 2398 1320 2446 credidissent,
1354 2411 1431 2451 pro
1465 2410 1544 2437 sua
1576 2397 1759 2450 quisque
1793 2395 1948 2435 fiducia
1982 2401 2023 2434 et
2055 2394 2221 2434 licentia
2257 2394 2488 2433 mutabant.

316 2462 421 2503 Ideo
454 2460 690 2516 generatim
722 2460 893 2500 fortuita
925 2466 998 2499 aut
1028 2460 1183 2500 factitia
1217 2459 1398 2499 dicenda
1420 2464 1501 2506 est;
1536 2458 1803 2512 singulorum
1838 2457 2104 2497 deviationes
2139 2455 2396 2508 conspiratio
2421 2468 2489 2494 ce—

317 2529 506 2565 terorum
540 2522 728 2562 destruit.
914 2572 918 2573 ⁷

414 2619 417 2621 .
442 2584 632 2624 Primum
653 2582 950 2637 apographum
978 2581 1159 2622 familiae
1182 2587 1317 2634 caput,
1341 2586 1468 2634 prout
1491 2593 1544 2620 ex
1567 2579 1764 2620 codicum
1795 2579 2021 2619 collatione
2044 2578 2269 2632 integrum,
2295 2590 2488 2630 compre-

276 2660 280 2662 *
318 2645 461 2688 hensis
496 2644 675 2691 mendis,
699 2643 921 2684 restaurari
954 2648 1107 2696 potest,
1133 2643 1182 2682 iis
1207 2642 1381 2682 maculis
1409 2655 1496 2681 non
1524 2641 1795 2682 obstantibus
1824 2640 2085 2694 praeclarum
2115 2639 2332 2692 exemplar
2360 2638 2489 2678 fuisse

318 2713 505 2762 apparet.
528 2707 732 2747 Attamen
755 2705 808 2746 ad
831 2705 1065 2759 genuinum
1087 2703 1212 2744 huius
1235 2703 1502 2757 pulcherrimi
1522 2702 1662 2756 operis
1686 2707 1848 2741 textum
1868 2700 2244 2755 redintegrandum
2268 2699 2491 2739 efficaciter

319 2768 596 2810 conduxisset
618 2767 838 2807 codicibus
862 2780 916 2806 ex
938 2765 1117 2806 diversis
1140 2765 1286 2819 primis
1309 2764 1567 2819 apographis
1591 2763 1780 2803 oriundis
1805 2763 1863 2802 uti
1886 2762 2097 2815 potuisse;
2128 2761 2283 2814 quibus
2309 2761 2489 2800 invicem

320 2830 483 2872 collatis
516 2829 687 2883 propria
720 2828 873 2881 cuique
906 2827 1087 2867 familiae
1121 2826 1277 2866 menda
1309 2826 1531 2866 manifesta
1559 2825 1708 2864 fierent
1741 2829 1782 2864 et
1809 2823 2049 2863 authentica
2082 2823 2206 2862 lectio
2226 2835 2354 2875 quam
2388 2822 2491 2861 alter

321 2891 667 2946 apographorum
692 2895 935 2943 corruperat
966 2895 1136 2943 praesto
1162 2893 1285 2928 esset.
1334 2888 1558 2927 Praeterea
1591 2885 1858 2940 singulorum
1892 2884 2088 2924 codicum
2122 2883 2279 2923 fortuiti
2314 2896 2490 2930 errores,

321 2952 564 2993 arbitrariae
586 2951 947 3005 interpolationes,
966 2963 1102 2990 vanae
1119 2949 1386 2990 coniecturae
1405 2961 1456 2988 eo
1474 2948 1627 2988 certius
1651 2946 1857 3001 cognosci
1882 2952 1923 2986 et
1939 2945 2088 2986 maiori
2112 2945 2268 2984 fiducia
2288 2944 2491 2984 eliminari

320 3014 571 3068 potuissent.
606 3013 720 3064 Quia
741 3025 846 3067 ergo
870 3012 1160 3052 Bibliothecae
1183 3010 1416 3050 Vaticanae
1439 3009 1558 3063 quod
1593 3008 1916 3048 desiderabatur
1938 3021 2024 3047 non
2058 3006 2345 3060 praestabant,
2372 3005 2489 3046 codi-

323 3088 393 3116 ces
417 3075 516 3115 alibi
532 3080 778 3115 asservatos
793 3073 1082 3114 consulendos
1107 3085 1202 3112 esse
1219 3071 1499 3119 decrevimus,
1518 3071 1553 3111 si
1583 3083 1693 3124 quos
1717 3069 1770 3109 ab
1799 3069 1882 3109 alio
1907 3068 2158 3123 apographo
2184 3067 2491 3107 descendentes

323 3136 512 3177 invenire
537 3135 812 3190 contingeret.
848 3135 908 3176 Ut
939 3147 1044 3174 vero
1067 3134 1150 3174 hoc
1179 3139 1220 3173 et
1242 3127 1390 3173 secure
1418 3138 1459 3172 et
1482 3131 1677 3186 expedite
1711 3131 1839 3178 fieret,
1865 3143 1918 3170 ex
1940 3130 2085 3184 primis
2108 3129 2390 3183 quadraginta
2415 3141 2492 3168 sex

325 3197 662 3251 Quaestionibus
684 3196 961 3236 notabiliores
983 3195 1196 3235 variantes
1218 3195 1450 3249 selegimus
1474 3200 1515 3234 et
1537 3193 1762 3247 separatim
1787 3191 2100 3245 descripsimus,
2125 3190 2281 3243 quibus
2303 3189 2492 3229 instructi

324 3258 648 3300 necessitudinis
683 3257 879 3298 codicum
919 3256 1274 3297 conferendorum
1307 3256 1539 3310 periculum
1571 3255 1817 3294 faceremus.
1872 3253 1986 3293 Nam
2018 3258 2083 3293 tot
2114 3251 2353 3306 insignibus
2387 3250 2491 3290 locis

325 3321 503 3362 collatus
537 3319 752 3374 propriam
785 3318 973 3359 indolem
1007 3318 1146 3358 nullus
1174 3317 1312 3358 codex
1335 3330 1423 3357 non
1456 3322 1765 3357 monstraturus
1788 3314 2024 3355 videbatur.
2081 3315 2122 3353 A
2155 3311 2354 3353 Parisinis
2389 3311 2492 3351 inci-

323 3382 500 3436 pientes,
535 3381 633 3421 dein
667 3380 837 3420 codices
861 3379 934 3434 qui
967 3379 1008 3420 in
1042 3379 1260 3433 Hispaniis
1293 3383 1564 3419 asservantur
1586 3377 1810 3424 adivimus,
1846 3376 2028 3430 Anglos,
2065 3375 2315 3420 Germanos,
2350 3373 2491 3420 Italos,

326 3443 511 3496 denique
530 3449 694 3482 eeteros
719 3441 866 3481 Gallos
889 3441 931 3480 in
947 3440 1126 3494 publicis
1143 3440 1348 3494 catalogis
1372 3445 1600 3480 annotatos
1617 3438 1885 3479 contulimus.
1909 3438 1970 3477 At
1990 3437 2151 3476 frustra.
2176 3434 2309 3475 Iidem
2333 3434 2492 3487 ubique

327 3517 491 3545 errores
525 3504 646 3558 primi
680 3503 846 3551 librarii,
877 3508 949 3543 aut
972 3515 1119 3542 eorum
1145 3501 1428 3542 correctiones
1452 3506 1739 3547 coacervatae,
1764 3499 1934 3539 alterius
1957 3497 2124 3552 proprie
2149 3496 2283 3536 dictae
2312 3495 2493 3536 familiae
