2892 4056
155 1207 164 1214 “
179 1205 200 1226 V
202 1211 245 1226 ers.
261 1211 290 1226 12.

155 1419 163 1426 ⁸
174 1417 208 1437 ΡΞ.
218 1422 295 1443 xxxiv,
304 1422 363 1437 vers.

156 1449 184 1471 13.

155 1785 164 1793 ⁸
179 1783 246 1805 Vers.
261 1789 298 1804 20.

155 1833 163 1839 ⁸
179 1831 246 1852 Vers.
263 1838 284 1858 7.

157 2153 167 2162 ⁸
178 2152 228 2173 Lib.
239 2153 257 2177 Ι,
266 2159 317 2180 cap.
329 2159 358 2174 xx

156 2180 177 2190 ⁸·
192 2179 270 2201 Matth.
282 2185 332 2207 cap.
344 2186 366 2206 v,

156 2212 215 2228 vers.
230 2212 266 2232 42.

399 213 472 248 252

1057 210 1323 256 QUAESTIO
1353 211 1513 258 XXXII,
1543 210 1838 247 ARTICULUS
1869 211 1917 246 III

1203 319 1519 361 ARTICULUS
1548 317 1776 360 TERTIUS

677 411 830 441 UTRUM
855 410 1174 440 ELEEMOSYNAE
1199 409 1484 442 CORPORALES
1509 411 1605 441 stNT
1628 410 1843 441 POTIORES
1867 410 1993 449 QUAM
2017 409 2293 442 SPIRITUALES

1175 489 1209 513 lV
1229 489 1313 519 Sene„
1334 490 1394 514 dist.
1411 497 1451 519 xv,
1471 497 1515 522 qu.
1535 497 1566 519 ιι,
1586 494 1632 513 art.
1655 488 1682 518 3,
1703 489 1751 521 qu²
1772 488 1795 513 3.

449 590 475 613 3
607 573 629 598 D
649 571 808 596 TERTIUM
836 570 889 594 sm
909 555 1150 596 pnoeizmwa.
1170 560 1329 597 Videtur
1353 560 1460 607 quod

435 607 472 634 ’“·“
535 606 585 664 ¹3³³„-
607 614 876 659 eleemosynae
919 613 1137 659 corporales
1178 612 1251 649 sint
1291 613 1459 661 potiores

412 670 428 726 i
451 676 453 678 ,

605 717 724 764 magis
760 716 943 764 indigenti
981 717 1268 765 eleemosynam
1306 718 1458 754 facere:

395 785 439 809 ex
474 774 549 808 hoc
587 771 689 807 enim
728 770 974 817 eleemosyna
1009 770 1163 807 laudem
1200 771 1317 807 habet
1353 771 1458 818 quod

393 824 575 872 indigenti
608 823 798 860 subvenit.
842 822 920 859 Sed
948 834 1105 871 corpus,
1145 823 1206 860 cui
1234 823 1460 860 subvenitur

391 891 462 927 per
481 879 746 924 eleemosynas
776 876 1006 923 corporales,
1028 883 1083 912 est
1110 876 1369 924 indigentioris
1393 889 1460 913 na-

392 939 500 967 turae
529 941 646 978 quam
673 928 837 977 spirituS,
860 928 920 965 cui
947 929 1171 966 subvenitur
1198 941 1267 978 per
1295 931 1460 966 eleemo-

392 995 505 1032 synas
539 982 763 1031 spirituales.
802 982 905 1029 Ergo
939 982 1208 1031 eleemosynae
1242 984 1460 1031 corporales

392 1045 479 1074 sunt
506 1035 688 1084 potiores.

446 1101 481 1126 2.
506 1089 741 1135 ΡκΑΕτΕιιΕΑ,
770 1088 1078 1137 recompensatio
1109 1089 1286 1126 beneficii
1304 1089 1459 1126 laudem

393 1150 429 1179 et
458 1141 639 1178 meritum
669 1142 938 1188 eleemosynae
959 1147 976 1162 ²
995 1141 1149 1178 minuit:
1183 1142 1287 1179 unde
1317 1143 1353 1179 et
1379 1144 1460 1179 Do-

392 1196 519 1232 minus
539 1194 639 1241 dicit,
661 1195 754 1230 Luc.
775 1205 836 1230 X1v
856 1195 892 1230 *t
927 1195 1022 1231 Cum
1038 1195 1145 1242 facis
1165 1195 1375 1242 prandium
1394 1200 1462 1231 aut

392 1260 546 1293 cenam,
585 1247 664 1283 noli
698 1258 839 1284 vocare
864 1247 1008 1284 vicinos
1034 1247 1185 1293 divites,
1224 1259 1271 1283 ne
1288 1249 1399 1295 forte
1427 1253 1463 1283 et

392 1302 464 1350 ipsi
480 1307 514 1338 te
532 1300 741 1337 reinvitent.
772 1299 848 1336 Sed
868 1300 906 1336 in
927 1299 1180 1348 eleemosynis
1204 1299 1461 1348 spiritualibus

392 1367 547 1403 semper
566 1360 621 1390 est
640 1353 964 1401 recompensatio:
995 1353 1084 1401 quia
1104 1353 1168 1401 qui
1188 1360 1272 1389 orat
1295 1365 1366 1401 pro
1387 1354 1460 1390 alio

392 1407 464 1444 sibi
501 1406 674 1455 proficit,
712 1406 923 1442 secundum
960 1404 1060 1442 illud
1088 1407 1230 1443 Psalm.
1250 1406 1286 1442 *ε
1330 1407 1460 1443 Oratio

391 1472 476 1498 mea
505 1461 543 1497 in
570 1460 655 1496 sinu
684 1471 768 1496 meo
800 1464 1060 1502 convertetur‚·
1098 1459 1164 1507 qui
1198 1459 1313 1496 etiam
1343 1459 1460 1497 alium

393 1515 524 1560 docet,
554 1512 637 1561 ipse
664 1512 703 1549 in
731 1512 888 1549 scientia
914 1512 1077 1560 proficit.
1116 1512 1234 1559 Quod
1263 1524 1342 1549 non
1370 1525 1460 1550 con-

391 1567 499 1615 tingit
516 1567 556 1603 in
581 1565 836 1614 eleemosynis
866 1565 1142 1614 corporalibus.
1171 1566 1274 1613 Ergo
1296 1566 1462 1603 eleemo-

392 1632 511 1669 synae
539 1619 758 1667 corpprales
787 1626 875 1656 sunt
901 1618 1071 1667 potiores
1090 1631 1208 1667 quarn
1237 1618 1460 1667 spirituales.

448 1675 481 1710 3.
504 1674 738 1719 PRAETEREA,
768 1672 816 1708 ad
835 1671 990 1708 laudem
1011 1673 1281 1720 eleemosynae
1300 1672 1463 1720 pertinet

392 1725 499 1775 quod
518 1737 666 1774 pauper
685 1737 731 1761 ex
750 1726 998 1772 eleemosyna
1018 1725 1105 1761 data
1126 1725 1362 1762 consoletur:
1390 1738 1461 1762 un—

393 1780 440 1817 de
460 1780 529 1815 Iob
552 1790 637 1815 xxxi
656 1777 676 1799 ²⁸
709 1777 866 1815 dicitur:
900 1778 948 1813 Si·
968 1789 1043 1814 non
1073 1778 1348 1815 benedixerunt
1369 1779 1463 1815 mihi

393 1833 511 1869 latera
540 1832 638 1875 eius;
667 1837 703 1867 et
730 1831 781 1867 ad
797 1830 1052 1867 Philemonem
1072 1830 1093 1852 ²¹⁵
1116 1830 1206 1867 dicit
1228 1832 1459 1879 Apostolus:

399 1886 552 1923 Viscera
566 1889 785 1921 sanctorum
801 1884 1069 1932 requieverunt
1077 1895 1152 1932 per
1166 1890 1211 1930 te,
1220 1885 1362 1932 frater.
1385 1885 1463 1922 Sed

393 1939 629 1987 quandoque
656 1937 777 1985 magis
807 1945 862 1973 est
890 1944 995 1984 grata
1022 1937 1183 1986 pauperi
1216 1937 1463 1986 eleemosyna

394 1991 602 2040 corporalis
621 2003 738 2038 quam
758 1990 971 2038 spiritualis.
993 1991 1095 2038 Ergo
1113 1991 1362 2039 eleemosyna
1381 2003 1464 2028 cor·

392 2045 536 2094 poralis
564 2044 693 2093 potior
721 2051 776 2080 est
803 2055 921 2091 quam
950 2043 1164 2092 spiritualis.

448 2099 522 2134 SED
551 2108 698 2134 CONTRA
721 2109 787 2133 EST
815 2097 921 2145 quod
948 2097 1195 2144 Augustinus,
1225 2097 1263 2133 in
1292 2096 1389 2133 libro
1418 2097 1464 2133 de

361 2168 366 2173 ·
393 2152 515 2188 Serm.
535 2151 648 2187 Dom.
679 2150 717 2186 in
745 2150 881 2186 Monte
899 2149 931 2197 ³¹⁹»,
953 2162 1068 2199 super
1087 2149 1180 2187 illud
1199 2149 1251 2197 *²¹3
1276 2150 1351 2192 Qui
1370 2150 1465 2198 petit

393 2217 417 2241 a
437 2210 482 2250 te,
503 2204 551 2241 da
579 2203 625 2249 ei,
647 2202 755 2240 dicit:
790 2203 971 2240 Dandum
1000 2208 1053 2240 est
1079 2204 1181 2252 quod
1207 2215 1275 2240 nec
1302 2203 1369 2240 tibi
1396 2215 1464 2240 nec

393 2257 505 2294 alteri
530 2262 685 2294 noceat.-
714 2262 750 2292 et
775 2268 861 2292 cum
891 2257 1092 2305 negaveris
1120 2257 1221 2305 quod
1241 2257 1346 2304 petit,
1370 2257 1464 2293 indi-

395 2311 517 2347 canda
545 2315 600 2346 est
626 2309 784 2354 iustitia,
820 2315 859 2345 ut
887 2321 961 2346 non
991 2321 1077 2345 eum
1106 2310 1258 2346 inanem
1287 2309 1462 2346 dimittas.

394 2365 446 2400 Et
470 2362 675 2411 aliquando
712 2362 844 2398 melius
877 2362 1021 2410 aliquid
1051 2362 1177 2408 dabis,
1216 2374 1302 2398 cum
1331 2363 1465 2399 iniuste

390 2422 576 2465 petentem
613 2415 837 2452 correxeris.
883 2415 1080 2451 Correctio
1113 2423 1240 2452 autem
1275 2422 1330 2451 est
1367 2416 1465 2452 elee-

397 2481 561 2518 mosyna
589 2468 801 2517 spiritualis.
831 2469 934 2515 Ergo
955 2468 1166 2516 spirituales
1192 2469 1464 2516 eleemosynae

397 2530 484 2559 sunt
512 2521 775 2570 corporalibus
805 2521 1090 2569 praeferendae.

1513 560 1846 607 eleemosynarum
1861 566 1987 608 potest
2001 558 2143 595 attendi
2163 558 2369 607 dupliciter.
2391 561 2477 597 Uno
2494 571 2576 596 mo-

1514 613 1575 658 do,
1598 612 1818 661 simpliciter
1843 613 2060 661 loquendo:
2091 618 2126 647 et
2154 613 2367 649 secundum
2386 614 2461 650 hoc
2481 614 2578 650 elee-

564 677 724 713 quam
749 664 972 712 spirituales.
1005 665 1251 702 Laudabilius
1281 665 1383 701 enirn
1404 673 1460 702 est
1512 676 1698 713 mosynae
1725 665 1937 714 spirituales
1965 664 2241 714 praeeminent,
2266 665 2400 714 triplici
2419 665 2577 704 ratione.

1512 718 1645 755 Primo
1674 718 1842 766 quidem,
1869 718 1958 766 quia
1985 718 2025 754 id
2054 717 2159 766 quod
2189 716 2387 755 exhibetur
2414 719 2578 756 nobilius

1512 779 1587 818 est,
1622 771 1763 808 scilicet
1789 771 1935 808 donum
1963 770 2174 819 spirituale,
2209 770 2315 819 quod
2341 772 2579 819 praeeminet

1512 824 1723 873 corporali:
1752 826 1966 862 secundum
1986 824 2077 861 illud
2094 825 2208 861 Prov.
2230 835 2266 860 iv
2279 823 2315 860 *z
2340 824 2496 861 Donum
2515 826 2579 862 bo-

1512 890 1603 914 num
1622 878 1786 914 tribuam
1805 878 1929 914 vobis.-
1949 877 2071 926 legem
2091 888 2216 914 meam
2236 888 2283 913 ne
2301 876 2577 925 derelinquatis.

1511 951 1535 958 -
1551 931 1744 978 Secundo,
1774 930 1919 968 ratione
1941 930 2021 967 eius
2042 930 2102 967 cui
2121 929 2364 967 subvenitur:
2398 930 2488 979 quia
2506 930 2580 979 spi-

1511 983 1603 1020 ritus
1623 983 1790 1021 nobilior
1819 991 1874 1020 est
1902 995 2076 1032 corpore.
2106 983 2218 1020 Unde
2246 983 2343 1019 sicut
2366 983 2488 1020 homo
2507 983 2579 1020 sibi

1510 1036 1582 1085 ipsi
1600 1037 1722 1084 magis
1751 1036 1866 1073 debet
1891 1036 2097 1085 providere
2126 1043 2312 1084 quantum
2336 1035 2384 1072 ad
2405 1035 2579 1085 spiritum

1513 1102 1630 1138 quam
1650 1097 1838 1138 quantum
1862 1089 1912 1126 ad
1936 1101 2096 1138 corpus,
2125 1089 2176 1126 ita
2196 1096 2232 1125 et
2249 1088 2441 1138 proximo,
2462 1101 2580 1138 quem

1513 1143 1628 1179 debet
1646 1150 1831 1190 tanquam
1847 1140 1862 1171 β
1881 1142 2049 1190 seipsum
2069 1142 2234 1189 diligere.
2251 1162 2275 1170 -
2295 1142 2440 1190 Tertio,
2460 1154 2580 1192 quan-

1512 1202 1594 1231 tum
1623 1195 1672 1231 ad
1699 1195 1804 1242 ipsos
1833 1202 1940 1231 actus
1968 1195 2107 1243 quibus
2135 1195 2359 1231 subvenitur
2385 1196 2579 1243 proximo:

1512 1248 1602 1295 quia
1621 1247 1834 1296 spirituales
1853 1254 1961 1283 actus
1977 1255 2064 1284 sunt
2082 1246 2286 1284 nobiliores
2307 1249 2580 1296 corporalibus,

1513 1300 1577 1349 qui
1607 1307 1695 1337 sunt
1721 1299 2017 1348 quodammodo
2047 1299 2216 1337 serviles.

1565 1353 1652 1390 Alio
1679 1353 1799 1390 modo
1827 1361 1990 1401 possunt
2025 1352 2241 1401 comparari
2273 1352 2486 1390 secundum
2515 1353 2583 1390 ali-

1513 1419 1631 1455 quem
1650 1406 1920 1455 particularem
1949 1418 2094 1453 casum,
2113 1406 2151 1442 in
2180 1417 2257 1454 quo
2286 1406 2479 1454 quaedam
2499 1417 2582 1443 cor—

1512 1459 1655 1509 poralis
1698 1460 1946 1507 eleemosyna
1987 1459 2097 1496 alicui
2136 1458 2319 1507 spirituali
2358 1459 2582 1508 praefertur.

1513 1515 1623 1560 Puta,
1653 1512 1775 1560 magis
1803 1520 1902 1549 esset
1920 1518 1936 1541 Υ
1954 1512 2194 1561 pascendum
2222 1512 2324 1549 fame
2353 1511 2582 1550 morientem

1514 1578 1631 1616 quam
1659 1565 1902 1603 docendum:
1940 1566 2037 1603 sicut
2068 1573 2106 1602 et
2131 1565 2334 1615 indigenti,
2367 1565 2582 1603 seeundum

1513 1620 1798 1668 Philosophum
1816 1618 1854 1666 *,
1882 1619 2016 1656 melius
2047 1624 2103 1655 est
2131 1619 2246 1655 ditari
2275 1630 2391 1667 quam
2417 1619 2583 1667 philoso—

1506 1673 1641 1721 phari,
1672 1672 1852 1720 quamvis
1878 1672 1954 1708 hoc
1981 1672 2028 1708 sit
2055 1671 2274 1720 simpliciter
2301 1671 2451 1709 melius.

1566 1727 1626 1762 AD
1647 1737 1786 1762 PRIMUM
1810 1736 1910 1762 ERGO
1929 1736 2115 1762 DiCENDuM
2143 1724 2250 1773 quod
2275 1724 2367 1761 dare
2387 1724 2509 1773 magis
2528 1725 2583 1762 in—

1514 1778 1656 1826 digenti
1682 1778 1820 1815 melius
1849 1785 1917 1826 est,
1948 1778 2082 1815 ceteris
2108 1778 2276 1826 paribus.
2308 1778 2385 1815 Sed
2405 1777 2584 1815 siminus

1513 1831 1688 1879 indigens
1715 1831 1762 1868 sit
1789 1831 1937 1878 melior,
1967 1838 2004 1868 et
2030 1831 2254 1868 melioribus
2280 1830 2462 1878 indigeat,
2493 1830 2583 1868 dare

1515 1886 1549 1922 ei
1577 1884 1715 1921 melius
1743 1891 1811 1921 est.
1842 1884 1891 1921 Et
1917 1884 1971 1920 sic
1999 1891 2055 1921 est
2082 1884 2121 1921 in
2148 1883 2361 1933 proposito.

1569 1940 1628 1975 An
1643 1949 1834 1974 SECUNDUM
1849 1949 2034 1974 morannum
2054 1938 2160 1986 quod
2179 1936 2488 1986 recompensatio
2504 1948 2584 1974 non

1515 1991 1655 2028 minuit
1682 1990 1861 2027 meritum
1891 1998 1928 2027 et
1954 1990 2109 2028 laudem
2146 1991 2416 2039 eleemosynae
2445 1990 2476 2027 si
2503 2001 2585 2028 non

1515 2045 1563 2082 sit
1581 2044 1746 2081 intenta:
1776 2044 1873 2080 sicut
1891 2043 2005 2080 etiam
2034 2045 2207 2081 humana
2234 2043 2366 2092 gloria,
2386 2042 2417 2080 si
2440 2055 2520 2080 non
2539 2042 2586 2081 sit

1513 2098 1671 2145 intenta,
1693 2109 1772 2134 non
1791 2097 1927 2134 minuit
1954 2097 2144 2134 rationem
2170 2096 2338 2144 virtutis3
2366 2096 2461 2133 sicut
2480 2103 2518 2133 et
2535 2097 2584 2134 de

1517 2152 1666 2188 Catone
1695 2149 1894 2187 Sallustius
1922 2149 2011 2187 dicit
2029 2148 2042 2172 ὃ
2061 2150 2082 2172 *
2113 2150 2221 2198 quod
2248 2161 2322 2198 quo
2350 2149 2477 2199 magis
2502 2149 2586 2199 glo-

1515 2205 1616 2241 riam
1632 2204 1828 2252 fugiebat,
1852 2214 1896 2240 eo
1924 2203 2050 2253 magis
2077 2215 2164 2240 eum
2191 2202 2319 2253 gloria
2345 2203 2584 2251 sequebatur.
2611 2191 2621 2201 ⁸

1516 2258 1565 2294 Et
1583 2257 1634 2293 ita
1655 2256 1837 2304 contingit
1863 2256 1902 2292 in
1923 2256 2177 2305 eleemosynis
2205 2255 2473 2305 spiritualibus.
2493 2275 2518 2283 -
2537 2255 2588 2292 Et

1514 2318 1646 2347 tamen
1671 2309 1830 2346 intentio
1859 2309 2052 2346 bonorum
2080 2309 2330 2358 spiritualium
2352 2321 2431 2345 non
2451 2307 2588 2346 minuit

1516 2363 1710 2409 meritum,
1731 2362 1829 2399 sicut
1855 2362 2014 2399 intentio
2043 2363 2237 2399 bonorum
2262 2361 2533 2411 corporalium.

1570 2418 1629 2453 AD
1643 2427 1803 2453 TERTmM
1819 2427 2004 2452 mesanum
2024 2416 2130 2464 quod
2149 2414 2329 2452 meritum
2350 2413 2475 2452 dantis
2489 2414 2588 2452 elee-

1517 2480 1723 2517 mosynam
1757 2468 1962 2505 attenditur
1989 2469 2204 2506 secundum
2232 2467 2272 2506 id
2299 2468 2338 2505 in
2366 2479 2445 2517 quo
2475 2468 2589 2505 debet

1518 2521 1792 2558 rationabiliter
1805 2521 2046 2570 requiescere
2059 2522 2240 2559 voluntas
2254 2521 2488 2570 accipientis:
2509 2532 2589 2558 non

450 2577 675 2612 REsponm-:o
705 2586 889 2611 mcENDUM
917 2574 1023 2622 quod
1049 2574 1285 2622 comparatio
1305 2574 1463 2611 istarum
1517 2574 1557 2611 in
1576 2587 1623 2611 eo
1643 2574 1682 2611 in
1701 2587 1778 2622 quo
1800 2574 2001 2623 requiescit
2019 2574 2050 2612 si
2069 2575 2115 2612 sit
2134 2574 2362 2612 inordinata.

450 2689 477 2722 α)
497 2689 689 2721 eleemosynae.
707 2700 726 2706 ·-
744 2687 805 2712 Om.
825 2688 950 2720 PDstn.
970 2692 1030 2712 ante
1049 2689 1173 2714 meritum
1192 2689 1266 2721 ponit
1283 2696 1311 2714 a.

451 2723 476 2758 β)
497 2727 634 2756 tanquam.
652 2737 671 2742 -
688 2723 757 2748 sicut
776 2723 824 2748 Pa.

1574 2689 1601 2723 γ)
1621 2692 1697 2714 esset.
1715 2702 1734 2708 -
1752 2692 1792 2714 est
1810 2689 1858 2714 Pa.

1574 2723 1600 2756 δ)
1620 2724 1694 2749 dicit.
1712 2737 1731 2742 -
1749 2724 1812 2749 Om.
1837 2723 1948 2756 AFHpC
1967 2728 1992 2748 et
2010 2731 2037 2755 x,
2056 2723 2097 2749 ait
2113 2724 2144 2755 B,
2162 2724 2248 2757 refert
2265 2724 2295 2755 E,
2314 2728 2376 2757 post
2393 2723 2464 2749 sicut
2480 2723 2554 2756 ponit
2572 2723 2592 2748 1.

1073 2802 1407 2836 Commenta-na
1430 2801 1682 2836 Cardinalis
1704 2802 1907 2835 Caietam

429 2893 449 2914 N
474 2883 605 2914 articulo
636 2883 745 2920 tertio,
770 2883 803 2913 in
827 2883 1048 2924 propositione
1079 2883 1174 2924 primi
1203 2883 1399 2924 argumenti,
1424 2894 1463 2913 an

403 2896 504 2958 Idare
527 2928 762 2968 eleemosynam
786 2928 886 2967 magis
910 2928 1081 2968 indigenti,
1106 2929 1157 2958 vel
1180 2928 1287 2959 minus
1310 2927 1464 2968 indigenti

399 2971 534 3007 meliori,
551 2971 590 3001 sit
602 2971 725 3008 melius,
743 2972 879 3002 occurrit
893 2973 1102 3003 tractandum.
1120 2973 1160 3003 Et
1177 2972 1349 3003 dicendum
1365 2972 1464 3012 quod,

400 3015 460 3046 nisi
484 3015 655 3056 indigentia
680 3015 718 3046 sit
741 3016 845 3046 multo
861 3017 964 3047 maior
986 3017 1018 3047 in
1042 3027 1109 3048 uno
1126 3027 1225 3057 quam
1248 3017 1281 3047 in
1305 3016 1379 3053 alio,
1399 3026 1465 3046 me-

400 3059 463 3091 lius
486 3066 533 3090 est
556 3060 629 3090 dare
652 3059 759 3090 minus
782 3060 936 3100 indigenti
958 3061 1043 3092 iusto
1068 3071 1166 3102 quam
1189 3060 1289 3100 magis
1311 3060 1466 3100 indigenti

400 3103 572 3145 peccatori;
597 3110 628 3134 et
651 3103 794 3134 similiter
817 3105 923 3135 minus
946 3105 1100 3145 indigenti
1123 3105 1248 3136 meliori
1277 3115 1376 3145 quam
1399 3114 1465 3135 ma-

400 3148 448 3188 gis
471 3148 625 3188 indigenti
649 3148 756 3178 minus
780 3149 877 3179 bono.
902 3149 943 3179 Et
966 3150 1046 3180 ratio
1070 3156 1117 3180 est
1139 3149 1224 3190 quia,
1247 3149 1321 3180 licet
1343 3149 1376 3179 in
1399 3159 1465 3179 ma-

401 3192 448 3232 gis
471 3192 631 3232 indigente
655 3192 695 3223 sit
718 3193 820 3223 maior
843 3193 973 3224 materia
997 3193 1240 3230 misericordiae,
1264 3193 1297 3223 in
1321 3193 1408 3223 bono
1424 3199 1467 3223 ta·
1491 3202 1494 3229 ι

1516 2894 1591 2914 men
1615 2890 1645 2915 et
1668 2884 1794 2915 meliori
1810 2891 1858 2915 est
1880 2884 1983 2914 maior
2002 2883 2134 2915 materia
2157 2882 2303 2920 caritatis,
2320 2893 2403 2924 quae
2426 2883 2514 2923 apud
2529 2893 2588 2914 nos

1517 2935 1564 2958 est
1586 2928 1689 2959 maior
1711 2928 1822 2964 virtus,
1847 2935 1878 2960 et
1900 2934 1947 2959 est
1969 2928 2049 2959 ratio
2073 2927 2320 2958 misericordiae:
2345 2927 2501 2968 quoniam
2514 2926 2587 2958 ideo

1517 2972 1704 3003 miseremur
1727 2971 1871 3009 alicuius,
1895 2973 1971 3013 quia
1995 2982 2031 3002 ex
2055 2971 2182 3002 caritate
2205 2971 2365 3002 miseriam
2387 2971 2474 3002 illius
2497 2971 2589 3012 quasi

1517 3023 1679 3053 nostram,
1704 3026 1740 3047 ex
1764 3017 1885 3048 unione
1908 3016 2058 3053 affectus,
2086 3022 2284 3056 reputamus.
2319 3015 2452 3047 Bonitas
2479 3021 2588 3048 autem

1517 3067 1606 3091 actus
1629 3060 1731 3101 magis
1747 3060 1856 3092 crescit
1878 3071 1915 3092 ex
1929 3061 2052 3092 ratione
2075 3060 2211 3091 caritatis
2226 3070 2326 3101 quam
2348 3059 2477 3091 alterius
2490 3059 2588 3092 v'rtn-

1518 3105 1573 3136 tis:
1599 3115 1674 3136 cum
1687 3105 1756 3145 ipsa
1772 3105 1812 3136 sit
1827 3105 1933 3145 primo
1955 3106 2041 3136 bona
2064 3111 2095 3136 et
2117 3104 2223 3136 forma
2237 3104 2445 3146 reliquarum,
2470 3103 2587 3135 exfme

1519 3149 1634 3180 ultimo
1652 3149 1711 3180 sibi
1726 3149 1858 3190 proprio
1881 3149 2018 3181 obiecto.

2605 836 2616 848 ⁸
2629 836 2696 858 Vei-s.
2710 842 2731 857 2.

2705 1528 2723 1555 Υ

2609 1628 2619 1638 ·
2633 1626 2714 1655 ropac.
2725 1625 2767 1648 ιιι.
2779 1625 2821 1654 ιιι,

2609 1659 2661 1682 σιρ-
2675 1659 2702 1681 n,
2717 1659 2740 1675 ΙΙ.
2755 1659 2787 1675 21.

2884 1553 2892 1771 Ξ

2882 1773 2892 2014 i
