2892 4056
364 431 394 446 -1-
423 417 576 464 exponit
594 417 633 461 *;

427 181 497 216 150

422 270 496 307 que
524 259 684 306 pertinet
712 258 759 296 ad
786 266 1046 307 paupertatem
1075 258 1235 306 spiritus,
1266 260 1476 296 secundum

423 311 527 359 quod
546 318 747 360 paupertas
767 311 915 359 spiritus
947 310 1098 357 intelligi
1126 319 1250 358 potest
1268 313 1330 348 vel
1353 312 1478 349 exina-

423 364 514 400 nitio
552 364 670 401 inflati
708 372 743 400 et
776 364 927 412 superbi
964 364 1133 411 spiritus,
1168 372 1209 401 ut
1245 365 1477 414 Augustinus

662 417 723 452 vel
744 417 854 453 etiarn
875 417 1035 453 abiectio
1055 417 1321 464 temporalium
1351 429 1478 455 rerum

423 481 520 517 quae
549 470 591 506 fit
619 469 770 517 spiritu,
799 469 895 506 idest
921 469 1074 518 propria
1106 471 1300 507 voluntate
1329 483 1397 519 per
1423 471 1478 507 in-

423 522 598 559 stinctum
629 522 788 569 Spiritus
817 522 955 566 Sancti,
977 530 1017 558 ut
1036 523 1263 560 Ambrosius
1282 523 1302 544 '³‘
1326 531 1361 559 et
1390 523 1478 559 Hie-

424 586 606 621 ronymus
626 574 645 595 '¹‘
667 582 870 621 exponunt.
1308 604 1310 606 ,

475 630 533 663 AD
554 639 689 663 ΡκιΜυΜ
709 638 807 663 ERGO
826 639 1008 663 D1CENDUM
1037 628 1153 675 quod,
1175 639 1261 664 cum
1286 627 1477 665 beatitudo

423 679 467 715 sit
486 686 591 715 actus
609 679 754 716 virtutis
783 680 982 727 perfectae,
1004 692 1137 716 omnes
1161 680 1410 718 beatitudines
1430 681 1479 718 ad

423 731 692 779 perfectionem
730 732 928 780 spiritualis
960 732 1060 769 vitae
1098 733 1296 781 pertinent.
1334 734 1375 769 In
1403 746 1479 782 qua

423 784 578 831 quidem
615 785 845 832 perfectione
882 785 1108 834 principium
1148 798 1228 823 esse
1256 786 1408 823 videtur
1439 794 1479 823 ut

422 836 581 873 tendens
601 837 649 874 ad
668 839 872 886 perfectam
894 839 1142 887 spiritualium
1163 840 1353 876 bonorum
1368 840 1480 888 parti-

423 889 650 937 cipationem
670 898 818 928 terrena
838 892 940 928 bona
960 899 1196 929 contemnat:
1221 892 1316 929 sicut
1337 892 1478 929 etiam²

422 941 535 978 timor
553 942 727 991 ⁴primurn
748 945 876 982 locum
896 945 1011 981 habet
1030 945 1067 981 in
1088 945 1209 982 donis.
1239 945 1330 982 Non
1350 952 1478 983 autem

423 994 590 1032 consistit
622 997 802 1044 perfectio
834 998 872 1034 in
900 998 983 1046 ipsa
1015 998 1282 1046 temporalium
1311 997 1326 1027 β
1353 998 1479 1036 deser-

421 1047 546 1084 tione:
576 1049 643 1085 sed
671 1050 766 1087 haec
795 1058 850 1087 est
872 1050 935 1087 via
963 1051 1012 1087 ad
1040 1051 1324 1099 perfectionem.
1345 1051 1480 1088 Timor

422 1107 549 1137 autem
568 1100 703 1148 filialis,
721 1103 780 1139 cui
796 1103 1002 1151 respondet
1021 1103 1214 1141 beatitudo
1234 1100 1478 1152 paupertatis,

1095 181 1361 227 QUAESTIO
1390 184 1494 229 XIX,
1525 183 1819 219 ARTICULUS
1848 185 1916 219 XII

1531 261 1568 296 in
1597 260 1676 296 aliis
1713 260 1826 296 rebus
1864 273 1979 308 quarn
2019 261 2214 298 delectatio
2251 271 2438 301 extranea.
2478 264 2587 310 Quae

1531 320 1659 349 tamen
1680 313 1883 361 opponitur
1906 313 2031 350 timori
2052 326 2097 350 ex
2126 316 2389 363 consequenti:
2414 316 2503 365 quia
2522 316 2589 363 qui

1531 366 1658 401 Deum
1688 372 1883 402 reveretur
1903 373 1938 402 et
1957 365 1989 402 ei
2020 366 2212 404 subiicitur
2229 372 2256 415 Υ,
2277 381 2355 405 non
2383 369 2588 406 delectatur

1531 418 1568 453 in
1589 417 1668 454 aliis
1687 430 1709 454 a
1737 418 1833 454 Deo.
1865 418 1940 456 Sed
1959 425 2088 455 tamen
2117 420 2310 458 delectatio
2331 433 2409 458 non
2428 421 2590 469 pertinet

1532 471 1581 507 ad
1609 469 1794 507 rationem
1823 471 1950 517 ardui,
1989 484 2104 519 quam
2138 473 2288 520 respicit
2321 473 2455 520 timor,
2493 473 2589 510 sicut

1532 523 1798 570 magnificatio.
1839 524 1888 560 Et
1915 523 2002 561 ideo
2031 524 2169 561 directe
2202 526 2394 563 beatitudo
2427 537 2588 575 pauper-

1531 576 1616 612 tatis
1637 576 1840 624 respondet
1867 576 2010 613 timori:
2036 578 2228 614 beatitudo
2249 585 2375 616 autem
2402 579 2524 616 luctus
2543 591 2588 615 ex

1533 628 1791 676 consequenti.

1585 683 1644 718 AD
1663 693 1822 719 Tannum
1842 694 2027 720 DmENDUM
2055 682 2160 731 quod
2189 694 2276 730 spes
2303 682 2483 731 importat
2506 696 2589 721 mo-

1531 741 1613 770 tum
1650 734 1861 772 seeundum
1897 735 2158 772 habitudinem
2186 732 2199 756 δ
2225 735 2275 771 ad
2306 734 2511 773 terminum
2539 737 2589 774 ad

1532 799 1648 835 quem
1675 788 1854 825 tenditur:
1884 788 1951 825 sed
1970 788 2084 825 timor
2102 788 2282 836 importat
2300 787 2420 835 magis
2439 795 2588 826 motum

1532 841 1743 878 secundum
1771 839 2032 878 habitudinem
2059 853 2229 878 recessus
2257 853 2280 877 a
2307 840 2469 878 termino
2489 846 2513 878 ⁸.
2541 842 2590 878 Et

1531 892 1618 929 ideo
1647 893 1779 930 ultima
1806 893 2012 941 beatitudo,
2034 906 2132 941 quae
2162 901 2217 931 est
2244 893 2442 942 spiritualis
2468 895 2589 942 perfe-

1533 946 1665 983 ctionis
1684 946 1877 993 terminus,
1899 959 2065 995 congrue
2094 947 2299 995 respondet
2317 946 2400 996 spei
2419 958 2488 995 per
2506 958 2590 984 mo-

1533 999 1625 1036 dum
1645 999 1782 1036 obiecti
1801 999 1936 1037 ultimi:
1963 1000 2030 1037 sed
2047 999 2172 1048 prima
2190 999 2396 1046 beatitudo,
2417 1011 2515 1047 quae
2535 1006 2591 1036 est

1531 1064 1599 1104 per
1627 1064 1818 1088 recessum
1840 1065 1863 1088 a
1882 1053 1994 1089 rebus
2022 1053 2268 1090 exterioribus
2295 1051 2590 1100 impedientibus

1533 1105 1700 1141 divinam
1730 1104 2017 1152 subiectionem,
2038 1117 2203 1152 congrue
2226 1106 2432 1153 respondet
2450 1104 2588 1142 timori.

422 1153 534 1242 {titiam
564 1161 619 1190 est
647 1167 734 1192 cum
763 1156 994 1204 perfectione
1024 1157 1242 1204 sapientiae,
1262 1164 1304 1192 ut
1332 1157 1479 1204 supra*
1504 1159 1507 1216 J

448 1213 565 1242 1ctum
594 1214 660 1243 est.

472 1259 531 1295 AD
547 1270 735 1297 SECUNDUM
752 1272 935 1297 DICENDUM
956 1261 1061 1309 quod
1080 1260 1253 1297 directius
1274 1261 1479 1309 opponitur

421 1311 644 1348 subiectioni
672 1313 720 1349 ad
749 1314 897 1359 Deum,
933 1325 1046 1361 quam
1076 1313 1163 1350 facit
1194 1313 1308 1350 timor
1335 1313 1478 1360 filialis,

420 1362 586 1400 indebita
613 1365 869 1412 magnificatio
902 1365 1068 1402 hominis
1096 1367 1158 1402 vel
1190 1366 1228 1403 in
1263 1366 1388 1414 seipso
1417 1367 1479 1403 vel

1585 1159 1643 1192 An
1674 1168 1846 1198 QUARTUM
1877 1169 2062 1194 mmmmm
2097 1159 2202 1206 quod
2236 1158 2276 1194 in
2311 1157 2493 1196 fructibus
2530 1157 2590 1195 illa

1504 1219 1507 1260 j
1533 1208 1631 1256 quae
1659 1209 1845 1256 pertinent
1881 1210 1929 1246 ad
1966 1211 2209 1247 moderatum
2242 1222 2357 1248 usum
2384 1211 2446 1248 vel
2479 1210 2591 1248 absti-

1504 1264 1507 1303 Ῑ
1533 1261 1699 1298 nentiam
1727 1274 1750 1298 a
1778 1262 1891 1298 rebus
1917 1262 2204 1311 temporalibus,
2223 1262 2399 1300 videntur.
2425 1263 2529 1299 dono
2548 1263 2592 1300 ti-

1533 1313 1650 1350 moris
1680 1315 1905 1352 convenire:
1940 1315 2033 1352 sicut
2061 1315 2263 1362 modestia,
2298 1315 2526 1353 continentia
2554 1323 2592 1353 et

1533 1374 1692 1404 castitas.
2045 1383 2050 1387 ·

1584 1500 1609 1534 ὃ)
1628 1502 1770 1527 secundum
1787 1502 1977 1527 habitudinem.
1990 1517 2009 1522 -
2022 1510 2060 1527 ex
2071 1503 2226 1528 habitudine
2240 1503 2280 1528 ed.
2295 1511 2319 1533 a,
2333 1506 2360 1529 et
2369 1503 2549 1529 habitudinem
2560 1503 2592 1529 P.

473 1534 498 1568 β)
518 1536 711 1568 temporalium.
729 1549 749 1557 -
767 1537 894 1562 bonorum
914 1537 983 1562 addit
1001 1538 1029 1562 P.
1586 1538 1607 1569 ε)
1627 1538 1751 1562 termino.
1767 1551 1787 1557 -
1804 1545 1821 1562 a
1840 1545 1891 1570 quo
1910 1539 2006 1563 addunt
2024 1538 2089 1563 Ρκα.

474 1500 501 1532 α)
521 1501 610 1526 etiam.
627 1515 645 1520 -
664 1501 725 1526 Om.
744 1501 858 1533 PEFlpC
877 1506 903 1526 et
920 1509 946 1526 a.

472 1571 498 1605 γ)
517 1571 664 1597 subiicitur.
682 1585 701 1591 -
718 1572 834 1597 subiacet
852 1572 883 1602 G.
902 1572 1026 1598 subditur
1044 1573 1090 1598 Pa.
1504 1501 1508 1605 i
