2892 4056
0 318 7 374 l

73 820 84 831 ⁸
98 820 144 847 Qu.
161 825 228 842 cxxx.
271 833 286 836 -

67 2571 78 2580 ⁶
91 2568 158 2592 Vere.
173 2575 203 2597 ¹7-

992 186 1257 234 QUAESTIO
1287 187 1396 233 XXI,
1425 187 1721 223 ARTICULUS
1751 187 1782 222 11

2405 186 2478 234 157

312 264 402 301 vina
439 263 695 301 misericordia
732 265 847 301 habet
884 273 918 301 et
947 264 959 290 '-
988 265 1279 302 conversionem
1318 263 1367 301 ad
1420 265 1524 300 bono
1553 263 1866 310 incommutabili,
1888 263 2113 311 inquantum
2142 261 2308 298 attribuit
2328 262 2479 299 divinae

313 318 459 353 bonurn
489 317 772 363 commutabile,
794 318 1018 366 inquantum
1048 317 1219 366 procedit
1238 329 1283 354 ex
1304 316 1366 354 de-

1420 316 1547 353 virtuti
1568 318 1670 364 quod
1692 317 1725 352 ei
1747 329 1823 353 non
1845 315 2039 361 convenit;
2068 327 2136 363 per
2154 315 2229 351 hoc
2250 314 2351 351 enim
2373 327 2480 351 aver-

312 369 448 406 siderio
469 369 681 406 inordinato
710 370 852 418 proprii
881 370 990 415 boni;
1022 378 1057 406 et
1084 370 1325 406 aversionem
1346 382 1367 406 a
1393 392 1395 407 ι
1420 368 1508 405 titur
1535 369 1654 405 homo
1684 382 1705 405 a
1733 369 1890 406 veritate
1911 374 1929 395 η
1950 367 2088 405 divina.

364 499 388 532 ζ)
408 503 442 524 et.
456 513 475 517 -
488 499 568 524 etiam
589 500 690 530 CDlsK,
709 508 762 524 om.
783 501 840 533 Ppa
860 506 884 525 et
902 507 934 528 α,·
954 501 986 524 de
1004 500 1123 525 divina...
1142 500 1185 524 Aa
1197 500 1367 525 secundum...
1393 504 1395 532 ξ

307 534 493 567 praesumptio
512 534 569 565 (art.
589 535 655 567 seq.)
675 542 728 560 om.
747 535 775 559 F.

1393 545 1395 566 l

1473 499 1499 530 η)
1519 499 1640 523 veritate.
1654 512 1672 517 -
1686 499 1784 523 virtute
1804 499 1830 523 Ρ.

986 604 1315 637 Commentario.
1338 604 1586 637 Cardinalis
1607 603 1806 636 Caietam

313 693 368 755 Iu
382 683 514 714 articulo
532 684 636 724 primo
654 683 847 725 quaestionis
863 682 1153 733 vigesimaeprimae
1178 690 1297 719 notato,
1315 692 1371 712 no-
1394 683 1396 727 ᾗ
1423 682 1678 718 misericordiam,
1703 682 1779 712 haec
1796 682 1946 713 iustitiam
1971 689 2166 713 contemnat:
2184 699 2205 704 -
2226 681 2314 722 quia,
2338 680 2479 721 inquam,

1394 731 1396 742 ³
1423 727 1462 756 de
1485 726 1599 757 virtute
1623 727 1681 757 Dei
1712 726 1855 757 ordinata
1885 733 1931 756 est
1959 735 2080 762 sermo;
2112 733 2142 755 et
2171 725 2270 756 virtus
2293 724 2352 755 Dei
2383 734 2400 754 a
2423 734 2480 755 sua

340 728 422 763 Vitie,
447 728 561 767 primo,
584 728 672 768 quod
690 727 930 767 praesumptio,
954 726 1026 756 licet
1054 726 1158 766 primo
1182 727 1368 766 impositum

309 771 348 801 sit
364 772 403 801 ad
412 771 658 811 significandum
681 771 801 803 morale
823 770 937 801 vitium
958 770 992 800 in
1012 770 1121 800 ordine
1145 771 1184 800 ad
1208 771 1369 810 propriam
1394 785 1396 807 ς

309 815 467 851 virtutem,
492 816 529 846 de
553 825 618 855 quo
642 814 674 844 in
696 815 770 845 loco
793 814 924 854 proprio
947 813 1077 844 inferius
1092 814 1109 832 *
1128 814 1185 844 erit
1207 814 1368 854 quaestio;

309 859 495 891 translatum
519 866 622 890 tamen
651 866 712 894 est,
746 865 875 898 propter
904 857 1160 893 similitudinem,
1192 858 1231 887 ad
1254 857 1370 896 signifi—

309 903 447 933 candum
462 903 576 934 vitium
592 902 809 941 theologicum
831 902 869 931 de
884 911 950 941 quo
971 908 1016 931 est
1032 901 1082 930 hic
1097 901 1251 942 quaestio.
1278 902 1370 931 Unde

308 946 574 986 praesumptionis
583 946 775 976 vocabulum
786 955 851 975 non
863 945 970 975 solum
982 944 1194 985 aequivocum
1207 944 1294 974 estin
1308 955 1368 975 usu

307 990 490 1021 iuristarum
504 996 535 1020 et
549 989 735 1025 moralium
761 989 814 1019 sed
829 989 924 1020 etiam
943 988 975 1019 in
992 988 1060 1028 ipsa
1080 989 1192 1018 morali
1209 988 1369 1028 theologia
1394 985 1395 991 ¹

307 1034 520 1074 aequivocum
548 1040 603 1064 est.
637 1033 678 1064 Et
707 1041 874 1072 propterea
901 1033 935 1062 in
965 1042 1099 1072 corpore
1121 1032 1243 1063 articuli
1273 1032 1369 1063 huius

308 1084 442 1118 utraque
471 1076 659 1117 significatio
689 1076 882 1116 exprimitur.
914 1077 1056 1108 Observa
1085 1077 1181 1116 igitur
1210 1083 1300 1112 caute
1330 1077 1368 1106 de
1394 1083 1395 1088 ¹

307 1130 372 1162 qua
394 1121 654 1162 praesumptione
678 1131 782 1151 sermo
806 1120 925 1152 incidit.

363 1164 400 1195 11.
433 1165 467 1194 ln
490 1165 604 1195 eodem
631 1164 734 1204 primo
765 1164 914 1201 articulo,
947 1164 979 1194 in
1006 1163 1213 1204 responsione
1239 1164 1278 1194 ad
1307 1164 1368 1203 pri—

307 1217 408 1244 mum,
433 1208 566 1239 dubium
591 1208 742 1239 occurrit:
768 1209 843 1245 Quo
867 1215 960 1248 pacto
983 1206 1160 1238 verificatur
1176 1208 1264 1248 quod
1281 1218 1369 1247 prae·
1394 1216 1395 1229 ¹

307 1252 449 1292 sumptio
476 1252 625 1283 diminuit
649 1252 788 1282 divinam
811 1251 982 1283 virtutem?
1010 1252 1142 1282 Videtur
1171 1252 1257 1282 enim
1280 1252 1369 1292 quod

255 1334 268 1337 Α
305 1303 602 1336 praesumptuosus,
618 1297 773 1336 sperando
789 1297 915 1327 veniam
935 1297 1001 1326 sine
1023 1295 1217 1336 poenitentia
1232 1302 1287 1326 aut
1301 1295 1369 1335 glo·
1394 1333 1395 1340 ἵ

306 1339 387 1371 riam
402 1340 470 1370 sine
485 1340 613 1376 meritis,
639 1341 711 1380 plus
734 1347 846 1380 speret,
864 1350 930 1371 non
951 1340 1059 1371 minus
1083 1349 1180 1380 quam
1204 1339 1370 1370 conveniat

306 1383 386 1415 Deo.
412 1384 575 1421 Quoniam
597 1385 670 1424 plus
686 1391 732 1415 est
751 1384 865 1415 habere
887 1384 1022 1425 gloriam
1046 1383 1111 1414 sine
1135 1383 1263 1419 meritis,
1289 1383 1369 1414 sicut
1393 1402 1395 1406 .

306 1424 419 1458 hebuit
441 1426 601 1465 Christus,
626 1437 724 1468 quam
748 1438 822 1459 cum
845 1427 978 1463 meritis,
1003 1427 1084 1457 sicut
1107 1427 1224 1457 habent
1246 1427 1313 1457 alii.
1338 1433 1368 1456 et

307 1467 436 1502 maioris
458 1471 573 1512 gratiae
604 1478 684 1502 esset
713 1472 828 1502 habere
850 1471 975 1502 veniam
1006 1471 1072 1500 sine
1100 1470 1308 1510 poenitentia,
1333 1476 1369 1500 ut

306 1515 423 1547 hebent
444 1515 567 1555 parvuli
590 1515 623 1546 in
647 1515 820 1555 baptismo,
845 1525 943 1556 quam
967 1524 1042 1545 cum
1063 1514 1269 1553 poenitentia.
1293 1515 1367 1544 Non

305 1559 430 1591 videtur
452 1569 526 1599 ergo
550 1569 661 1590 verum
683 1559 773 1599 quod
795 1565 1098 1599 praesumptuosus,
1123 1558 1201 1588 dum
1225 1557 1369 1588 innititur

306 1601 430 1636 divinae
452 1602 560 1634 virtuti
574 1603 614 1632 ad
630 1603 891 1644 consequendum
916 1603 1005 1643 quod
1027 1601 1097 1632 Deo
1122 1611 1187 1631 non
1211 1601 1367 1638 convenit,

305 1645 463 1677 diminuat
485 1645 624 1676 divinam
647 1646 813 1682 virtutem;
839 1647 893 1677 sed
917 1646 1024 1687 potius
1049 1655 1119 1676 eam
1143 1651 1236 1685 auget
1259 1646 1290 1676 in
1307 1655 1367 1676 suo

305 1688 417 1721 affeetu
442 1697 473 1721 et
495 1688 606 1721 effectu
630 1690 762 1721 intento.

312 1744 314 1753 ¹
357 1734 409 1765 Ad
429 1734 491 1764 hoc
515 1734 627 1765 dicitur
649 1735 749 1775 quod,
766 1744 840 1765 cum
864 1734 969 1765 divina
992 1733 1090 1764 virtus
1111 1733 1276 1773 dupliciter
1292 1743 1367 1764 con-

305 1777 467 1815 sideretur,
484 1778 602 1809 scilicet
618 1779 763 1809 absolute
783 1785 814 1809 et
829 1779 987 1815 ordinate;
1015 1785 1045 1808 et
1061 1777 1111 1808 hic
1126 1787 1191 1807 non
1207 1777 1247 1807 sit
1263 1787 1367 1808 sermo

305 1822 349 1853 de
367 1832 403 1852 ea
426 1823 580 1858 absolute,
605 1823 659 1853 sed
674 1823 712 1853 de
736 1833 772 1854 ea
795 1822 948 1859 ordinate,
972 1822 1047 1863 quia
1071 1828 1116 1852 est
1140 1832 1244 1852 sermo
1267 1821 1329 1851 de
1321 1831 1367 1852 iu-

305 1854 389 1903 stitia
404 1865 518 1903 divina,
537 1876 634 1917 quam
658 1866 874 1907 praesumptio
899 1865 1086 1897 contemnit:
1100 1883 1119 1886 -
1136 1872 1258 1896 constat
1278 1875 1366 1895 nam-

305 1915 368 1951 que
399 1909 538 1940 divinam
561 1909 712 1941 iustitiam
743 1911 782 1940 ad
805 1911 979 1950 potentiam
1009 1910 1068 1940 Dei
1096 1909 1275 1940 ordinatam
1298 1919 1366 1949 per-

306 1953 418 1990 finem
443 1961 474 1985 et
496 1953 572 1984 haec
604 1954 669 1984 duo
692 1954 766 1984 vitia
797 1955 945 1994 opposita
969 1954 1050 1994 spei,
1080 1954 1197 1984 scilicet
1221 1954 1366 1993 despera·

304 1997 426 2028 tionem
456 2005 488 2028 et
516 1998 826 2038 praesumptionem,
856 1999 899 2029 ita
930 1999 1035 2029 Deum
1065 1998 1218 2038 respicere
1249 2004 1283 2027 ut
1311 1997 1364 2028 illa

1423 771 1574 820 sapientia
1598 771 1739 800 ordinata
1763 770 1806 800 sic
1827 777 1872 801 est
1896 777 1930 800 ut
1953 769 2069 800 iustitia
2093 769 2250 799 mediante
2272 768 2406 808 gloriam
2421 778 2480 808 pro

1394 810 1396 848 ἓ
1423 814 1541 844 meritis
1565 821 1594 844 et
1616 814 1741 844 veniam
1770 824 1828 853 pro
1852 814 2046 853 poenitentia
2076 812 2182 843 faciat:
2215 823 2288 843 curn
2318 822 2480 852 praesum-

1394 870 1396 884 l

1422 858 1531 897 ptione
1555 857 1768 888 contemnitur
1790 858 1847 888 iste
1871 858 1968 893 ordo,
1996 867 2032 887 ac
2055 867 2110 897 per
2133 857 2194 887 hoc
2218 856 2322 886 divina
2345 855 2479 892 iustitia,

1423 901 1636 931 contemnitur
1660 911 1790 941 quoque
1822 900 1926 930 divina
1949 901 2046 931 virtus
2076 901 2115 930 ad
2143 910 2224 940 opus
2251 900 2479 940 poenitentiae,

1422 954 1478 984 per
1500 954 1599 984 quam
1622 944 1746 975 venitur
1761 945 1800 974 ad
1815 945 1950 980 veniam,
1975 951 2005 974 et
2029 945 2067 974 ad
2091 954 2172 983 opus
2193 944 2304 980 meriti,
2320 954 2375 983 per
2392 944 2481 984 quod

1422 988 1547 1018 venitur
1575 988 1614 1017 ad
1637 988 1787 1027 gloriam;
1819 998 1854 1018 ac
1884 998 1940 1027 per
1969 988 2030 1018 hoc
2060 987 2214 1018 minuitur
2244 987 2349 1018 divina
2372 988 2481 1018 virtus.

1423 1031 1575 1063 Ordinata
1591 1031 1749 1071 siquidem
1764 1032 1803 1061 ad
1819 1032 1884 1062 duo
1908 1041 2005 1071 opera
2019 1031 2128 1062 ordine
2145 1032 2285 1071 quodam
2302 1038 2482 1071 expectatur

1422 1075 1542 1106 factura
1570 1085 1672 1105 unum
1702 1082 1841 1106 tantum:
1874 1075 1978 1105 minus
2009 1082 2116 1106 autem
2146 1082 2192 1105 est
2221 1075 2355 1106 alterum
2384 1086 2482 1116 quam

1423 1126 1594 1160 utrumque
1610 1118 1720 1151 facere.
1736 1119 1778 1150 Et
1791 1129 1917 1149 rursum
1933 1119 2077 1149 ordinata
2092 1119 2131 1148 ad
2146 1119 2226 1149 iuste
2243 1119 2481 1159 perducendum

1422 1164 1463 1193 ad
1493 1163 1618 1194 veniam
1642 1163 1691 1193 vel
1718 1163 1851 1203 gloriam
1882 1169 2061 1202 expectatur
2093 1163 2281 1202 perductura
2310 1173 2377 1193 non
2399 1163 2481 1194 iuste

1423 1208 1462 1238 ad
1489 1207 1614 1237 veniam
1637 1207 1687 1237 vel
1711 1207 1860 1246 gloriam:
1892 1207 1998 1237 minus
2022 1213 2128 1237 autem
2152 1214 2213 1242 est,
2238 1207 2481 1247 praesupposito

1422 1251 1542 1281 ordinis
1557 1257 1685 1287 statuto,
1703 1252 1872 1291 perducere
1896 1261 1961 1281 non
1985 1250 2065 1281 iuste
2088 1260 2187 1291 quam
2202 1251 2283 1280 iuste
2301 1251 2340 1280 ad
2355 1251 2481 1281 veniam

1421 1295 1471 1325 vel
1487 1294 1629 1335 gloriam.
1654 1295 1811 1326 Diminuit
1833 1295 1928 1334 igitur
1950 1304 2021 1325 vere
2043 1294 2185 1326 divinam
2201 1294 2350 1325 virtutem
2370 1294 2403 1324 in
2422 1305 2481 1326 suo

1423 1339 1534 1370 effectu
1550 1346 1846 1379 praesumptuosus.
1871 1339 1911 1369 Et
1933 1339 1995 1369 hoc
2018 1338 2200 1369 intendebat
2214 1340 2336 1368 Auctor
2356 1339 2434 1369 dum
2448 1339 2481 1369 in

1423 1393 1555 1423 corpore
1579 1383 1712 1422 articuli,
1737 1383 1817 1413 hanc
1840 1382 2085 1412 diminutionem
2109 1381 2275 1422 explicans,
2296 1382 2372 1412 dixit
2394 1384 2482 1423 quod

1416 1436 1480 1467 per
1509 1427 1691 1457 huiusmodi
1719 1428 2012 1467 praesumptionem
2046 1426 2171 1457 tollitur
2193 1427 2243 1457 vel
2271 1428 2483 1458 contemnitur

1421 1470 1617 1500 adiutorium
1648 1470 1787 1509 Spiritus
1810 1470 1921 1500 Sancti
1943 1480 2007 1510 per
2034 1471 2119 1510 quod
2146 1471 2239 1500 homo
2269 1476 2440 1501 revocatur
2461 1481 2481 1501 a

1415 1519 1560 1554 peccato,
1585 1513 1638 1543 illa
1661 1513 1778 1544 scilicet
1800 1514 1943 1544 medians
1966 1514 2094 1544 iustitia.

1475 1558 1527 1588 Ad
1550 1557 1762 1588 obiectionem
1781 1557 1814 1587 in
1841 1558 2028 1597 oppositum
2045 1557 2157 1588 dicitur
2179 1558 2268 1598 quod
2291 1557 2372 1594 licet,
2389 1558 2482 1588 abso—

1392 1614 1394 1623 ·
1420 1601 1486 1632 lute
1509 1601 1683 1641 loquendo,
1702 1600 1802 1631 facere
1825 1601 1950 1631 veniam
1974 1601 2040 1631 sine
2065 1601 2258 1641 poenitentia
2277 1608 2331 1632 aut
2349 1601 2483 1641 gloriam

1421 1645 1487 1675 sine
1512 1644 1630 1675 meritis
1653 1645 1686 1675 in
1710 1645 1818 1685 aliquo
1847 1645 1887 1675 sit
1915 1644 2017 1675 maius
2042 1646 2149 1685 quoad
2173 1645 2309 1675 modum
2334 1645 2481 1682 faciendi,

1420 1699 1479 1730 pro
1495 1695 1616 1729 quanto
1638 1688 1674 1719 fit
1695 1688 1767 1719 finis
1787 1689 1853 1720 sine
1877 1689 1924 1719 his
1947 1699 2028 1730 quae
2052 1696 2126 1720 sunt
2148 1690 2188 1719 ad
2208 1689 2304 1719 finem
2328 1695 2359 1720 et
2380 1689 2482 1720 forma

1421 1733 1488 1764 sine
1504 1733 1784 1773 dispositionibus,
1805 1740 1836 1764 et
1851 1734 1890 1764 ad
1906 1733 1967 1764 hoc
1991 1733 2092 1764 tendit
2097 1741 2349 1773 argumentum:
2374 1735 2482 1774 quoad

1419 1787 1487 1807 rem
1510 1785 1616 1808 tamen
1640 1777 1765 1813 factam,
1789 1778 1890 1817 magis
1913 1785 1959 1808 est
1978 1777 2079 1807 facere
2102 1784 2274 1818 utrumque
2293 1788 2392 1817 quam
2407 1778 2481 1809 alte-

1420 1831 1502 1852 rum.
1527 1822 1705 1862 Loquendo
1737 1828 1842 1852 tamen
1876 1821 2118 1862 praesupposito
2143 1821 2254 1852 ordine
2282 1821 2404 1852 divinae
2434 1832 2480 1852 sa-

1420 1865 1565 1906 pientiae,
1583 1865 1689 1895 minus
1713 1865 1895 1905 simpliciter
1912 1873 1957 1896 est
1974 1866 2073 1896 facere
2095 1866 2228 1896 alterum
2245 1876 2341 1916 quam
2359 1872 2481 1896 utrum-

1421 1918 1493 1949 que.
1519 1909 1559 1939 Et
1574 1909 1649 1949 quia
1672 1910 1939 1960 praesumptionis
1963 1910 2075 1940 vitium
2101 1916 2208 1939 contra
2230 1910 2378 1940 virtutem
2402 1910 2481 1940 divi-

1420 1963 1494 1983 nam
1511 1953 1694 1983 ordinatam
1706 1963 1762 1983 sua
1778 1954 1928 1993 sapientia
1946 1961 2001 1990 est,
2015 1954 2087 1983 ideo
2108 1953 2291 1993 simpliciter
2306 1953 2481 1984 diminuere

1421 1997 1560 2027 divinam
1584 1997 1731 2028 virtutem
1757 1997 1880 2028 dicitur.

1070 2143 1386 2186 ARTICULUS
1416 2143 1716 2185 SECUNDUS

974 2226 1129 2258 UTRUM
1153 2225 1455 2257 PRAESUMPTIO
1480 2226 1546 2256 SIT
1570 2226 1807 2257 PECCATUM

323 2326 492 2417 5²¹5}
515 2356 774 2415 praesumptio
794 2369 873 2393 non
892 2356 939 2393 sit
959 2365 1173 2415 pec—catum.
1204 2355 1363 2393 Nullum

325 2440 352 2455 ,ff
384 2426 437 2442 ν·
460 2408 619 2446 enim
646 2416 847 2456 peccatum
884 2417 940 2445 est
972 2410 1066 2446 ratio
1103 2410 1209 2457 quod
1243 2410 1363 2446 homo

325 2456 345 2466 ‘'
369 2451 485 2494 7³⁷³)
475 2454 738 2498 exaudiatur
771 2473 792 2497 a
820 2462 918 2498 Deo.
957 2462 1033 2499 Sed
1066 2474 1134 2510 per
1166 2474 1364 2520 praesum-

305 2513 477 2562 ptionem
506 2514 620 2562 aliqui
650 2513 901 2550 exaudiuntur
920 2526 942 2550 a
964 2515 1070 2551 Deo:
1101 2514 1235 2552 dicitur
1263 2514 1364 2551 enim

305 2566 430 2605 Iudith
458 2578 494 2603 ix
512 2566 552 2602 *ε
580 2567 737 2603 Exaudi
758 2578 818 2603 me
844 2568 1024 2604 miseram
1051 2567 1311 2615 deprecantem
1332 2572 1368 2603 et

305 2618 352 2656 de
378 2624 442 2655 tua
479 2620 735 2656 misericordia
765 2626 1082 2667 praesumentem.
1122 2621 1225 2667 Ergo
1257 2631 1366 2668 prae-

306 2671 472 2720 sumptio
503 2672 550 2709 de
583 2671 711 2709 divina
739 2672 998 2709 misericordia
1034 2685 1112 2709 non
1141 2681 1196 2708 est
1233 2684 1366 2720 pecca-

309 2806 316 2808 .
339 2788 395 2815 ,2.
425 2777 661 2823 Primam,
691 2777 952 2825 praesumptio
980 2777 1160 2825 importat
1189 2789 1367 2825 superex-

307 2838 456 2866 cessum
484 2830 577 2879 spei.
619 2830 695 2866 Sed
724 2830 761 2866 in
790 2842 858 2878 spe
886 2842 985 2879 quae
1013 2831 1175 2867 habetur
1204 2832 1251 2867 de
1281 2831 1366 2867 Deo

306 2894 385 2920 non
405 2890 528 2931 potest
547 2895 630 2920 esse
649 2894 958 2931 superexcessus:
988 2895 1076 2920 cum
1098 2883 1179 2920 eius
1197 2883 1366 2931 potentia

308 2942 345 2972 et
371 2934 631 2973 misericordia
659 2935 732 2973 sint
759 2935 916 2973 infinita.
951 2936 1054 2983 Ergo
1082 2936 1233 2972 videtur
1261 2937 1366 2984 quod

307 2988 568 3036 praesumptio
597 3000 675 3025 non
703 2988 750 3025 sit
776 2996 989 3036 peccatum.

363 3041 398 3078 3.
426 3039 668 3088 PRAETEREA,
699 3041 737 3078 id
765 3042 867 3089 quod
897 3049 954 3078 est
980 3049 1179 3089 peceatum
1206 3053 1285 3078 non
1304 3052 1366 3078 ex-

309 3101 414 3131 cusat
434 3105 456 3130 a
475 3101 645 3141 peccato.
676 3094 752 3130 Sed
775 3094 1037 3142 praesumptio
1067 3102 1219 3130 excusat
1238 3107 1260 3130 a
1279 3106 1366 3142 pec—

309 3152 414 3182 cato:
446 3145 535 3182 dicit
558 3145 661 3183 enim
691 3146 881 3194 Magister,
901 3158 973 3183 xxn
1003 3146 1085 3184 dist.
1109 3148 1139 3183 II
1168 3146 1232 3184 lib.
1253 3147 1367 3192 Senta,

309 3198 415 3245 quod
435 3198 560 3235 Adam
589 3198 714 3235 minus
742 3200 916 3247 peccavit
943 3199 1032 3246 quia
1052 3199 1123 3235 sub
1143 3211 1210 3247 spe
1228 3200 1367 3236 veniae

307 3251 492 3299 peccavit,
514 3251 619 3299 quod
648 3251 799 3288 videtur
826 3252 875 3288 ad
903 3252 1254 3300 praesumptionem
1283 3265 1366 3301 per·

308 3303 437 3341 tinere.
468 3302 568 3351 Ergo
597 3303 857 3352 praesumptio
887 3316 965 3341 non
995 3312 1051 3340 est
1077 3312 1290 3353 peccatum.

361 3434 389 3466 α)
407 3434 526 3466 quidam.
539 3447 557 3452 -·
571 3434 632 3458 Om.
652 3434 680 3458 P.

361 3467 386 3501 β)
406 3472 502 3494 tamen.
515 3482 536 3488 -
548 3472 623 3494 tanto
642 3469 680 3499 H;
700 3476 746 3501 pro
765 3472 872 3501 quanto,
891 3469 1015 3501 quoniam
1035 3470 1081 3494 Pa.

487 2327 491 2337 s
513 2315 538 2342 i>
553 2314 742 2341 secuunum
757 2315 811 2340 sic
825 2315 1065 2341 puocamrua.
1081 2304 1239 2341 Videtur
1259 2303 1363 2351 quod
1389 2303 1391 2332 l

1471 2304 1545 2340 SED
1574 2315 1721 2340 CONTRA
1749 2301 1815 2340 izsr
1843 2305 1948 2351 quod
1977 2304 2133 2352 ponitur
2161 2304 2307 2352 species
2335 2305 2481 2352 peccati

1417 2356 1455 2393 in
1485 2356 1667 2404 Spiritum
1697 2357 1893 2393 Sanctum.

1470 2410 1695 2446 Rssspomsso
1713 2421 1899 2446 DlCENDUM
1920 2409 2037 2458 quod,
2054 2410 2148 2456 sicut
2169 2421 2283 2457 supra
2301 2409 2321 2431 '¹‘
2337 2409 2480 2447 dictum
2508 2422 2516 2430 ·

1418 2469 1474 2498 est
1493 2462 1591 2498 circa
1612 2462 1932 2510 desperationem,
1957 2462 2083 2499 omnis
2103 2469 2231 2499 motus
2251 2463 2480 2511 appetitivus

1417 2513 1489 2562 qui
1511 2514 1759 2551 conformiter
1786 2527 1826 2550 se
1854 2515 1970 2551 habet
1998 2515 2048 2551 ad
2080 2515 2311 2552 intellectum
2342 2516 2478 2552 falsum

1394 2565 1474 2602 est
1500 2566 1713 2603 secundum
1743 2579 1783 2602 se
1812 2568 1936 2604 malus
1966 2575 2002 2603 et
2027 2575 2241 2616 peccatum.
2276 2569 2478 2605 Praesum—

1417 2619 1496 2678 ptio
1517 2626 1645 2655 autem
1667 2627 1722 2655 est
1741 2627 1868 2656 motus
1897 2619 2053 2667 quidam
2074 2626 2091 2641 ‘¹
2111 2621 2360 2669 appetitivus:
2390 2621 2478 2669 quia

1417 2672 1597 2720 importat
1616 2671 1810 2720 quandam
1839 2684 1947 2720 spem
1967 2672 2237 2710 inordinatam.
2267 2674 2394 2710 Habet
2413 2686 2477 2710 au-

1418 2732 1494 2761 tem
1512 2737 1551 2761 se
1567 2724 1815 2761 conformiter
1833 2725 2035 2762 intellectui
2055 2726 2162 2772 falso,
2175 2726 2270 2763 sicut
2290 2734 2324 2762 et
2343 2727 2477 2775 despe-

1419 2778 1534 2814 ratio:
1565 2778 1659 2814 sicut
1679 2777 1780 2814 enim
1801 2778 1936 2815 falsum
1958 2786 2013 2814 est
2032 2779 2139 2826 quod
2157 2780 2262 2815 Deus
2282 2779 2477 2827 poeniten-

1418 2831 1517 2867 tibus
1547 2842 1625 2867 non
1653 2830 1855 2877 indulgeat,
1876 2831 1938 2867 vel
1965 2831 2069 2879 quod
2092 2840 2293 2880 peccantes
2317 2832 2365 2869 ad
2384 2844 2477 2880 poe-

1420 2884 1615 2920 nitentiam
1645 2895 1723 2920 non
1752 2890 1963 2930 convertat,
1990 2884 2040 2920 ita
2068 2885 2204 2921 falsum
2233 2893 2289 2921 est
2314 2885 2420 2932 quod
2439 2885 2478 2922 in

1418 2944 1577 2984 peccato
1605 2936 1935 2984 perseverantibus
1966 2937 2122 2974 veniam
2155 2937 2361 2983 concedat,
2391 2945 2428 2974 et
2455 2950 2477 2975 a

1419 2990 1524 3026 bono
1544 3002 1659 3038 opere
1676 2989 1909 3026 cessantibus
1928 2989 2088 3037 gloriam
2107 2990 2302 3037 largiatur3
2323 2990 2382 3027 cui
2401 2991 2477 3027 exi·

1419 3042 1623 3079 stimationi
1661 3042 1907 3078 conformiter
1934 3055 1974 3078 se
2008 3043 2123 3080 habet
2155 3043 2476 3092 praesumptionis

1420 3103 1558 3132 motus.
1585 3096 1633 3131 Et
1651 3095 1737 3131 ideo
1758 3095 2018 3144 praesumptio
2039 3103 2093 3132 est
2111 3104 2325 3144 peccatum.
2347 3097 2476 3133 Minus

1419 3156 1549 3184 tamen
1564 3146 1578 3176 β
1594 3160 1710 3195 quam
1732 3147 1962 3196 desperatio:
1983 3156 2125 3196 quanto
2141 3149 2262 3196 magis
2277 3149 2475 3197 proprium

1421 3209 1476 3237 est
1495 3202 1580 3237 Deo
1601 3200 1771 3236 misereri
1792 3208 1828 3236 et
1846 3213 2002 3248 parcere
2022 3214 2137 3249 quam
2159 3201 2304 3250 punire,
2322 3209 2476 3250 propter

1421 3253 1500 3290 eius
1520 3253 1707 3290 infinitam
1727 3253 1949 3290 bonitatem.
1972 3254 2065 3292 Illud
2086 3254 2187 3291 enim
2209 3254 2418 3290 secundum
2434 3266 2474 3291 se

1420 3307 1506 3342 Deo
1523 3306 1717 3342 convenit:
1734 3306 1807 3342 hoc
1823 3313 1951 3344 autem
1967 3312 2146 3356 propterY
2162 3314 2473 3355 nostrapeccata.

1471 3437 1497 3469 γ)
1513 3440 1634 3468 propter.
1647 3449 1664 3455 —-
1677 3437 1819 3461 secundum
1839 3437 1885 3461 Pa.

2532 2420 2580 2448 Qu.
2590 2427 2628 2446 xx,
2644 2425 2687 2442 art.
2701 2427 2718 2442 r.

2600 3321 2616 3346 Υ
