2892 4056
98 277 149 299 ‘Ad
157 278 209 304 Tit„
215 283 266 304 cap.
271 283 306 325 g,

97 309 307 356 {aeixf‘lrii'e'rseaunss

97 355 187 382 xx1v,
202 362 241 384 qu.
262 361 298 378 nt.

96 492 107 503 ⁸
120 491 188 514 vm.

203 492 227 514 6.

998 149 1263 195 QUAESTIO
1292 149 1472 196 XXXIX,
1501 149 1796 186 ARTICULUS
1826 150 1839 186 I

335 225 404 262 sed
431 237 510 262 non
539 226 782 263 convertitur.
813 227 863 263 Et
888 228 963 264 hoc
992 235 1046 264 est
1075 228 1178 276 quod
1207 227 1393 275 Hierony-

336 289 422 314 mus
451 277 550 326 dicit,
576 279 613 315 in
641 279 756 327 Epist.
787 280 839 316 ad
869 280 951 317 Gal.
980 279 1016 316 *ε
1045 281 1150 317 Inter
1171 280 1332 317 schisma
1359 285 1395 316 et

335 330 519 367 haeresim
537 332 609 367 hoc
628 331 801 368 interesse
819 332 995 378 arbitror,
1011 333 1112 382 quod
1127 333 1291 369 haeresis
1303 343 1391 380 per-

333 394 484 420 versum
504 383 644 432 dogma
664 385 784 430 hahet,
804 385 965 422 schisma
979 386 1028 421 ab
1041 385 1210 422 Ecclesia
1228 390 1390 433 separat.

387 436 437 472 Et
463 443 593 472 tamen
630 436 726 474 sicut
762 437 916 474 amissio
955 437 1114 474 caritatis
1153 445 1208 474 est
1244 437 1308 474 via
1343 437 1392 474 ad

333 487 584 525 amittendum
613 489 744 537 fidem,
766 489 976 526 secundum
997 489 1088 526 illud
1108 490 1121 525 I
1142 490 1194 526 ad
1214 491 1309 526 Tim.
1331 489 1391 526 1²⁸:

331 541 369 577 A
387 541 521 588 quibus
544 542 696 589 quidam
729 543 959 587 aberrantes,
980 541 1120 578 scilicet
1143 554 1165 578 a
1185 542 1337 578 caritate
1358 549 1394 578 et

384 670 406 702 ε)
426 671 486 696 nisi.
504 685 524 690 -
541 672 684 704 quodrmm
703 672 733 696 P.

2426 150 2499 196 307

1445 227 1527 263 aliis
1546 227 1778 273 huiusmodi,
1799 227 1972 264 conversi
1986 233 2074 264 sunt
2090 228 2127 264 in
2147 227 2423 274 vaniloquium
2452 227 2502 263 ita

1447 279 1561 315 etiam
1599 280 1764 316 schisma
1793 287 1848 316 est
1874 280 1937 317 via
1966 281 2014 318 ad
2042 280 2242 316 haeresim.
2273 279 2383 316 Unde
2414 279 2501 315 Hie-

1448 343 1631 379 ronymus
1659 332 1802 369 ibidem
1825 332 1846 354 ³¹⁸
1873 333 2001 370 subdit
2028 333 2134 381 quod
2161 332 2322 369 schisma
2349 343 2373 368 a
2396 332 2501 380 prin-

1447 384 1542 434 cipio
1570 385 1696 433 aliqua
1726 386 1761 421 in
1786 391 1897 433 parte
1918 391 2040 434 potest
2065 385 2224 434 intelligi
2246 385 2434 421 diversum
2454 384 2502 420 ab

1446 437 1613 474 haeresi:
1640 443 1803 474 ceterum
1836 438 1979 475 nullum
2006 438 2167 475 schisma
2195 443 2271 483 est,
2306 437 2378 474 nisi
2394 441 2407 457 ³
2433 437 2505 472 sibi

1446 490 1612 537 aliquam
1639 491 1823 535 haeresim
1851 492 2055 540 confingat,
2086 497 2127 527 ut
2151 495 2251 527 recte
2267 491 2316 526 ab
2334 489 2502 526 Ecclesia

1446 542 1637 579 recessisse
1663 543 1847 580 videatur.

998 750 1329 783 Commentariis
1350 750 1601 783 cardinalis
1622 751 1823 784 Caietam

361 841 382 861 N
405 841 536 871 corpore
559 830 655 872 primi
676 829 798 860 articuli
813 828 1008 869 quaestionis
1031 829 1313 868 trigesimaenonae
1332 829 1391 859 tria

337 841 458 905 [simul
481 874 576 905 dubia
591 879 771 905 occurrunt.
795 872 939 914 Primum
955 879 1010 908 est,
1026 873 1060 902 in
1075 883 1142 913 quo
1158 873 1300 903 consistit
1318 872 1389 902 uni-

331 925 378 949 tas
404 918 562 949 Ecclesiae
591 917 644 948 cui
673 916 849 957 opponitur
877 916 1024 946 schisma.
1045 933 1066 939 —
1089 916 1275 947 Secundum
1296 926 1388 951 vero,

330 962 498 1002 quomodo
522 961 626 992 unitas
649 967 695 991 est
718 970 736 990 a
759 960 894 996 caritate,
915 966 950 991 ut
972 960 1074 991 littera
1098 960 1182 990 dicit.
1207 977 1227 983 -
1244 959 1391 990 Tertium

329 1012 446 1042 autem,
470 1005 638 1046 quomodo
661 1003 798 1035 schisma
821 1004 996 1044 opponitur
1017 1003 1064 1034 illi
1088 1003 1212 1034 unitati.

384 1049 426 1080 Et
445 1048 540 1089 primi
562 1048 693 1089 quidem
716 1048 814 1084 dubii,
838 1047 871 1078 in
887 1058 953 1089 quo
977 1047 1095 1079 scilicet
1111 1047 1262 1078 consistat
1286 1046 1390 1077 unitas

328 1091 487 1124 Ecclesiae
502 1092 554 1124 cui
577 1092 753 1133 opponitur
768 1092 914 1129 schisma,
930 1092 1010 1123 ratio
1034 1099 1081 1123 est
1095 1092 1180 1132 quia,
1198 1101 1272 1122 cum
1287 1100 1390 1122 unum

328 1142 480 1177 sequatur
502 1146 568 1172 ens,
585 1137 690 1167 omnis
705 1136 810 1168 unitas
826 1143 954 1176 oportet
973 1137 1062 1177 quod
1085 1136 1125 1166 sit
1143 1135 1320 1166 secundum
1336 1134 1390 1165 ali-

328 1181 419 1221 quod
441 1189 524 1217 esse;
548 1187 580 1212 et
602 1191 699 1212 omne
722 1181 838 1211 tollens
861 1180 1016 1212 unitatem
1038 1180 1130 1211 tollat
1153 1179 1284 1221 aliquod
1313 1189 1389 1209 esse.

329 1223 464 1257 Constat
478 1231 587 1256 autem
609 1225 708 1266 quod,
723 1225 846 1256 secluso
862 1235 929 1255 esse
951 1224 1081 1255 relativo
1097 1225 1316 1255 membrorum
1331 1223 1389 1254 Ec-

329 1268 441 1300 clesiae
470 1269 638 1308 eddanum
665 1275 779 1310 caput,
808 1269 935 1306 nullum
958 1279 1024 1300 esse
1056 1275 1186 1309 apparet
1218 1277 1390 1298 commune

281 1332 284 1333 ν
326 1306 483 1344 memma
493 1307 652 1344 Ecclesiae
665 1313 747 1344 inter
762 1323 795 1343 se
813 1312 951 1344 fundans
966 1313 1121 1344 unitatem
1135 1312 1292 1342 Ecclesiae
1309 1321 1391 1352 quae

327 1357 397 1388 tolli
421 1357 535 1388 dicitur
556 1366 613 1397 per
634 1357 782 1388 schisma.
805 1357 889 1387 Nam
913 1367 980 1387 esse
1004 1356 1087 1393 fidei,
1111 1356 1188 1397 spei,
1213 1365 1389 1387 sacramen-

328 1408 437 1433 torum
460 1407 491 1432 et
513 1401 617 1431 cultus
641 1408 701 1432 stat
724 1411 798 1431 cum
821 1401 998 1431 schismate.
1026 1401 1103 1431 Esse
1125 1407 1234 1431 autem
1256 1399 1390 1430 caritatis

327 1445 478 1482 indirecte
500 1444 631 1485 quidem
654 1455 710 1485 per
729 1454 825 1475 omne
847 1451 1016 1484 peccatum
1035 1444 1179 1480 mortale,
1197 1444 1312 1474 directe
1335 1453 1390 1474 au-

328 1495 395 1520 tem
417 1498 474 1529 per
496 1488 679 1528 explicitum
700 1488 800 1529 ipsius
824 1495 1046 1528 contemptum
1069 1488 1226 1528 perditur,
1251 1487 1306 1517 sed
1329 1487 1391 1518 hoc

327 1543 396 1570 non
417 1539 464 1564 est
486 1532 662 1563 schismatis
684 1532 812 1564 vitium:
837 1542 912 1562 nam
935 1532 991 1573 qui
1014 1532 1082 1562 vult
1101 1532 1262 1563 caritatem
1285 1530 1390 1561 necin

327 1586 362 1608 se
384 1586 443 1608 nec
464 1576 496 1606 in
519 1576 582 1607 alio
606 1586 683 1612 esse,
707 1586 773 1607 non
797 1583 964 1616 propterea
987 1576 1206 1607 schismaticus
1230 1581 1285 1605 est.

383 1619 520 1652 Secundi
540 1630 617 1650 vero
641 1620 738 1659 dubii,
755 1621 923 1661 quomodo
939 1620 1054 1651 scilicet
1071 1620 1174 1651 unitas
1189 1620 1266 1650 haec
1282 1618 1389 1649 Eccle-

325 1665 392 1706 siae
405 1664 446 1696 sit
460 1674 479 1695 a
492 1664 628 1700 caritate,
644 1664 725 1695 ratio
741 1672 788 1696 est
802 1672 873 1696 tum
888 1665 964 1706 quia
978 1664 1115 1695 schisma
1128 1664 1212 1699 tollit
1225 1663 1308 1694 illud
1323 1672 1390 1693 esse

325 1709 417 1751 quod
429 1708 498 1739 sine
509 1708 635 1740 caritate
650 1709 845 1749 possidetur:
863 1716 899 1740 ut
914 1716 999 1749 patet
1011 1719 1086 1740 cum
1100 1708 1198 1749 aliqui
1210 1707 1243 1738 in
1258 1713 1388 1748 peccato

326 1752 453 1790 mortali
465 1752 706 1793 praeexistentes
717 1752 800 1784 fiunt
810 1754 849 1784 de
864 1763 950 1784 novo
966 1753 1166 1784 schismatici.
1179 1770 1198 1775 -
1211 1752 1300 1782 Tum
1314 1751 1389 1791 quia

327 1796 546 1830 schismaticus
561 1803 608 1827 est
629 1797 686 1838 qui
705 1797 809 1828 renuit
831 1797 959 1828 subesse
982 1798 1131 1828 Romano
1149 1795 1309 1826 Pontifici:
1326 1795 1388 1825 hoc

327 1847 435 1872 autem
462 1850 531 1871 non
554 1841 669 1872 directe
693 1841 828 1878 caritati,
853 1842 908 1872 sed
932 1841 1129 1872 obedientiae
1153 1840 1339 1880 opponitur.

383 1884 483 1916 Tertii
506 1891 614 1916 autem
638 1885 726 1915 dubii
749 1885 828 1916 ratio
859 1892 906 1916 est
928 1885 1012 1926 quia,
1038 1895 1112 1916 cum
1131 1894 1235 1915 unum
1259 1883 1389 1925 opposi-

327 1936 436 1960 torum
458 1929 549 1960 tollat
571 1928 746 1970 reliquum
770 1936 801 1960 et
816 1930 921 1961 unitas
943 1929 1101 1960 Ecclesiae
1120 1939 1186 1960 non
1208 1928 1248 1959 sit
1266 1929 1305 1958 ab
1329 1928 1388 1958 Ec-

326 1972 420 2005 clesia
442 1972 631 2009 auferibilis,
655 1973 737 2004 sicut
764 1983 823 2004 nec
851 1983 919 2004 esse
945 1973 1060 2014 ipsius,
1091 1980 1388 2014 quantumcumque

325 2016 404 2050 fiant
424 2016 548 2048 infinita
569 2017 739 2049 schismata
769 2015 925 2060 (alioquin
949 2024 1005 2048 aut
1026 2025 1157 2058 possent
1187 2027 1253 2047 esse
1283 2017 1390 2057 plures

325 2060 484 2093 Ecclesiae
507 2070 608 2102 quam
623 2071 686 2092 una
692 2070 701 2098 ;
724 2068 780 2092 aut
795 2069 903 2102 posset
914 2062 1055 2092 desinere
1067 2072 1134 2092 esse
1153 2068 1224 2092 ante
1240 2071 1389 2092 consum-

325 2105 502 2137 mationem
524 2103 668 2147 saeculi):
694 2115 894 2146 consequens
916 2112 963 2136 est
986 2107 1074 2146 quod
1094 2106 1230 2136 schisma
1249 2115 1314 2135 non
1329 2105 1389 2135 tol—

324 2150 370 2182 lat
391 2149 547 2180 unitatem
569 2149 728 2180 Ecclesiae
735 2158 743 2186 ;
769 2156 800 2180 et
823 2157 1053 2190 consequenter
1076 2150 1158 2180 male
1182 2160 1218 2180 ex
1240 2149 1302 2180 hoc
1322 2149 1388 2180 eius

325 2199 439 2225 natura
460 2198 664 2224 monstratur.

380 2237 418 2268 11.
441 2237 493 2267 Ad
515 2237 705 2268 evidentiam
727 2237 846 2268 horum
865 2237 1030 2268 sciendum
1053 2244 1100 2268 est
1115 2238 1215 2278 quod,
1232 2246 1305 2267 cum
1329 2237 1388 2267 Ec-

327 2280 420 2313 clesia
451 2280 606 2318 militans,
630 2281 670 2311 de
697 2291 762 2322 qua
793 2281 861 2312 sola
893 2288 940 2312 est
963 2292 1087 2318 sermo,
1117 2282 1157 2312 sit
1187 2280 1388 2322 congregatio

327 2324 476 2356 omnium
497 2323 640 2356 fidelium
664 2331 695 2356 et
717 2335 782 2355 una
804 2335 950 2361 numero,
968 2332 1094 2366 oportet
1112 2326 1201 2367 quod
1221 2332 1286 2356 tam
1312 2325 1388 2356 enti-

326 2376 374 2399 tas
389 2378 488 2410 quam
503 2369 607 2400 unitas
630 2369 698 2399 eius
713 2368 884 2399 numeralis
908 2369 1118 2400 constituatur
1133 2379 1170 2400 ex
1192 2369 1300 2410 aliquo
1322 2378 1389 2399 esse

326 2423 394 2444 non
417 2423 484 2454 quo
511 2413 632 2453 aliquid
663 2418 710 2443 est
731 2412 764 2443 in
788 2422 831 2449 se,
855 2413 911 2443 sed
939 2423 1005 2454 quo
1035 2413 1076 2443 ad
1103 2413 1190 2443 aliud
1213 2413 1387 2443 ordinatur.

326 2449 412 2488 inter
434 2456 514 2487 entis
533 2464 642 2488 autem
670 2466 802 2496 genera,
834 2457 940 2487 solum
967 2456 1094 2493 relatio,
1124 2456 1206 2487 actio
1230 2464 1260 2487 et
1283 2456 1388 2496 passio

326 2508 470 2542 separata
490 2501 638 2541 iungunt.
662 2501 740 2531 Esse
763 2511 903 2542 namque
926 2501 1128 2537 substantiae,
1152 2500 1335 2541 quantitatis
1359 2507 1390 2531 et

325 2545 487 2587 qualitatis
502 2545 547 2575 sic
568 2545 601 2575 in
617 2554 683 2576 uno
706 2545 874 2585 supposito
890 2545 1032 2576 consistit
1055 2545 1144 2585 quod
1159 2545 1199 2574 ad
1222 2544 1308 2574 aliud
1323 2554 1390 2574 non

328 2599 361 2620 se
388 2588 540 2625 extendit;
574 2588 696 2620 actione
727 2595 833 2619 autem
858 2595 889 2619 et
922 2589 1069 2629 passione
1093 2588 1270 2629 iunguntur
1295 2588 1389 2619 etiarn

328 2633 453 2664 caelum
475 2639 506 2664 et
528 2639 625 2669 terra;
650 2639 681 2663 et
704 2643 771 2663 esse
794 2633 925 2663 relativo
948 2639 1055 2663 totum
1078 2633 1271 2663 universum.
1296 2633 1388 2664 Unde

326 2677 486 2708 Ecclesiae
509 2686 576 2707 esse
599 2682 631 2707 et
653 2676 757 2707 unitas
779 2677 957 2708 secundum
980 2677 1057 2706 haec
1083 2676 1310 2706 consideranda
1333 2683 1389 2708 est.

382 2721 459 2752 Tria
480 2728 588 2752 autem
609 2721 790 2751 invenimus
811 2721 845 2751 in
867 2721 944 2761 ipsis
966 2719 1122 2751 fidelibus.
1146 2720 1263 2756 Prim0‚
1288 2721 1389 2751 unita-

326 2773 392 2797 tem
423 2765 578 2796 virtutum
611 2765 864 2805 theologicarum
897 2771 928 2795 et
956 2771 1242 2795 sacramentorum:
1273 2765 1389 2805 singuli

325 2819 466 2850 namque
480 2808 589 2840 fideles
605 2809 736 2841 credunt
752 2819 864 2846 unum,
882 2815 1009 2849 sperant
1023 2818 1136 2845 unum,
1153 2815 1260 2839 amant
1275 2819 1388 2846 unum,

327 2853 444 2885 scilicet
467 2852 574 2884 Deum
596 2853 718 2884 trinum
741 2860 772 2884 et
795 2863 899 2884 unum
921 2859 996 2889 etc.,
1021 2859 1052 2883 et
1074 2859 1182 2883 tenent
1205 2853 1316 2883 eadem
1339 2863 1388 2883 sa-

326 2904 496 2929 cramenta.
520 2897 562 2928 Et
582 2896 609 2927 si
631 2896 739 2928 fideles
762 2907 828 2928 non
851 2898 1002 2928 haberent
1025 2897 1119 2927 aliam
1142 2897 1305 2933 unitatem,
1330 2897 1388 2927 Ec-

326 2941 420 2973 clesia
438 2951 505 2972 non
529 2947 618 2977 esset,
635 2941 764 2981 proprie
776 2942 952 2983 loquendo,
977 2950 1057 2977 una;
1082 2941 1138 2971 sed
1155 2940 1263 2971 fideles
1287 2948 1390 2972 essent

325 2985 446 3016 similes
468 2985 502 3016 in
524 2985 702 3025 praedictis.

381 3028 564 3060 Invenimus
587 3038 673 3069 ergo,
697 3029 847 3066 secundo,
871 3029 1026 3060 unitatem
1050 3028 1169 3069 capitis,
1193 3038 1259 3059 non
1282 3028 1388 3059 solum

325 3073 360 3104 in
384 3073 482 3110 caelo,
505 3072 638 3109 Christi;
662 3073 769 3104 sedin
791 3080 882 3109 terra,
899 3073 948 3104 sui
971 3073 1097 3104 Vicarii.
1121 3073 1168 3102 Ex
1183 3083 1247 3113 qua
1270 3072 1389 3103 unitate

327 3117 499 3159 apponitur
521 3117 554 3147 in
576 3116 652 3157 ipsis
674 3115 820 3148 fidelibus
844 3127 910 3147 esse
933 3117 1099 3147 relativum
1122 3116 1250 3152 ordinis,
1275 3116 1391 3147 scilicet

327 3162 367 3192 ad
390 3167 486 3201 caput
507 3170 626 3197 unum;
652 3167 682 3191 et
697 3161 830 3192 actionis
847 3168 877 3192 et
895 3161 1060 3201 passionis,
1080 3161 1256 3191 secundum
1272 3160 1389 3200 praeci-

326 3215 400 3246 pere
423 3212 454 3236 et
477 3205 615 3236 obedire.
640 3205 809 3236 Moventur
831 3205 989 3246 siquidem
1013 3204 1128 3245 singuli
1151 3203 1258 3234 fideles
1281 3215 1299 3234 a
1323 3205 1390 3245 Spi-

326 3249 387 3280 ritu
407 3249 523 3280 Sancto
542 3258 609 3280 non
627 3249 733 3280 solum
748 3250 788 3280 ad
806 3250 1008 3285 credendum,
1027 3249 1228 3289 sperandum,
1249 3255 1318 3284 etc..
1334 3249 1389 3279 sed

326 3293 422 3324 etiam
445 3293 485 3323 ad
508 3293 723 3324 obediendum
739 3294 795 3324 uni
818 3300 849 3324 et
864 3293 967 3324 eidem
991 3293 1094 3333 capiti,
1119 3292 1236 3323 Christi
1251 3293 1387 3324 Vicario.

325 3338 367 3368 Et
390 3337 415 3367 si
439 3337 527 3378 apud
547 3336 655 3367 fideles
678 3337 765 3368 nulla
788 3337 848 3368 alia
863 3345 943 3368 esset
967 3337 1081 3370 unitas.
1106 3337 1245 3367 Ecclesia
1261 3346 1326 3366 non
1343 3336 1388 3366 di-

325 3387 447 3412 ceretur
470 3391 544 3417 una,
569 3381 624 3412 sed
647 3381 706 3412 sub
722 3391 803 3412 uno:
829 3388 932 3412 essent
955 3381 1041 3411 enim
1059 3380 1167 3411 fideles
1184 3381 1264 3411 sicut
1287 3381 1388 3411 multa

323 3435 421 3465 regna
444 3425 502 3456 sub
526 3435 592 3456 uno
617 3435 697 3465 rege.

1497 830 1679 860 Invenimus
1702 831 1807 870 igitur,
1832 831 1934 867 tertio,
1951 831 2106 862 unitatem
2128 831 2324 862 collectionis
2341 831 2504 862 universo—

1443 882 1515 903 rum
1537 873 1690 905 fidelium.
1715 875 1763 904 Ex
1785 884 1848 914 qua
1871 874 1990 905 unitate
2013 875 2185 915 apponitur
2207 875 2338 915 singulis
2361 874 2505 906 fidelium

1443 926 1510 946 esse
1529 917 1711 948 relativum:
1737 918 1854 948 scilicet
1876 928 1942 948 esse
1961 926 2084 958 partem
2105 919 2201 949 unius
2220 929 2355 949 numero
2379 919 2503 959 populi,

1443 959 1584 996 civitatis,
1602 962 1729 992 domus.
1753 965 1800 992 Ac
1814 972 1871 1001 per
1886 962 1947 992 hoc
1963 962 2172 1003 dependentia
2186 963 2358 1002 apponitur
2381 963 2504 994 unicui-

1443 1013 1505 1044 que
1528 1014 1546 1034 a
1561 1011 1645 1035 toto:
1670 1015 1743 1045 pars
1767 1005 1853 1036 enim
1877 1006 2035 1046 quaelibet
2057 1017 2075 1036 a
2098 1016 2157 1036 suo
2183 1013 2253 1037 toto
2272 1007 2397 1047 pendet.
2421 1007 2506 1038 Hinc

1443 1048 1619 1078 secundum
1643 1049 1801 1079 actionem
1824 1056 1855 1080 et
1877 1050 2060 1090 passionem
2087 1050 2204 1080 modus
2227 1057 2258 1081 et
2279 1051 2387 1090 regula
2411 1051 2505 1082 habe-

1443 1098 1503 1122 tur.
1526 1093 1697 1123 Moventur
1720 1093 1878 1134 siquidem
1904 1093 2012 1124 fideles
2028 1104 2046 1124 a
2070 1093 2187 1134 Spiritu
2210 1094 2325 1125 Sancto
2354 1095 2392 1125 ad
2409 1105 2506 1135 opera

1443 1135 1522 1166 vitae
1545 1136 1726 1176 spiritualis,
1750 1137 1868 1168 scilicet
1890 1138 2024 1174 credere,
2050 1147 2184 1177 sperare,
2209 1138 2346 1178 diligere,
2370 1139 2505 1169 sanctifi-

1443 1189 1511 1210 care
1527 1187 1558 1211 et
1573 1180 1768 1217 sanctificari,
1785 1181 1924 1218 obedire,
1940 1181 2129 1222 praecipere,
2146 1181 2334 1219 illuminare,
2353 1190 2422 1219 etc„
2439 1193 2504 1213 non

1442 1224 1549 1254 solum
1573 1225 1751 1255 secundum
1777 1226 2002 1262 substantiam,
2027 1226 2082 1256 sed
2112 1225 2208 1256 etiam
2232 1227 2339 1266 quoad
2369 1227 2505 1258 modum

1443 1268 1611 1308 operandi:
1636 1277 1672 1300 ut
1687 1269 1804 1300 scilicet
1817 1270 1895 1300 haec
1918 1277 2088 1311 operentur
2102 1277 2138 1301 ut
2160 1277 2263 1310 partes
2279 1270 2373 1301 unius
2397 1271 2504 1302 totius.

1443 1312 1483 1342 Et
1505 1312 1601 1343 huius
1630 1313 1675 1344 rei
1698 1323 1765 1344 non
1796 1321 1842 1344 est
1864 1314 2044 1354 quaerenda
2074 1313 2135 1344 alia
2158 1324 2253 1345 causa
2275 1314 2335 1344 nisi
2363 1315 2438 1355 quia
2461 1314 2506 1346 sic

1443 1355 1599 1396 disposuit
1622 1357 1757 1396 Spiritus
1780 1357 1923 1394 Sanctus,
1948 1358 2003 1399 qui
2026 1357 2107 1389 inter
2130 1358 2279 1389 articulos
2301 1357 2374 1388 fidei
2397 1358 2506 1399 posuit

1443 1409 1540 1431 unam
1563 1406 1710 1432 sanctam
1724 1400 1914 1439 Ecclesiam,
1931 1402 2013 1440 ultra
2028 1401 2219 1432 Sanctorum
2241 1404 2503 1434 communionem.

1443 1443 1513 1483 lpse
1529 1454 1669 1485 namque
1685 1445 1830 1485 Spiritus,
1850 1446 1994 1476 dividens
2013 1446 2152 1486 singulis
2162 1451 2264 1486 prout
2282 1447 2351 1477 vult
2361 1446 2387 1482 *‚
2402 1446 2506 1478 voluit

1442 1487 1616 1518 Ecclesiam
1639 1488 1839 1524 catholicam,
1855 1489 1936 1519 idest
1950 1489 2170 1526 universalem,
2189 1500 2256 1520 esse
2279 1499 2378 1520 unam
2393 1497 2424 1520 et
2438 1501 2505 1520 non

1442 1530 1559 1571 plures.
1582 1532 1623 1562 Et
1638 1539 1806 1573 propterea
1828 1540 1936 1563 movet
1952 1533 2094 1572 singulos
2117 1533 2156 1563 ad
2179 1533 2310 1564 interius
2326 1541 2357 1564 et
2372 1534 2505 1564 exterius

1443 1576 1642 1616 operandum
1665 1583 1701 1607 ut
1723 1583 1827 1617 partes
1862 1577 1973 1613 unius,
2007 1585 2038 1608 et
2060 1583 2189 1617 propter
2219 1577 2298 1607 illud
2328 1588 2450 1614 unum,
2476 1585 2506 1609 et

1442 1620 1620 1650 secundum
1638 1620 1718 1651 illud
1736 1631 1848 1652 unum.
1869 1620 2012 1658 Quilibet
2027 1621 2113 1651 enim
2127 1620 2228 1651 fidelis
2243 1621 2340 1652 credit
2356 1631 2388 1652 se
2405 1630 2504 1652 mem-

1442 1665 1536 1694 brum
1557 1664 1732 1702 Ecclesiae,
1757 1671 1788 1695 et
1810 1671 1847 1695 ut
1869 1665 2051 1696 membrum
2073 1664 2232 1696 Ecclesiae
2255 1665 2367 1702 credit,
2392 1673 2504 1706 sperat,

1441 1708 1597 1739 ministrat
1615 1716 1818 1744 sacramenta,
1835 1708 1976 1749 suscipit,
1996 1709 2098 1745 docet,
2116 1709 2215 1745 discit,
2232 1716 2306 1745 etc.;
2332 1716 2362 1740 et
2375 1717 2506 1750 propter

1442 1752 1616 1783 Ecclesiam
1644 1753 1721 1783 haec
1751 1752 1825 1783 facit
1861 1760 1897 1784 ut
1925 1763 1997 1793 pars
2027 1760 2156 1794 propter
2185 1760 2307 1789 totum,
2338 1755 2430 1784 cuius
2459 1759 2506 1785 est

1440 1797 1593 1837 quidquid
1616 1802 1681 1834 est;
1704 1803 1735 1827 et
1759 1798 1938 1827 secundum
1953 1797 2111 1827 Ecclesiae
2134 1796 2231 1827 fidem
2254 1803 2286 1827 et
2301 1797 2505 1829 traditionem

1441 1841 1517 1871 haec
1541 1848 1699 1880 operatur.
1722 1841 1764 1871 Et
1786 1841 1860 1872 hinc
1882 1840 1918 1871 fit
1941 1847 1977 1871 ut
1990 1840 2072 1871 inter
2095 1840 2239 1871 ecclesias
2262 1851 2344 1881 quae
2359 1841 2506 1873 videntur

1441 1884 1575 1915 omnino
1599 1891 1770 1924 separatae,
1794 1892 1872 1925 puta
1894 1884 2017 1915 Scotiae
2041 1893 2072 1916 et
2094 1884 2282 1924 Hispaniae,
2308 1894 2375 1915 non
2398 1886 2505 1917 solum

1441 1928 1481 1959 sit
1503 1928 1724 1959 convenientia
1746 1928 1780 1958 in
1802 1928 1874 1964 fide,
1898 1939 1964 1969 spe,
1989 1928 2128 1964 caritate,
2153 1928 2354 1959 sacramentis
2377 1935 2407 1960 et
2431 1930 2505 1960 obe-

1441 1972 1558 2003 dientia
1581 1973 1620 2003 ad
1644 1982 1745 2009 unum
1761 1980 1868 2013 caput;
1894 1973 1948 2003 sed
1971 1973 2067 2003 etiam
2086 1972 2245 2013 colligatio
2264 1973 2360 2013 partis
2380 1973 2420 2003 ad
2434 1984 2505 2013 par-

1441 2024 1506 2047 tem
1528 2017 1561 2047 in
1585 2027 1649 2047 una
1673 2027 1807 2047 numero
1831 2017 2085 2057 congregatione,
2102 2026 2184 2057 quae
2207 2016 2312 2056 primo
2336 2024 2366 2047 et
2389 2017 2504 2057 princi-

1441 2061 1552 2102 paliter
1570 2060 1686 2101 regitur
1704 2071 1722 2091 a
1741 2061 1860 2101 Spiritu
1879 2061 2006 2092 Sancto.
2030 2060 2130 2091 Cuius
2147 2060 2250 2091 unitas
2274 2067 2320 2091 est
2339 2071 2504 2092 summum

1442 2107 1574 2141 bonum,
1599 2115 1665 2135 non
1690 2105 1882 2145 simpliciter,
1906 2105 1961 2135 sed
1983 2105 2016 2135 in
2040 2114 2152 2144 genere
2180 2105 2342 2135 bonorum
2365 2105 2405 2135 ad
2428 2116 2503 2146 pro—

1441 2150 1564 2180 ximum
1594 2148 1823 2189 spectantium:
1859 2156 1972 2188 utpote
2004 2149 2129 2179 bonum
2158 2148 2257 2179 totius
2290 2149 2404 2179 mundi
2436 2160 2503 2180 non

1441 2194 1685 2234 qualecumque,
1705 2193 1760 2223 sed
1779 2192 1956 2233 spirituale;
1977 2202 2042 2223 non
2062 2202 2118 2232 per
2136 2192 2289 2228 accidens,
2309 2194 2365 2223 sed
2383 2203 2439 2234 per
2453 2203 2502 2230 se;

1441 2248 1499 2268 nec
1523 2237 1756 2272 secundarium.
1781 2237 1835 2267 sed
1858 2236 2046 2277 principale;
2071 2236 2146 2278 quia
2165 2243 2212 2267 est
2232 2236 2339 2276 ipsum
2359 2247 2425 2268 esse
2444 2238 2503 2268 Ec-

1441 2282 1552 2313 clesiae
1567 2288 1603 2312 ut
1617 2281 1712 2311 unius
1727 2281 1825 2311 totius
1841 2281 1996 2312 rationem
2012 2281 2116 2311 habet.
2136 2280 2270 2320 Signum
2286 2288 2393 2311 autem
2408 2281 2504 2312 huius

1442 2326 1536 2357 unius
1560 2325 1658 2356 totius
1682 2332 1712 2356 et
1735 2324 1872 2365 partium
1897 2332 1943 2355 est
1967 2324 2071 2355 unitas
2095 2324 2210 2365 synodi
2234 2324 2428 2356 universalis.

1497 2370 1584 2400 Haec
1607 2376 1654 2399 est
1676 2368 1833 2399 Ecclesiae
1857 2369 1960 2399 unitas
1984 2368 2034 2399 cui
2058 2368 2234 2409 opponitur
2252 2369 2397 2399 schisma.
2421 2369 2503 2399 Nam

1442 2424 1479 2444 ex
1501 2423 1540 2444 eo
1564 2413 1677 2454 aliquis
1701 2419 1747 2443 est
1770 2412 1987 2443 schismaticus
2011 2413 2100 2454 quod
2123 2412 2227 2443 renuit
2249 2420 2285 2444 ut
2307 2423 2378 2452 pars
2397 2413 2504 2444 Eccle-

1441 2457 1505 2487 siae
1529 2457 1662 2496 operari.
1686 2457 1752 2486 Nec
1775 2455 1869 2486 refert
1891 2466 1928 2487 ex
1951 2451 2154 2497 quacumque
2171 2466 2265 2487 causa
2286 2456 2349 2487 hoc
2368 2457 2501 2488 oriatur:

1442 2501 1621 2532 dummodo
1645 2500 1731 2530 euim
1754 2500 1794 2529 ad
1817 2499 1878 2530 hoc
1898 2500 2081 2531 deveniatur
2104 2501 2193 2540 quod
2215 2500 2319 2531 renuit
2334 2510 2367 2530 se
2389 2501 2503 2532 habere

1443 2552 1478 2576 ut
1500 2554 1571 2585 pars
1595 2544 1690 2574 unius
1713 2544 1871 2574 Ecclesiae
1895 2543 2076 2580 catholicae,
2097 2544 2232 2574 schisma
2254 2544 2431 2575 incurritur.
2456 2545 2503 2576 Ex

1441 2598 1645 2630 quacumque
1667 2587 1825 2628 siquidem
1848 2587 2023 2618 diversitate
2039 2588 2089 2618 vel
2111 2587 2337 2618 sententiarum
2359 2588 2409 2618 vel
2432 2588 2502 2619 affe-

1441 2633 1584 2664 ctionum
1603 2632 1762 2662 intantum
1785 2631 1900 2672 aliquis
1923 2631 2076 2662 exorbitet
2099 2638 2134 2662 ut
2149 2631 2224 2662 velit
2247 2631 2438 2663 sanctificare
2452 2633 2503 2663 vel

1441 2675 1636 2713 sanctificari,
1657 2676 1768 2706 docere
1786 2675 1837 2705 vel
1859 2675 1974 2712 doceri,
1995 2675 2159 2715 providere
2182 2675 2232 2706 vel
2250 2676 2419 2716 provideri,
2436 2686 2503 2707 non

1442 2728 1478 2751 ut
1500 2730 1571 2760 pars
1595 2719 1753 2750 Ecclesiae
1776 2719 1956 2755 catholicae,
1976 2720 2030 2750 sed
2045 2726 2197 2760 tanquam
2219 2719 2348 2759 ipsimet
2362 2720 2426 2751 sint
2439 2720 2502 2750 vel-

1443 2772 1478 2796 ut
1500 2764 1665 2805 quoddam
1687 2770 1792 2794 totum
1815 2773 1976 2799 seorsum,
2006 2763 2193 2794 schismatici
2223 2771 2307 2796 sunt.
2339 2781 2361 2787 -
2383 2765 2424 2794 Et
2446 2774 2503 2804 per

1441 2809 1503 2839 hoc
1526 2815 1612 2848 patet
1634 2807 1751 2838 solutio
1775 2806 1870 2847 primi
1893 2807 1990 2838 dubii.
2014 2807 2076 2838 Sed
2098 2807 2264 2848 responsio
2287 2807 2327 2838 ad
2351 2808 2501 2839 obiectio-

1442 2863 1516 2883 nem
1540 2853 1578 2882 de
1602 2851 1729 2882 caritate
1752 2850 1784 2881 in
1809 2851 1968 2882 solutione
1991 2852 2120 2882 secundi
2144 2851 2233 2882 dubii
2255 2851 2374 2892 patebit
2385 2852 2411 2883 *.

1497 2896 1549 2927 111.
1574 2896 1697 2926 Dicitur
1727 2905 1800 2935 ergo
1831 2895 1870 2925 ad
1899 2895 2076 2926 secundum
2106 2895 2241 2926 dubium
2261 2895 2279 2915 *
2309 2895 2396 2936 quod
2426 2896 2502 2937 quia

1442 2940 1558 2972 amoris
1583 2947 1629 2970 est
1651 2939 1751 2975 unire,
1776 2946 1806 2969 et
1829 2939 1932 2970 unitas
1951 2939 2109 2970 Ecclesiae
2132 2946 2179 2970 est
2201 2939 2305 2970 unitas
2319 2939 2500 2980 spiritualis,

1440 2985 1514 3015 ideo
1538 2984 1716 3015 attribuitur
1734 2982 1835 3014 amori
1858 2983 2022 3024 spirituali,
2039 2983 2094 3024 qui
2117 2990 2164 3014 est
2182 2983 2306 3014 caritas:
2331 2993 2398 3014 non
2413 2984 2501 3024 quod

1442 3029 1500 3059 ista
1523 3028 1601 3059 unio
1625 3028 1665 3058 sit
1688 3027 1807 3063 caritas,
1822 3028 1878 3058 sed
1899 3028 1975 3068 quia
1998 3034 2044 3058 est
2067 3027 2194 3059 effectus
2217 3027 2368 3064 caritatis;
2392 3034 2501 3058 movet

1443 3073 1529 3103 enim
1551 3072 1685 3112 Spiritus
1716 3071 1848 3102 Sanctus
1878 3082 1934 3112 per
1963 3071 2124 3102 caritatem
2153 3071 2295 3112 singulos
2325 3071 2432 3102 fideles
2460 3071 2500 3102 ad

1441 3116 1615 3147 volendum
1632 3126 1664 3146 se
1681 3126 1747 3146 esse
1764 3122 1865 3156 partes
1882 3115 1976 3146 unius
1992 3115 2187 3146 collectionis
2203 3115 2384 3152 catholicae,
2401 3125 2500 3156 quam

1442 3161 1509 3200 ipse
1532 3159 1679 3195 vivifican
1704 3169 1739 3190 ac
1762 3169 1818 3200 per
1840 3158 1911 3196 hoc,
1935 3160 1976 3190 ad
1999 3159 2257 3191 constituendum
2280 3170 2378 3190 unam
2393 3159 2500 3190 Eccle-

1442 3205 1521 3235 siam
1551 3204 1747 3234 catholicam.
1780 3203 1899 3234 Verum
1929 3203 2056 3235 effectus
2086 3204 2220 3235 caritatis
2243 3210 2318 3234 sunt
2340 3203 2498 3243 duplices:

1442 3249 1571 3289 quidam
1595 3257 1719 3287 semper
1742 3247 1879 3283 formati,
1898 3255 1932 3278 ut
1948 3248 2111 3284 contritio;
2135 3248 2266 3289 quidam
2285 3248 2340 3288 qui
2363 3254 2499 3287 possunt

1442 3302 1509 3323 esse
1524 3292 1686 3328 informes,
1704 3298 1739 3322 ut
1754 3291 1903 3328 misereri,
1918 3292 1991 3322 dare
2014 3293 2249 3333 eleemosynam
2266 3299 2394 3332 propter
2409 3291 2499 3322 Chri-

1443 3343 1538 3367 stum.
1570 3336 1680 3366 Unitas
1703 3342 1811 3366 autem
1834 3335 2048 3372 ecclesiastica,
2073 3336 2145 3366 licet
2168 3335 2351 3376 simpliciter
2374 3335 2498 3366 sit.for-

1443 3387 1536 3416 mata,
1561 3380 1641 3411 sicut
1663 3379 1801 3410 Ecclesia
1825 3390 1948 3420 semper
1971 3387 2018 3411 est
2039 3380 2071 3410 in
2087 3380 2198 3420 gratia;
2223 3386 2257 3410 ut
2280 3387 2386 3410 tamen
2405 3378 2498 3410 estin

1442 3424 1503 3455 hoc
1525 3424 1575 3454 vel
1597 3424 1662 3459 illo,
1688 3431 1792 3464 potest
1815 3433 1880 3454 esse
1904 3424 2059 3455 informis.
2092 3425 2132 3454 Et
2156 3430 2320 3464 propterea
2344 3431 2404 3454 stat
2428 3423 2498 3453 uni-

2530 340 2539 349 ·
2546 339 2602 361 Loe.
2609 339 2647 361 cit.
2656 339 2689 360 ad
2697 340 2742 361 Tit.

2628 449 2638 465 Ε

2532 1447 2542 1457 ’·
2552 1447 2562 1468 1
2571 1447 2606 1468 ad
2620 1447 2676 1468 Cor.
2691 1453 2742 1475 cap.

2531 1479 2573 1496 ιιι,
2589 1479 2647 1494 vers.
2664 1480 2688 1495 n.

2529 2854 2539 2863 ⁸
2553 2853 2623 2875 Num.
2640 2860 2688 2881 seq.

2529 2907 2539 2916 ⁸
2554 2905 2624 2927 Num.
2640 2912 2655 2927 1.
