<?xml version="1.0" encoding="UTF-8"?>
<!DOCTYPE html PUBLIC "-//W3C//DTD XHTML 1.0 Transitional//EN"
    "http://www.w3.org/TR/xhtml1/DTD/xhtml1-transitional.dtd">
<html xmlns="http://www.w3.org/1999/xhtml" xml:lang="en" lang="en">
 <head>
  <title>
</title>
<meta http-equiv="Content-Type" content="text/html;charset=utf-8" />
  <meta name='ocr-system' content='tesseract 3.04.00' />
  <meta name='ocr-capabilities' content='ocr_page ocr_carea ocr_par ocr_line ocrx_word'/>
</head>
<body>
  <div class='ocr_page' id='page_1' title='image "./operaomniaiussui08thom/operaomniaiussui08thom_0448.png"; bbox 0 0 2892 4056; ppageno 0'>
   <div class='ocr_carea' id='block_1_1' title="bbox 416 220 494 254">
    <p class='ocr_par' dir='ltr' id='par_1_1' title="bbox 416 220 494 254">
     <span class='ocr_line' id='line_1_1' title="bbox 416 220 494 254; baseline -0.013 -10"><span class='ocrx_word' id='word_1_1' title='bbox 416 220 494 254; x_wconf 91' lang='lat'>400</span> 
     </span>
    </p>
   </div>
   <div class='ocr_carea' id='block_1_2' title="bbox 418 283 1477 596">
    <p class='ocr_par' dir='ltr' id='par_1_2' title="bbox 418 283 1477 596">
     <span class='ocr_line' id='line_1_2' title="bbox 419 283 1475 335; baseline -0.004 -13"><span class='ocrx_word' id='word_1_2' title='bbox 419 286 494 335; x_wconf 82' lang='lat' dir='ltr'>legi</span> <span class='ocrx_word' id='word_1_3' title='bbox 519 287 608 331; x_wconf 88' lang='lat' dir='ltr'>Dei,</span> <span class='ocrx_word' id='word_1_4' title='bbox 638 298 716 322; x_wconf 91' lang='lat' dir='ltr'>non</span> <span class='ocrx_word' id='word_1_5' title='bbox 744 285 796 322; x_wconf 90' lang='lat' dir='ltr'>sic</span> <span class='ocrx_word' id='word_1_6' title='bbox 833 292 888 321; x_wconf 91' lang='lat' dir='ltr'>est</span> <span class='ocrx_word' id='word_1_7' title='bbox 915 283 1198 331; x_wconf 90' lang='lat' dir='ltr'>intelligendum</span> <span class='ocrx_word' id='word_1_8' title='bbox 1237 283 1344 330; x_wconf 88' lang='lat' dir='ltr'>quasi</span> <span class='ocrx_word' id='word_1_9' title='bbox 1368 288 1386 309; x_wconf 70' lang='grc' dir='ltr'>η</span> <span class='ocrx_word' id='word_1_10' title='bbox 1415 283 1475 319; x_wconf 93' lang='lat' dir='ltr'>ille</span> 
     </span>
     <span class='ocr_line' id='line_1_3' title="bbox 418 335 1477 386; baseline -0.005 -11"><span class='ocrx_word' id='word_1_11' title='bbox 418 338 481 385; x_wconf 92' lang='lat' dir='ltr'>qui</span> <span class='ocrx_word' id='word_1_12' title='bbox 509 339 622 374; x_wconf 91' lang='lat' dir='ltr'>habet</span> <span class='ocrx_word' id='word_1_13' title='bbox 648 337 889 386; x_wconf 87' lang='lat' dir='ltr'>prudentiam</span> <span class='ocrx_word' id='word_1_14' title='bbox 911 336 1030 372; x_wconf 90' lang='lat' dir='ltr'>carnis</span> <span class='ocrx_word' id='word_1_15' title='bbox 1059 347 1137 372; x_wconf 92' lang='lat' dir='ltr'>non</span> <span class='ocrx_word' id='word_1_16' title='bbox 1160 335 1279 383; x_wconf 87' lang='lat' dir='ltr'><strong>possit</strong></span> <span class='ocrx_word' id='word_1_17' title='bbox 1308 335 1477 371; x_wconf 91' lang='lat' dir='ltr'>converti</span> 
     </span>
     <span class='ocr_line' id='line_1_4' title="bbox 419 387 1475 438; baseline -0.004 -11"><span class='ocrx_word' id='word_1_18' title='bbox 419 398 456 427; x_wconf 89' lang='lat' dir='ltr'>et</span> <span class='ocrx_word' id='word_1_19' title='bbox 483 390 614 427; x_wconf 92' lang='lat' dir='ltr'>subiici</span> <span class='ocrx_word' id='word_1_20' title='bbox 641 390 712 438; x_wconf 88' lang='lat' dir='ltr'>legi</span> <span class='ocrx_word' id='word_1_21' title='bbox 741 389 830 426; x_wconf 90' lang='lat' dir='ltr'>Dei:</span> <span class='ocrx_word' id='word_1_22' title='bbox 860 388 927 425; x_wconf 88' lang='lat' dir='ltr'>sed</span> <span class='ocrx_word' id='word_1_23' title='bbox 955 388 1043 436; x_wconf 90' lang='lat' dir='ltr'>quia</span> <span class='ocrx_word' id='word_1_24' title='bbox 1071 388 1152 436; x_wconf 86' lang='lat' dir='ltr'>ipsa</span> <span class='ocrx_word' id='word_1_25' title='bbox 1170 387 1370 435; x_wconf 91' lang='lat' dir='ltr'>prudentia</span> <span class='ocrx_word' id='word_1_26' title='bbox 1398 399 1475 424; x_wconf 91' lang='lat' dir='ltr'>car-</span> 
     </span>
     <span class='ocr_line' id='line_1_5' title="bbox 419 439 1476 490; baseline -0.005 -10"><span class='ocrx_word' id='word_1_27' title='bbox 419 443 476 479; x_wconf 92' lang='lat' dir='ltr'>nis</span> <span class='ocrx_word' id='word_1_28' title='bbox 504 443 575 490; x_wconf 88' lang='lat' dir='ltr'>legi</span> <span class='ocrx_word' id='word_1_29' title='bbox 601 443 673 479; x_wconf 91' lang='lat' dir='ltr'>Dei</span> <span class='ocrx_word' id='word_1_30' title='bbox 700 454 778 478; x_wconf 91' lang='lat' dir='ltr'>non</span> <span class='ocrx_word' id='word_1_31' title='bbox 804 448 927 490; x_wconf 90' lang='lat' dir='ltr'>potest</span> <span class='ocrx_word' id='word_1_32' title='bbox 956 452 1037 477; x_wconf 89' lang='lat' dir='ltr'>esse</span> <span class='ocrx_word' id='word_1_33' title='bbox 1066 439 1245 486; x_wconf 80' lang='lat' dir='ltr'>subiecta,</span> <span class='ocrx_word' id='word_1_34' title='bbox 1284 439 1379 476; x_wconf 90' lang='lat' dir='ltr'>sicut</span> <span class='ocrx_word' id='word_1_35' title='bbox 1405 451 1476 476; x_wconf 93' lang='lat' dir='ltr'>nec</span> 
     </span>
     <span class='ocr_line' id='line_1_6' title="bbox 419 492 1475 543; baseline -0.004 -11"><span class='ocrx_word' id='word_1_36' title='bbox 419 495 595 532; x_wconf 87' lang='lat' dir='ltr'>iniustitia</span> <span class='ocrx_word' id='word_1_37' title='bbox 621 502 745 543; x_wconf 89' lang='lat' dir='ltr'>potest</span> <span class='ocrx_word' id='word_1_38' title='bbox 773 505 854 530; x_wconf 91' lang='lat' dir='ltr'>esse</span> <span class='ocrx_word' id='word_1_39' title='bbox 883 493 990 540; x_wconf 90' lang='lat' dir='ltr'>iusta,</span> <span class='ocrx_word' id='word_1_40' title='bbox 1019 505 1090 528; x_wconf 91' lang='lat' dir='ltr'>nec</span> <span class='ocrx_word' id='word_1_41' title='bbox 1119 492 1221 528; x_wconf 90' lang='lat' dir='ltr'>calor</span> <span class='ocrx_word' id='word_1_42' title='bbox 1249 499 1374 540; x_wconf 89' lang='lat' dir='ltr'>potest</span> <span class='ocrx_word' id='word_1_43' title='bbox 1394 503 1475 528; x_wconf 89' lang='lat' dir='ltr'>esse</span> 
     </span>
     <span class='ocr_line' id='line_1_7' title="bbox 420 544 1474 596; baseline -0.004 -12"><span class='ocrx_word' id='word_1_44' title='bbox 420 548 583 596; x_wconf 82' lang='lat' dir='ltr'>frigidus,</span> <span class='ocrx_word' id='word_1_45' title='bbox 613 546 786 594; x_wconf 90' lang='lat' dir='ltr'>quamvis</span> <span class='ocrx_word' id='word_1_46' title='bbox 815 545 978 592; x_wconf 85' lang='lat' dir='ltr'>calidum</span> <span class='ocrx_word' id='word_1_47' title='bbox 1012 552 1141 593; x_wconf 90' lang='lat' dir='ltr'>posset</span> <span class='ocrx_word' id='word_1_48' title='bbox 1169 556 1250 581; x_wconf 91' lang='lat' dir='ltr'>esse</span> <span class='ocrx_word' id='word_1_49' title='bbox 1285 544 1474 592; x_wconf 89' lang='lat' dir='ltr'>frigidum.</span> 
     </span>
    </p>
   </div>
   <div class='ocr_carea' id='block_1_3' title="bbox 469 657 866 691">
    <p class='ocr_par' dir='ltr' id='par_1_3' title="bbox 469 657 866 691">
     <span class='ocr_line' id='line_1_8' title="bbox 469 657 866 691; baseline -0.005 -8"><span class='ocrx_word' id='word_1_50' title='bbox 469 659 498 691; x_wconf 89' lang='grc' dir='ltr'>η)</span> <span class='ocrx_word' id='word_1_51' title='bbox 517 658 600 690; x_wconf 83' lang='lat' dir='ltr'><strong><em>quasi.</em></strong></span> <span class='ocrx_word' id='word_1_52' title='bbox 618 672 637 676; x_wconf 98' lang='lat'><em>-</em></span> <span class='ocrx_word' id='word_1_53' title='bbox 655 657 726 690; x_wconf 81' lang='lat' dir='ltr'>quod</span> <span class='ocrx_word' id='word_1_54' title='bbox 745 657 866 682; x_wconf 85' lang='lat' dir='ltr'>PGHKa.</span> 
     </span>
    </p>
   </div>
   <div class='ocr_carea' id='block_1_4' title="bbox 1500 288 1505 521">
    <p class='ocr_par' dir='ltr' id='par_1_4' title="bbox 1500 288 1505 521">
     <span class='ocr_line' id='line_1_9' title="bbox 1500 288 1505 521; baseline 0 3535"><span class='ocrx_word' id='word_1_55' title='bbox 1500 288 1505 521; x_wconf 95' lang='lat' dir='ltr'> </span> 
     </span>
    </p>
   </div>
   <div class='ocr_carea' id='block_1_5' title="bbox 1064 204 1934 252">
    <p class='ocr_par' dir='ltr' id='par_1_5' title="bbox 1064 204 1934 252">
     <span class='ocr_line' id='line_1_10' title="bbox 1064 204 1934 252; baseline -0.002 -10"><span class='ocrx_word' id='word_1_56' title='bbox 1064 205 1328 251; x_wconf 88' lang='lat' dir='ltr'>QUAESTIO</span> <span class='ocrx_word' id='word_1_57' title='bbox 1359 205 1443 252; x_wconf 89' lang='lat' dir='ltr'>LV,</span> <span class='ocrx_word' id='word_1_58' title='bbox 1472 204 1767 242; x_wconf 91' lang='lat' dir='ltr'>ARTlCULUS</span> <span class='ocrx_word' id='word_1_59' title='bbox 1801 205 1934 251; x_wconf 91' lang='lat' dir='ltr'>111,1V</span> 
     </span>
    </p>
   </div>
   <div class='ocr_carea' id='block_1_6' title="bbox 1528 283 2590 542">
    <p class='ocr_par' dir='ltr' id='par_1_6' title="bbox 1528 283 2590 542">
     <span class='ocr_line' id='line_1_11' title="bbox 1581 283 2588 333; baseline 0.004 -15"><span class='ocrx_word' id='word_1_60' title='bbox 1581 284 1639 318; x_wconf 84' lang='lat' dir='ltr'>AD</span> <span class='ocrx_word' id='word_1_61' title='bbox 1658 293 1817 318; x_wconf 83' lang='lat' dir='ltr'>TERTIUM</span> <span class='ocrx_word' id='word_1_62' title='bbox 1837 294 2020 319; x_wconf 67' lang='lat' dir='ltr'>monimum</span> <span class='ocrx_word' id='word_1_63' title='bbox 2039 283 2146 330; x_wconf 93' lang='lat' dir='ltr'>quod</span> <span class='ocrx_word' id='word_1_64' title='bbox 2165 295 2281 320; x_wconf 90' lang='lat' dir='ltr'>omne</span> <span class='ocrx_word' id='word_1_65' title='bbox 2300 292 2500 332; x_wconf 91' lang='lat' dir='ltr'>peccatum</span> <span class='ocrx_word' id='word_1_66' title='bbox 2522 297 2588 333; x_wconf 91' lang='lat' dir='ltr'>op·</span> 
     </span>
     <span class='ocr_line' id='line_1_12' title="bbox 1528 334 2589 385; baseline 0.003 -14"><span class='ocrx_word' id='word_1_67' title='bbox 1528 334 1682 382; x_wconf 91' lang='lat' dir='ltr'>ponitur</span> <span class='ocrx_word' id='word_1_68' title='bbox 1708 334 1948 382; x_wconf 83' lang='lat' dir='ltr'>prudentiae,</span> <span class='ocrx_word' id='word_1_69' title='bbox 1978 334 2073 371; x_wconf 92' lang='lat' dir='ltr'>sicut</span> <span class='ocrx_word' id='word_1_70' title='bbox 2103 342 2139 372; x_wconf 91' lang='lat' dir='ltr'>et</span> <span class='ocrx_word' id='word_1_71' title='bbox 2166 336 2364 383; x_wconf 91' lang='lat' dir='ltr'>prudentia</span> <span class='ocrx_word' id='word_1_72' title='bbox 2391 337 2589 385; x_wconf 91' lang='lat' dir='ltr'>participa-</span> 
     </span>
     <span class='ocr_line' id='line_1_13' title="bbox 1530 386 2590 437; baseline 0.004 -15"><span class='ocrx_word' id='word_1_73' title='bbox 1530 394 1589 423; x_wconf 90' lang='lat' dir='ltr'>tur</span> <span class='ocrx_word' id='word_1_74' title='bbox 1617 386 1655 423; x_wconf 92' lang='lat' dir='ltr'>in</span> <span class='ocrx_word' id='word_1_75' title='bbox 1679 386 1784 423; x_wconf 90' lang='lat' dir='ltr'>omni</span> <span class='ocrx_word' id='word_1_76' title='bbox 1812 387 1960 423; x_wconf 89' lang='lat' dir='ltr'>virtute.</span> <span class='ocrx_word' id='word_1_77' title='bbox 1991 387 2069 424; x_wconf 92' lang='lat' dir='ltr'>Sed</span> <span class='ocrx_word' id='word_1_78' title='bbox 2096 387 2183 424; x_wconf 91' lang='lat' dir='ltr'>ideo</span> <span class='ocrx_word' id='word_1_79' title='bbox 2212 400 2290 424; x_wconf 91' lang='lat' dir='ltr'>non</span> <span class='ocrx_word' id='word_1_80' title='bbox 2318 396 2468 436; x_wconf 88' lang='lat' dir='ltr'>oportet</span> <span class='ocrx_word' id='word_1_81' title='bbox 2485 389 2590 437; x_wconf 91' lang='lat' dir='ltr'>quod</span> 
     </span>
     <span class='ocr_line' id='line_1_14' title="bbox 1531 439 2590 489; baseline 0.003 -14"><span class='ocrx_word' id='word_1_82' title='bbox 1531 439 1726 487; x_wconf 87' lang='lat' dir='ltr'>quodlibet</span> <span class='ocrx_word' id='word_1_83' title='bbox 1743 446 1942 487; x_wconf 88' lang='lat' dir='ltr'>peccatum</span> <span class='ocrx_word' id='word_1_84' title='bbox 1960 439 2183 487; x_wconf 88' lang='lat' dir='ltr'>prudentiae</span> <span class='ocrx_word' id='word_1_85' title='bbox 2203 440 2421 488; x_wconf 89' lang='lat' dir='ltr'>oppositum</span> <span class='ocrx_word' id='word_1_86' title='bbox 2445 441 2492 478; x_wconf 93' lang='lat' dir='ltr'>sit</span> <span class='ocrx_word' id='word_1_87' title='bbox 2509 453 2590 489; x_wconf 85' lang='lat' dir='ltr'>gra-</span> 
     </span>
     <span class='ocr_line' id='line_1_15' title="bbox 1529 491 2590 542; baseline 0.003 -15"><span class='ocrx_word' id='word_1_88' title='bbox 1529 491 1746 528; x_wconf 90' lang='lat' dir='ltr'>vissimum:</span> <span class='ocrx_word' id='word_1_89' title='bbox 1775 492 1842 528; x_wconf 91' lang='lat' dir='ltr'>sed</span> <span class='ocrx_word' id='word_1_90' title='bbox 1870 493 1995 529; x_wconf 90' lang='lat' dir='ltr'>solum</span> <span class='ocrx_word' id='word_1_91' title='bbox 2025 493 2179 541; x_wconf 89' lang='lat' dir='ltr'>quando</span> <span class='ocrx_word' id='word_1_92' title='bbox 2198 494 2404 542; x_wconf 84' lang='lat' dir='ltr'>opponitur</span> <span class='ocrx_word' id='word_1_93' title='bbox 2426 493 2590 542; x_wconf 90' lang='lat' dir='ltr'>pruden-</span> 
     </span>
    </p>
   </div>
   <div class='ocr_carea' id='block_1_7' title="bbox 1502 526 2033 592">
    <p class='ocr_par' dir='ltr' id='par_1_7' title="bbox 1502 526 2033 592">
     <span class='ocr_line' id='line_1_16' title="bbox 1502 526 2033 592; baseline 0.002 -12"><span class='ocrx_word' id='word_1_94' title='bbox 1502 526 1505 591; x_wconf 66' lang='grc'>1</span> <span class='ocrx_word' id='word_1_95' title='bbox 1530 543 1601 580; x_wconf 88' lang='lat' dir='ltr'>tiae</span> <span class='ocrx_word' id='word_1_96' title='bbox 1632 544 1668 580; x_wconf 92' lang='lat' dir='ltr'>in</span> <span class='ocrx_word' id='word_1_97' title='bbox 1697 544 1823 592; x_wconf 89' lang='lat' dir='ltr'>aliquo</span> <span class='ocrx_word' id='word_1_98' title='bbox 1853 544 2033 581; x_wconf 88' lang='lat' dir='ltr'>maximo.</span> 
     </span>
    </p>
   </div>
   <div class='ocr_carea' id='block_1_8' title="bbox 1032 783 1980 902">
    <p class='ocr_par' dir='ltr' id='par_1_8' title="bbox 1032 783 1980 902">
     <span class='ocr_line' id='line_1_17' title="bbox 1216 783 1798 825; baseline 0 -1"><span class='ocrx_word' id='word_1_99' title='bbox 1216 783 1533 825; x_wconf 87' lang='lat' dir='ltr'>ARTlCULUS</span> <span class='ocrx_word' id='word_1_100' title='bbox 1562 783 1798 824; x_wconf 69' lang='lat' dir='ltr'>TERTIUS</span> 
     </span>
     <span class='ocr_line' id='line_1_18' title="bbox 1032 870 1980 902; baseline -0.001 0"><span class='ocrx_word' id='word_1_101' title='bbox 1032 871 1188 902; x_wconf 86' lang='lat' dir='ltr'><strong>UTRUM</strong></span> <span class='ocrx_word' id='word_1_102' title='bbox 1211 871 1401 902; x_wconf 85' lang='lat' dir='ltr'>ASTUTIA</span> <span class='ocrx_word' id='word_1_103' title='bbox 1424 871 1490 902; x_wconf 87' lang='lat' dir='ltr'>SIT</span> <span class='ocrx_word' id='word_1_104' title='bbox 1515 870 1719 902; x_wconf 81' lang='lat' dir='ltr'><strong>SPECIALE</strong></span> <span class='ocrx_word' id='word_1_105' title='bbox 1742 870 1980 902; x_wconf 83' lang='lat' dir='ltr'><strong>PECCATUM</strong></span> 
     </span>
    </p>
   </div>
   <div class='ocr_carea' id='block_1_9' title="bbox 446 941 1478 1052">
    <p class='ocr_par' dir='ltr' id='par_1_9' title="bbox 446 941 1478 1052">
     <span class='ocr_line' id='line_1_19' title="bbox 453 941 1475 1005; baseline -0.001 -27"><span class='ocrx_word' id='word_1_106' title='bbox 453 956 515 998; x_wconf 48' lang='lat' dir='ltr'>&gt;aff</span> <span class='ocrx_word' id='word_1_107' title='bbox 539 953 650 1005; x_wconf 37' lang='grc' dir='ltr'>ΜΞ((1)</span> <span class='ocrx_word' id='word_1_108' title='bbox 670 952 829 977; x_wconf 82' lang='lat' dir='ltr'>TERTlUM</span> <span class='ocrx_word' id='word_1_109' title='bbox 857 952 910 977; x_wconf 78' lang='lat' dir='ltr'>sm</span> <span class='ocrx_word' id='word_1_110' title='bbox 929 951 1168 978; x_wconf 81' lang='lat' dir='ltr'>PROCEmTUR.</span> <span class='ocrx_word' id='word_1_111' title='bbox 1188 941 1346 978; x_wconf 90' lang='lat' dir='ltr'>Videtur</span> <span class='ocrx_word' id='word_1_112' title='bbox 1370 941 1475 989; x_wconf 92' lang='lat' dir='ltr'>quod</span> 
     </span>
     <span class='ocr_line' id='line_1_20' title="bbox 446 983 1478 1052; baseline 0.001 -23"><span class='ocrx_word' id='word_1_113' title='bbox 446 983 609 1052; x_wconf 44' lang='lat' dir='ltr'>&#39;kjffwa</span> <span class='ocrx_word' id='word_1_114' title='bbox 630 993 764 1030; x_wconf 87' lang='lat' dir='ltr'>astutia</span> <span class='ocrx_word' id='word_1_115' title='bbox 779 1005 857 1030; x_wconf 92' lang='lat' dir='ltr'>non</span> <span class='ocrx_word' id='word_1_116' title='bbox 877 992 923 1030; x_wconf 92' lang='lat' dir='ltr'>sit</span> <span class='ocrx_word' id='word_1_117' title='bbox 941 993 1103 1042; x_wconf 87' lang='lat' dir='ltr'>speciale</span> <span class='ocrx_word' id='word_1_118' title='bbox 1117 1001 1329 1043; x_wconf 87' lang='lat' dir='ltr'>peccatum.</span> <span class='ocrx_word' id='word_1_119' title='bbox 1351 993 1478 1031; x_wconf 90' lang='lat' dir='ltr'>Verba</span> 
     </span>
    </p>
   </div>
   <div class='ocr_carea' id='block_1_10' title="bbox 437 1031 619 1111">
    <p class='ocr_par' dir='ltr' id='par_1_10' title="bbox 437 1031 619 1111">
     <span class='ocr_line' id='line_1_21' title="bbox 475 1031 619 1059; baseline -0.007 -9"><span class='ocrx_word' id='word_1_120' title='bbox 475 1053 478 1056; x_wconf 25' lang='lat'><strong>⁴</strong></span> <span class='ocrx_word' id='word_1_121' title='bbox 568 1031 600 1059; x_wconf 54' lang='lat'>21⁴</span> <span class='ocrx_word' id='word_1_122' title='bbox 613 1044 619 1049; x_wconf 75' lang='grc'>,</span> 
     </span>
     <span class='ocr_line' id='line_1_22' title="bbox 437 1074 551 1111; baseline 0.009 -1"><span class='ocrx_word' id='word_1_123' title='bbox 437 1074 460 1103; x_wconf 42' lang='lat'>1¹1</span> <span class='ocrx_word' id='word_1_124' title='bbox 482 1084 485 1089; x_wconf 49' lang='grc' dir='ltr'><strong>Ι</strong></span> <span class='ocrx_word' id='word_1_125' title='bbox 509 1080 551 1111; x_wconf 35' lang='grc' dir='ltr'>ΙΝ(</span> 
     </span>
    </p>
   </div>
   <div class='ocr_carea' id='block_1_11' title="bbox 416 947 589 1146">
    <p class='ocr_par' dir='ltr' id='par_1_11' title="bbox 416 947 589 1146">
     <span class='ocr_line' id='line_1_23' title="bbox 416 947 589 1037; baseline 0 0"><span class='ocrx_word' id='word_1_126' title='bbox 416 947 589 1037; x_wconf 95' lang='lat' dir='ltr'>  </span> 
     </span>
     <span class='ocr_line' id='line_1_24' title="bbox 416 1037 587 1146; baseline 0 0"><span class='ocrx_word' id='word_1_127' title='bbox 416 1037 587 1146; x_wconf 95' lang='lat' dir='ltr'>  </span> 
     </span>
    </p>
   </div>
   <div class='ocr_carea' id='block_1_12' title="bbox 413 1045 1481 1674">
    <p class='ocr_par' dir='ltr' id='par_1_12' title="bbox 578 1045 1477 1094">
     <span class='ocr_line' id='line_1_25' title="bbox 578 1045 1477 1094; baseline 0 -12"><span class='ocrx_word' id='word_1_128' title='bbox 578 1051 599 1088; x_wconf 71' lang='lat'>(1</span> <span class='ocrx_word' id='word_1_129' title='bbox 630 1046 731 1083; x_wconf 92' lang='lat' dir='ltr'>enim</span> <span class='ocrx_word' id='word_1_130' title='bbox 770 1058 898 1083; x_wconf 88' lang='lat' dir='ltr'>sacrae</span> <span class='ocrx_word' id='word_1_131' title='bbox 937 1045 1150 1094; x_wconf 88' lang='lat' dir='ltr'>Scripturae</span> <span class='ocrx_word' id='word_1_132' title='bbox 1179 1059 1257 1084; x_wconf 92' lang='lat' dir='ltr'>non</span> <span class='ocrx_word' id='word_1_133' title='bbox 1295 1047 1477 1084; x_wconf 90' lang='lat' dir='ltr'>inducunt</span> 
     </span>
    </p>

    <p class='ocr_par' dir='ltr' id='par_1_13' title="bbox 413 1091 1480 1254">
     <span class='ocr_line' id='line_1_26' title="bbox 476 1091 1476 1147; baseline 0.002 -13"><span class='ocrx_word' id='word_1_134' title='bbox 476 1112 487 1125; x_wconf 40' lang='grc' dir='ltr'>κ</span> <span class='ocrx_word' id='word_1_135' title='bbox 526 1119 538 1124; x_wconf 68' lang='lat'><strong>·</strong></span> <span class='ocrx_word' id='word_1_136' title='bbox 552 1107 563 1123; x_wconf 66' lang='lat'>*¹</span> <span class='ocrx_word' id='word_1_137' title='bbox 587 1091 795 1147; x_wconf 47' lang='lat' dir='ltr'>Kaliquem</span> <span class='ocrx_word' id='word_1_138' title='bbox 815 1099 863 1135; x_wconf 93' lang='lat' dir='ltr'>ad</span> <span class='ocrx_word' id='word_1_139' title='bbox 877 1106 1076 1147; x_wconf 87' lang='lat' dir='ltr'>peccatum</span> <span class='ocrx_word' id='word_1_140' title='bbox 1094 1105 1122 1135; x_wconf 72' lang='lat'>².</span> <span class='ocrx_word' id='word_1_141' title='bbox 1144 1100 1331 1136; x_wconf 91' lang='lat' dir='ltr'>Inducunt</span> <span class='ocrx_word' id='word_1_142' title='bbox 1350 1107 1476 1136; x_wconf 90' lang='lat' dir='ltr'>autem</span> 
     </span>
     <span class='ocr_line' id='line_1_27' title="bbox 421 1152 1480 1201; baseline -0.002 -12"><span class='ocrx_word' id='word_1_143' title='bbox 421 1154 467 1190; x_wconf 86' lang='lat' dir='ltr'>ad</span> <span class='ocrx_word' id='word_1_144' title='bbox 487 1152 678 1188; x_wconf 82' lang='lat' dir='ltr'>astutiam:</span> <span class='ocrx_word' id='word_1_145' title='bbox 709 1152 920 1201; x_wconf 87' lang='lat' dir='ltr'>secundum</span> <span class='ocrx_word' id='word_1_146' title='bbox 945 1152 1035 1188; x_wconf 90' lang='lat' dir='ltr'>illud</span> <span class='ocrx_word' id='word_1_147' title='bbox 1053 1153 1165 1188; x_wconf 81' lang='lat' dir='ltr'>Prov.</span> <span class='ocrx_word' id='word_1_148' title='bbox 1195 1152 1264 1188; x_wconf 73' lang='lat'>1.²¹‘:</span> <span class='ocrx_word' id='word_1_149' title='bbox 1300 1154 1348 1189; x_wconf 92' lang='lat' dir='ltr'>Ut</span> <span class='ocrx_word' id='word_1_150' title='bbox 1373 1152 1480 1188; x_wconf 86' lang='lat' dir='ltr'>detur</span> 
     </span>
     <span class='ocr_line' id='line_1_28' title="bbox 413 1205 1477 1254; baseline -0.001 -13"><span class='ocrx_word' id='word_1_151' title='bbox 413 1205 585 1254; x_wconf 79' lang='lat' dir='ltr'>parvulis</span> <span class='ocrx_word' id='word_1_152' title='bbox 612 1205 758 1241; x_wconf 87' lang='lat' dir='ltr'>astutia.</span> <span class='ocrx_word' id='word_1_153' title='bbox 788 1205 890 1252; x_wconf 92' lang='lat' dir='ltr'>Ergo</span> <span class='ocrx_word' id='word_1_154' title='bbox 920 1205 1055 1241; x_wconf 87' lang='lat' dir='ltr'>astutia</span> <span class='ocrx_word' id='word_1_155' title='bbox 1084 1217 1160 1241; x_wconf 93' lang='lat' dir='ltr'>non</span> <span class='ocrx_word' id='word_1_156' title='bbox 1190 1212 1246 1241; x_wconf 90' lang='lat' dir='ltr'>est</span> <span class='ocrx_word' id='word_1_157' title='bbox 1263 1212 1477 1252; x_wconf 89' lang='lat' dir='ltr'>peccatum.</span> 
     </span>
    </p>

    <p class='ocr_par' dir='ltr' id='par_1_14' title="bbox 419 1256 1481 1623">
     <span class='ocr_line' id='line_1_29' title="bbox 474 1256 1479 1303; baseline -0.001 -9"><span class='ocrx_word' id='word_1_158' title='bbox 474 1269 507 1294; x_wconf 89' lang='lat'>2.</span> <span class='ocrx_word' id='word_1_159' title='bbox 528 1259 759 1303; x_wconf 81' lang='lat' dir='ltr'>PRAETEREA‚</span> <span class='ocrx_word' id='word_1_160' title='bbox 775 1258 890 1294; x_wconf 79' lang='lat' dir='ltr'>Prov.</span> <span class='ocrx_word' id='word_1_161' title='bbox 907 1256 996 1293; x_wconf 78' lang='lat' dir='ltr'>xm*</span> <span class='ocrx_word' id='word_1_162' title='bbox 1016 1257 1164 1294; x_wconf 90' lang='lat' dir='ltr'>dicitur:</span> <span class='ocrx_word' id='word_1_163' title='bbox 1184 1257 1337 1294; x_wconf 83' lang='lat' dir='ltr'>Astutus</span> <span class='ocrx_word' id='word_1_164' title='bbox 1351 1257 1479 1294; x_wconf 89' lang='lat' dir='ltr'>omnia</span> 
     </span>
     <span class='ocr_line' id='line_1_30' title="bbox 419 1310 1477 1360; baseline -0.002 -12"><span class='ocrx_word' id='word_1_165' title='bbox 419 1312 501 1360; x_wconf 82' lang='lat' dir='ltr'>agit</span> <span class='ocrx_word' id='word_1_166' title='bbox 535 1322 621 1347; x_wconf 91' lang='lat' dir='ltr'>cum</span> <span class='ocrx_word' id='word_1_167' title='bbox 658 1310 823 1347; x_wconf 87' lang='lat' dir='ltr'>consilio.</span> <span class='ocrx_word' id='word_1_168' title='bbox 860 1311 937 1345; x_wconf 90' lang='lat' dir='ltr'>Aut</span> <span class='ocrx_word' id='word_1_169' title='bbox 965 1321 1052 1357; x_wconf 89' lang='lat' dir='ltr'>ergo</span> <span class='ocrx_word' id='word_1_170' title='bbox 1082 1310 1129 1346; x_wconf 92' lang='lat' dir='ltr'>ad</span> <span class='ocrx_word' id='word_1_171' title='bbox 1158 1310 1276 1346; x_wconf 88' lang='lat' dir='ltr'>finem</span> <span class='ocrx_word' id='word_1_172' title='bbox 1314 1311 1477 1355; x_wconf 81' lang='lat' dir='ltr'>bonum3</span> 
     </span>
     <span class='ocr_line' id='line_1_31' title="bbox 421 1362 1480 1410; baseline -0.001 -10"><span class='ocrx_word' id='word_1_173' title='bbox 421 1371 483 1400; x_wconf 90' lang='lat' dir='ltr'>aut</span> <span class='ocrx_word' id='word_1_174' title='bbox 512 1363 560 1400; x_wconf 88' lang='lat' dir='ltr'>ad</span> <span class='ocrx_word' id='word_1_175' title='bbox 587 1363 705 1399; x_wconf 89' lang='lat' dir='ltr'>finem</span> <span class='ocrx_word' id='word_1_176' title='bbox 733 1363 890 1399; x_wconf 90' lang='lat' dir='ltr'>malum.</span> <span class='ocrx_word' id='word_1_177' title='bbox 922 1362 961 1398; x_wconf 91' lang='lat' dir='ltr'>Si</span> <span class='ocrx_word' id='word_1_178' title='bbox 990 1363 1038 1399; x_wconf 92' lang='lat' dir='ltr'>ad</span> <span class='ocrx_word' id='word_1_179' title='bbox 1065 1363 1184 1399; x_wconf 90' lang='lat' dir='ltr'>finem</span> <span class='ocrx_word' id='word_1_180' title='bbox 1214 1363 1372 1410; x_wconf 86' lang='lat' dir='ltr'>bonurn,</span> <span class='ocrx_word' id='word_1_181' title='bbox 1402 1375 1480 1399; x_wconf 93' lang='lat' dir='ltr'>non</span> 
     </span>
     <span class='ocr_line' id='line_1_32' title="bbox 420 1415 1481 1464; baseline -0.001 -11"><span class='ocrx_word' id='word_1_182' title='bbox 420 1417 570 1453; x_wconf 89' lang='lat' dir='ltr'>videtur</span> <span class='ocrx_word' id='word_1_183' title='bbox 598 1428 680 1452; x_wconf 90' lang='lat' dir='ltr'>esse</span> <span class='ocrx_word' id='word_1_184' title='bbox 709 1422 921 1464; x_wconf 90' lang='lat' dir='ltr'>peccatum.</span> <span class='ocrx_word' id='word_1_185' title='bbox 953 1415 992 1451; x_wconf 91' lang='lat' dir='ltr'>Si</span> <span class='ocrx_word' id='word_1_186' title='bbox 1021 1423 1148 1452; x_wconf 91' lang='lat' dir='ltr'>autem</span> <span class='ocrx_word' id='word_1_187' title='bbox 1177 1415 1226 1452; x_wconf 93' lang='lat' dir='ltr'>ad</span> <span class='ocrx_word' id='word_1_188' title='bbox 1254 1416 1372 1452; x_wconf 91' lang='lat' dir='ltr'>finem</span> <span class='ocrx_word' id='word_1_189' title='bbox 1396 1421 1481 1452; x_wconf 64' lang='lat' dir='ltr'>‘ma-</span> 
     </span>
     <span class='ocr_line' id='line_1_33' title="bbox 421 1467 1481 1517; baseline -0.002 -11"><span class='ocrx_word' id='word_1_190' title='bbox 421 1471 513 1516; x_wconf 89' lang='lat' dir='ltr'>lum,</span> <span class='ocrx_word' id='word_1_191' title='bbox 541 1469 693 1506; x_wconf 91' lang='lat' dir='ltr'>videtur</span> <span class='ocrx_word' id='word_1_192' title='bbox 720 1467 906 1517; x_wconf 89' lang='lat' dir='ltr'>pertinere</span> <span class='ocrx_word' id='word_1_193' title='bbox 936 1468 984 1505; x_wconf 94' lang='lat' dir='ltr'>ad</span> <span class='ocrx_word' id='word_1_194' title='bbox 1011 1468 1253 1516; x_wconf 88' lang='lat' dir='ltr'>prudentiam</span> <span class='ocrx_word' id='word_1_195' title='bbox 1280 1468 1400 1505; x_wconf 89' lang='lat' dir='ltr'>carnis</span> <span class='ocrx_word' id='word_1_196' title='bbox 1418 1468 1481 1504; x_wconf 88' lang='lat' dir='ltr'>vel</span> 
     </span>
     <span class='ocr_line' id='line_1_34' title="bbox 423 1521 1479 1570; baseline -0.003 -11"><span class='ocrx_word' id='word_1_197' title='bbox 423 1522 573 1559; x_wconf 88' lang='lat' dir='ltr'>saeculi.</span> <span class='ocrx_word' id='word_1_198' title='bbox 603 1522 705 1569; x_wconf 89' lang='lat' dir='ltr'>Ergo</span> <span class='ocrx_word' id='word_1_199' title='bbox 734 1521 868 1557; x_wconf 91' lang='lat' dir='ltr'>astutia</span> <span class='ocrx_word' id='word_1_200' title='bbox 897 1533 975 1557; x_wconf 90' lang='lat' dir='ltr'>non</span> <span class='ocrx_word' id='word_1_201' title='bbox 1014 1528 1068 1557; x_wconf 89' lang='lat' dir='ltr'>est</span> <span class='ocrx_word' id='word_1_202' title='bbox 1096 1521 1258 1569; x_wconf 87' lang='lat' dir='ltr'>speciale</span> <span class='ocrx_word' id='word_1_203' title='bbox 1281 1528 1479 1570; x_wconf 88' lang='lat' dir='ltr'>peccatum</span> 
     </span>
     <span class='ocr_line' id='line_1_35' title="bbox 423 1573 1082 1623; baseline -0.005 -11"><span class='ocrx_word' id='word_1_204' title='bbox 423 1588 445 1612; x_wconf 92' lang='lat' dir='ltr'>a</span> <span class='ocrx_word' id='word_1_205' title='bbox 472 1574 672 1623; x_wconf 87' lang='lat' dir='ltr'>prudentia</span> <span class='ocrx_word' id='word_1_206' title='bbox 701 1574 823 1610; x_wconf 89' lang='lat' dir='ltr'>carnis</span> <span class='ocrx_word' id='word_1_207' title='bbox 853 1573 1082 1610; x_wconf 89' lang='lat' dir='ltr'>distinctum.</span> 
     </span>
    </p>

    <p class='ocr_par' dir='ltr' id='par_1_15' title="bbox 479 1625 1480 1674">
     <span class='ocr_line' id='line_1_36' title="bbox 479 1625 1480 1674; baseline -0.003 -10"><span class='ocrx_word' id='word_1_208' title='bbox 479 1629 512 1664; x_wconf 90' lang='lat'>3.</span> <span class='ocrx_word' id='word_1_209' title='bbox 543 1628 775 1674; x_wconf 73' lang='lat' dir='ltr'>PRAETEREA,</span> <span class='ocrx_word' id='word_1_210' title='bbox 805 1626 1020 1673; x_wconf 85' lang='lat' dir='ltr'>Gregorius,</span> <span class='ocrx_word' id='word_1_211' title='bbox 1063 1627 1097 1662; x_wconf 92' lang='lat' dir='ltr'><strong>X</strong></span> <span class='ocrx_word' id='word_1_212' title='bbox 1133 1626 1276 1662; x_wconf 89' lang='lat' dir='ltr'>Moral.</span> <span class='ocrx_word' id='word_1_213' title='bbox 1297 1625 1327 1673; x_wconf 56' lang='lat'>³³,</span> <span class='ocrx_word' id='word_1_214' title='bbox 1367 1637 1480 1674; x_wconf 87' lang='lat' dir='ltr'>expo-</span> 
     </span>
    </p>
   </div>
   <div class='ocr_carea' id='block_1_13' title="bbox 354 1661 1480 1726">
    <p class='ocr_par' dir='ltr' id='par_1_16' title="bbox 354 1661 1480 1726">
     <span class='ocr_line' id='line_1_37' title="bbox 354 1661 1480 1726; baseline -0.003 -9"><span class='ocrx_word' id='word_1_215' title='bbox 354 1661 395 1676; x_wconf 50' lang='grc' dir='ltr'>Μ’</span> <span class='ocrx_word' id='word_1_216' title='bbox 423 1692 516 1717; x_wconf 92' lang='lat' dir='ltr'>nens</span> <span class='ocrx_word' id='word_1_217' title='bbox 544 1680 634 1717; x_wconf 93' lang='lat' dir='ltr'>illud</span> <span class='ocrx_word' id='word_1_218' title='bbox 662 1680 731 1716; x_wconf 88' lang='lat' dir='ltr'>Iob</span> <span class='ocrx_word' id='word_1_219' title='bbox 770 1691 817 1715; x_wconf 84' lang='lat' dir='ltr'>xu</span> <span class='ocrx_word' id='word_1_220' title='bbox 846 1678 877 1725; x_wconf 61' lang='lat'>³⁶,</span> <span class='ocrx_word' id='word_1_221' title='bbox 907 1679 1108 1715; x_wconf 89' lang='lat' dir='ltr'>Deridetur</span> <span class='ocrx_word' id='word_1_222' title='bbox 1145 1679 1231 1715; x_wconf 90' lang='lat' dir='ltr'>iusti</span> <span class='ocrx_word' id='word_1_223' title='bbox 1254 1678 1480 1726; x_wconf 77' lang='lat' dir='ltr'>simplicitas,</span> 
     </span>
    </p>
   </div>
   <div class='ocr_carea' id='block_1_14' title="bbox 423 1731 1488 2625">
    <p class='ocr_par' dir='ltr' id='par_1_17' title="bbox 423 1731 1486 2193">
     <span class='ocr_line' id='line_1_38' title="bbox 425 1731 1483 1780; baseline -0.002 -11"><span class='ocrx_word' id='word_1_224' title='bbox 425 1733 528 1770; x_wconf 91' lang='lat' dir='ltr'>dicit:</span> <span class='ocrx_word' id='word_1_225' title='bbox 558 1733 747 1780; x_wconf 81' lang='lat' dir='ltr'>Sapientia</span> <span class='ocrx_word' id='word_1_226' title='bbox 775 1732 884 1768; x_wconf 84' lang='lat' dir='ltr'>huius</span> <span class='ocrx_word' id='word_1_227' title='bbox 911 1731 1043 1768; x_wconf 86' lang='lat' dir='ltr'>mundi</span> <span class='ocrx_word' id='word_1_228' title='bbox 1068 1737 1120 1767; x_wconf 89' lang='lat' dir='ltr'>est</span> <span class='ocrx_word' id='word_1_229' title='bbox 1147 1743 1214 1768; x_wconf 88' lang='lat' dir='ltr'>cor</span> <span class='ocrx_word' id='word_1_230' title='bbox 1240 1731 1483 1768; x_wconf 84' lang='lat' dir='ltr'>machinatio-</span> 
     </span>
     <span class='ocr_line' id='line_1_39' title="bbox 424 1783 1486 1834; baseline -0.002 -12"><span class='ocrx_word' id='word_1_231' title='bbox 424 1786 531 1822; x_wconf 82' lang='lat' dir='ltr'>nibus</span> <span class='ocrx_word' id='word_1_232' title='bbox 549 1790 685 1834; x_wconf 84' lang='lat' dir='ltr'>tegere,</span> <span class='ocrx_word' id='word_1_233' title='bbox 705 1796 854 1820; x_wconf 87' lang='lat' dir='ltr'>sensum</span> <span class='ocrx_word' id='word_1_234' title='bbox 869 1784 991 1821; x_wconf 79' lang='lat' dir='ltr'>verbis</span> <span class='ocrx_word' id='word_1_235' title='bbox 1009 1783 1147 1829; x_wconf 74' lang='lat' dir='ltr'>velare,</span> <span class='ocrx_word' id='word_1_236' title='bbox 1168 1795 1265 1832; x_wconf 87' lang='lat' dir='ltr'>quae</span> <span class='ocrx_word' id='word_1_237' title='bbox 1271 1784 1380 1831; x_wconf 85' lang='lat' dir='ltr'>falsa</span> <span class='ocrx_word' id='word_1_238' title='bbox 1398 1790 1486 1820; x_wconf 89' lang='lat' dir='ltr'>sunt</span> 
     </span>
     <span class='ocr_line' id='line_1_40' title="bbox 423 1836 1482 1885; baseline -0.002 -10"><span class='ocrx_word' id='word_1_239' title='bbox 423 1850 514 1876; x_wconf 79' lang='lat' dir='ltr'>vera</span> <span class='ocrx_word' id='word_1_240' title='bbox 533 1839 734 1882; x_wconf 88' lang='lat' dir='ltr'>ostendere,</span> <span class='ocrx_word' id='word_1_241' title='bbox 755 1849 851 1885; x_wconf 87' lang='lat' dir='ltr'>quae</span> <span class='ocrx_word' id='word_1_242' title='bbox 878 1848 969 1873; x_wconf 81' lang='lat' dir='ltr'>vera</span> <span class='ocrx_word' id='word_1_243' title='bbox 986 1842 1074 1873; x_wconf 89' lang='lat' dir='ltr'>sunt</span> <span class='ocrx_word' id='word_1_244' title='bbox 1093 1836 1195 1883; x_wconf 88' lang='lat' dir='ltr'>falsa</span> <span class='ocrx_word' id='word_1_245' title='bbox 1215 1837 1482 1873; x_wconf 89' lang='lat' dir='ltr'>demonstrare.</span> 
     </span>
     <span class='ocr_line' id='line_1_41' title="bbox 424 1889 1482 1939; baseline -0.003 -11"><span class='ocrx_word' id='word_1_246' title='bbox 424 1893 473 1928; x_wconf 91' lang='lat' dir='ltr'>Et</span> <span class='ocrx_word' id='word_1_247' title='bbox 500 1898 633 1939; x_wconf 90' lang='lat' dir='ltr'>postea</span> <span class='ocrx_word' id='word_1_248' title='bbox 669 1890 811 1927; x_wconf 86' lang='lat' dir='ltr'>subdit:</span> <span class='ocrx_word' id='word_1_249' title='bbox 858 1890 971 1926; x_wconf 89' lang='lat' dir='ltr'>Haec</span> <span class='ocrx_word' id='word_1_250' title='bbox 992 1890 1193 1938; x_wconf 83' lang='lat' dir='ltr'>prudentia</span> <span class='ocrx_word' id='word_1_251' title='bbox 1230 1901 1297 1926; x_wconf 87' lang='lat' dir='ltr'>usu</span> <span class='ocrx_word' id='word_1_252' title='bbox 1330 1901 1354 1926; x_wconf 90' lang='lat' dir='ltr'>a</span> <span class='ocrx_word' id='word_1_253' title='bbox 1382 1889 1482 1926; x_wconf 81' lang='lat' dir='ltr'>iuve-</span> 
     </span>
     <span class='ocr_line' id='line_1_42' title="bbox 425 1942 1484 1991; baseline -0.003 -10"><span class='ocrx_word' id='word_1_254' title='bbox 425 1945 532 1981; x_wconf 82' lang='lat' dir='ltr'>nibus</span> <span class='ocrx_word' id='word_1_255' title='bbox 549 1944 676 1988; x_wconf 88' lang='lat' dir='ltr'>scitur,</span> <span class='ocrx_word' id='word_1_256' title='bbox 696 1955 720 1979; x_wconf 90' lang='lat' dir='ltr'>a</span> <span class='ocrx_word' id='word_1_257' title='bbox 733 1943 864 1991; x_wconf 85' lang='lat' dir='ltr'>pueris</span> <span class='ocrx_word' id='word_1_258' title='bbox 885 1942 1008 1990; x_wconf 83' lang='lat' dir='ltr'>pretio</span> <span class='ocrx_word' id='word_1_259' title='bbox 1027 1942 1190 1979; x_wconf 84' lang='lat' dir='ltr'>discitur.</span> <span class='ocrx_word' id='word_1_260' title='bbox 1221 1942 1297 1979; x_wconf 89' lang='lat' dir='ltr'>Sed</span> <span class='ocrx_word' id='word_1_261' title='bbox 1322 1954 1366 1978; x_wconf 92' lang='lat' dir='ltr'>ea</span> <span class='ocrx_word' id='word_1_262' title='bbox 1386 1954 1484 1990; x_wconf 90' lang='lat' dir='ltr'>quae</span> 
     </span>
     <span class='ocr_line' id='line_1_43' title="bbox 425 1995 1483 2046; baseline -0.002 -13"><span class='ocrx_word' id='word_1_263' title='bbox 425 1997 616 2046; x_wconf 88' lang='lat' dir='ltr'>praedicta</span> <span class='ocrx_word' id='word_1_264' title='bbox 652 2003 739 2033; x_wconf 90' lang='lat' dir='ltr'>sunt</span> <span class='ocrx_word' id='word_1_265' title='bbox 773 1995 950 2033; x_wconf 88' lang='lat' dir='ltr'>videntur</span> <span class='ocrx_word' id='word_1_266' title='bbox 986 1995 1035 2031; x_wconf 91' lang='lat' dir='ltr'>ad</span> <span class='ocrx_word' id='word_1_267' title='bbox 1072 1995 1245 2032; x_wconf 89' lang='lat' dir='ltr'>astutiam</span> <span class='ocrx_word' id='word_1_268' title='bbox 1284 1995 1483 2043; x_wconf 89' lang='lat' dir='ltr'>pertinere.</span> 
     </span>
     <span class='ocr_line' id='line_1_44' title="bbox 426 2047 1485 2097; baseline -0.003 -10"><span class='ocrx_word' id='word_1_269' title='bbox 426 2051 527 2097; x_wconf 90' lang='lat' dir='ltr'>Ergo</span> <span class='ocrx_word' id='word_1_270' title='bbox 557 2049 690 2086; x_wconf 89' lang='lat' dir='ltr'>astutia</span> <span class='ocrx_word' id='word_1_271' title='bbox 717 2061 796 2085; x_wconf 91' lang='lat' dir='ltr'>non</span> <span class='ocrx_word' id='word_1_272' title='bbox 823 2047 1058 2095; x_wconf 85' lang='lat' dir='ltr'>distinguitur</span> <span class='ocrx_word' id='word_1_273' title='bbox 1085 2060 1106 2084; x_wconf 93' lang='lat' dir='ltr'>a</span> <span class='ocrx_word' id='word_1_274' title='bbox 1133 2048 1335 2096; x_wconf 86' lang='lat' dir='ltr'>prudentia</span> <span class='ocrx_word' id='word_1_275' title='bbox 1364 2048 1485 2084; x_wconf 91' lang='lat' dir='ltr'>carnis</span> 
     </span>
     <span class='ocr_line' id='line_1_45' title="bbox 425 2101 1486 2149; baseline -0.002 -10"><span class='ocrx_word' id='word_1_276' title='bbox 425 2103 485 2139; x_wconf 93' lang='lat' dir='ltr'>vel</span> <span class='ocrx_word' id='word_1_277' title='bbox 513 2102 663 2146; x_wconf 85' lang='lat' dir='ltr'>mundi;</span> <span class='ocrx_word' id='word_1_278' title='bbox 693 2109 729 2138; x_wconf 91' lang='lat' dir='ltr'>et</span> <span class='ocrx_word' id='word_1_279' title='bbox 755 2101 805 2138; x_wconf 91' lang='lat' dir='ltr'>ita</span> <span class='ocrx_word' id='word_1_280' title='bbox 833 2113 912 2138; x_wconf 93' lang='lat' dir='ltr'>non</span> <span class='ocrx_word' id='word_1_281' title='bbox 938 2101 1090 2137; x_wconf 88' lang='lat' dir='ltr'>videtur</span> <span class='ocrx_word' id='word_1_282' title='bbox 1109 2113 1190 2137; x_wconf 92' lang='lat' dir='ltr'>esse</span> <span class='ocrx_word' id='word_1_283' title='bbox 1210 2101 1370 2149; x_wconf 87' lang='lat' dir='ltr'>speciale</span> <span class='ocrx_word' id='word_1_284' title='bbox 1398 2113 1486 2149; x_wconf 91' lang='lat' dir='ltr'>pec-</span> 
     </span>
     <span class='ocr_line' id='line_1_46' title="bbox 428 2163 566 2193; baseline 0 0"><span class='ocrx_word' id='word_1_285' title='bbox 428 2163 566 2193; x_wconf 88' lang='lat' dir='ltr'>catum.</span> 
     </span>
    </p>

    <p class='ocr_par' dir='ltr' id='par_1_18' title="bbox 428 2205 1488 2414">
     <span class='ocr_line' id='line_1_47' title="bbox 481 2205 1488 2255; baseline -0.002 -11"><span class='ocrx_word' id='word_1_286' title='bbox 481 2210 554 2244; x_wconf 82' lang='lat' dir='ltr'>SED</span> <span class='ocrx_word' id='word_1_287' title='bbox 585 2218 731 2244; x_wconf 78' lang='lat' dir='ltr'>CONTRA</span> <span class='ocrx_word' id='word_1_288' title='bbox 758 2218 824 2243; x_wconf 78' lang='lat' dir='ltr'>Es’r</span> <span class='ocrx_word' id='word_1_289' title='bbox 852 2205 957 2255; x_wconf 92' lang='lat' dir='ltr'>quod</span> <span class='ocrx_word' id='word_1_290' title='bbox 993 2206 1201 2254; x_wconf 90' lang='lat' dir='ltr'>Apostolus</span> <span class='ocrx_word' id='word_1_291' title='bbox 1240 2206 1346 2253; x_wconf 88' lang='lat' dir='ltr'>dicit,</span> <span class='ocrx_word' id='word_1_292' title='bbox 1378 2207 1409 2242; x_wconf 96' lang='lat' dir='ltr'>II</span> <span class='ocrx_word' id='word_1_293' title='bbox 1438 2209 1488 2243; x_wconf 87' lang='lat' dir='ltr'>ad</span> 
     </span>
     <span class='ocr_line' id='line_1_48' title="bbox 433 2259 1486 2304; baseline -0.003 -6"><span class='ocrx_word' id='word_1_294' title='bbox 433 2263 519 2298; x_wconf 92' lang='lat' dir='ltr'>Cor.</span> <span class='ocrx_word' id='word_1_295' title='bbox 549 2273 584 2298; x_wconf 84' lang='grc' dir='ltr'>ιν</span> <span class='ocrx_word' id='word_1_296' title='bbox 601 2261 637 2297; x_wconf 79' lang='lat' dir='ltr'>*z</span> <span class='ocrx_word' id='word_1_297' title='bbox 666 2260 896 2296; x_wconf 87' lang='lat' dir='ltr'>Abdicamus</span> <span class='ocrx_word' id='word_1_298' title='bbox 915 2259 1059 2295; x_wconf 88' lang='lat' dir='ltr'>occulta</span> <span class='ocrx_word' id='word_1_299' title='bbox 1086 2259 1286 2304; x_wconf 85' lang='lat' dir='ltr'>dedecoris,</span> <span class='ocrx_word' id='word_1_300' title='bbox 1312 2271 1386 2295; x_wconf 89' lang='lat' dir='ltr'>non</span> <span class='ocrx_word' id='word_1_301' title='bbox 1405 2271 1486 2296; x_wconf 84' lang='lat' dir='ltr'>am-</span> 
     </span>
     <span class='ocr_line' id='line_1_49' title="bbox 428 2311 1485 2359; baseline -0.004 -8"><span class='ocrx_word' id='word_1_302' title='bbox 428 2314 595 2351; x_wconf 89' lang='lat' dir='ltr'>bulantes</span> <span class='ocrx_word' id='word_1_303' title='bbox 627 2313 665 2349; x_wconf 90' lang='lat' dir='ltr'>in</span> <span class='ocrx_word' id='word_1_304' title='bbox 703 2313 855 2358; x_wconf 86' lang='lat' dir='ltr'>astutia,</span> <span class='ocrx_word' id='word_1_305' title='bbox 893 2323 1013 2359; x_wconf 86' lang='lat' dir='ltr'>neque</span> <span class='ocrx_word' id='word_1_306' title='bbox 1047 2311 1297 2348; x_wconf 85' lang='lat' dir='ltr'>adulterantes</span> <span class='ocrx_word' id='word_1_307' title='bbox 1329 2313 1485 2348; x_wconf 79' lang='lat' dir='ltr'>verbum</span> 
     </span>
     <span class='ocr_line' id='line_1_50' title="bbox 428 2364 1352 2414; baseline -0.004 -10"><span class='ocrx_word' id='word_1_308' title='bbox 428 2368 511 2404; x_wconf 89' lang='lat' dir='ltr'>Dei.</span> <span class='ocrx_word' id='word_1_309' title='bbox 541 2368 642 2414; x_wconf 90' lang='lat' dir='ltr'>Ergo</span> <span class='ocrx_word' id='word_1_310' title='bbox 672 2366 807 2402; x_wconf 90' lang='lat' dir='ltr'>astutia</span> <span class='ocrx_word' id='word_1_311' title='bbox 836 2372 890 2401; x_wconf 89' lang='lat' dir='ltr'>est</span> <span class='ocrx_word' id='word_1_312' title='bbox 917 2364 1114 2413; x_wconf 88' lang='lat' dir='ltr'>quoddam</span> <span class='ocrx_word' id='word_1_313' title='bbox 1142 2371 1352 2412; x_wconf 88' lang='lat' dir='ltr'>peccatum.</span> 
     </span>
    </p>

    <p class='ocr_par' dir='ltr' id='par_1_19' title="bbox 429 2417 1488 2625">
     <span class='ocr_line' id='line_1_51' title="bbox 482 2417 1486 2465; baseline -0.004 -9"><span class='ocrx_word' id='word_1_314' title='bbox 482 2420 706 2456; x_wconf 67' lang='lat' dir='ltr'>Responnsso</span> <span class='ocrx_word' id='word_1_315' title='bbox 733 2429 916 2455; x_wconf 76' lang='lat' dir='ltr'>mcENDUM</span> <span class='ocrx_word' id='word_1_316' title='bbox 944 2417 1048 2465; x_wconf 90' lang='lat' dir='ltr'>quod</span> <span class='ocrx_word' id='word_1_317' title='bbox 1076 2417 1275 2465; x_wconf 90' lang='lat' dir='ltr'>prudentia</span> <span class='ocrx_word' id='word_1_318' title='bbox 1304 2424 1360 2452; x_wconf 91' lang='lat' dir='ltr'>est</span> <span class='ocrx_word' id='word_1_319' title='bbox 1386 2424 1486 2453; x_wconf 86' lang='lat' dir='ltr'>recta</span> 
     </span>
     <span class='ocr_line' id='line_1_52' title="bbox 430 2469 1486 2519; baseline -0.004 -10"><span class='ocrx_word' id='word_1_320' title='bbox 430 2472 524 2509; x_wconf 83' lang='lat' dir='ltr'>ratio</span> <span class='ocrx_word' id='word_1_321' title='bbox 554 2471 756 2519; x_wconf 84' lang='lat' dir='ltr'>agibilium,</span> <span class='ocrx_word' id='word_1_322' title='bbox 787 2470 882 2507; x_wconf 92' lang='lat' dir='ltr'>sicut</span> <span class='ocrx_word' id='word_1_323' title='bbox 910 2470 1063 2506; x_wconf 87' lang='lat' dir='ltr'>scientia</span> <span class='ocrx_word' id='word_1_324' title='bbox 1093 2477 1147 2506; x_wconf 91' lang='lat' dir='ltr'>est</span> <span class='ocrx_word' id='word_1_325' title='bbox 1166 2477 1267 2506; x_wconf 90' lang='lat' dir='ltr'>recta</span> <span class='ocrx_word' id='word_1_326' title='bbox 1295 2469 1389 2505; x_wconf 91' lang='lat' dir='ltr'>ratio</span> <span class='ocrx_word' id='word_1_327' title='bbox 1418 2469 1486 2505; x_wconf 93' lang='lat' dir='ltr'>sci—</span> 
     </span>
     <span class='ocr_line' id='line_1_53' title="bbox 430 2522 1486 2571; baseline -0.004 -10"><span class='ocrx_word' id='word_1_328' title='bbox 430 2525 573 2562; x_wconf 90' lang='lat' dir='ltr'>bilium.</span> <span class='ocrx_word' id='word_1_329' title='bbox 596 2523 786 2571; x_wconf 86' lang='lat' dir='ltr'>Contingit</span> <span class='ocrx_word' id='word_1_330' title='bbox 800 2530 927 2559; x_wconf 87' lang='lat' dir='ltr'>autem</span> <span class='ocrx_word' id='word_1_331' title='bbox 945 2531 1075 2559; x_wconf 91' lang='lat' dir='ltr'>contra</span> <span class='ocrx_word' id='word_1_332' title='bbox 1091 2522 1351 2559; x_wconf 88' lang='lat' dir='ltr'>rectitudinem</span> <span class='ocrx_word' id='word_1_333' title='bbox 1368 2522 1486 2558; x_wconf 90' lang='lat' dir='ltr'>scien-</span> 
     </span>
     <span class='ocr_line' id='line_1_54' title="bbox 429 2574 1488 2625; baseline -0.003 -11"><span class='ocrx_word' id='word_1_334' title='bbox 429 2578 502 2614; x_wconf 89' lang='lat' dir='ltr'>tiae</span> <span class='ocrx_word' id='word_1_335' title='bbox 531 2577 728 2625; x_wconf 87' lang='lat' dir='ltr'>dupliciter</span> <span class='ocrx_word' id='word_1_336' title='bbox 763 2575 912 2624; x_wconf 88' lang='lat' dir='ltr'>peccari</span> <span class='ocrx_word' id='word_1_337' title='bbox 941 2575 978 2612; x_wconf 92' lang='lat' dir='ltr'>in</span> <span class='ocrx_word' id='word_1_338' title='bbox 1007 2574 1266 2624; x_wconf 86' lang='lat' dir='ltr'>speculativis:</span> <span class='ocrx_word' id='word_1_339' title='bbox 1301 2586 1379 2611; x_wconf 91' lang='lat' dir='ltr'>uno</span> <span class='ocrx_word' id='word_1_340' title='bbox 1409 2575 1488 2623; x_wconf 93' lang='lat' dir='ltr'>qui-</span> 
     </span>
    </p>
   </div>
   <div class='ocr_carea' id='block_1_15' title="bbox 1501 941 1506 1124">
    <p class='ocr_par' dir='ltr' id='par_1_20' title="bbox 1501 941 1506 1124">
     <span class='ocr_line' id='line_1_55' title="bbox 1501 941 1506 1124; baseline 0 2932"><span class='ocrx_word' id='word_1_341' title='bbox 1501 941 1506 1124; x_wconf 95' lang='lat' dir='ltr'> </span> 
     </span>
    </p>
   </div>
   <div class='ocr_carea' id='block_1_16' title="bbox 1511 2515 1515 2620">
    <p class='ocr_par' dir='ltr' id='par_1_21' title="bbox 1511 2515 1515 2620">
     <span class='ocr_line' id='line_1_56' title="bbox 1511 2515 1515 2620; baseline 0 0"><span class='ocrx_word' id='word_1_342' title='bbox 1511 2515 1515 2620; x_wconf 95' lang='lat' dir='ltr'> </span> 
     </span>
    </p>
   </div>
   <div class='ocr_carea' id='block_1_17' title="bbox 1531 939 2603 2570">
    <p class='ocr_par' dir='ltr' id='par_1_22' title="bbox 1531 939 2597 1768">
     <span class='ocr_line' id='line_1_57' title="bbox 1531 939 2592 993; baseline 0.005 -17"><span class='ocrx_word' id='word_1_343' title='bbox 1531 941 1619 977; x_wconf 90' lang='lat' dir='ltr'>dem</span> <span class='ocrx_word' id='word_1_344' title='bbox 1647 940 1779 988; x_wconf 84' lang='lat' dir='ltr'>modo,</span> <span class='ocrx_word' id='word_1_345' title='bbox 1809 939 1963 989; x_wconf 90' lang='lat' dir='ltr'>quando</span> <span class='ocrx_word' id='word_1_346' title='bbox 2002 940 2095 977; x_wconf 92' lang='lat' dir='ltr'>ratio</span> <span class='ocrx_word' id='word_1_347' title='bbox 2123 940 2313 978; x_wconf 89' lang='lat' dir='ltr'>inducitur</span> <span class='ocrx_word' id='word_1_348' title='bbox 2348 941 2397 980; x_wconf 92' lang='lat' dir='ltr'>ad</span> <span class='ocrx_word' id='word_1_349' title='bbox 2426 943 2592 993; x_wconf 86' lang='lat' dir='ltr'>aliquam</span> 
     </span>
     <span class='ocr_line' id='line_1_58' title="bbox 1532 993 2591 1043; baseline 0.005 -13"><span class='ocrx_word' id='word_1_350' title='bbox 1532 993 1820 1030; x_wconf 87' lang='lat' dir='ltr'>conclusionem</span> <span class='ocrx_word' id='word_1_351' title='bbox 1857 993 1990 1030; x_wconf 87' lang='lat' dir='ltr'>falsam</span> <span class='ocrx_word' id='word_1_352' title='bbox 2026 1005 2125 1042; x_wconf 92' lang='lat' dir='ltr'>quae</span> <span class='ocrx_word' id='word_1_353' title='bbox 2168 1002 2326 1043; x_wconf 89' lang='lat' dir='ltr'>apparet</span> <span class='ocrx_word' id='word_1_354' title='bbox 2361 1007 2474 1041; x_wconf 90' lang='lat' dir='ltr'>vera;</span> <span class='ocrx_word' id='word_1_355' title='bbox 2517 997 2591 1035; x_wconf 83' lang='lat' dir='ltr'>alio</span> 
     </span>
     <span class='ocr_line' id='line_1_59' title="bbox 1532 1046 2593 1097; baseline 0.004 -14"><span class='ocrx_word' id='word_1_356' title='bbox 1532 1046 1673 1093; x_wconf 92' lang='lat' dir='ltr'>modo,</span> <span class='ocrx_word' id='word_1_357' title='bbox 1705 1058 1749 1082; x_wconf 87' lang='lat' dir='ltr'>ex</span> <span class='ocrx_word' id='word_1_358' title='bbox 1779 1058 1825 1082; x_wconf 92' lang='lat' dir='ltr'>eo</span> <span class='ocrx_word' id='word_1_359' title='bbox 1859 1046 1964 1093; x_wconf 92' lang='lat' dir='ltr'>quod</span> <span class='ocrx_word' id='word_1_360' title='bbox 2000 1046 2093 1083; x_wconf 92' lang='lat' dir='ltr'>ratio</span> <span class='ocrx_word' id='word_1_361' title='bbox 2126 1047 2299 1094; x_wconf 88' lang='lat' dir='ltr'>procedit</span> <span class='ocrx_word' id='word_1_362' title='bbox 2331 1060 2375 1084; x_wconf 88' lang='lat' dir='ltr'>ex</span> <span class='ocrx_word' id='word_1_363' title='bbox 2403 1048 2593 1097; x_wconf 85' lang='lat' dir='ltr'>aliquibus</span> 
     </span>
     <span class='ocr_line' id='line_1_60' title="bbox 1531 1098 2593 1147; baseline 0.005 -13"><span class='ocrx_word' id='word_1_364' title='bbox 1531 1099 1633 1135; x_wconf 83' lang='lat' dir='ltr'>falsis</span> <span class='ocrx_word' id='word_1_365' title='bbox 1660 1111 1759 1147; x_wconf 88' lang='lat' dir='ltr'>quae</span> <span class='ocrx_word' id='word_1_366' title='bbox 1787 1098 1967 1134; x_wconf 87' lang='lat' dir='ltr'>videntur</span> <span class='ocrx_word' id='word_1_367' title='bbox 1993 1110 2077 1135; x_wconf 88' lang='lat' dir='ltr'>esse</span> <span class='ocrx_word' id='word_1_368' title='bbox 2094 1111 2200 1147; x_wconf 87' lang='lat' dir='ltr'>vera,</span> <span class='ocrx_word' id='word_1_369' title='bbox 2220 1100 2301 1137; x_wconf 89' lang='lat' dir='ltr'>sive</span> <span class='ocrx_word' id='word_1_370' title='bbox 2330 1101 2403 1137; x_wconf 93' lang='lat' dir='ltr'>sint</span> <span class='ocrx_word' id='word_1_371' title='bbox 2426 1102 2475 1138; x_wconf 81' lang='lat' dir='ltr'>ad</span> <span class='ocrx_word' id='word_1_372' title='bbox 2504 1114 2593 1140; x_wconf 92' lang='lat' dir='ltr'>con-</span> 
     </span>
     <span class='ocr_line' id='line_1_61' title="bbox 1533 1150 2590 1192; baseline 0.006 -5"><span class='ocrx_word' id='word_1_373' title='bbox 1533 1151 1743 1188; x_wconf 89' lang='lat' dir='ltr'>clusionem</span> <span class='ocrx_word' id='word_1_374' title='bbox 1780 1162 1914 1187; x_wconf 90' lang='lat' dir='ltr'>veram</span> <span class='ocrx_word' id='word_1_375' title='bbox 1944 1150 2024 1187; x_wconf 88' lang='lat' dir='ltr'>sive</span> <span class='ocrx_word' id='word_1_376' title='bbox 2053 1151 2101 1188; x_wconf 91' lang='lat' dir='ltr'>ad</span> <span class='ocrx_word' id='word_1_377' title='bbox 2131 1153 2416 1190; x_wconf 87' lang='lat' dir='ltr'>conclusionem</span> <span class='ocrx_word' id='word_1_378' title='bbox 2445 1155 2590 1192; x_wconf 84' lang='lat' dir='ltr'>falsam.</span> 
     </span>
     <span class='ocr_line' id='line_1_62' title="bbox 1534 1202 2592 1253; baseline 0.005 -13"><span class='ocrx_word' id='word_1_379' title='bbox 1534 1205 1588 1240; x_wconf 91' lang='lat' dir='ltr'>Ita</span> <span class='ocrx_word' id='word_1_380' title='bbox 1617 1203 1729 1239; x_wconf 89' lang='lat' dir='ltr'>etiam</span> <span class='ocrx_word' id='word_1_381' title='bbox 1768 1202 1924 1251; x_wconf 90' lang='lat' dir='ltr'>aliquod</span> <span class='ocrx_word' id='word_1_382' title='bbox 1951 1210 2153 1251; x_wconf 89' lang='lat' dir='ltr'>peccatum</span> <span class='ocrx_word' id='word_1_383' title='bbox 2189 1211 2315 1253; x_wconf 91' lang='lat' dir='ltr'>potest</span> <span class='ocrx_word' id='word_1_384' title='bbox 2351 1213 2432 1243; x_wconf 88' lang='lat' dir='ltr'>esse</span> <span class='ocrx_word' id='word_1_385' title='bbox 2461 1215 2592 1245; x_wconf 88' lang='lat' dir='ltr'>contra</span> 
     </span>
     <span class='ocr_line' id='line_1_63' title="bbox 1532 1255 2594 1305; baseline 0.006 -13"><span class='ocrx_word' id='word_1_386' title='bbox 1532 1255 1794 1305; x_wconf 85' lang='lat' dir='ltr'>prudentiam.</span> <span class='ocrx_word' id='word_1_387' title='bbox 1810 1256 1957 1292; x_wconf 87' lang='lat' dir='ltr'>habens</span> <span class='ocrx_word' id='word_1_388' title='bbox 1995 1255 2162 1305; x_wconf 85' lang='lat' dir='ltr'>aliquam</span> <span class='ocrx_word' id='word_1_389' title='bbox 2195 1256 2479 1297; x_wconf 87' lang='lat' dir='ltr'>similitudinem</span> <span class='ocrx_word' id='word_1_390' title='bbox 2513 1260 2594 1298; x_wconf 86' lang='lat' dir='ltr'>eius</span> 
     </span>
     <span class='ocr_line' id='line_1_64' title="bbox 1534 1307 2595 1358; baseline 0.005 -13"><span class='ocrx_word' id='word_1_391' title='bbox 1534 1308 1743 1358; x_wconf 87' lang='lat' dir='ltr'>dupliciter.</span> <span class='ocrx_word' id='word_1_392' title='bbox 1772 1308 1859 1345; x_wconf 92' lang='lat' dir='ltr'>Uno</span> <span class='ocrx_word' id='word_1_393' title='bbox 1887 1307 2019 1355; x_wconf 80' lang='lat' dir='ltr'>mode,</span> <span class='ocrx_word' id='word_1_394' title='bbox 2049 1309 2139 1357; x_wconf 91' lang='lat' dir='ltr'>quia</span> <span class='ocrx_word' id='word_1_395' title='bbox 2166 1310 2334 1347; x_wconf 90' lang='lat' dir='ltr'>studium</span> <span class='ocrx_word' id='word_1_396' title='bbox 2352 1311 2506 1349; x_wconf 83' lang='lat' dir='ltr'>rationis</span> <span class='ocrx_word' id='word_1_397' title='bbox 2533 1324 2595 1350; x_wconf 88' lang='lat' dir='ltr'>or-</span> 
     </span>
     <span class='ocr_line' id='line_1_65' title="bbox 1535 1361 2596 1409; baseline 0.005 -11"><span class='ocrx_word' id='word_1_398' title='bbox 1535 1362 1683 1399; x_wconf 90' lang='lat' dir='ltr'>dinatur</span> <span class='ocrx_word' id='word_1_399' title='bbox 1720 1361 1769 1398; x_wconf 91' lang='lat' dir='ltr'>ad</span> <span class='ocrx_word' id='word_1_400' title='bbox 1796 1361 1916 1397; x_wconf 88' lang='lat' dir='ltr'>finem</span> <span class='ocrx_word' id='word_1_401' title='bbox 1953 1361 2019 1409; x_wconf 91' lang='lat' dir='ltr'>qui</span> <span class='ocrx_word' id='word_1_402' title='bbox 2051 1370 2130 1398; x_wconf 91' lang='lat' dir='ltr'>non</span> <span class='ocrx_word' id='word_1_403' title='bbox 2168 1370 2223 1399; x_wconf 92' lang='lat' dir='ltr'>est</span> <span class='ocrx_word' id='word_1_404' title='bbox 2248 1374 2339 1399; x_wconf 90' lang='lat' dir='ltr'>vere</span> <span class='ocrx_word' id='word_1_405' title='bbox 2368 1364 2493 1402; x_wconf 93' lang='lat' dir='ltr'>bonus</span> <span class='ocrx_word' id='word_1_406' title='bbox 2527 1366 2596 1403; x_wconf 86' lang='lat' dir='ltr'>sed</span> 
     </span>
     <span class='ocr_line' id='line_1_66' title="bbox 1534 1413 2594 1464; baseline 0.006 -14"><span class='ocrx_word' id='word_1_407' title='bbox 1534 1426 1740 1463; x_wconf 88' lang='lat' dir='ltr'>apparens:</span> <span class='ocrx_word' id='word_1_408' title='bbox 1772 1421 1809 1450; x_wconf 91' lang='lat' dir='ltr'>et</span> <span class='ocrx_word' id='word_1_409' title='bbox 1835 1415 1910 1450; x_wconf 90' lang='lat' dir='ltr'>hoc</span> <span class='ocrx_word' id='word_1_410' title='bbox 1936 1413 2098 1462; x_wconf 89' lang='lat' dir='ltr'>pertinet</span> <span class='ocrx_word' id='word_1_411' title='bbox 2117 1415 2166 1451; x_wconf 89' lang='lat' dir='ltr'>ad</span> <span class='ocrx_word' id='word_1_412' title='bbox 2193 1416 2435 1464; x_wconf 83' lang='lat' dir='ltr'>prudentiam</span> <span class='ocrx_word' id='word_1_413' title='bbox 2459 1418 2594 1456; x_wconf 89' lang='lat' dir='ltr'>carnis.</span> 
     </span>
     <span class='ocr_line' id='line_1_67' title="bbox 1533 1466 2597 1519; baseline 0.004 -15"><span class='ocrx_word' id='word_1_414' title='bbox 1533 1467 1619 1504; x_wconf 92' lang='lat' dir='ltr'>Alio</span> <span class='ocrx_word' id='word_1_415' title='bbox 1639 1468 1771 1513; x_wconf 86' lang='lat' dir='ltr'>modo,</span> <span class='ocrx_word' id='word_1_416' title='bbox 1792 1466 2017 1515; x_wconf 90' lang='lat' dir='ltr'>inquantum</span> <span class='ocrx_word' id='word_1_417' title='bbox 2038 1467 2171 1516; x_wconf 89' lang='lat' dir='ltr'>aliquis</span> <span class='ocrx_word' id='word_1_418' title='bbox 2190 1470 2236 1506; x_wconf 89' lang='lat' dir='ltr'>ad</span> <span class='ocrx_word' id='word_1_419' title='bbox 2257 1469 2374 1505; x_wconf 90' lang='lat' dir='ltr'>finem</span> <span class='ocrx_word' id='word_1_420' title='bbox 2395 1469 2561 1519; x_wconf 77' lang='lat' dir='ltr'>aIIquem</span> <span class='ocrx_word' id='word_1_421' title='bbox 2581 1469 2597 1501; x_wconf 66' lang='grc' dir='ltr'><strong>β</strong></span> 
     </span>
     <span class='ocr_line' id='line_1_68' title="bbox 1535 1519 2596 1568; baseline 0.005 -12"><span class='ocrx_word' id='word_1_422' title='bbox 1535 1519 1862 1568; x_wconf 88' lang='lat' dir='ltr'>consequendum,</span> <span class='ocrx_word' id='word_1_423' title='bbox 1882 1520 1944 1556; x_wconf 88' lang='lat' dir='ltr'>vel</span> <span class='ocrx_word' id='word_1_424' title='bbox 1965 1520 2111 1556; x_wconf 91' lang='lat' dir='ltr'>bonum</span> <span class='ocrx_word' id='word_1_425' title='bbox 2131 1522 2193 1557; x_wconf 88' lang='lat' dir='ltr'>vel</span> <span class='ocrx_word' id='word_1_426' title='bbox 2209 1522 2364 1568; x_wconf 86' lang='lat' dir='ltr'>malum,</span> <span class='ocrx_word' id='word_1_427' title='bbox 2385 1523 2500 1560; x_wconf 83' lang='lat' dir='ltr'>utitur</span> <span class='ocrx_word' id='word_1_428' title='bbox 2518 1535 2596 1561; x_wconf 89' lang='lat' dir='ltr'>non</span> 
     </span>
     <span class='ocr_line' id='line_1_69' title="bbox 1533 1572 2596 1623; baseline 0.005 -14"><span class='ocrx_word' id='word_1_429' title='bbox 1533 1573 1635 1610; x_wconf 89' lang='lat' dir='ltr'>veris</span> <span class='ocrx_word' id='word_1_430' title='bbox 1661 1572 1745 1619; x_wconf 89' lang='lat' dir='ltr'>viis,</span> <span class='ocrx_word' id='word_1_431' title='bbox 1775 1573 1842 1609; x_wconf 92' lang='lat' dir='ltr'>sed</span> <span class='ocrx_word' id='word_1_432' title='bbox 1870 1572 2053 1608; x_wconf 88' lang='lat' dir='ltr'>simulatis</span> <span class='ocrx_word' id='word_1_433' title='bbox 2083 1580 2118 1609; x_wconf 88' lang='lat' dir='ltr'>et</span> <span class='ocrx_word' id='word_1_434' title='bbox 2145 1574 2429 1623; x_wconf 86' lang='lat' dir='ltr'>apparentibus:</span> <span class='ocrx_word' id='word_1_435' title='bbox 2460 1583 2496 1613; x_wconf 92' lang='lat' dir='ltr'>et</span> <span class='ocrx_word' id='word_1_436' title='bbox 2521 1577 2596 1614; x_wconf 93' lang='lat' dir='ltr'>hoc</span> 
     </span>
     <span class='ocr_line' id='line_1_70' title="bbox 1534 1624 2596 1678; baseline 0.006 -17"><span class='ocrx_word' id='word_1_437' title='bbox 1534 1625 1696 1674; x_wconf 91' lang='lat' dir='ltr'>pertinet</span> <span class='ocrx_word' id='word_1_438' title='bbox 1733 1624 1782 1661; x_wconf 89' lang='lat' dir='ltr'>ad</span> <span class='ocrx_word' id='word_1_439' title='bbox 1809 1632 2010 1673; x_wconf 87' lang='lat' dir='ltr'>peccatum</span> <span class='ocrx_word' id='word_1_440' title='bbox 2047 1626 2216 1663; x_wconf 91' lang='lat' dir='ltr'>astutiae.</span> <span class='ocrx_word' id='word_1_441' title='bbox 2253 1627 2364 1665; x_wconf 89' lang='lat' dir='ltr'>Unde</span> <span class='ocrx_word' id='word_1_442' title='bbox 2394 1636 2448 1666; x_wconf 89' lang='lat' dir='ltr'>est</span> <span class='ocrx_word' id='word_1_443' title='bbox 2476 1630 2596 1678; x_wconf 92' lang='lat' dir='ltr'>quod-</span> 
     </span>
     <span class='ocr_line' id='line_1_71' title="bbox 1536 1677 2596 1731; baseline 0.004 -16"><span class='ocrx_word' id='word_1_444' title='bbox 1536 1679 1626 1715; x_wconf 86' lang='lat' dir='ltr'>dam</span> <span class='ocrx_word' id='word_1_445' title='bbox 1663 1685 1863 1726; x_wconf 90' lang='lat' dir='ltr'>peccatum</span> <span class='ocrx_word' id='word_1_446' title='bbox 1901 1677 2124 1730; x_wconf 84' lang='lat' dir='ltr'>prudentiae</span> <span class='ocrx_word' id='word_1_447' title='bbox 2158 1680 2377 1728; x_wconf 91' lang='lat' dir='ltr'>oppositum</span> <span class='ocrx_word' id='word_1_448' title='bbox 2415 1693 2436 1718; x_wconf 86' lang='lat' dir='ltr'>a</span> <span class='ocrx_word' id='word_1_449' title='bbox 2464 1687 2479 1709; x_wconf 79' lang='grc' dir='ltr'><strong>Υ</strong></span> <span class='ocrx_word' id='word_1_450' title='bbox 2508 1695 2596 1731; x_wconf 85' lang='lat' dir='ltr'>pru-</span> 
     </span>
     <span class='ocr_line' id='line_1_72' title="bbox 1536 1730 2070 1768; baseline -0.004 0"><span class='ocrx_word' id='word_1_451' title='bbox 1536 1730 1663 1768; x_wconf 90' lang='lat' dir='ltr'>dentia</span> <span class='ocrx_word' id='word_1_452' title='bbox 1691 1730 1813 1767; x_wconf 89' lang='lat' dir='ltr'>carnis</span> <span class='ocrx_word' id='word_1_453' title='bbox 1842 1730 2070 1767; x_wconf 86' lang='lat' dir='ltr'>distinctum.</span> 
     </span>
    </p>

    <p class='ocr_par' dir='ltr' id='par_1_23' title="bbox 1536 1785 2600 2147">
     <span class='ocr_line' id='line_1_73' title="bbox 1589 1785 2596 1836; baseline 0.006 -17"><span class='ocrx_word' id='word_1_454' title='bbox 1589 1786 1647 1820; x_wconf 84' lang='lat' dir='ltr'>An</span> <span class='ocrx_word' id='word_1_455' title='bbox 1680 1794 1818 1820; x_wconf 78' lang='lat' dir='ltr'>PRtMUM</span> <span class='ocrx_word' id='word_1_456' title='bbox 1845 1794 1944 1819; x_wconf 83' lang='lat' dir='ltr'>ERGO</span> <span class='ocrx_word' id='word_1_457' title='bbox 1976 1794 2161 1820; x_wconf 79' lang='lat' dir='ltr'>DICENDUM</span> <span class='ocrx_word' id='word_1_458' title='bbox 2189 1785 2306 1833; x_wconf 90' lang='lat' dir='ltr'>quod,</span> <span class='ocrx_word' id='word_1_459' title='bbox 2345 1785 2441 1824; x_wconf 86' lang='lat' dir='ltr'>sicut</span> <span class='ocrx_word' id='word_1_460' title='bbox 2465 1786 2596 1836; x_wconf 81' lang='lat' dir='ltr'>Augu-</span> 
     </span>
     <span class='ocr_line' id='line_1_74' title="bbox 1536 1835 2598 1888; baseline 0.006 -15"><span class='ocrx_word' id='word_1_461' title='bbox 1536 1837 1654 1873; x_wconf 88' lang='lat' dir='ltr'>stinus</span> <span class='ocrx_word' id='word_1_462' title='bbox 1683 1835 1782 1882; x_wconf 89' lang='lat' dir='ltr'>dicit,</span> <span class='ocrx_word' id='word_1_463' title='bbox 1811 1835 1850 1872; x_wconf 89' lang='lat' dir='ltr'>in</span> <span class='ocrx_word' id='word_1_464' title='bbox 1878 1836 1928 1872; x_wconf 92' lang='lat' dir='ltr'>IV</span> <span class='ocrx_word' id='word_1_465' title='bbox 1947 1841 2079 1873; x_wconf 86' lang='lat' dir='ltr'>contra</span> <span class='ocrx_word' id='word_1_466' title='bbox 2092 1837 2230 1874; x_wconf 81' lang='lat' dir='ltr'>Iulian.</span> <span class='ocrx_word' id='word_1_467' title='bbox 2250 1837 2282 1884; x_wconf 68' lang='lat'>⁵⁸⁸,</span> <span class='ocrx_word' id='word_1_468' title='bbox 2311 1837 2406 1875; x_wconf 85' lang='lat' dir='ltr'>sicut</span> <span class='ocrx_word' id='word_1_469' title='bbox 2432 1839 2598 1888; x_wconf 70' lang='lat' dir='ltr'>pruden-</span> 
     </span>
     <span class='ocr_line' id='line_1_75' title="bbox 1536 1888 2599 1938; baseline 0.005 -12"><span class='ocrx_word' id='word_1_470' title='bbox 1536 1890 1587 1926; x_wconf 88' lang='lat' dir='ltr'>tia</span> <span class='ocrx_word' id='word_1_471' title='bbox 1605 1889 1766 1926; x_wconf 86' lang='lat' dir='ltr'>abusive</span> <span class='ocrx_word' id='word_1_472' title='bbox 1780 1889 2012 1936; x_wconf 89' lang='lat' dir='ltr'>quandoque</span> <span class='ocrx_word' id='word_1_473' title='bbox 2031 1888 2070 1926; x_wconf 92' lang='lat' dir='ltr'>in</span> <span class='ocrx_word' id='word_1_474' title='bbox 2089 1890 2191 1926; x_wconf 88' lang='lat' dir='ltr'>malo</span> <span class='ocrx_word' id='word_1_475' title='bbox 2205 1890 2399 1938; x_wconf 81' lang='lat' dir='ltr'>accipitur,</span> <span class='ocrx_word' id='word_1_476' title='bbox 2412 1890 2466 1928; x_wconf 81' lang='lat' dir='ltr'>ita</span> <span class='ocrx_word' id='word_1_477' title='bbox 2482 1888 2599 1931; x_wconf 69' lang='lat' dir='ltr'>etiam</span> 
     </span>
     <span class='ocr_line' id='line_1_76' title="bbox 1538 1941 2600 1993; baseline 0.004 -15"><span class='ocrx_word' id='word_1_478' title='bbox 1538 1941 1673 1979; x_wconf 89' lang='lat' dir='ltr'>astutia</span> <span class='ocrx_word' id='word_1_479' title='bbox 1709 1941 1944 1989; x_wconf 91' lang='lat' dir='ltr'>quandoque</span> <span class='ocrx_word' id='word_1_480' title='bbox 1977 1941 2015 1978; x_wconf 90' lang='lat' dir='ltr'>in</span> <span class='ocrx_word' id='word_1_481' title='bbox 2043 1942 2165 1979; x_wconf 88' lang='lat' dir='ltr'>bono:</span> <span class='ocrx_word' id='word_1_482' title='bbox 2205 1951 2240 1980; x_wconf 92' lang='lat' dir='ltr'>et</span> <span class='ocrx_word' id='word_1_483' title='bbox 2266 1943 2342 1980; x_wconf 92' lang='lat' dir='ltr'>hoc</span> <span class='ocrx_word' id='word_1_484' title='bbox 2367 1952 2525 1993; x_wconf 76' lang='lat' dir='ltr'>propter</span> <span class='ocrx_word' id='word_1_485' title='bbox 2552 1945 2600 1982; x_wconf 79' lang='lat' dir='ltr'>si·-</span> 
     </span>
     <span class='ocr_line' id='line_1_77' title="bbox 1538 1994 2599 2045; baseline 0.005 -14"><span class='ocrx_word' id='word_1_486' title='bbox 1538 1994 1791 2032; x_wconf 87' lang='lat' dir='ltr'>militudinem</span> <span class='ocrx_word' id='word_1_487' title='bbox 1828 1994 1942 2030; x_wconf 84' lang='lat' dir='ltr'>unius</span> <span class='ocrx_word' id='word_1_488' title='bbox 1978 1994 2027 2032; x_wconf 82' lang='lat' dir='ltr'>ad</span> <span class='ocrx_word' id='word_1_489' title='bbox 2063 1995 2236 2032; x_wconf 88' lang='lat' dir='ltr'>alterum.</span> <span class='ocrx_word' id='word_1_490' title='bbox 2273 1996 2434 2045; x_wconf 83' lang='lat' dir='ltr'>Proprie</span> <span class='ocrx_word' id='word_1_491' title='bbox 2469 2005 2599 2036; x_wconf 77' lang='lat' dir='ltr'>tamen</span> 
     </span>
     <span class='ocr_line' id='line_1_78' title="bbox 1538 2047 2599 2099; baseline 0.005 -16"><span class='ocrx_word' id='word_1_492' title='bbox 1538 2047 1673 2084; x_wconf 86' lang='lat' dir='ltr'>astutia</span> <span class='ocrx_word' id='word_1_493' title='bbox 1709 2047 1747 2083; x_wconf 91' lang='lat' dir='ltr'>in</span> <span class='ocrx_word' id='word_1_494' title='bbox 1777 2047 1879 2084; x_wconf 86' lang='lat' dir='ltr'>malo</span> <span class='ocrx_word' id='word_1_495' title='bbox 1917 2047 2112 2096; x_wconf 87' lang='lat' dir='ltr'>accipitur;</span> <span class='ocrx_word' id='word_1_496' title='bbox 2153 2048 2248 2085; x_wconf 89' lang='lat' dir='ltr'>sicut</span> <span class='ocrx_word' id='word_1_497' title='bbox 2280 2057 2317 2086; x_wconf 90' lang='lat' dir='ltr'>et</span> <span class='ocrx_word' id='word_1_498' title='bbox 2343 2049 2599 2099; x_wconf 78' lang='lat' dir='ltr'>Philosophus</span> 
     </span>
     <span class='ocr_line' id='line_1_79' title="bbox 1539 2100 1977 2147; baseline -0.005 -9"><span class='ocrx_word' id='word_1_499' title='bbox 1539 2100 1639 2147; x_wconf 89' lang='lat' dir='ltr'>dicit,</span> <span class='ocrx_word' id='word_1_500' title='bbox 1669 2100 1707 2136; x_wconf 92' lang='lat' dir='ltr'>in</span> <span class='ocrx_word' id='word_1_501' title='bbox 1733 2100 1785 2137; x_wconf 90' lang='lat' dir='ltr'>VI</span> <span class='ocrx_word' id='word_1_502' title='bbox 1813 2100 1934 2136; x_wconf 84' lang='lat' dir='ltr'>Ethic.</span> <span class='ocrx_word' id='word_1_503' title='bbox 1957 2100 1977 2121; x_wconf 81' lang='grc'>*</span> 
     </span>
    </p>

    <p class='ocr_par' dir='ltr' id='par_1_24' title="bbox 1540 2150 2601 2414">
     <span class='ocr_line' id='line_1_80' title="bbox 1592 2150 2600 2203; baseline 0.004 -13"><span class='ocrx_word' id='word_1_504' title='bbox 1592 2155 1650 2190; x_wconf 80' lang='lat' dir='ltr'>An</span> <span class='ocrx_word' id='word_1_505' title='bbox 1666 2164 1855 2190; x_wconf 76' lang='lat' dir='ltr'>SECUNDUM</span> <span class='ocrx_word' id='word_1_506' title='bbox 1868 2150 1882 2174; x_wconf 78' lang='lat'>⁶</span> <span class='ocrx_word' id='word_1_507' title='bbox 1901 2163 2084 2189; x_wconf 61' lang='lat' dir='ltr'>montinum</span> <span class='ocrx_word' id='word_1_508' title='bbox 2103 2154 2207 2201; x_wconf 91' lang='lat' dir='ltr'>quod</span> <span class='ocrx_word' id='word_1_509' title='bbox 2222 2155 2358 2191; x_wconf 81' lang='lat' dir='ltr'>astutia</span> <span class='ocrx_word' id='word_1_510' title='bbox 2370 2162 2496 2203; x_wconf 78' lang='lat' dir='ltr'>potest</span> <span class='ocrx_word' id='word_1_511' title='bbox 2511 2168 2600 2194; x_wconf 82' lang='lat' dir='ltr'>oon-</span> 
     </span>
     <span class='ocr_line' id='line_1_81' title="bbox 1540 2203 2598 2247; baseline 0.004 -5"><span class='ocrx_word' id='word_1_512' title='bbox 1540 2205 1651 2243; x_wconf 87' lang='lat' dir='ltr'>siliari</span> <span class='ocrx_word' id='word_1_513' title='bbox 1681 2213 1717 2242; x_wconf 91' lang='lat' dir='ltr'>et</span> <span class='ocrx_word' id='word_1_514' title='bbox 1744 2205 1793 2242; x_wconf 86' lang='lat' dir='ltr'>ad</span> <span class='ocrx_word' id='word_1_515' title='bbox 1820 2205 1938 2242; x_wconf 90' lang='lat' dir='ltr'>finem</span> <span class='ocrx_word' id='word_1_516' title='bbox 1965 2203 2113 2242; x_wconf 77' lang='lat' dir='ltr'>bonurn</span> <span class='ocrx_word' id='word_1_517' title='bbox 2142 2213 2180 2242; x_wconf 89' lang='lat' dir='ltr'>et</span> <span class='ocrx_word' id='word_1_518' title='bbox 2205 2206 2254 2243; x_wconf 87' lang='lat' dir='ltr'>ad</span> <span class='ocrx_word' id='word_1_519' title='bbox 2282 2207 2399 2244; x_wconf 88' lang='lat' dir='ltr'>finem</span> <span class='ocrx_word' id='word_1_520' title='bbox 2434 2209 2598 2247; x_wconf 78' lang='lat' dir='ltr'>malum:</span> 
     </span>
     <span class='ocr_line' id='line_1_82' title="bbox 1540 2258 2601 2310; baseline 0.004 -15"><span class='ocrx_word' id='word_1_521' title='bbox 1540 2271 1612 2295; x_wconf 91' lang='lat' dir='ltr'>nec</span> <span class='ocrx_word' id='word_1_522' title='bbox 1648 2265 1798 2307; x_wconf 88' lang='lat' dir='ltr'>oportet</span> <span class='ocrx_word' id='word_1_523' title='bbox 1826 2258 1875 2295; x_wconf 90' lang='lat' dir='ltr'>ad</span> <span class='ocrx_word' id='word_1_524' title='bbox 1903 2259 2023 2295; x_wconf 89' lang='lat' dir='ltr'>finem</span> <span class='ocrx_word' id='word_1_525' title='bbox 2051 2259 2198 2295; x_wconf 85' lang='lat' dir='ltr'>bonum</span> <span class='ocrx_word' id='word_1_526' title='bbox 2232 2259 2332 2296; x_wconf 87' lang='lat' dir='ltr'>falsis</span> <span class='ocrx_word' id='word_1_527' title='bbox 2359 2260 2433 2297; x_wconf 87' lang='lat' dir='ltr'>viis</span> <span class='ocrx_word' id='word_1_528' title='bbox 2463 2269 2601 2310; x_wconf 51' lang='lat' dir='ltr'>perv-e*</span> 
     </span>
     <span class='ocr_line' id='line_1_83' title="bbox 1540 2310 2601 2357; baseline 0.004 -9"><span class='ocrx_word' id='word_1_529' title='bbox 1540 2312 1621 2349; x_wconf 90' lang='lat' dir='ltr'>nire</span> <span class='ocrx_word' id='word_1_530' title='bbox 1650 2319 1686 2348; x_wconf 92' lang='lat' dir='ltr'>et</span> <span class='ocrx_word' id='word_1_531' title='bbox 1713 2311 1907 2357; x_wconf 82' lang='lat' dir='ltr'>simulatis,</span> <span class='ocrx_word' id='word_1_532' title='bbox 1937 2311 2005 2347; x_wconf 83' lang='lat' dir='ltr'>sed</span> <span class='ocrx_word' id='word_1_533' title='bbox 2031 2310 2144 2348; x_wconf 78' lang='lat' dir='ltr'>veriS.</span> <span class='ocrx_word' id='word_1_534' title='bbox 2183 2311 2295 2349; x_wconf 89' lang='lat' dir='ltr'>Unde</span> <span class='ocrx_word' id='word_1_535' title='bbox 2325 2313 2436 2350; x_wconf 84' lang='lat' dir='ltr'>etiam</span> <span class='ocrx_word' id='word_1_536' title='bbox 2465 2314 2601 2352; x_wconf 70' lang='lat' dir='ltr'>astutia</span> 
     </span>
     <span class='ocr_line' id='line_1_84' title="bbox 1541 2363 2585 2414; baseline 0.003 -13"><span class='ocrx_word' id='word_1_537' title='bbox 1541 2365 1570 2401; x_wconf 84' lang='lat' dir='ltr'>si</span> <span class='ocrx_word' id='word_1_538' title='bbox 1599 2364 1792 2401; x_wconf 87' lang='lat' dir='ltr'>ordinetur</span> <span class='ocrx_word' id='word_1_539' title='bbox 1819 2363 1868 2400; x_wconf 91' lang='lat' dir='ltr'>ad</span> <span class='ocrx_word' id='word_1_540' title='bbox 1896 2364 2041 2400; x_wconf 90' lang='lat' dir='ltr'>bonum</span> <span class='ocrx_word' id='word_1_541' title='bbox 2070 2364 2202 2410; x_wconf 82' lang='lat' dir='ltr'>finem,</span> <span class='ocrx_word' id='word_1_542' title='bbox 2232 2373 2290 2401; x_wconf 86' lang='lat' dir='ltr'>est</span> <span class='ocrx_word' id='word_1_543' title='bbox 2315 2373 2545 2414; x_wconf 51' lang='lat' dir='ltr'>peccatum.¹</span> <span class='ocrx_word' id='word_1_544' title='bbox 2583 2376 2585 2383; x_wconf 80' lang='grc'><em>’</em></span> 
     </span>
    </p>

    <p class='ocr_par' dir='ltr' id='par_1_25' title="bbox 1540 2417 2603 2570">
     <span class='ocr_line' id='line_1_85' title="bbox 1594 2417 2603 2468; baseline 0.005 -16"><span class='ocrx_word' id='word_1_545' title='bbox 1594 2419 1652 2453; x_wconf 82' lang='lat' dir='ltr'>An</span> <span class='ocrx_word' id='word_1_546' title='bbox 1679 2427 1839 2453; x_wconf 67' lang='lat' dir='ltr'>‘mnrium</span> <span class='ocrx_word' id='word_1_547' title='bbox 1858 2427 2042 2453; x_wconf 71' lang='lat' dir='ltr'><strong>DICENDUM</strong></span> <span class='ocrx_word' id='word_1_548' title='bbox 2065 2418 2171 2464; x_wconf 92' lang='lat' dir='ltr'>quod</span> <span class='ocrx_word' id='word_1_549' title='bbox 2191 2417 2396 2466; x_wconf 86' lang='lat' dir='ltr'>Gregorius</span> <span class='ocrx_word' id='word_1_550' title='bbox 2423 2420 2494 2457; x_wconf 90' lang='lat' dir='ltr'>sub</span> <span class='ocrx_word' id='word_1_551' title='bbox 2506 2428 2603 2468; x_wconf 74' lang='lat' dir='ltr'>pru-</span> 
     </span>
     <span class='ocr_line' id='line_1_86' title="bbox 1540 2469 2600 2520; baseline 0.004 -14"><span class='ocrx_word' id='word_1_552' title='bbox 1540 2470 1662 2506; x_wconf 89' lang='lat' dir='ltr'>dentia</span> <span class='ocrx_word' id='word_1_553' title='bbox 1692 2469 1824 2505; x_wconf 87' lang='lat' dir='ltr'>mundi</span> <span class='ocrx_word' id='word_1_554' title='bbox 1840 2469 1986 2517; x_wconf 86' lang='lat' dir='ltr'>accepit</span> <span class='ocrx_word' id='word_1_555' title='bbox 2014 2470 2142 2507; x_wconf 81' lang='lat' dir='ltr'>omnia</span> <span class='ocrx_word' id='word_1_556' title='bbox 2163 2482 2261 2518; x_wconf 89' lang='lat' dir='ltr'>quae</span> <span class='ocrx_word' id='word_1_557' title='bbox 2289 2479 2450 2520; x_wconf 83' lang='lat' dir='ltr'>possunt</span> <span class='ocrx_word' id='word_1_558' title='bbox 2468 2473 2516 2510; x_wconf 86' lang='lat' dir='ltr'>ad</span> <span class='ocrx_word' id='word_1_559' title='bbox 2535 2473 2600 2510; x_wconf 85' lang='lat' dir='ltr'>fal-</span> 
     </span>
     <span class='ocr_line' id='line_1_87' title="bbox 1540 2521 2600 2570; baseline 0.005 -12"><span class='ocrx_word' id='word_1_560' title='bbox 1540 2534 1621 2559; x_wconf 89' lang='lat' dir='ltr'>sam</span> <span class='ocrx_word' id='word_1_561' title='bbox 1650 2521 1888 2570; x_wconf 84' lang='lat' dir='ltr'>prudentiam</span> <span class='ocrx_word' id='word_1_562' title='bbox 1917 2521 2115 2570; x_wconf 88' lang='lat' dir='ltr'>pertinere.</span> <span class='ocrx_word' id='word_1_563' title='bbox 2146 2523 2256 2560; x_wconf 90' lang='lat' dir='ltr'>Unde</span> <span class='ocrx_word' id='word_1_564' title='bbox 2286 2524 2399 2562; x_wconf 84' lang='lat' dir='ltr'>etiam</span> <span class='ocrx_word' id='word_1_565' title='bbox 2427 2521 2600 2563; x_wconf 65' lang='lat' dir='ltr'>sub&#39;haet</span> 
     </span>
    </p>
   </div>
   <div class='ocr_carea' id='block_1_18' title="bbox 1541 2574 2046 2623">
    <p class='ocr_par' dir='ltr' id='par_1_26' title="bbox 1541 2574 2046 2623">
     <span class='ocr_line' id='line_1_88' title="bbox 1541 2574 2046 2623; baseline 0 -12"><span class='ocrx_word' id='word_1_566' title='bbox 1541 2574 1875 2623; x_wconf 87' lang='lat' dir='ltr'>comprehenditur</span> <span class='ocrx_word' id='word_1_567' title='bbox 1902 2574 2046 2612; x_wconf 84' lang='lat' dir='ltr'>astutia.</span> 
     </span>
    </p>
   </div>
   <div class='ocr_carea' id='block_1_19' title="bbox 484 2688 978 2721">
    <p class='ocr_par' dir='ltr' id='par_1_27' title="bbox 484 2688 978 2721">
     <span class='ocr_line' id='line_1_89' title="bbox 484 2688 978 2721; baseline -0.006 -6"><span class='ocrx_word' id='word_1_568' title='bbox 484 2690 511 2721; x_wconf 85' lang='grc' dir='ltr'>α)</span> <span class='ocrx_word' id='word_1_569' title='bbox 527 2693 673 2721; x_wconf 81' lang='lat' dir='ltr'>peccatum.</span> <span class='ocrx_word' id='word_1_570' title='bbox 692 2702 710 2708; x_wconf 89' lang='lat'>—</span> <span class='ocrx_word' id='word_1_571' title='bbox 723 2688 888 2720; x_wconf 79' lang='lat' dir='ltr'>peccandum</span> <span class='ocrx_word' id='word_1_572' title='bbox 908 2688 978 2713; x_wconf 73' lang='lat' dir='ltr'>PDR.</span> 
     </span>
    </p>
   </div>
   <div class='ocr_carea' id='block_1_20' title="bbox 483 2724 1415 2794">
    <p class='ocr_par' dir='ltr' id='par_1_28' title="bbox 483 2724 1415 2794">
     <span class='ocr_line' id='line_1_90' title="bbox 484 2724 1415 2792; baseline -0.001 -43"><span class='ocrx_word' id='word_1_573' title='bbox 484 2725 509 2792; x_wconf 50' lang='grc' dir='ltr'>βξ</span> <span class='ocrx_word' id='word_1_574' title='bbox 527 2725 650 2757; x_wconf 85' lang='lat' dir='ltr'>aliquem.</span> <span class='ocrx_word' id='word_1_575' title='bbox 667 2724 766 2783; x_wconf 77' lang='lat' dir='ltr'>-pOm.</span> <span class='ocrx_word' id='word_1_576' title='bbox 785 2725 831 2748; x_wconf 86' lang='grc' dir='ltr'>Ρα.</span> <span class='ocrx_word' id='word_1_577' title='bbox 849 2738 867 2741; x_wconf 97' lang='grc'>-</span> <span class='ocrx_word' id='word_1_578' title='bbox 885 2724 950 2748; x_wconf 84' lang='lat' dir='ltr'>Ante</span> <span class='ocrx_word' id='word_1_579' title='bbox 969 2724 1064 2748; x_wconf 79' lang='lat' dir='ltr'>bonum</span> <span class='ocrx_word' id='word_1_580' title='bbox 1084 2729 1109 2748; x_wconf 83' lang='lat' dir='ltr'>et</span> <span class='ocrx_word' id='word_1_581' title='bbox 1129 2724 1227 2748; x_wconf 83' lang='lat' dir='ltr'>malum</span> <span class='ocrx_word' id='word_1_582' title='bbox 1246 2724 1265 2748; x_wconf 82' lang='lat' dir='ltr'>P</span> <span class='ocrx_word' id='word_1_583' title='bbox 1284 2724 1353 2748; x_wconf 83' lang='lat' dir='ltr'>addit</span> <span class='ocrx_word' id='word_1_584' title='bbox 1370 2724 1415 2748; x_wconf 82' lang='lat' dir='ltr'>ad.</span> 
     </span>
     <span class='ocr_line' id='line_1_91' title="bbox 483 2763 715 2794; baseline 0 -10"><span class='ocrx_word' id='word_1_585' title='bbox 483 2768 499 2794; x_wconf 84' lang='grc' dir='ltr'><strong>γ</strong></span> <span class='ocrx_word' id='word_1_586' title='bbox 528 2768 553 2784; x_wconf 83' lang='lat' dir='ltr'>a.</span> <span class='ocrx_word' id='word_1_587' title='bbox 570 2774 589 2778; x_wconf 98' lang='lat'><em>-</em></span> <span class='ocrx_word' id='word_1_588' title='bbox 607 2763 633 2784; x_wconf 82' lang='lat' dir='ltr'>et</span> <span class='ocrx_word' id='word_1_589' title='bbox 651 2767 667 2784; x_wconf 88' lang='lat' dir='ltr'>a</span> <span class='ocrx_word' id='word_1_590' title='bbox 708 2777 715 2784; x_wconf 87' lang='lat'>.</span> 
     </span>
    </p>
   </div>
   <div class='ocr_carea' id='block_1_21' title="bbox 1512 2687 1516 2766">
    <p class='ocr_par' dir='ltr' id='par_1_29' title="bbox 1512 2687 1516 2766">
     <span class='ocr_line' id='line_1_92' title="bbox 1512 2687 1516 2766; baseline 0 1290"><span class='ocrx_word' id='word_1_591' title='bbox 1512 2687 1516 2766; x_wconf 95' lang='lat' dir='ltr'> </span> 
     </span>
    </p>
   </div>
   <div class='ocr_carea' id='block_1_22' title="bbox 1593 2687 2603 2723">
    <p class='ocr_par' dir='ltr' id='par_1_30' title="bbox 1593 2687 2603 2723">
     <span class='ocr_line' id='line_1_93' title="bbox 1593 2687 2603 2723; baseline 0.006 -10"><span class='ocrx_word' id='word_1_592' title='bbox 1593 2687 1618 2721; x_wconf 82' lang='grc' dir='ltr'>δ)</span> <span class='ocrx_word' id='word_1_593' title='bbox 1637 2690 1680 2714; x_wconf 78' lang='lat' dir='ltr'>Ad</span> <span class='ocrx_word' id='word_1_594' title='bbox 1697 2689 1851 2714; x_wconf 78' lang='lat' dir='ltr'>secundum.</span> <span class='ocrx_word' id='word_1_595' title='bbox 1869 2703 1888 2708; x_wconf 96' lang='lat'><em>—</em></span> <span class='ocrx_word' id='word_1_596' title='bbox 1906 2690 2032 2715; x_wconf 81' lang='lat' dir='ltr'>Ordinem</span> <span class='ocrx_word' id='word_1_597' title='bbox 2056 2691 2258 2723; x_wconf 79' lang='lat' dir='ltr'>responsionum</span> <span class='ocrx_word' id='word_1_598' title='bbox 2283 2692 2315 2716; x_wconf 81' lang='lat' dir='ltr'>ad</span> <span class='ocrx_word' id='word_1_599' title='bbox 2339 2693 2482 2718; x_wconf 78' lang='lat' dir='ltr'>secundum</span> <span class='ocrx_word' id='word_1_600' title='bbox 2509 2698 2534 2719; x_wconf 86' lang='lat' dir='ltr'>et</span> <span class='ocrx_word' id='word_1_601' title='bbox 2551 2694 2603 2719; x_wconf 54' lang='lat' dir='ltr'>tob*</span> 
     </span>
    </p>
   </div>
   <div class='ocr_carea' id='block_1_23' title="bbox 1497 2725 2162 2762">
    <p class='ocr_par' dir='ltr' id='par_1_31' title="bbox 1497 2725 2162 2762">
     <span class='ocr_line' id='line_1_94' title="bbox 1497 2725 2162 2762; baseline 0.005 -14"><span class='ocrx_word' id='word_1_602' title='bbox 1497 2758 1501 2762; x_wconf 37' lang='grc' dir='ltr'>ι</span> <span class='ocrx_word' id='word_1_603' title='bbox 1542 2725 1606 2748; x_wconf 89' lang='lat' dir='ltr'>tium</span> <span class='ocrx_word' id='word_1_604' title='bbox 1626 2730 1806 2757; x_wconf 84' lang='lat' dir='ltr'>argumentum</span> <span class='ocrx_word' id='word_1_605' title='bbox 1825 2725 1954 2750; x_wconf 79' lang='lat' dir='ltr'>invertunt</span> <span class='ocrx_word' id='word_1_606' title='bbox 1971 2725 2073 2750; x_wconf 85' lang='lat' dir='ltr'>codices</span> <span class='ocrx_word' id='word_1_607' title='bbox 2094 2731 2118 2750; x_wconf 81' lang='lat' dir='ltr'>et</span> <span class='ocrx_word' id='word_1_608' title='bbox 2136 2733 2162 2751; x_wconf 87' lang='lat' dir='ltr'>a.</span> 
     </span>
    </p>
   </div>
   <div class='ocr_carea' id='block_1_24' title="bbox 1390 2828 1649 2839">
    <p class='ocr_par' dir='ltr' id='par_1_32' title="bbox 1390 2828 1649 2839">
     <span class='ocr_line' id='line_1_95' title="bbox 1390 2828 1649 2839; baseline 0 1217"><span class='ocrx_word' id='word_1_609' title='bbox 1390 2828 1649 2839; x_wconf 95' lang='lat' dir='ltr'> </span> 
     </span>
    </p>
   </div>
   <div class='ocr_carea' id='block_1_25' title="bbox 881 2885 2146 3009">
    <p class='ocr_par' dir='ltr' id='par_1_33' title="bbox 881 2885 2146 3009">
     <span class='ocr_line' id='line_1_96' title="bbox 1206 2885 1827 2936; baseline 0.002 -11"><span class='ocrx_word' id='word_1_610' title='bbox 1206 2885 1523 2927; x_wconf 84' lang='lat' dir='ltr'>ARTlCULUS</span> <span class='ocrx_word' id='word_1_611' title='bbox 1554 2885 1827 2936; x_wconf 89' lang='lat' dir='ltr'>QUARTUS</span> 
     </span>
     <span class='ocr_line' id='line_1_97' title="bbox 881 2971 2146 3009; baseline 0.001 -2"><span class='ocrx_word' id='word_1_612' title='bbox 881 2977 1035 3008; x_wconf 87' lang='lat' dir='ltr'><strong>UTRUM</strong></span> <span class='ocrx_word' id='word_1_613' title='bbox 1059 2976 1201 3008; x_wconf 65' lang='lat' dir='ltr'>notus</span> <span class='ocrx_word' id='word_1_614' title='bbox 1226 2977 1292 3007; x_wconf 84' lang='lat' dir='ltr'>SIT</span> <span class='ocrx_word' id='word_1_615' title='bbox 1316 2976 1554 3008; x_wconf 81' lang='lat' dir='ltr'><strong>PECCATUM</strong></span> <span class='ocrx_word' id='word_1_616' title='bbox 1577 2977 1635 3007; x_wconf 89' lang='lat' dir='ltr'>AD</span> <span class='ocrx_word' id='word_1_617' title='bbox 1660 2971 1883 3008; x_wconf 85' lang='lat' dir='ltr'>ASTUTIAM</span> <span class='ocrx_word' id='word_1_618' title='bbox 1906 2977 2146 3009; x_wconf 81' lang='lat' dir='ltr'>PERTINENS</span> 
     </span>
    </p>
   </div>
   <div class='ocr_carea' id='block_1_26' title="bbox 501 3055 2603 3115">
    <p class='ocr_par' dir='ltr' id='par_1_34' title="bbox 501 3055 2603 3115">
     <span class='ocr_line' id='line_1_98' title="bbox 501 3055 2603 3115; baseline 0.003 -24"><span class='ocrx_word' id='word_1_619' title='bbox 501 3075 526 3115; x_wconf 64' lang='grc' dir='ltr'>ιι</span> <span class='ocrx_word' id='word_1_620' title='bbox 552 3085 589 3104; x_wconf 47' lang='lat' dir='ltr'>„s</span> <span class='ocrx_word' id='word_1_621' title='bbox 644 3068 666 3092; x_wconf 89' lang='lat' dir='ltr'>D</span> <span class='ocrx_word' id='word_1_622' title='bbox 685 3067 856 3098; x_wconf 79' lang='lat' dir='ltr'><strong>QUARTUM</strong></span> <span class='ocrx_word' id='word_1_623' title='bbox 876 3068 928 3093; x_wconf 80' lang='lat' dir='ltr'>stc</span> <span class='ocrx_word' id='word_1_624' title='bbox 947 3067 1186 3093; x_wconf 79' lang='lat' dir='ltr'>PROCEDlTUR.</span> <span class='ocrx_word' id='word_1_625' title='bbox 1206 3055 1365 3093; x_wconf 89' lang='lat' dir='ltr'>Videtur</span> <span class='ocrx_word' id='word_1_626' title='bbox 1383 3056 1489 3104; x_wconf 90' lang='lat' dir='ltr'>quod</span> <span class='ocrx_word' id='word_1_627' title='bbox 1539 3057 1615 3092; x_wconf 88' lang='lat' dir='ltr'>suis</span> <span class='ocrx_word' id='word_1_628' title='bbox 1642 3056 1768 3092; x_wconf 89' lang='lat' dir='ltr'>dolose</span> <span class='ocrx_word' id='word_1_629' title='bbox 1794 3057 1970 3106; x_wconf 83' lang='lat' dir='ltr'>agebant.</span> <span class='ocrx_word' id='word_1_630' title='bbox 2000 3057 2148 3094; x_wconf 89' lang='lat' dir='ltr'>Astutia</span> <span class='ocrx_word' id='word_1_631' title='bbox 2168 3065 2308 3106; x_wconf 87' lang='lat' dir='ltr'>autem,</span> <span class='ocrx_word' id='word_1_632' title='bbox 2330 3058 2425 3096; x_wconf 87' lang='lat' dir='ltr'>sicut</span> <span class='ocrx_word' id='word_1_633' title='bbox 2453 3066 2489 3096; x_wconf 89' lang='lat' dir='ltr'>et</span> <span class='ocrx_word' id='word_1_634' title='bbox 2514 3070 2603 3110; x_wconf 79' lang='lat' dir='ltr'>pm-</span> 
     </span>
    </p>
   </div>
   <div class='ocr_carea' id='block_1_27' title="bbox 446 3071 633 3256">
    <p class='ocr_par' dir='ltr' id='par_1_35' title="bbox 446 3071 633 3256">
     <span class='ocr_line' id='line_1_99' title="bbox 446 3071 633 3256; baseline 0 0"><span class='ocrx_word' id='word_1_635' title='bbox 446 3071 633 3256; x_wconf 95' lang='lat' dir='ltr'>  </span> 
     </span>
    </p>
   </div>
   <div class='ocr_carea' id='block_1_28' title="bbox 435 3102 1493 3475">
    <p class='ocr_par' dir='ltr' id='par_1_36' title="bbox 435 3102 1491 3422">
     <span class='ocr_line' id='line_1_100' title="bbox 573 3102 1490 3157; baseline 0 -12"><span class='ocrx_word' id='word_1_636' title='bbox 573 3102 622 3128; x_wconf 43' lang='lat'>&#39;·⁷²*</span> <span class='ocrx_word' id='word_1_637' title='bbox 645 3108 754 3145; x_wconf 92' lang='lat' dir='ltr'>dolus</span> <span class='ocrx_word' id='word_1_638' title='bbox 774 3121 851 3145; x_wconf 92' lang='lat' dir='ltr'>non</span> <span class='ocrx_word' id='word_1_639' title='bbox 871 3109 916 3145; x_wconf 90' lang='lat' dir='ltr'>sit</span> <span class='ocrx_word' id='word_1_640' title='bbox 935 3116 1132 3157; x_wconf 84' lang='lat' dir='ltr'>peccatum</span> <span class='ocrx_word' id='word_1_641' title='bbox 1148 3109 1196 3145; x_wconf 92' lang='lat' dir='ltr'>ad</span> <span class='ocrx_word' id='word_1_642' title='bbox 1217 3109 1391 3145; x_wconf 86' lang='lat' dir='ltr'>astutiam</span> <span class='ocrx_word' id='word_1_643' title='bbox 1406 3120 1490 3157; x_wconf 90' lang='lat' dir='ltr'>per-</span> 
     </span>
     <span class='ocr_line' id='line_1_101' title="bbox 481 3160 1488 3210; baseline 0.004 -16"><span class='ocrx_word' id='word_1_644' title='bbox 481 3160 571 3206; x_wconf 43' lang='grc' dir='ltr'>’,κς</span> <span class='ocrx_word' id='word_1_645' title='bbox 592 3160 778 3203; x_wconf 70' lang='lat' dir='ltr'>(tinens.</span> <span class='ocrx_word' id='word_1_646' title='bbox 808 3162 1011 3198; x_wconf 88' lang='lat' dir='ltr'>Peccatum</span> <span class='ocrx_word' id='word_1_647' title='bbox 1041 3162 1141 3198; x_wconf 91' lang='lat' dir='ltr'>enim</span> <span class='ocrx_word' id='word_1_648' title='bbox 1170 3161 1208 3198; x_wconf 91' lang='lat' dir='ltr'>in</span> <span class='ocrx_word' id='word_1_649' title='bbox 1231 3161 1407 3210; x_wconf 87' lang='lat' dir='ltr'>perfectis</span> <span class='ocrx_word' id='word_1_650' title='bbox 1434 3161 1488 3198; x_wconf 93' lang='lat' dir='ltr'>vi-</span> 
     </span>
     <span class='ocr_line' id='line_1_102' title="bbox 490 3190 1488 3263; baseline 0.001 -14"><span class='ocrx_word' id='word_1_651' title='bbox 490 3190 694 3250; x_wconf 43' lang='lat' dir='ltr'>§45³9an</span> <span class='ocrx_word' id='word_1_652' title='bbox 722 3226 799 3250; x_wconf 94' lang='lat' dir='ltr'>non</span> <span class='ocrx_word' id='word_1_653' title='bbox 836 3214 1045 3261; x_wconf 90' lang='lat' dir='ltr'>invenitur,</span> <span class='ocrx_word' id='word_1_654' title='bbox 1079 3214 1282 3263; x_wconf 90' lang='lat' dir='ltr'>praecipue</span> <span class='ocrx_word' id='word_1_655' title='bbox 1317 3215 1488 3252; x_wconf 88' lang='lat' dir='ltr'>mortale.</span> 
     </span>
     <span class='ocr_line' id='line_1_103' title="bbox 437 3266 1491 3314; baseline 0 -11"><span class='ocrx_word' id='word_1_656' title='bbox 437 3266 628 3303; x_wconf 88' lang='lat' dir='ltr'>Invenitur</span> <span class='ocrx_word' id='word_1_657' title='bbox 656 3274 782 3303; x_wconf 91' lang='lat' dir='ltr'>autem</span> <span class='ocrx_word' id='word_1_658' title='bbox 811 3266 848 3303; x_wconf 91' lang='lat' dir='ltr'>in</span> <span class='ocrx_word' id='word_1_659' title='bbox 878 3267 929 3303; x_wconf 87' lang='lat' dir='ltr'>eis</span> <span class='ocrx_word' id='word_1_660' title='bbox 958 3267 1090 3314; x_wconf 88' lang='lat' dir='ltr'>aliquis</span> <span class='ocrx_word' id='word_1_661' title='bbox 1119 3267 1249 3304; x_wconf 88' lang='lat' dir='ltr'>dolus:</span> <span class='ocrx_word' id='word_1_662' title='bbox 1279 3269 1491 3305; x_wconf 89' lang='lat' dir='ltr'>secundum</span> 
     </span>
     <span class='ocr_line' id='line_1_104' title="bbox 436 3319 1490 3366; baseline 0.002 -11"><span class='ocrx_word' id='word_1_663' title='bbox 436 3319 526 3356; x_wconf 92' lang='lat' dir='ltr'>illud</span> <span class='ocrx_word' id='word_1_664' title='bbox 555 3320 585 3355; x_wconf 96' lang='grc' dir='ltr'>ΙΙ</span> <span class='ocrx_word' id='word_1_665' title='bbox 615 3320 666 3356; x_wconf 91' lang='lat' dir='ltr'>ad</span> <span class='ocrx_word' id='word_1_666' title='bbox 696 3320 782 3356; x_wconf 88' lang='lat' dir='ltr'>Cor.</span> <span class='ocrx_word' id='word_1_667' title='bbox 811 3331 858 3356; x_wconf 86' lang='lat' dir='ltr'>xn</span> <span class='ocrx_word' id='word_1_668' title='bbox 881 3319 916 3355; x_wconf 67' lang='grc' dir='ltr'>*ε</span> <span class='ocrx_word' id='word_1_669' title='bbox 951 3320 1045 3356; x_wconf 88' lang='lat' dir='ltr'>Cum</span> <span class='ocrx_word' id='word_1_670' title='bbox 1074 3332 1189 3356; x_wconf 89' lang='lat' dir='ltr'>essem</span> <span class='ocrx_word' id='word_1_671' title='bbox 1217 3326 1376 3366; x_wconf 83' lang='lat' dir='ltr'>astutus,</span> <span class='ocrx_word' id='word_1_672' title='bbox 1406 3320 1490 3357; x_wconf 79' lang='lat' dir='ltr'>dolo</span> 
     </span>
     <span class='ocr_line' id='line_1_105' title="bbox 435 3372 1490 3422; baseline 0.002 -14"><span class='ocrx_word' id='word_1_673' title='bbox 435 3383 502 3408; x_wconf 74' lang='lat' dir='ltr'>vos</span> <span class='ocrx_word' id='word_1_674' title='bbox 529 3372 618 3420; x_wconf 80' lang='lat' dir='ltr'>cepi.</span> <span class='ocrx_word' id='word_1_675' title='bbox 649 3373 749 3420; x_wconf 91' lang='lat' dir='ltr'>Ergo</span> <span class='ocrx_word' id='word_1_676' title='bbox 780 3373 890 3409; x_wconf 89' lang='lat' dir='ltr'>dolus</span> <span class='ocrx_word' id='word_1_677' title='bbox 919 3384 996 3408; x_wconf 91' lang='lat' dir='ltr'>non</span> <span class='ocrx_word' id='word_1_678' title='bbox 1027 3380 1080 3408; x_wconf 89' lang='lat' dir='ltr'>est</span> <span class='ocrx_word' id='word_1_679' title='bbox 1109 3385 1260 3421; x_wconf 92' lang='lat' dir='ltr'>semper</span> <span class='ocrx_word' id='word_1_680' title='bbox 1278 3382 1490 3422; x_wconf 89' lang='lat' dir='ltr'>peccatum.</span> 
     </span>
    </p>

    <p class='ocr_par' dir='ltr' id='par_1_37' title="bbox 491 3424 1493 3475">
     <span class='ocr_line' id='line_1_106' title="bbox 491 3424 1493 3475; baseline 0.003 -15"><span class='ocrx_word' id='word_1_681' title='bbox 491 3436 525 3460; x_wconf 92' lang='lat'>2.</span> <span class='ocrx_word' id='word_1_682' title='bbox 553 3425 783 3472; x_wconf 77' lang='lat' dir='ltr'>PRAETEREA,</span> <span class='ocrx_word' id='word_1_683' title='bbox 815 3425 924 3461; x_wconf 93' lang='lat' dir='ltr'>dolus</span> <span class='ocrx_word' id='word_1_684' title='bbox 953 3424 1115 3461; x_wconf 88' lang='lat' dir='ltr'>maxime</span> <span class='ocrx_word' id='word_1_685' title='bbox 1145 3426 1192 3462; x_wconf 87' lang='lat' dir='ltr'>ad</span> <span class='ocrx_word' id='word_1_686' title='bbox 1222 3426 1386 3474; x_wconf 89' lang='lat' dir='ltr'>linguam</span> <span class='ocrx_word' id='word_1_687' title='bbox 1410 3439 1493 3475; x_wconf 92' lang='lat' dir='ltr'>per-</span> 
     </span>
    </p>
   </div>
   <div class='ocr_carea' id='block_1_29' title="bbox 314 3477 1493 3529">
    <p class='ocr_par' dir='ltr' id='par_1_38' title="bbox 314 3477 1493 3529">
     <span class='ocr_line' id='line_1_107' title="bbox 314 3477 1493 3529; baseline 0.003 -17"><span class='ocrx_word' id='word_1_688' title='bbox 314 3494 340 3509; x_wconf 86' lang='lat' dir='ltr'>ve</span> <span class='ocrx_word' id='word_1_689' title='bbox 366 3494 408 3509; x_wconf 82' lang='lat' dir='ltr'>.u.</span> <span class='ocrx_word' id='word_1_690' title='bbox 437 3477 554 3514; x_wconf 90' lang='lat' dir='ltr'>tinere</span> <span class='ocrx_word' id='word_1_691' title='bbox 573 3477 741 3514; x_wconf 88' lang='lat' dir='ltr'>videtur:</span> <span class='ocrx_word' id='word_1_692' title='bbox 763 3478 974 3515; x_wconf 87' lang='lat' dir='ltr'>secundum</span> <span class='ocrx_word' id='word_1_693' title='bbox 995 3477 1083 3514; x_wconf 88' lang='lat' dir='ltr'>illud</span> <span class='ocrx_word' id='word_1_694' title='bbox 1104 3479 1244 3515; x_wconf 87' lang='lat' dir='ltr'>Psalm.</span> <span class='ocrx_word' id='word_1_695' title='bbox 1264 3479 1304 3515; x_wconf 75' lang='lat' dir='ltr'>*z</span> <span class='ocrx_word' id='word_1_696' title='bbox 1333 3479 1493 3529; x_wconf 83' lang='lat' dir='ltr'>Linguis</span> 
     </span>
    </p>
   </div>
   <div class='ocr_carea' id='block_1_30' title="bbox 1542 3108 2606 3529">
    <p class='ocr_par' dir='ltr' id='par_1_39' title="bbox 1542 3108 2604 3210">
     <span class='ocr_line' id='line_1_108' title="bbox 1543 3108 2604 3160; baseline 0.005 -15"><span class='ocrx_word' id='word_1_697' title='bbox 1543 3108 1680 3156; x_wconf 87' lang='lat' dir='ltr'>dentia,</span> <span class='ocrx_word' id='word_1_698' title='bbox 1702 3116 1758 3146; x_wconf 90' lang='lat' dir='ltr'>est</span> <span class='ocrx_word' id='word_1_699' title='bbox 1784 3108 1822 3146; x_wconf 92' lang='lat' dir='ltr'>in</span> <span class='ocrx_word' id='word_1_700' title='bbox 1850 3108 1933 3157; x_wconf 92' lang='lat' dir='ltr'>ipso</span> <span class='ocrx_word' id='word_1_701' title='bbox 1963 3117 2048 3146; x_wconf 91' lang='lat' dir='ltr'>actu</span> <span class='ocrx_word' id='word_1_702' title='bbox 2078 3110 2244 3148; x_wconf 89' lang='lat' dir='ltr'>rationis.</span> <span class='ocrx_word' id='word_1_703' title='bbox 2273 3111 2375 3160; x_wconf 92' lang='lat' dir='ltr'>Ergo</span> <span class='ocrx_word' id='word_1_704' title='bbox 2397 3111 2506 3149; x_wconf 90' lang='lat' dir='ltr'>dolus</span> <span class='ocrx_word' id='word_1_705' title='bbox 2523 3115 2604 3150; x_wconf 74' lang='lat' dir='ltr'>fion</span> 
     </span>
     <span class='ocr_line' id='line_1_109' title="bbox 1542 3161 1994 3210; baseline 0.002 -12"><span class='ocrx_word' id='word_1_706' title='bbox 1542 3162 1703 3210; x_wconf 88' lang='lat' dir='ltr'>pertinet</span> <span class='ocrx_word' id='word_1_707' title='bbox 1730 3161 1779 3199; x_wconf 91' lang='lat' dir='ltr'>ad</span> <span class='ocrx_word' id='word_1_708' title='bbox 1807 3161 1994 3199; x_wconf 85' lang='lat' dir='ltr'>astutiam.</span> 
     </span>
    </p>

    <p class='ocr_par' dir='ltr' id='par_1_40' title="bbox 1544 3214 2606 3422">
     <span class='ocr_line' id='line_1_110' title="bbox 1599 3214 2606 3263; baseline 0.004 -12"><span class='ocrx_word' id='word_1_709' title='bbox 1599 3216 1632 3252; x_wconf 85' lang='lat'>3.</span> <span class='ocrx_word' id='word_1_710' title='bbox 1649 3215 1881 3262; x_wconf 74' lang='lat' dir='ltr'>PRAETEREA,</span> <span class='ocrx_word' id='word_1_711' title='bbox 1896 3215 2007 3252; x_wconf 81' lang='lat' dir='ltr'>Prov.</span> <span class='ocrx_word' id='word_1_712' title='bbox 2028 3227 2076 3251; x_wconf 87' lang='lat' dir='ltr'>xn</span> <span class='ocrx_word' id='word_1_713' title='bbox 2090 3214 2111 3237; x_wconf 75' lang='lat'>&#39;¹‘</span> <span class='ocrx_word' id='word_1_714' title='bbox 2129 3215 2283 3253; x_wconf 87' lang='lat' dir='ltr'>dicitur:</span> <span class='ocrx_word' id='word_1_715' title='bbox 2303 3217 2423 3254; x_wconf 84' lang='lat' dir='ltr'>Dolus</span> <span class='ocrx_word' id='word_1_716' title='bbox 2441 3217 2478 3254; x_wconf 87' lang='lat' dir='ltr'>in</span> <span class='ocrx_word' id='word_1_717' title='bbox 2494 3218 2606 3263; x_wconf 73' lang='lat' dir='ltr'>corde</span> 
     </span>
     <span class='ocr_line' id='line_1_111' title="bbox 1544 3268 2603 3318; baseline 0.004 -14"><span class='ocrx_word' id='word_1_718' title='bbox 1544 3268 1787 3318; x_wconf 81' lang='lat' dir='ltr'>cogitantium</span> <span class='ocrx_word' id='word_1_719' title='bbox 1816 3268 1930 3305; x_wconf 89' lang='lat' dir='ltr'>mala.</span> <span class='ocrx_word' id='word_1_720' title='bbox 1961 3268 2037 3305; x_wconf 89' lang='lat' dir='ltr'>Sed</span> <span class='ocrx_word' id='word_1_721' title='bbox 2065 3280 2143 3305; x_wconf 90' lang='lat' dir='ltr'>non</span> <span class='ocrx_word' id='word_1_722' title='bbox 2171 3269 2296 3306; x_wconf 88' lang='lat' dir='ltr'>omnis</span> <span class='ocrx_word' id='word_1_723' title='bbox 2324 3270 2514 3308; x_wconf 87' lang='lat' dir='ltr'>malorum</span> <span class='ocrx_word' id='word_1_724' title='bbox 2541 3272 2603 3308; x_wconf 60' lang='lat' dir='ltr'>co*</span> 
     </span>
     <span class='ocr_line' id='line_1_112' title="bbox 1545 3321 2604 3370; baseline 0.003 -13"><span class='ocrx_word' id='word_1_725' title='bbox 1545 3321 1670 3368; x_wconf 91' lang='lat' dir='ltr'>gitatio</span> <span class='ocrx_word' id='word_1_726' title='bbox 1699 3321 1859 3369; x_wconf 90' lang='lat' dir='ltr'>pertinet</span> <span class='ocrx_word' id='word_1_727' title='bbox 1887 3321 1935 3358; x_wconf 90' lang='lat' dir='ltr'>ad</span> <span class='ocrx_word' id='word_1_728' title='bbox 1964 3321 2150 3358; x_wconf 89' lang='lat' dir='ltr'>astutiam.</span> <span class='ocrx_word' id='word_1_729' title='bbox 2181 3323 2282 3370; x_wconf 90' lang='lat' dir='ltr'>Ergo</span> <span class='ocrx_word' id='word_1_730' title='bbox 2313 3323 2423 3360; x_wconf 91' lang='lat' dir='ltr'>dolus</span> <span class='ocrx_word' id='word_1_731' title='bbox 2443 3335 2522 3360; x_wconf 91' lang='lat' dir='ltr'>non</span> <span class='ocrx_word' id='word_1_732' title='bbox 2549 3323 2604 3360; x_wconf 93' lang='lat' dir='ltr'>vi-</span> 
     </span>
     <span class='ocr_line' id='line_1_113' title="bbox 1547 3374 2161 3422; baseline 0 -12"><span class='ocrx_word' id='word_1_733' title='bbox 1547 3374 1653 3410; x_wconf 90' lang='lat' dir='ltr'>detur</span> <span class='ocrx_word' id='word_1_734' title='bbox 1682 3374 1728 3410; x_wconf 88' lang='lat' dir='ltr'>ad</span> <span class='ocrx_word' id='word_1_735' title='bbox 1758 3374 1933 3411; x_wconf 89' lang='lat' dir='ltr'>astutiam</span> <span class='ocrx_word' id='word_1_736' title='bbox 1961 3374 2161 3422; x_wconf 86' lang='lat' dir='ltr'>pertinere.</span> 
     </span>
    </p>

    <p class='ocr_par' dir='ltr' id='par_1_41' title="bbox 1547 3427 2606 3529">
     <span class='ocr_line' id='line_1_114' title="bbox 1600 3427 2602 3474; baseline 0.003 -12"><span class='ocrx_word' id='word_1_737' title='bbox 1600 3427 1673 3463; x_wconf 80' lang='lat' dir='ltr'>SED</span> <span class='ocrx_word' id='word_1_738' title='bbox 1703 3438 1847 3463; x_wconf 78' lang='lat' dir='ltr'>CONTRA</span> <span class='ocrx_word' id='word_1_739' title='bbox 1875 3438 1941 3464; x_wconf 85' lang='lat' dir='ltr'>EST</span> <span class='ocrx_word' id='word_1_740' title='bbox 1961 3428 2064 3474; x_wconf 89' lang='lat' dir='ltr'>quod</span> <span class='ocrx_word' id='word_1_741' title='bbox 2085 3427 2219 3464; x_wconf 89' lang='lat' dir='ltr'>astutia</span> <span class='ocrx_word' id='word_1_742' title='bbox 2238 3427 2286 3465; x_wconf 92' lang='lat' dir='ltr'>ad</span> <span class='ocrx_word' id='word_1_743' title='bbox 2306 3427 2602 3466; x_wconf 88' lang='lat' dir='ltr'>circumvenien-</span> 
     </span>
     <span class='ocr_line' id='line_1_115' title="bbox 1547 3479 2606 3529; baseline 0.002 -14"><span class='ocrx_word' id='word_1_744' title='bbox 1547 3479 1639 3516; x_wconf 93' lang='lat' dir='ltr'>dum</span> <span class='ocrx_word' id='word_1_745' title='bbox 1682 3479 1894 3516; x_wconf 85' lang='lat' dir='ltr'>ordinatur:</span> <span class='ocrx_word' id='word_1_746' title='bbox 1937 3480 2148 3517; x_wconf 90' lang='lat' dir='ltr'>secundum</span> <span class='ocrx_word' id='word_1_747' title='bbox 2189 3480 2279 3517; x_wconf 92' lang='lat' dir='ltr'>illud</span> <span class='ocrx_word' id='word_1_748' title='bbox 2325 3481 2519 3529; x_wconf 85' lang='lat' dir='ltr'>Apostoli,</span> <span class='ocrx_word' id='word_1_749' title='bbox 2547 3481 2606 3517; x_wconf 77' lang='lat' dir='ltr'>‘ad</span> 
     </span>
    </p>
   </div>
   <div class='ocr_carea' id='block_1_31' title="bbox 2625 1845 2755 1874">
    <p class='ocr_par' dir='ltr' id='par_1_42' title="bbox 2625 1845 2755 1874">
     <span class='ocr_line' id='line_1_116' title="bbox 2625 1845 2755 1874; baseline -0.015 -6"><span class='ocrx_word' id='word_1_750' title='bbox 2625 1847 2634 1857; x_wconf 79' lang='lat'>⁸</span> <span class='ocrx_word' id='word_1_751' title='bbox 2649 1845 2705 1874; x_wconf 73' lang='lat' dir='ltr'>Cap.</span> <span class='ocrx_word' id='word_1_752' title='bbox 2721 1851 2755 1868; x_wconf 82' lang='grc' dir='ltr'>ιιι.</span> 
     </span>
    </p>
   </div>
   <div class='ocr_carea' id='block_1_32' title="bbox 2625 2099 2836 2148">
    <p class='ocr_par' dir='ltr' id='par_1_43' title="bbox 2625 2099 2836 2148">
     <span class='ocr_line' id='line_1_117' title="bbox 2625 2099 2836 2148; baseline -0.009 0"><span class='ocrx_word' id='word_1_753' title='bbox 2625 2099 2700 2148; x_wconf 47' lang='lat' dir='ltr'>&#39;scii</span> <span class='ocrx_word' id='word_1_754' title='bbox 2710 2104 2816 2147; x_wconf 52' lang='lat' dir='ltr'>ineam?</span> <span class='ocrx_word' id='word_1_755' title='bbox 2825 2110 2836 2115; x_wconf 85' lang='grc'><em>“</em></span> 
     </span>
    </p>
   </div>
   <div class='ocr_carea' id='block_1_33' title="bbox 2630 3227 2774 3250">
    <p class='ocr_par' dir='ltr' id='par_1_44' title="bbox 2630 3227 2774 3250">
     <span class='ocr_line' id='line_1_118' title="bbox 2630 3227 2774 3250; baseline -0.007 -1"><span class='ocrx_word' id='word_1_756' title='bbox 2630 3229 2639 3239; x_wconf 82' lang='grc'><em>·</em></span> <span class='ocrx_word' id='word_1_757' title='bbox 2655 3227 2720 3250; x_wconf 73' lang='lat' dir='ltr'>Vers.</span> <span class='ocrx_word' id='word_1_758' title='bbox 2735 3233 2774 3249; x_wconf 61' lang='grc' dir='ltr'>ιο.</span> 
     </span>
    </p>
   </div>
  </div>
 </body>
</html>
