2892 4056
81 647 90 656 ·
104 645 131 667 ln
145 650 250 672 corpore.

82 1183 94 1194 ·
101 1181 155 1205 Vid-
162 1188 224 1221 reap-
233 1183 263 1205 ad
272 1189 293 1212 3.

91 3297 103 3308 ⁸
117 3296 250 3326 Metaphys.
263 3297 303 3319 lib.

93 3322 165 3372 {53:⁶22
178 3323 303 3377 1·‚*·1·.{·.³?v¹:

997 133 1263 179 QUAESTlO
1292 133 1431 180 XXIV,
1461 133 1757 170 ARTICULUS
1785 133 1821 170 V

2421 146 2490 181 179

319 217 402 248 tum
430 217 487 247 est
513 209 676 256 habitus,
697 223 743 247 ex
762 219 868 259 parte
897 211 1146 249 obiectorum.
1176 213 1226 248 Et
1244 212 1296 248 sic
1315 223 1379 248 au·
1405 213 1409 229 ¹
1433 211 1561 248 tinctio
1590 224 1668 248 non
1696 212 1811 249 habet
1831 213 1959 248 locum
1987 211 2025 248 in
2050 211 2268 260 proposito:
2300 211 2389 259 quia
2418 224 2495 248 non

319 270 427 311 getur
462 274 531 312 per
557 262 813 310 additionem,
842 263 1067 313 inquantum
1106 264 1239 313 aliquis
1271 265 1380 313 plura

320 315 525 364 cognoscit.
555 315 682 352 Habet
710 316 825 353 etiam
853 317 1124 366 quantitatem,
1153 317 1380 366 inquantum

320 376 376 406 est
394 368 586 416 quaedam
605 368 729 406 forma
758 369 1009 417 accidentalis,
1030 381 1075 406 ex
1096 381 1141 406 eo
1162 369 1267 419 quod
1285 370 1382 406 inest

320 421 504 458 subiecto.
542 421 591 457 Et
619 421 830 459 secundum
864 423 940 459 hoc
975 423 1207 469 augetur->in
1241 435 1288 459 eo
1317 422 1382 470 qui

321 474 456 511 certius
471 473 608 510 eadem
619 474 762 511 scibilia
777 474 972 522 cognoscit
981 486 1083 511 nunc
1098 487 1214 522 quam
1229 475 1345 524 prius.
1357 495 1381 502 -

320 526 498 564 Similiter
526 526 638 564 etiam
669 534 704 564 et
733 528 866 564 caritas
885 528 1000 564 habet
1027 527 1217 576 duplicem
1237 528 1381 576 quanti-

318 587 447 616 tatem.
470 579 547 616 Sed
566 580 779 617 secundum
796 591 881 616 eam
900 591 999 629 quae
1020 587 1075 616 est
1094 592 1139 617 ex
1159 588 1263 629 parte
1279 580 1381 617 obie-

320 632 380 679 cti,
408 645 487 669 non
515 641 686 680 augetur,
706 641 748 670 ut
775 632 916 669 dictum
947 640 1002 669 est
1019 631 1051 669 ⁹¹⁸.
1071 633 1183 670 Unde
1203 633 1381 682 relinqui-

319 693 379 722 tur
406 686 512 735 quod
539 698 608 734 per
635 686 759 723 solam
786 684 1041 722 intensionem
1069 694 1262 733 augeatur.

373 740 432 775 An
452 750 642 776 SECUNDUM
660 749 845 775 mesanum
865 739 968 786 quod
996 738 1137 775 additio
1162 738 1314 775 luminis
1333 739 1383 776 ad

320 791 450 828 lumen
468 799 594 841 potest
611 790 765 838 intelligi
783 790 821 827 in
845 788 858 811 ⁸
883 802 969 826 aere
1002 798 1159 839 propter
1187 791 1383 828 diversita-

321 851 399 882 tem
421 844 666 882 luminarium
686 842 921 880 causantium
941 843 1084 880 lumen.
1111 844 1188 881 Sed
1208 843 1290 880 talis
1309 844 1382 880 dis-

375 957 399 991 ⁰)
418 959 455 984 in.
474 971 489 977 —
507 958 547 983 tic
565 957 636 989 quod
655 957 805 983 intenditur
821 957 848 982 in
867 957 915 982 Pa.

376 995 394 1026 ι)
409 993 497 1027 insuit.
514 1006 534 1013 -
545 993 604 1026 suit
620 992 756 1025 BDFpKR,
769 993 859 1027 suerit
877 993 907 1017 E.

1435 272 1490 301 est
1518 264 1589 300 nisi
1617 277 1736 301 unum
1765 264 1951 301 luminare
1970 264 2134 301 influens
2162 265 2293 300 lumen
2323 263 2494 300 caritatis.

1486 318 1546 353 AD
1574 328 1733 354 Tam-mm
1754 329 1937 355 mcENDUM
1958 317 2062 365 quod
2090 316 2227 353 infusio
2249 315 2407 353 caritatis
2427 316 2497 352 im-

1433 377 1559 418 portat
1596 370 1791 417 quandam
1819 370 2070 407 mutationem
2106 369 2318 406 secundum
2356 369 2497 405 habere

1435 422 1626 459 caritatem
1647 431 1683 458 et
1702 435 1780 459 non
1798 423 1957 460 habere:
1980 430 2015 459 et
2033 423 2120 459 ideo
2141 429 2292 471 oportet
2307 422 2412 469 quod
2433 421 2498 457 ali-

1435 475 1526 524 quid
1542 475 1719 512 adveniat
1739 477 1842 524 quod
1857 476 1961 524 prius
1977 484 2054 512 non
2071 475 2205 512 infuit‘.
2223 476 2299 512 Sed
2315 486 2496 522 augmen-

1434 528 1524 564 tatio
1546 527 1706 564 caritatis
1727 528 1906 577 importat
1925 528 2177 565 mutationem
2197 528 2409 565 secundum
2430 526 2498 563 rni-

1434 593 1506 617 nus
1526 588 1590 618 aut
1610 581 1730 629 magis
1745 587 1761 602 ²
1780 582 1931 618 habere.
1954 582 2003 618 Et
2022 581 2109 618 ideo
2130 593 2208 618 non
2223 588 2373 629 oportet
2393 579 2496 628 quod

1435 633 1574 682 aliquid
1604 633 1690 670 insit
1708 635 1814 681 quod
1842 634 1946 683 prius
1974 646 2052 671 non
2081 633 2232 671 infuerit
2250 631 2280 670 λε
2301 633 2369 670 sed
2393 632 2497 681 quod

1435 686 1555 734 magis
1582 686 1668 723 insit
1696 688 1801 735 quod
1828 687 1932 735 prius
1960 687 2084 723 minus
2112 687 2242 723 inerat.
2273 687 2323 723 Et
2349 687 2424 723 hoc
2445 693 2500 722 est

1435 739 1540 788 quod
1569 739 1656 775 facit
1674 740 1780 776 Deus
1800 740 1992 776 caritatem
2014 740 2207 787 augendo:
2237 739 2375 775 scilicet
2394 739 2499 787 quod

1435 791 1554 839 magis
1582 791 1679 838 insit,
1701 800 1736 828 et
1755 793 1860 840 quod
1887 792 2089 841 perfectius
2110 792 2316 829 similitudo
2342 791 2501 840 Spiritus

1438 844 1567 881 Sancti
1595 844 1840 892 participetur
1867 845 1906 881 in
1935 845 2076 882 anima.

1492 957 1516 989 κ)
1537 957 1624 982 minus
1641 961 1690 982 aut
1709 958 1803 990 magis.
1822 971 1840 976 -
1859 957 1946 982 minus
1970 965 2002 982 ac
2021 958 2107 990 magis
2126 957 2156 988 D,
2177 959 2240 988 (non
2267 958 2396 989 importat
2415 959 2502 982 muta-

1437 992 1536 1017 tionem
1554 993 1613 1023 sed)
1632 993 1718 1025 magis
1737 996 1763 1017 et
1782 993 1870 1017 minus
1889 994 1919 1021 Κ,
1940 993 2026 1025 magis
2045 996 2071 1017 et
2089 992 2177 1017 minus
2195 993 2240 1017 Pa.

1489 1026 1517 1060 λ)
1538 1027 1658 1060 insuerit.
1675 1041 1694 1046 -
1705 1028 1795 1061 suerit
1813 1028 1911 1059 DIKpn,
1930 1028 2011 1060 insuit
2029 1035 2069 1052 sa.

967 1106 970 1109 ’
996 1105 1329 1139 Commentafia
1352 1104 1602 1139 Oardinalis
1625 1104 1827 1137 Caietam

350 1185 372 1206 n
395 1175 532 1206 articulis
555 1182 670 1216 quarto
689 1175 707 1194 *
729 1182 760 1206 et
773 1176 888 1216 quinto
908 1175 1051 1206 eiusdem
1078 1176 1382 1217 vigesimaequartae

322 1188 558 1262 lquaestioni8‚
582 1219 615 1249 in
638 1220 769 1250 materia
791 1221 830 1250 de
853 1219 1031 1250 intensione
1056 1226 1086 1250 et
1107 1220 1294 1250 remissione
1321 1220 1384 1250 for—

321 1273 464 1302 marum,
489 1263 716 1304 qmaemateda
737 1264 829 1294 valde
859 1264 1008 1304 ambigua
1036 1264 1116 1294 inter
1138 1271 1187 1295 tot
1215 1264 1383 1304 opiniones

321 1308 464 1344 hibetur,
489 1314 520 1338 et
542 1317 632 1338 mens
651 1308 800 1338 Auctoris
821 1308 961 1338 diversae
983 1308 1234 1348 interpretationi
1256 1309 1383 1339 subesse

321 1353 461 1388 videtum
488 1352 607 1392 absque
630 1352 735 1382 multo
759 1362 920 1388 sermone,
944 1362 984 1382 ne
1008 1352 1136 1382 moralis
1160 1352 1384 1391 philosophiae

321 1396 475 1428 terminos
499 1395 637 1427 totaliter
659 1396 756 1426 exisse
778 1396 902 1431 videar,
931 1396 1068 1426 modum
1091 1405 1158 1435 quo
1185 1395 1221 1426 fit
1246 1396 1384 1426 intensio

322 1448 354 1472 et
375 1439 520 1471 remissio
543 1440 576 1470 in
593 1439 704 1469 formis
726 1446 903 1479 tangemus.
931 1439 1075 1470 Dicimus
1098 1439 1193 1479 igitur
1207 1440 1296 1480 quod
1316 1440 1385 1479 opi-

322 1485 436 1516 niones
458 1484 598 1514 diversae
620 1490 709 1514 sunt:
733 1490 901 1523 propterea
922 1484 1011 1524 quod
1034 1483 1166 1524 quidam
1189 1490 1303 1524 putant
1322 1483 1385 1513 for-

320 1537 411 1560 mam
425 1528 539 1558 habere
561 1527 761 1558 latitudinem
784 1527 1002 1567 perfectionis;
1028 1527 1159 1568 quidam
1174 1537 1250 1558 vero
1272 1534 1386 1568 putant

321 1572 461 1604 formam
490 1581 557 1602 non
579 1571 693 1601 habere
721 1571 922 1602 latitudinem
949 1571 1162 1611 perfectionis.
1201 1572 1242 1602 Et
1268 1572 1386 1603 horum

322 1617 455 1659 quidam
471 1615 580 1646 dicunt
595 1614 733 1646 formam
746 1615 779 1645 in
794 1615 975 1646 indivisibili
995 1616 1181 1652 consistere;
1206 1616 1261 1646 sed
1283 1616 1385 1647 inesse

322 1661 434 1703 ipsius,
453 1670 520 1701 quo
543 1659 684 1690 subiecto
709 1659 799 1696 inest,
815 1659 1016 1690 latitudinem
1038 1659 1240 1700 perfectionis
1257 1660 1385 1697 habere3

323 1713 354 1737 et
376 1705 554 1736 secundum
577 1704 638 1734 hoc
661 1704 779 1734 attendi
802 1704 1015 1735 intensionem
1031 1711 1062 1735 et
1077 1704 1298 1735 remissionem
1321 1704 1386 1735 for—

323 1757 464 1785 marum;
481 1748 524 1779 ita
538 1749 628 1788 quod
644 1748 757 1778 albedo
775 1758 941 1789 nunquam
963 1756 1010 1779 est
1025 1748 1188 1785 intensior,
1206 1749 1260 1779 sed
1277 1749 1387 1779 album

324 1800 371 1824 est
393 1793 558 1828 intensius,
582 1792 709 1832 proprie
733 1793 908 1833 loquendo.

378 1836 589 1878 Opinantium
619 1843 727 1867 autem
750 1836 887 1866 formam
916 1837 1031 1867 habere
1054 1836 1256 1876 perfectionis
1283 1837 1388 1867 latitu-

325 1882 443 1918 dinem,
467 1881 520 1911 alii
544 1887 657 1920 putant
671 1881 704 1910 in
720 1881 773 1911 illa
789 1881 954 1912 latitudine
971 1881 1037 1911 dari
1057 1888 1160 1920 partes
1181 1881 1386 1912 successivas:

323 1926 368 1957 ita
390 1926 479 1966 quod
509 1925 623 1955 albedo
647 1935 728 1965 quae
756 1924 929 1956 intenditur
952 1924 1101 1955 dividitur
1123 1925 1155 1955 in
1186 1932 1287 1966 partes
1319 1936 1387 1956 suc-

325 1970 469 2006 cessivas,
482 1969 563 2000 sicut
577 1975 686 1999 motus
698 1969 895 2006 intensionis,
907 1977 938 2001 et
953 1969 984 1999 in
1000 1969 1136 1999 termino
1153 1976 1259 2000 manet
1276 1970 1388 2000 albedo

324 2014 497 2045 terminans
520 2020 624 2053 partes
646 2013 878 2052 praecedentes,

380 2057 444 2088 Alii
467 2064 574 2088 autem
597 2063 711 2097 putant
730 2057 764 2087 in
784 2057 837 2087 illa
860 2056 1026 2087 latitudine
1049 2057 1115 2086 dari
1138 2064 1242 2097 partes
1265 2068 1388 2098 perma-

324 2108 435 2133 nentes
465 2108 496 2131 et
519 2100 679 2131 distinctas
709 2101 791 2131 inter
821 2110 873 2131 se:
897 2101 940 2131 ita
963 2101 1068 2141 quod,
1092 2101 1278 2132 adveniente
1307 2111 1388 2138 una,

322 2151 392 2177 'non
414 2145 532 2177 recedit
554 2145 624 2176 alia.

379 2190 444 2220 Alii
458 2196 566 2220 autem
581 2196 695 2229 putant
709 2189 742 2219 in
761 2189 816 2219 illa
837 2189 1003 2221 latitudine
1020 2188 1086 2219 dari
1102 2189 1193 2229 quasi
1213 2196 1316 2229 partes
1332 2200 1387 2220 seu

324 2234 442 2275 gradus
465 2240 701 2274 permanentes,
726 2234 780 2263 sed
804 2243 869 2263 non
894 2233 927 2263 in
951 2239 1033 2270 actu,
1058 2233 1113 2263 sed
1137 2243 1240 2264 unum
1263 2241 1388 2264 tantum

325 2278 359 2309 in
383 2285 466 2314 actu,
490 2277 630 2317 reliquos
652 2277 686 2307 in
709 2277 862 2317 potentia.
885 2278 926 2308 Et
956 2277 1038 2308 inter
1060 2277 1120 2307 hos
1143 2284 1190 2308 est
1217 2277 1390 2308 differentia

326 2331 410 2364 quae
439 2320 573 2351 verbalis
603 2327 730 2351 tantum
756 2321 895 2358 videtur,
920 2322 998 2351 dum
1028 2321 1159 2362 quidam
1183 2329 1298 2361 putant
1327 2322 1389 2353 hoc

327 2366 496 2397 convenire
518 2364 640 2395 formae
664 2365 840 2395 secundum
864 2374 912 2401 se;
937 2365 1066 2405 quidam
1090 2371 1204 2404 putant
1229 2366 1291 2396 hoc
1313 2376 1388 2396 con-

325 2410 432 2441 venire
462 2409 585 2439 formae
611 2409 644 2439 in
667 2408 778 2439 ordine
801 2409 841 2438 ad
869 2409 1057 2439 subiectum.
1089 2409 1150 2439 Sed
1180 2409 1256 2449 quia
1285 2410 1389 2440 forma
1414 2431 1417 2440 .

324 2453 537 2489 accidentalis,
557 2463 639 2494 quae
663 2453 731 2483 sola
752 2453 925 2483 intenditur
948 2459 979 2483 et
1001 2453 1187 2489 remittitur,
1212 2454 1389 2484 secundum

325 2508 360 2530 se
383 2499 478 2529 habet
496 2497 642 2528 ordinem
666 2497 706 2527 ad
729 2497 917 2533 subiectum,
942 2504 978 2527 ut
993 2497 1024 2527 in
1047 2497 1150 2527 littera
1165 2497 1292 2534 dicitur;
1315 2497 1388 2528 ideo

325 2544 412 2575 idem
435 2542 549 2572 dicitur
571 2541 605 2571 in
628 2548 762 2582 utraque
798 2541 962 2581 opinione.
986 2541 1028 2571 Et
1054 2541 1209 2581 quoniam
1240 2541 1318 2572 haec
1342 2542 1389 2572 ul-

325 2586 402 2619 tima
432 2586 544 2626 opinio
573 2591 620 2616 est
642 2585 874 2622 rationabilior,
900 2592 930 2616 et
953 2595 1065 2616 omnes
1090 2584 1288 2616 difficultates
1311 2585 1390 2616 acci-

326 2632 436 2662 dentes
456 2631 488 2660 in
510 2639 542 2660 re
565 2630 687 2660 solvere
715 2629 805 2659 facile
827 2629 965 2666 videtur,
988 2629 1284 2670 Peripateticisquae
1314 2639 1389 2660 con-

323 2681 475 2706 sentanea
497 2673 630 2710 videtur,
646 2674 719 2704 ideo
736 2683 806 2704 eam
823 2673 979 2703 declarare
993 2674 1162 2703 volumus:
1186 2683 1284 2714 quam
1300 2673 1388 2704 indu-

324 2720 378 2751 bie
393 2725 516 2749 constat
539 2727 607 2748 esse
628 2718 727 2748 sancti
749 2717 906 2754 Thomae,
930 2718 963 2748 ni
986 2717 1089 2748 fallor.

381 2763 419 2794 11.
439 2762 525 2794 Scito
548 2762 643 2802 igitur
661 2762 694 2792 in
707 2761 816 2802 primis
835 2761 924 2802 quod
940 2762 1024 2802 quia,
1038 2768 1073 2792 ut
1095 2761 1251 2803 in-littera
1267 2761 1389 2798 dicitur,

326 2807 432 2838 forma
454 2807 631 2837 secundum
654 2816 747 2836 suam
770 2806 936 2836 essentiam
960 2806 1054 2836 habet
1076 2806 1166 2846 quod
1189 2805 1278 2842 insit,
1310 2806 1390 2836 clare

326 2851 462 2882 latitudo
478 2850 599 2880 formae
620 2851 798 2881 secundum
813 2860 880 2880 esse
897 2857 951 2880 aut
966 2850 1067 2880 inesse
1084 2857 1114 2880 et
1130 2859 1196 2880 non
1213 2850 1390 2880 secundum

326 2895 448 2926 formae
465 2894 642 2930 essentiam,
656 2894 833 2934 ignorantia
848 2894 995 2934 propriae
1009 2894 1096 2924 vocis
1116 2893 1238 2925 dicitur.
1260 2895 1393 2934 Propter

328 2939 418 2980 quod
441 2938 543 2978 prima
566 2938 678 2978 opinio
702 2938 887 2969 excluditur.

385 2982 542 3013 Iudicium
558 2992 690 3022 quoque
705 2983 744 3012 de
761 2982 864 3013 forma
879 2992 916 3012 ex
939 2988 1050 3013 natura
1073 2988 1181 3012 motus
1200 2991 1266 3022 quo
1290 2982 1391 3012 inten-

330 3026 378 3057 sio
393 3025 439 3062 fit,
454 3026 548 3057 fallax
565 3026 734 3057 invenitur.
763 3026 848 3064 Quia
864 3026 1029 3057 manifeste
1044 3033 1130 3066 patet
1145 3026 1255 3056 lumen
1271 3026 1391 3057 intendi

331 3077 362 3101 et
383 3070 500 3101 remitti
519 3071 638 3111 absque
661 3070 803 3110 partibus
822 3070 1021 3101 successivis:
1046 3077 1172 3110 oportet
1193 3077 1299 3101 autem
1322 3070 1392 3100 uni-

329 3113 484 3144 versalem
499 3113 676 3145 doctrinam
689 3113 788 3144 facere
805 3114 844 3144 de
859 3113 970 3144 formis
985 3124 1067 3155 quae
1082 3114 1299 3145 intenduntur.
1315 3114 1392 3144 Pro-

330 3164 401 3198 pter
423 3158 512 3198 quod
535 3158 672 3189 secunda
695 3167 825 3198 quoque
856 3158 966 3198 opinio
991 3157 1173 3189 excluditur.

386 3202 491 3233 Partes
508 3209 616 3232 autem
634 3209 689 3232 aut
707 3203 822 3242 gradus
841 3202 937 3232 simul
955 3208 1174 3242 permanentes
1190 3202 1223 3232 in
1239 3208 1310 3233 actu
1330 3202 1391 3232 dis-

329 3246 445 3277 tinctos
461 3246 494 3276 in
510 3256 574 3276 una
591 3253 621 3277 et
635 3246 745 3276 eadem
758 3246 860 3276 forma
880 3246 990 3276 audire
1004 3245 1099 3277 etiam
1116 3246 1271 3277 erubescit
1284 3246 1393 3277 schola

330 3290 548 3331 peripatetica,
573 3300 655 3330 quae
679 3290 787 3320 didicit
810 3300 827 3320 a
851 3299 910 3320 suo
929 3290 1134 3330 Praeceptore
1147 3290 1166 3309 *¹
1181 3299 1237 3330 per
1254 3297 1341 3321 actus
1363 3297 1393 3321 et

330 3334 492 3375 potentiae
512 3339 657 3365 natura'm
679 3334 840 3364 existentia
863 3334 896 3364 in
920 3334 1028 3375 aliquo
1056 3333 1256 3375 distinguere.
1292 3335 1333 3365 Et
1356 3345 1392 3365 ex

330 3379 394 3409 hoc
417 3379 507 3409 tertia
530 3379 641 3419 opinio
665 3378 828 3409 refutatur.

387 3422 554 3453 Consonat
583 3430 690 3453 autern
713 3422 818 3453 sensui
851 3429 881 3453 et
903 3421 1017 3452 rationi
1048 3429 1083 3453 ut
1108 3422 1211 3452 forma
1234 3432 1315 3463 quae
1345 3422 1391 3452 in-

1434 1176 1573 1207 tenditur
1605 1183 1636 1206 et
1663 1175 1832 1206 remittitur
1861 1175 2045 1215 gradualem
2075 1175 2276 1215 perfectionis
2303 1176 2503 1206 latitudinem

1435 1221 1558 1251 habeat.
1583 1220 1628 1250 Ita
1642 1220 1731 1260 quod
1755 1226 1786 1250 et
1810 1220 1895 1250 calor
1911 1226 1941 1250 et
1962 1229 2029 1250 esse
2053 1219 2166 1249 caloris
2190 1226 2221 1249 et
2236 1219 2338 1249 inesse
2361 1220 2503 1250 eiusdem

1435 1264 1635 1295 latitudinem
1666 1264 1852 1294 huiusmodi
1882 1264 1991 1294 habet:
2024 1270 2151 1293 etcum
2183 1264 2222 1293 de
2252 1263 2358 1293 minus
2389 1264 2503 1300 calido,

1435 1315 1514 1349 puta
1537 1315 1572 1338 ut
1596 1308 1678 1343 duo,
1703 1307 1738 1338 fit
1767 1308 1868 1348 magis
1899 1308 2055 1344 calidum,
2080 1315 2158 1347 puta
2188 1314 2224 1338 ut
2251 1314 2406 1348 quatuor,
2437 1318 2503 1338 non

1436 1352 1651 1392 corrumpitur
1670 1353 1860 1391 praecedens
1884 1352 1979 1388 calor,
2005 1352 2060 1382 sed
2083 1351 2227 1382 abiicitur
2243 1351 2350 1382 solum
2374 1351 2505 1382 actualis

1437 1396 1616 1426 terminatio
1648 1396 1758 1426 caloris
1789 1397 1828 1425 ad
1860 1396 1992 1436 gradum
2025 1403 2060 1426 ut
2090 1397 2172 1432 duo,
2198 1403 2228 1426 et
2261 1396 2444 1436 pervenitur
2465 1395 2505 1425 ad

1437 1440 1593 1470 actualem
1625 1439 1881 1470 terminationem
1913 1440 2026 1470 caloris
2057 1440 2097 1469 ad
2126 1440 2261 1478 gradum
2292 1446 2327 1470 ut
2354 1446 2503 1480 quatuor.

1437 1484 1488 1514 Sic
1505 1484 1589 1514 enirn
1609 1483 1745 1513 salvatur
1762 1490 1869 1514 motus
1890 1484 1928 1513 de
1945 1483 2101 1513 affirmato
2123 1483 2154 1513 in
2172 1483 2365 1513 affirmatum
2385 1484 2504 1523 absque

1437 1528 1559 1558 formae
1582 1527 1797 1567 corruptione.
1837 1527 1924 1557 Sicut
1947 1527 1980 1556 in
2003 1536 2078 1557 vero
2110 1534 2202 1557 motu
2226 1527 2405 1566 augmenti,
2431 1537 2504 1557 cum

1437 1572 1581 1603 Socrates
1604 1572 1643 1602 de
1666 1571 1810 1611 tripedali
1833 1570 1869 1601 fit
1891 1571 2139 1612 quadripedalis,
2164 1581 2230 1601 non
2255 1571 2399 1601 abiicitur
2418 1581 2506 1610 prae-

1438 1617 1551 1647 cedens
1567 1612 1736 1656 quantitas,
1762 1616 1816 1645 sed
1840 1616 1947 1646 solum
1971 1615 2100 1646 actualis
2124 1615 2304 1646 terminatio
2322 1615 2506 1656 quantitatis

1438 1661 1477 1691 ad
1501 1660 1686 1700 tripedalem
1715 1669 1913 1696 mensuram;
1939 1666 1969 1690 et
1992 1659 2175 1699 pervenitur
2198 1660 2237 1689 ad
2261 1659 2417 1690 actualem
2445 1666 2506 1689 ter-

1439 1704 1647 1735 minationem
1675 1703 1907 1744 quadripedalis
1938 1713 2104 1733 mensurae
2135 1703 2275 1734 eiusdem
2305 1703 2505 1744 quantitatis;

1439 1756 1470 1780 et
1484 1755 1652 1789 propterea
1668 1758 1734 1778 non
1752 1755 1894 1779 remanet
1908 1747 2068 1788 tripedalis
2085 1748 2117 1777 in
2134 1754 2216 1783 actu,
2234 1748 2287 1777 sed
2305 1748 2336 1777 in
2354 1747 2505 1787 potentia.

1439 1794 1480 1823 Et
1502 1792 1645 1823 similiter
1668 1802 1734 1822 non
1757 1799 1921 1822 remanent
1945 1792 2167 1832 praecedentes
2197 1792 2313 1831 gradus
2337 1791 2448 1822 caloris
2473 1791 2505 1821 in

1439 1844 1528 1873 actu,
1549 1837 1604 1866 sed
1626 1836 1659 1866 in
1683 1836 1834 1876 potentia.
1871 1837 1963 1867 Unde
1987 1836 2263 1876 quemadmodum
2286 1836 2318 1865 in
2343 1842 2434 1866 motu
2460 1835 2506 1865 di-

1440 1880 1638 1916 minutionis,
1663 1890 1737 1911 cum
1761 1881 1904 1911 Socrates
1928 1881 1966 1910 de
1982 1879 2199 1920 quadripedali
2223 1879 2259 1910 fit
2278 1879 2450 1920 tripedalis,
2471 1878 2507 1909 fit

1440 1925 1599 1966 quantitas
1621 1925 1653 1954 in
1678 1931 1749 1954 actu
1774 1924 1934 1965 tripedali;
1957 1924 2000 1954 ita
2023 1924 2055 1954 in
2080 1930 2171 1954 motu
2197 1924 2406 1960 remissionis,
2432 1933 2506 1954 cum

1439 1970 1478 2000 de
1502 1969 1605 2000 calido
1621 1975 1657 1999 ut
1680 1975 1819 2009 quatuor
1839 1968 1874 1999 fit
1898 1968 2035 2008 calidum
2060 1975 2095 1998 ut
2118 1968 2186 2004 tria,
2210 1967 2245 1998 fit
2269 1969 2354 1998 calor
2374 1967 2406 1998 in
2432 1975 2505 1998 actu

1440 2013 1522 2044 tertii
1544 2013 1668 2053 gradus¹
1708 2013 1774 2043 Nec
1798 2013 1890 2043 refert
1921 2019 2029 2043 utrum
2059 2012 2121 2042 hoc
2145 2012 2199 2043 fiat
2229 2022 2284 2052 per
2307 2019 2445 2048 motum,
2471 2019 2506 2042 ut

1441 2068 1516 2088 cum
1544 2057 1664 2098 aliquid
1695 2057 1794 2096 magis
1818 2056 1933 2092 calefit;
1962 2057 2012 2086 vel
2036 2066 2091 2096 per
2114 2056 2343 2092 mutationem,
2369 2063 2404 2086 ut
2431 2066 2505 2086 curn

1440 2102 1559 2143 aliquid
1576 2101 1676 2140 magis
1695 2101 1909 2131 illuminatur:
1934 2100 2104 2141 utrobique
2124 2101 2209 2131 enim
2230 2107 2276 2131 est
2295 2101 2405 2131 eadem
2426 2100 2505 2131 ratio

1440 2157 1472 2176 in
1496 2153 1682 2176 lntrtnsecls.

1494 2190 1545 2221 111.
1570 2190 1617 2219 Ex
1641 2189 1702 2219 hoc
1726 2195 1834 2219 autem
1857 2195 1943 2228 patet
1966 2195 1996 2219 et
2019 2189 2136 2219 solutio
2160 2188 2287 2219 alterius
2303 2187 2506 2223 difficultatis,

1441 2245 1481 2264 an
1497 2234 1530 2264 in
1545 2233 1732 2264 huiusmodi
1748 2233 1926 2263 intensione
1942 2233 2130 2263 interveniat
2146 2233 2319 2272 corruptio.
2336 2233 2403 2263 Iam
2421 2232 2507 2263 enim

1441 2285 1527 2319 patet
1549 2278 1637 2319 quod
1652 2278 1719 2308 sola
1739 2277 1918 2308 terminatio
1936 2277 2066 2307 actualis
2090 2277 2267 2307 secundum
2283 2277 2423 2318 aliquem
2439 2286 2507 2316 gra-

1441 2323 1520 2353 dum
1550 2321 1780 2362 corrumpitur,
1806 2331 1871 2351 non
1902 2321 2017 2361 gradus
2041 2321 2125 2361 ipse:
2158 2321 2239 2351 sicut
2269 2321 2301 2351 in
2332 2320 2507 2361 quantitate

1441 2366 1536 2397 molis
1560 2366 1753 2396 declaratum
1778 2365 1996 2405 exemplariter
2019 2373 2074 2396 est.

1496 2411 1543 2440 Ex
1559 2410 1621 2440 hoc
1636 2410 1731 2440 etiam
1746 2417 1831 2449 patet
1846 2410 1936 2450 quod
1952 2419 2018 2439 non
2037 2409 2072 2440 fit
2086 2409 2225 2452 iptensio
2241 2419 2297 2448 per
2312 2409 2508 2440 additionem

1441 2454 1556 2493 gradus
1580 2454 1619 2483 ad
1642 2454 1786 2493 gradum,
1800 2453 1929 2493 proprie
1945 2454 2121 2494 loquendo,
2136 2460 2172 2484 ut
2195 2453 2340 2483 diffusius
2364 2453 2396 2482 in
2421 2463 2508 2483 com—

1441 2497 1603 2527 mentariis
1617 2497 1635 2516 *
1653 2507 1748 2537 super
1764 2504 1820 2527 art.
1839 2507 1857 2527 2
1877 2507 1932 2537 qu.
1949 2507 2002 2533 Lu,
2016 2497 2050 2527 in
2066 2497 2264 2537 praecedenti
2281 2497 2388 2533 Libro,
2407 2497 2508 2526 mani-

1442 2541 1642 2572 festavimus:
1667 2541 1721 2570 sed
1738 2550 1793 2580 per
1809 2541 2011 2571 eductionem
2026 2541 2182 2571 maiorem
2199 2541 2321 2571 formae
2340 2541 2378 2571 de
2395 2547 2509 2580 poten-

1441 2585 1484 2615 tia
1507 2584 1654 2620 subiecti;
1679 2585 1728 2614 vel
1744 2584 1862 2625 aliquid
1886 2585 2128 2625 proportionale
2143 2585 2176 2614 in
2197 2584 2308 2614 formis
2332 2584 2444 2614 infusis
2469 2585 2507 2615 ab

1443 2635 1535 2664 extra,
1561 2635 1596 2659 ut
1618 2628 1727 2659 caritas
1748 2635 1804 2659 est.
1840 2629 1881 2659 Et
1903 2635 2071 2668 propterea
2100 2629 2132 2658 in
2156 2629 2258 2659 littera
2283 2629 2396 2659 dicitur
2420 2629 2508 2669 quod

1434 2673 1582 2714 formam
1606 2682 1674 2703 esse
1688 2674 1842 2702 maiorem
1860 2677 1907 2703 est
1930 2674 2031 2713 ipsam
2055 2674 2162 2713 magis
2177 2674 2281 2703 inesse
2303 2673 2505 2712 susceptibili.

1442 2718 1516 2747 Non
1534 2717 1618 2747 enim
1635 2724 1727 2756 negat
1742 2719 1864 2747 Auctor
1878 2716 2079 2747 latitudinem
2094 2717 2127 2747 in
2147 2717 2281 2747 essentia
2295 2716 2432 2746 formae:
2453 2717 2507 2746 sed

1443 2768 1536 2801 negat
1551 2761 1646 2791 aliam
1662 2771 1728 2791 esse
1750 2760 1951 2791 latitudinem
1967 2761 2000 2791 in
2017 2771 2084 2791 esse
2104 2761 2204 2801 ipsius
2221 2761 2342 2791 formae
2363 2767 2507 2801 respectu

1441 2805 1587 2841 subiecti,
1612 2811 1643 2835 et
1658 2805 1753 2834 aliam
1767 2804 1969 2835 latitudinem
1985 2812 2040 2835 aut
2055 2805 2339 2836 indivisibilitatem
2355 2805 2508 2836 essentiae

1444 2849 1565 2880 formae
1588 2849 1765 2879 secundum
1788 2857 1835 2885 se;
1860 2849 1934 2890 quia
1957 2849 2026 2880 vult
2049 2850 2182 2880 eandem
2206 2859 2273 2879 esse
2296 2848 2453 2879 rationem
2469 2849 2507 2878 de

1443 2893 1577 2924 essentia
1601 2893 1722 2923 formae
1746 2900 1776 2923 et
1795 2893 1833 2923 de
1853 2903 1919 2923 esse
1943 2900 1974 2924 et
1996 2893 2115 2930 inesse,
2139 2893 2214 2934 quia
2238 2893 2306 2933 ipsa
2335 2900 2382 2923 est
2405 2902 2508 2923 essen-

1443 2937 1557 2968 tialiter
1572 2947 1620 2967 res
1636 2937 1687 2967 cui
1703 2937 1851 2967 convenit
1872 2947 1938 2967 esse
1954 2937 1986 2967 in
2003 2937 2155 2968 subiecto.
2180 2938 2220 2968 Et
2238 2937 2307 2968 vult
2322 2937 2508 2967 huiusmodi

1443 2982 1641 3013 latitudinem
1667 2991 1732 3011 non
1755 2981 1923 3012 convenire
1946 2981 2068 3012 formae
2092 2982 2270 3012 secundum
2294 2991 2345 3018 se,
2369 2981 2450 3011 idest
2473 2988 2509 3011 ut

1444 3026 1647 3065 distinguitur
1663 3032 1772 3056 contra
1792 3026 1928 3065 seipsam
1951 3035 2011 3066 pro
2026 3033 2147 3066 quanto
2171 3026 2297 3066 respicit
2319 3026 2507 3061 subiectum,

1444 3070 1525 3100 sicut
1541 3069 1688 3100 convenit
1702 3069 1836 3100 latitudo
1853 3070 2010 3100 extensiva
2022 3069 2190 3111 quantitati
2207 3069 2311 3106 molis,
2329 3077 2359 3100 et
2373 3069 2508 3099 latitudo

1444 3114 1600 3145 obiectiva
1613 3113 1780 3154 quantitati
1796 3113 1922 3144 habitus
1938 3114 2115 3145 scientifici:
2133 3115 2186 3144 sed
2204 3113 2372 3144 convenire
2387 3113 2508 3143 formae

1445 3165 1482 3189 ut
1504 3158 1708 3189 essentialiter
1736 3157 1862 3198 respicit
1884 3158 2073 3189 subiectum.
2104 3158 2151 3188 Ex
2174 3158 2232 3188 hac
2256 3167 2394 3198 namque
2421 3164 2507 3197 parte

1446 3202 1574 3233 cuilibet
1584 3202 1705 3232 formae
1717 3202 1785 3232 vult
1797 3204 1918 3233 Auctor
1929 3202 2096 3233 convenire
2116 3202 2270 3232 maiorem
2282 3201 2508 3242 perfectionem

1445 3246 1608 3277 intensive.
1626 3246 1667 3276 Et
1678 3253 1845 3286 propterea
1860 3246 1893 3276 in
1907 3247 1989 3277 calce
2002 3246 2143 3287 corporis
2160 3246 2281 3276 articuli
2293 3245 2407 3276 dicitur
2419 3245 2507 3285 quod

1445 3290 1581 3321 intensio
1610 3300 1675 3320 non
1704 3289 1739 3320 fit
1766 3300 1822 3329 per
1845 3291 2016 3321 adventum
2047 3300 2148 3321 novae
2172 3290 2310 3320 formae:
2340 3289 2400 3319 hoc
2423 3290 2506 3319 enim

1446 3340 1527 3366 esset
1541 3335 1570 3365 si
1580 3334 1695 3375 forma
1719 3334 1848 3365 haberet
1863 3335 2003 3375 aliquam
2020 3335 2229 3376 quantitatem
2247 3343 2289 3364 ex
2310 3334 2425 3373 seipsa,
2444 3342 2506 3363 non

1440 3389 1503 3419 per
1526 3379 1795 3418 comparationem
1819 3379 1862 3409 ad
1883 3379 2067 3410 subiectum.
2093 3378 2190 3416 Quod
2214 3378 2239 3407 si
2263 3377 2367 3407 adhuc
2391 3377 2429 3406 de
2448 3377 2507 3407 hac

1446 3429 1552 3453 mente
1565 3422 1712 3453 Auctoris
1723 3422 1856 3459 dubitas,
1873 3423 1941 3463 lege
1955 3423 2085 3453 inferius
2101 3422 2133 3452 in
2148 3421 2254 3452 Tertia
2270 3422 2370 3457 Parte,
2387 3431 2441 3461 qu.
2454 3431 2506 3456 vn,

2535 2509 2544 2517 ⁸
2559 2508 2630 2529 Num.
2647 2514 2673 2529 111
2693 2514 2744 2535 sqq.
