2892 4056
167 280 176 289 ·
191 278 258 300 Vers.
274 277 309 299 26.

164 3476 285 3524 ἑΓΕἰ-ΙΙΩ-

192 3509 239 3532 ι.;5
248 3481 375 3530 xxm¹f1¹¹¹11
403 3502 467 3526 tem
491 3496 651 3526 bonorum
675 3504 756 3537 quae
780 3496 847 3526 vult
870 3494 989 3526 dilectis
1003 3495 1030 3527 *.

407 193 482 229 216
1071 190 1338 236 QUAESTIO
1366 191 1508 237 XXVI,
1540 189 1835 227 ARTICULUS
1863 191 1932 227 Vll

407 270 490 318 dae,
520 269 732 306 secundum
763 269 853 306 illud
883 270 974 304 Luc.
995 279 1055 303 X1v
1074 267 1111 303 *ε
1141 267 1183 303 Si
1200 267 1281 315 quis
1298 268 1401 304 venit
1417 269 1468 304 ad
1517 268 1600 304 illos
1619 267 1684 315 qui
1705 274 1791 304 sunt
1810 267 1880 304 sibi
1904 268 2199 317 propinquiores
2223 270 2418 310 intensiori
2444 273 2583 311 affectu

406 335 466 359 me
493 328 529 359 et
555 334 628 359 non
649 323 726 359 odit
746 327 895 370 patrem
915 326 951 357 et
973 325 1144 365 matrem,
1171 327 1260 357 etc.:
1289 321 1465 357 homines
1521 321 1638 368 diligit
1664 321 1784 356 homo
1813 321 1862 357 ad
1891 320 1982 357 illud
2011 321 2159 358 bonum
2186 323 2236 360 ad
2257 325 2362 372 quod
2381 338 2448 363 eos
2467 331 2482 354 Υ
2503 327 2584 364 dili—

406 383 534 412 autem
555 375 646 412 boni
674 375 776 411 nulla
805 374 947 410 ratione
977 380 1063 409 sunt
1091 372 1259 409 odiendi.
1289 374 1392 421 Ergo
1411 373 1467 409 vi·
1520 373 1581 421 git,
1613 384 1732 420 quarn
1760 373 1938 410 meliores
1966 373 2015 410 ad
2044 373 2168 411 maius
2197 375 2356 414 bonum.

407 428 516 465 detur
545 428 648 477 quod
684 427 861 463 meliores
899 426 971 462 sint
1000 425 1119 473 magis
1157 426 1312 463 amandi
1349 438 1465 475 quarn
1575 427 1643 462 Est
1680 425 1794 462 etiam
1831 426 1883 463 ibi
1913 434 1949 463 et
1981 426 2053 463 alia
2091 426 2303 466 differentia
2334 432 2582 470 attendenda.

407 481 698 518 coniunctiores.
1523 479 1624 515 Nam
1646 478 1759 527 aliqui
1778 479 1941 539 proximi
1969 487 2056 516 sunt
2083 481 2289 530 propinqui
2317 483 2430 520 nobis
2450 496 2586 522 secun—

460 545 494 570 2.
525 535 758 578 PRAETEREA,
775 531 1021 568 secundum0‘
1041 530 1234 567 caritatem
1250 531 1370 568 homo
1386 543 1466 568 ma—
1522 532 1615 568 dum
1644 533 1856 569 naturalem
1886 533 2093 581 originem,
2123 544 2146 569 a
2174 544 2251 581 qua
2278 535 2475 574 discedere
2506 549 2586 575 non

404 586 506 622 xime
535 586 794 622 conformatur
820 585 918 620 Deo.
958 583 1035 620 Sed
1064 584 1170 620 Deus
1203 583 1319 631 diligit
1347 584 1467 632 magis
1521 592 1702 633 possunt:
1731 585 1820 633 quia
1839 586 2053 623 secundum
2074 597 2160 623 eam
2180 593 2268 623 sunt
2292 587 2332 624 id
2360 591 2466 638 quod
2486 597 2584 628 sunt.

405 638 615 674 meliorem.
645 638 746 684 Ergo
782 643 818 673 et
854 638 974 673 homo
1012 648 1081 684 per
1114 635 1309 673 caritatem
1347 637 1466 684 magis
1523 637 1600 674 Sed
1620 637 1770 675 bonitas
1796 638 1957 687 virtutis,
1988 639 2202 676 secundum
2231 648 2352 689 quarn
2376 642 2494 691 aliqui
2521 656 2586 694 ap-

405 691 518 727 debet
537 690 736 727 meliorem
752 689 904 737 diligere
925 701 1041 738 quam
1062 689 1133 725 sibi
1153 689 1465 727 coniunctiorem.
1520 690 1781 750 propinquant
1808 693 1914 739 Deo,
1949 699 2076 741 potest
2103 692 2286 729 accedere
2319 701 2356 730 et
2374 696 2585 744 recedere,

458 744 492 779 3.
522 744 758 790 Pmarnam,
789 743 1003 779 secundum
1032 753 1348 790 unamquamque
1374 743 1468 780 arni-
1521 744 1650 791 augeri
1684 751 1720 781 et
1755 745 1895 792 minui,
1929 753 1973 782 ut
2001 757 2045 782 ex
2083 745 2309 794 supradictis
2337 747 2358 769 Ψ
2373 754 2500 796 patet.
2537 751 2622 787 Et'

403 795 530 831 citiam
550 795 640 832 illud
661 803 717 832 est
734 795 855 843 magis
875 795 1086 832 amandum
1111 794 1215 843 quod
1241 795 1360 843 magis
1383 808 1467 845 per·
1519 797 1607 834 ideo
1635 809 1796 846 possum
1825 809 1871 835 ex
1899 799 2053 836 caritate
2079 799 2178 836 velle
2207 799 2315 846 quod
2341 800 2415 837 iste
2438 801 2503 850 qui
2532 810 2589 839 est

401 848 494 884 tinet
520 848 569 885 ad
596 848 634 885 id
663 859 779 897 supra
807 848 914 896 quod
942 847 1108 884 amicitia
1136 847 1337 884 fundatur:
1373 849 1466 886 ami·
1520 850 1614 887 mihi
1644 850 1869 888 coniunctus
1906 851 1953 888 sit
1978 852 2116 889 melior
2147 852 2244 899 alio,
2281 858 2318 888 et
2345 853 2409 889 sic·
2428 853 2478 890 ad
2506 865 2587 892 rna-

403 900 487 936 citia
518 901 619 938 enim
649 901 810 938 naturali
838 900 961 949 magis
990 900 1177 948 diligimus
1198 913 1264 937 eos
1293 901 1467 949 quisunt
1518 903 1641 940 iorem
1670 904 1910 941 beatitudinis
1938 906 2100 952 gradum
2129 905 2331 954 pervenire
2357 907 2489 955 possit.

401 953 522 1001 magis
551 955 663 991 nobis
693 955 906 991 secundum
934 961 1110 990 naturam
1141 954 1346 1002 coniuncti,
1375 963 1467 1004 puta
1573 957 1642 993 Est
1662 964 1792 994 autem
1821 964 1858 994 et
1885 958 1982 995 alius
2010 958 2151 995 modus
2178 959 2377 1007 quowplus¹
2388 956 2588 1008 'diligimus

400 1014 581 1054 parentes
599 1009 660 1044 vel
679 1008 791 1045 filios.
823 1007 900 1044 Sed
920 1007 1084 1044 amicitia
1103 1007 1265 1044 caritatis
1287 1008 1467 1046 fundatur
1520 1021 1565 1045 ex
1585 1010 1739 1047 caritate
1759 1010 1880 1058 magis
1900 1011 2011 1048 nobis
2031 1011 2276 1048 coniunctos:
2306 1011 2588 1061 quiapluribus

401 1071 516 1108 super
539 1061 890 1098 communicatione
909 1060 1163 1107 beatitudinis,
1180 1060 1229 1097 ad
1248 1073 1366 1109 quam
1386 1072 1467 1098 rna—
1520 1062 1646 1100 modis
1667 1074 1734 1100 eos
1753 1063 1957 1111 diligimus.
1987 1065 2049 1101 Ad
2075 1075 2146 1100 eos
2166 1064 2270 1101 enim
2287 1065 2374 1113 ‘qui‘
2388 1076 2478 1102 non*
2501 1061 2589 1103 sunt

400 1112 456 1160 gis
474 1113 665 1161 pertinent
683 1115 861 1151 meliores
890 1125 1005 1162 quam
1036 1113 1146 1150 nobis
1173 1113 1465 1151 coniunctiores.
1520 1115 1631 1152 nobis
1660 1116 1852 1152 coniuncti
1879 1127 1959 1153 non
1985 1117 2178 1154 habemus
2200 1117 2273 1154 nisi
2298 1118 2507 1158 amicitiam
2527 1126 2589 1156 ca·—

401 1166 503 1213 Ergo
525 1178 570 1203 ex
590 1167 743 1204 caritate
761 1167 881 1215 magis
902 1167 1086 1204 debemus
1114 1167 1267 1214 diligere
1288 1167 1467 1204 meliores
1519 1168 1647 1205 ritatis.
1676 1169 1738 1205 Ad
1759 1180 1826 1204 eos
1843 1179 1939 1205 vero
1968 1169 2034 1217 qui
2059 1177 2149 1206 sunt
2175 1169 2287 1207 nobis
2310 1171 2504 1209 coniuncti
2522 1173 2588 1220 ha->

401 1230 518 1267 quam
547 1220 659 1257 nobis
688 1220 980 1257 coniunctiores.
1519 1221 1657 1257 bemus
1676 1220 1823 1269 aliquas
1851 1220 1943 1257 alias
1971 1221 2169 1268 amicitias,
2190 1224 2405 1260 secundnm
2424 1226 2586 1263 modurn

455 1272 529 1309 si-:n
556 1285 704 1310 CONTRA
731 1283 798 1310 Esr
834 1274 940 1321 quod
978 1271 1115 1308 dicitur
1142 1271 1155 1307 I
1185 1272 1237 1307 ad
1266 1272 1362 1308 Tim.
1382 1283 1406 1308 v
1423 1272 1464 1309 *ε
1520 1273 1797 1310 coniunctionis
1833 1285 1968 1310 eorum
2007 1273 2056 1311 ad
2084 1285 2167 1311 nos.
2208 1276 2308 1312 Cum
2338 1282 2467 1314 autem
2487 1276 2589 1315 ‘bo-

401 1325 444 1361 Si
460 1327 542 1373 quis
564 1338 734 1372 suorum,
754 1332 790 1362 et
815 1325 985 1362 maxime
1011 1323 1303 1361 domesticorum
1331 1335 1465 1362 curam
1518 1337 1613 1363 num
1633 1338 1751 1375 super
1777 1326 1884 1374 quod
1912 1326 2095 1364 fundatur
2118 1324 2589 1376 quaelibetafia‘hffiicltia

401 1390 475 1415 non
504 1380 630 1425 habet,
648 1380 771 1426 fidem
800 1378 954 1428 negavit
981 1383 1016 1414 et
1043 1382 1097 1414 est
1123 1377 1265 1424 infideli
1290 1378 1464 1415 deterior.
1517 1380 1680 1416 honesta
1717 1379 1914 1417 ordinetur
1937 1379 2033 1416 sicut
2061 1380 2110 1417 ad
2138 1381 2257 1418 finem
2283 1381 2332 1418 ad
2358 1382 2506 1420 bonum
2527 1395 2589 1420 su-

402 1432 478 1469 Sed
506 1432 663 1469 interior
697 1431 857 1469 caritatis
893 1430 1044 1468 affectio
1083 1430 1197 1467 debet
1234 1431 1466 1480 respondere
1518 1445 1587 1482 per
1620 1433 1726 1493 quod
1759 1433 1940 1470 fundatur
1976 1433 2136 1479 caritas,
2174 1435 2423 1484 consequens
2456 1443 2513 1474 est
2547 1443 2591 1474 ut

401 1486 577 1522 exteriori
597 1485 761 1522 effectui.
785 1486 886 1532 Ergo
908 1484 1042 1521 caritas
1061 1483 1183 1531 magis
1203 1484 1317 1521 debet
1333 1485 1466 1522 haberi
1519 1486 1655 1524 caritas
1682 1485 1843 1535 imperet
1866 1484 1966 1523 actui
1990 1485 2190 1523 cuiuslibet
2209 1486 2361 1529 alterius
2380 1480 2589 1528 amicitiae:

400 1540 449 1576 ad
477 1538 772 1588 propinquiores
801 1550 918 1586 quam
947 1537 996 1574 ad
1025 1536 1214 1574 meliores.
1519 1539 1617 1576 sicut
1644 1551 1704 1576 ars
1733 1551 1833 1587 quae
1853 1546 1909 1576 est
1937 1539 2036 1576 circa
2063 1540 2184 1577 finem
2212 1540 2377 1589 imperat
2399 1541 2470 1578 arti
2487 1554 2588 1597 quae

454 1592 681 1629 Responono
701 1603 886 1629 memnon
915 1590 1020 1639 quod
1041 1590 1167 1627 omnis
1188 1597 1294 1627 actus
1313 1598 1467 1639 oportet
1518 1601 1575 1630 est
1593 1592 1694 1629 cirea
1713 1600 1758 1629 ea
1773 1602 1878 1641 quae
1897 1599 1987 1629 sunt
2005 1593 2054 1629 ad
2073 1593 2206 1630 finem
2228 1594 2278 1630 Et
2291 1593 2345 1630 sic
2364 1594 2468 1631 hoc'
2459 1607 2588 1644 ipsum

399 1645 506 1692 quod
533 1645 847 1694 proportionetur
866 1651 903 1680 et
922 1643 1074 1681 obiecto
1100 1651 1136 1681 et
1155 1643 1299 1691 agenti:
1329 1644 1397 1681 sed
1424 1657 1467 1681 ex
1519 1646 1626 1695 quod
1646 1653 1703 1682 est
1722 1645 1875 1693 diligere
1899 1646 2068 1694 aliquem
2087 1645 2183 1695 quia
2190 1647 2509 1706 consanguineus

400 1697 550 1735 obiecto
578 1698 695 1735 habet
723 1697 903 1746 speciem,
924 1709 970 1734 ex
994 1696 1134 1733 virtute
1163 1703 1292 1732 autem
1321 1697 1468 1744 agentis
1519 1700 1640 1748 quia
1661 1698 1887 1736 coniunctus
1925 1705 1983 1736 est
2017 1699 2080 1738 vel
2112 1699 2304 1748 concivis,
2340 1701 2406 1739 vel
2431 1649 2590 1751 prop&

397 1751 514 1787 habet
531 1751 693 1788 modum
714 1749 729 1780 β
748 1763 840 1787 suae
866 1749 1109 1796 intensionis;
1137 1749 1235 1786 sicut
1253 1757 1382 1786 motus
1401 1751 1467 1787 ha·
1519 1752 1793 1801 quodcumque
1821 1751 2043 1788 huiusmodi
2071 1751 2179 1789 aliud
2200 1752 2363 1790 licitum
2370 1753 2589 1792 ordinabite

399 1804 463 1840 bet
482 1804 650 1853 speciem
672 1816 716 1840 ex
737 1803 901 1841 termino
931 1803 979 1839 ad
1008 1813 1125 1850 quem
1156 1809 1223 1849 est,
1253 1802 1322 1839 sed
1345 1802 1466 1840 inten-
1518 1805 1557 1843 in
1584 1805 1704 1842 finem
1734 1804 1914 1851 caritatis,
1940 1810 2067 1853 potest
2085 1817 2107 1841 a
2126 1805 2280 1842 caritate
2304 1806 2500 1857 imperari.
2538 1807 2592 1845 Et

398 1856 547 1894 sionem
576 1857 787 1894 velocitatis
819 1855 935 1893 habet
963 1867 1008 1892 ex
1037 1854 1286 1905 dispositione
1315 1856 1467 1893 mobilis
1518 1859 1570 1896 ita
1599 1868 1642 1895 ex
1674 1857 1829 1901 caritate
1858 1857 2026 1895 eliciente
2055 1854 2144 1907 cum
2164 1855 2388 1918 imperante
2415 1853 2590 1914 pluribus

399 1917 435 1946 et
461 1910 601 1948 virtute
634 1909 837 1947 moventis.
877 1908 939 1946 Sic
966 1908 1078 1956 igitur
1114 1907 1264 1946 dilectio
1297 1909 1466 1958 speciem
1518 1911 1647 1950 modis
1667 1910 1856 1959 diligimus
1875 1910 1995 1960 magis
2003 1900 2127 1951 nobis
2148 1919 2390 1951 coniunctos
2417 1944 2419 1946 ,
2528 1949 2529 1953 Ἰ
2574 1941 2578 1945 .

396 1964 513 2001 habet
532 1976 578 2001 ex
597 1963 762 2010 obiecto,
788 1962 857 1999 sed
885 1961 1140 1999 intensionem
1159 1962 1276 1999 habet
1295 1974 1341 1999 ex
1360 1971 1467 2011 parte
1571 1967 1632 2002 An
1651 1976 1791 2003 ramim
1818 1976 1918 2003 ERGO
1945 1976 2132 2003 memnon
2161 1965 2268 2014 quod
2294 1964 2334 2002 in
2361 1952 2590 2028 propinquis

398 2017 516 2064 ipsius
545 2016 743 2064 diligentis.
775 2015 982 2052 Obiectum
1011 2022 1140 2052 autem
1170 2015 1387 2052 caritativae
1412 2017 1467 2053 di·
1519 2018 1658 2055 nostris
1686 2028 1765 2054 non
1797 2017 2058 2069 praecipimur
2090 2017 2202 2055 odire
2238 2018 2355 2068 quod
2381 2019 2590 2069 propinqui

397 2070 570 2107 lectionis
589 2070 694 2106 Deus
716 2077 788 2115 est;
814 2069 934 2105 homo
963 2076 1092 2105 autem
1123 2067 1280 2116 diligens
1304 2075 1372 2106 est.
1401 2069 1467 2107 Di·
1519 2071 1639 2123 nostri
1668 2077 1776 2116 sunt:
1805 2070 1873 2108 sed
1891 2071 1974 2107 hoc
1993 2071 2118 2107 solum
2140 2071 2272 2126 quod
2270 2070 2512 2132 impediunt
2517 2074 2590 2137 nos

396 2123 558 2160 versitas
586 2121 697 2170 igitur
716 2121 929 2160 dilectionis
958 2133 1057 2170 quae
1087 2129 1143 2158 est
1171 2121 1386 2159 secundum
1407 2134 1466 2163 ca·
1519 2137 1542 2161 a
1566 2124 1667 2166 Deo.
1698 2123 1749 2160 Et
1775 2122 1812 2160 in
1842 2123 1918 2160 hoc
1945 2134 2025 2160 non
2054 2127 2146 2160 sunt
2166 2123 2394 2175 propinqui,
2423 2119 2490 2163 sed
2514 2120 2590 2171 ini·-

398 2177 560 2223 ritatem,
587 2183 771 2224 quantum
802 2175 849 2212 ad
879 2175 1048 2224 speciem
1084 2181 1139 2211 est
1169 2174 1402 2214 attendenda
1430 2174 1467 2217 ‘m
1519 2175 1628 2222 mici:
1651 2171 1876 2218 secundum
1911 2173 2003 2215 illud
2029 2175 2151 2218 Adicit.
2171 2175 2499 2226 V11‘*:In1mici
2504 2177 2625 2258 lto,-

397 2229 581 2279 proximis
600 2228 800 2276 diligendis
828 2228 1042 2265 secundum
1068 2228 1398 2276 comparationem
1417 2230 1467 2267 ad
1519 2230 1645 2269 minis
1658 2229 1853 2269 domestici
1878 2229 1970 2266 eius

399 2284 544 2320 Deum:
583 2289 626 2318 ut
660 2282 804 2318 scilicet
839 2281 873 2318 ei
909 2280 976 2329 qui
1005 2287 1061 2316 est
1096 2281 1182 2317 Deo
1217 2281 1470 2330 propinquior
1573 2285 1631 2319 AD
1661 2293 1852 2319 SECUNDUM
1888 2294 2074 2319 memnon
2102 2267 2211 2330 quod
2238 2282 2373 2320 carims
2406 2284 2498 2320 facit
2516 2259 2590 2322 hoa

399 2335 523 2372 maius
551 2335 699 2371 bonurn
721 2344 765 2371 ex
785 2333 938 2370 caritate
966 2332 1143 2370 velimus.
1174 2332 1276 2380 Quia
1295 2334 1382 2371 licet
1400 2336 1468 2372 bo·
1519 2336 1666 2373 minem
1687 2335 1920 2372 conformari
1936 2336 2022 2371 Deo
2042 2335 2264 2372 secundum
2277 2337 2589 2401 proportionem:

399 2399 494 2426 num
514 2388 620 2437 quod
639 2387 819 2424 omnibus
837 2386 920 2423 vult
939 2385 1086 2433 caritas,
1108 2384 1249 2423 scilicet
1271 2386 1467 2426 beatitudo
1518 2397 1560 2427 ut
1579 2387 1721 2438 scilicet
1748 2382 1801 2424 ita
1817 2400 1859 2424 se
1887 2388 2028 2429 habeat
2054 2387 2176 2425 horno
2198 2387 2252 2425 .ad
2274 2386 2318 2426 id
2339 2387 2448 2447 quod
2472 2382 2589 2435 suuni

400 2449 573 2487 aeterna,
613 2440 659 2477 sit
691 2452 812 2477 unum
847 2439 1062 2477 secundum
1092 2451 1152 2486 se,
1191 2440 1309 2476 habet
1335 2448 1466 2479 tamen
1521 2449 1588 2488 est,
1609 2440 1705 2479 sicut
1732 2441 1838 2478 Deus
1867 2440 1916 2478 ad
1942 2440 1983 2478 id
2010 2439 2116 2491 quod
2139 2453 2258 2484 suum
2284 2439 2366 2490 esf..
2381 2438 2588 2492 Quaedam

401 2495 574 2532 diversos
602 2493 741 2541 gradus
775 2493 988 2530 secundum
1023 2491 1192 2529 diversas
1226 2492 1468 2532 beatitudinis
1520 2494 1623 2532 enim
1650 2505 1862 2542 possumus
1887 2505 1934 2530 ex
1962 2493 2115 2531 caritate
2143 2494 2256 2542 velle,
2285 2494 2376 2543 quia
2401 2503 2506 2534 sunt·
2517 2506 2588 2535 no·-

398 2546 730 2596 participationes:
758 2554 798 2583 et
823 2546 900 2582 hoc
928 2546 976 2582 ad
997 2545 1192 2582 caritatem
1216 2546 1396 2595 pertinet,
1425 2555 1468 2584 ut
1519 2547 1578 2584 bis
1610 2545 1899 2593 convenientia,
1937 2558 2037 2595 quae
2074 2554 2204 2584 tamen
2233 2548 2352 2585 Deus
2371 2559 2456 2586 non
2479 2550 2586 2597 vult,

398 2600 490 2638 velit
508 2599 685 2637 iustitiam
715 2597 787 2636 Dei
816 2598 971 2646 servari,
998 2597 1212 2635 secundum
1242 2610 1359 2647 quam
1387 2612 1467 2637 me·
1519 2600 1609 2650 quia
1647 2612 1725 2637 non
1754 2599 1936 2637 convenit
1963 2599 1997 2636 ei
2017 2606 2069 2636 ut
2095 2608 2140 2637 ea
2164 2599 2278 2647 velit.
2293 2601 2406 2646 sieut
2432 2604 2554 2659 suprfi
2561 2603 2589 2626 Ψ

398 2654 513 2691 liores
532 2652 736 2701 perfectius
755 2650 1032 2694 beatitudinem
1052 2650 1290 2701 participant.
1322 2651 1370 2689 Et
1393 2654 1468 2690 hoc
1518 2652 1692 2691 habitum
1714 2660 1781 2700 est,
1798 2664 1886 2690 cum
1904 2652 1951 2690 de
1970 2651 2140 2690 bonitate
2158 2642 2366 2699 noluntatis
2386 2655 2586 2708 ageretur.

399 2706 562 2756 pertinet
597 2705 644 2743 ad
679 2705 848 2754 speciem
887 2704 1119 2742 dilectionis:
1159 2712 1247 2742 sunt
1283 2705 1385 2742 enim
1414 2705 1468 2744 di·
1572 2707 1631 2743 Ao
1651 2717 1812 2743 TERTLUM
1840 2717 2026 2765 monimum
2054 2702 2165 2755 quod
2181 2705 2324 2744 caritas
2352 2719 2431 2751 non
2460 2701 2588 2754 solum

397 2771 532 2797 versae
553 2758 763 2797 dilectionis
783 2758 930 2807 species
949 2757 1165 2796 secundum
1188 2757 1343 2796 diversa
1362 2759 1466 2796 bona
1520 2758 1617 2796 elicit
1636 2766 1764 2797 actum
1793 2757 2005 2803 dilectionis
2034 2757 2247 2796 secundum
2270 2759 2463 2798 rationem
2472 2761 2588 2799 »obiffi

400 2825 500 2862 quae
518 2819 698 2861 optamus
726 2811 784 2848 his
812 2823 912 2859 quos
940 2811 1141 2858 diligimus
1160 2828 1186 2839 -
1207 2811 1284 2848 Sed
1303 2811 1467 2849 intensio
1521 2812 1584 2859 cti,
1615 2811 1682 2848 sed
1711 2811 1826 2848 etiam
1850 2811 2066 2848 secundum
2096 2811 2284 2849 rationem
2312 2812 2517 2862 diligentis,
2541 2816 2589 2852 ut

400 2865 608 2903 dilectionis
628 2871 685 2902 est
703 2865 935 2902 attendenda
963 2875 1032 2914 per
1060 2864 1392 2912 comparationem
1420 2865 1467 2903 ad
1521 2865 1663 2902 dictum
1683 2871 1739 2901 est
1755 2863 1787 2901 ¹⁸⁸.
1818 2862 1876 2901 Ex
1904 2876 1981 2912 quo
2011 2864 2194 2913 contingit
2221 2865 2328 2915 quod
2348 2867 2468 2915 magis
2498 2875 2588 2907 con·-

400 2919 526 2968 ipsum
562 2917 761 2955 hominem
799 2917 863 2966 qui
902 2916 1027 2965 diligit.
1071 2916 1121 2954 Et
1148 2917 1360 2955 secundum
1394 2917 1469 2956 hoc
1519 2917 1670 2955 iunctus
1699 2916 1820 2966 magis
1849 2918 2011 2954 amatur.

455 3021 482 3052 α)
502 3020 654 3046 secundum.
671 3034 690 3039 -
703 3028 755 3052 per
774 3021 942 3053 CGfflprn.
961 3034 979 3040 -
997 3021 1046 3045 Pro
1065 3022 1252 3054 conformatur
1273 3022 1341 3050 Deo,
1361 3022 1465 3046 assimi-
1572 3021 1596 3052 δ)
1620 3022 1685 3047 Cum
1703 3025 1802 3047 autem.
1822 3022 1924 3046 -Cum
1944 3021 2010 3047 dicit
2027 3021 2217 3055 EFHLpAcK‚
2240 3022 2315 3048 Unde
2333 3031 2393 3048 cum
2411 3024 2441 3055 B,
2456 3024 2523 3050 Cum
2537 3025 2589 3058 ign·—

400 3056 475 3081 Iatur
494 3056 552 3080 Deo
572 3055 602 3085 D,
624 3056 680 3080 Deo
692 3056 857 3081 assimilatur
876 3057 927 3086 Pa‚·
946 3064 994 3088 pro
1007 3056 1098 3089 diligit
1110 3057 1205 3090 magis,
1220 3057 1307 3090 magis
1323 3057 1414 3090 diligit
1427 3058 1464 3087 A3
1519 3060 1564 3082 tur
1583 3057 1713 3088 G1‚Cum
1732 3057 1801 3082 enim
1821 3058 1867 3088 ΒΑ,
1889 3057 1955 3082 Cum
1974 3064 2040 3091 ergo
2059 3065 2099 3088 sn,
2119 3065 2239 3082 rasuram
2257 3058 2345 3091 viginti
2363 3059 2412 3085 litt.
2430 3066 2476 3091 px.

401 3096 461 3124 post
480 3091 614 3116 meliorem
634 3091 652 3115 P
672 3091 740 3115 addit
758 3099 837 3123 quam
856 3091 907 3116 sibi
923 3092 1142 3117 coniunctiorem.
1574 3093 1596 3125 ε)
1617 3093 1725 3126 quia-
1705 3093 1810 3118 -Ante
1827 3092 1944 3118 concivis
1963 3097 2063 3125 ponunt
2082 3093 2128 3118 Pa.

456 3125 481 3194 βξ
501 3126 655 3186 modum3n—
673 3129 771 3193 Μᾶΐιυη
792 3127 820 3152 Ρ.
843 3162 865 3186 P
1572 3127 1597 3160 ζ)
1617 3127 1698 3153 Μελ.
1722 3127 1817 3153 V11.-
1834 3127 1933 3153 Mami.
1952 3127 1984 3152 X
1999 3128 2089 3153 PDsC.

454 3169 471 3195 γ
501 3168 554 3187 eos.
573 3175 591 3180 -
610 3169 617 3186 ι
640 3168 668 3186 oe
737 3167 827 3187 omnes
866 3177 874 3186 .

1081 3215 1426 3248 Commenta-1³¹
1436 3214 1686 3248 Cau-dinastus
1709 3215 1909 3253 Caietam

432 3285 452 3305 N
469 3275 601 3306 articulo
615 3274 751 3315 septimo
769 3275 903 3305 dubium
920 3276 1054 3307 occurrit
1077 3277 1245 3317 quomodo
1267 3275 1466 3307 verificantur
1576 3278 1627 3307 Ad
1642 3277 1704 3308 hoc
1720 3277 1834 3308 dicitur
1850 3278 1940 3318 quod
1953 3287 2058 3308 sermo
2075 3278 2205 3315 litterae,
2229 3285 2388 3319 quantum
2403 3279 2444 3309 ad
2467 3279 2587 3321 radices

405 3287 528 3350 Iverba
545 3319 665 3350 litterae
680 3329 755 3349 cum
769 3319 883 3349 dicimu-
901 3320 989 3360 quod
1003 3321 1174 3351 diversitas
1188 3321 1366 3351 dilectionis
1382 3324 1467 3361 quae
1520 3327 1567 3351 est
1585 3322 1624 3352 de
1642 3331 1714 3352 vera
1733 3322 1909 3352 diversitate
1929 3321 2090 3362 specifica:
2111 3322 2171 3353 sed
2192 3329 2351 3363 quantum
2366 3322 2407 3354 nt!
2427 3322 2588 3356 entium

403 3368 450 3394 est
469 3363 644 3395 secundum
669 3364 855 3400 vertitatem,
880 3369 1033 3404 quantum
1058 3365 1101 3395 ad
1129 3366 1263 3405 spedem
1291 3365 1468 3396 attenditur
1520 3371 1566 3396 est
1597 3366 1635 3396 de
1668 3365 1844 3397 diversitate
1872 3365 2017 3406 specifica
2046 3366 2205 3398 reductive
2235 3377 2291 3398 seu
2318 3365 2584 3399 similitudinarie.

402 3407 575 3443 secundum
590 3409 861 3448 propinquitatem
875 3408 920 3438 ad
934 3408 1049 3439 Deum.
1076 3409 1116 3440 Et
1132 3416 1179 3441 est
1190 3409 1271 3440 ratio
1288 3409 1376 3440 dubii
1392 3409 1467 3450 quia
1521 3409 1657 3440 Intendit
1681 3409 1839 3450 siquidem
1861 3413 1991 3447 Auctor,
2016 3417 2052 3442 ut
2074 3410 2210 3451 ipsemet
2231 3410 2375 3452 explicat,
2397 3414 2460 3451 pm
2482 3409 2587 3443 radice

403 3451 512 3482 caritas
535 3462 602 3482 non
622 3459 667 3482 est
688 3451 885 3482 diversarum
905 3452 1082 3492 specierum
1105 3453 1282 3484 secundum
1306 3452 1466 3485 diversita-
1520 3454 1609 3494 quod
1638 3453 1776 3484 diversae
1800 3453 1978 3486 dilectionis
2001 3454 2120 3496 species
2153 3461 2227 3490 sunt
2258 3454 2436 3487 secundum
2463 3452 2586 3486 diversa

1518 3498 1602 3528 bona
1625 3508 1706 3538 quae
1731 3504 1879 3538 optamus
1895 3497 1932 3528 iis
1948 3509 2030 3539 quos
2047 3498 2216 3539 diligimus.
2241 3495 2282 3529 Et
2304 3497 2382 3529 haec
2404 3497 2585 3538 propositio

2709 336 2725 360 Υ

2638 754 2688 781 Qu.
2702 758 2770 779 xxiv,
2781 755 2824 774 m.

2612 787 2635 808 4,
2651 786 2685 808 ιο,
2700 786 2727 802 ιι.

2615 2216 2708 2238 ⁸.un
2715 2183 2775 2239 t&-
2789 2217 2827 2239 cf.

2574 2252 2589 2267 )
2614 2242 2695 2265 Mutth.
2722 2249 2775 2271 cup.
2797 2249 2827 2271 x,

2614 2269 2724 2298 vewrs36

2614 2606 2656 2629 *⁸1
2662 2606 2717 2634 11¹⁴,
2726 2613 2766 2636 qu.
2776 2613 2827 2634 xix,

2613 2637 2656 2656 m·
2671 2639 2707 2656 10.

2614 2876 2654 2898 Iu
2661 2881 2739 2903 corp.;
2752 2879 2775 2897 et
2782 2879 2828 2897 nn.

2612 2902 2712 2930 «eds
