2892 4056
199 654 334 685 'fundatur
349 654 407 679 Pan:

198 681 245 703 vid.
261 680 367 702 Scotum.

199 2162 208 2171 ’
227 2161 274 2188 Qu.
292 2168 308 2188 1,
328 2165 369 2183 art.
389 2168 409 2189 7.

202 3176 327 3198 ·1adcor.
336 3182 413 3201 c.xu¹,

202 3209 260 3224 vers.
276 3209 306 3232 ¹3·

441 179 509 215 128

1101 179 1366 226 QUAESTIO
1395 181 1517 229 XVII,
1546 180 1841 217 ARTICULUS
1869 180 1904 216 V

1112 274 1442 309 Commentaria
1465 256 1714 309 Car-dinalis
1737 274 1935 307 Caietani

440 355 485 417 IN
514 345 645 376 articulo
670 345 781 386 quinto
806 345 948 375 eiusdem
970 345 1179 385 quaestionis,
1204 346 1329 377 omissis
1352 347 1444 377 tertio
1468 354 1497 377 et

467 396 590 429 quarto,
615 389 805 429 complenda
828 389 964 419 occurrit
986 389 1115 419 materia
1137 390 1175 420 de
1189 389 1304 420 virtute
1319 390 1496 430 theologica

435 433 582 464 inchoata
604 433 637 463 in
661 432 858 472 praecedenti
882 432 987 468 Libr0‚
1004 433 1037 462 in
1060 443 1114 473 qu.
1134 443 1206 464 mm.
1230 433 1271 464 Et
1293 434 1354 465 hoc
1370 441 1498 474 propter

436 477 568 508 Scotum
597 483 628 507 et
657 477 846 507 Durandum
872 476 905 506 in
932 477 994 506 hoc
1017 483 1149 507 tractatu
1179 477 1217 508 de
1240 486 1296 517 spe
1317 478 1494 518 loquentes.

436 521 550 552 Scotus
572 521 676 560 igitur,
693 521 725 550 in
742 530 812 550 xxvi
831 519 901 551 dist.
919 520 959 550 111
976 520 1074 557 Sent.,
1090 521 1170 551 adeo
1187 521 1335 561 deprimit
1348 521 1496 552 virtutem

436 564 647 604 theologicam
665 571 699 594 ut
713 563 807 594 etiam
823 574 913 604 spem
929 564 1116 605 acquisitam
1131 572 1230 605 ponat
1245 565 1394 596 virtutem
1409 565 1498 595 theo-

435 609 588 648 logicam,
613 607 687 648 quia
711 607 836 648 respicit
854 607 960 639 Deum
978 618 1037 648 pro
1054 608 1171 649 regula,
1188 608 1313 639 obiecto
1330 616 1360 640 et
1375 616 1496 648 agente,

436 652 612 683 secundum
631 651 840 691 aptitudinem
858 659 894 683 ut
907 652 1121 683 infundatur*
1137 653 1175 683 ab
1189 662 1237 683 eo.
1255 653 1426 683 Durandus
1443 663 1496 683 au-

436 705 514 731 tem,
540 696 571 725 in
596 696 706 725 eadem
734 695 935 727 distinctione
964 696 1106 727 eiusdem
1134 696 1249 733 Tertii,
1274 704 1330 727 art.
1353 707 1382 733 1,
1407 703 1499 737 putat

435 750 524 780 spem
549 749 614 770 non
638 749 705 770 esse
728 740 935 772 necessariam
959 741 999 771 ad
1019 741 1228 781 sperandum,
1253 741 1309 771 sed
1331 747 1367 771 ut
1390 750 1497 781 prom-

435 784 529 825 ptius,
547 783 714 823 perfectius
737 790 768 814 et
790 783 911 815 firmius
928 795 1101 824 speremus.
1126 785 1166 815 Et
1183 791 1336 815 consonat
1355 784 1450 815 Scoto
1465 785 1497 814 in

434 839 507 858 xxm
532 828 601 858 dist.
620 828 778 864 eiusdem,
805 835 835 859 et
857 829 889 859 in
905 839 968 859 xvn
992 829 1062 860 dist.
1079 829 1186 860 Primi.

490 872 550 902 Sed
574 873 599 902 si
623 873 694 913 quis
718 872 882 912 diligenter
904 873 1049 913 inspiciat
1071 880 1218 904 naturam
1233 872 1356 904 virtutis
1376 872 1498 903 theolo-

434 916 533 955 gicae,
566 916 655 947 facile
687 917 836 957 percipiet
862 918 939 948 haec
969 916 1078 948 omnia
1101 917 1178 948 falsa
1208 927 1284 948 esse.
1317 917 1401 955 Quia
1424 927 1499 948 cum

436 969 608 991 commune
632 960 671 992 sit
694 962 783 991 omni
807 962 913 993 virtuti
941 971 978 992 ex
1005 962 1135 1002 propria
1157 968 1269 993 natura
1291 961 1499 993 determinare

434 1005 610 1044 potentiam
627 1006 717 1036 cuius
733 1013 779 1036 est
794 1007 833 1036 ad
857 1013 963 1037 actum
986 1016 1110 1047 semper
1131 1006 1254 1036 bonum
1270 1012 1300 1036 et
1318 1005 1499 1046 proportio-

435 1056 546 1080 natum
570 1049 714 1087 obiecto;
739 1058 866 1090 oportet
888 1050 1037 1081 virtutem
1061 1050 1284 1090 theologicam,
1305 1049 1395 1081 cuius
1414 1050 1500 1080 obie-

436 1100 523 1124 ctum
547 1099 594 1124 est
615 1094 702 1125 Deus
726 1105 793 1125 non
817 1095 1090 1137 qualitercumque
1114 1101 1272 1135 sumptus,
1290 1095 1344 1125 sed
1362 1101 1397 1125 ut
1413 1104 1499 1125 exce-

435 1138 512 1168 dens
536 1147 669 1168 omnem
691 1139 887 1170 intellectum
903 1146 934 1170 et
949 1139 1148 1170 voluntatem
1170 1145 1315 1174 creatam,
1333 1149 1370 1168 ex
1389 1145 1500 1169 natura

435 1191 493 1212 sua
516 1191 583 1213 esse
607 1183 880 1215 determinativam
903 1183 1064 1224 potentiae
1087 1183 1178 1214 cuius
1201 1190 1248 1214 est
1267 1183 1306 1212 ad
1321 1189 1427 1213 actum
1443 1183 1500 1212 bo-

435 1235 515 1257 num
537 1229 763 1259 tantummodo
791 1235 823 1260 et
843 1227 1125 1269 proportionatum
1154 1227 1207 1257 tali
1231 1226 1366 1257 obiecto.
1397 1226 1439 1256 Et
1462 1226 1500 1256 de

434 1270 690 1311 improportione
720 1272 852 1313 quidem
878 1279 979 1313 patet:
1005 1271 1096 1312 quia,
1122 1280 1195 1301 cum
1220 1270 1347 1301 effectus
1371 1280 1437 1300 non
1461 1269 1501 1300 sit

434 1314 541 1355 potior
565 1325 673 1352 causa,
698 1323 729 1346 et
751 1316 831 1346 vires
859 1316 1019 1347 humanae
1047 1325 1113 1345 non
1145 1313 1301 1344 sufficiant
1331 1313 1370 1344 ad
1393 1321 1500 1345 actum

434 1359 732 1399 proportionatum,
765 1360 873 1391 nullus
904 1359 1029 1390 habitus
1058 1368 1167 1389 earum
1190 1358 1304 1389 virtute
1328 1357 1501 1399 acquisitus

435 1402 577 1434 sufficiet.
611 1404 659 1434 De
687 1404 908 1435 non-bonitate
936 1410 1044 1434 autem
1070 1403 1239 1443 probatur:
1271 1402 1347 1443 quia
1375 1403 1500 1433 bonitas

435 1448 692 1488 supernaturalia,
709 1458 773 1489 qua
796 1455 923 1489 oportet
945 1458 1013 1480 esse
1036 1457 1161 1488 semper
1179 1447 1303 1478 bonum
1317 1454 1424 1478 actum
1439 1447 1500 1477 vir-

435 1493 511 1523 tutis
527 1492 725 1533 theologicae
746 1493 1026 1534 proportionatum
1041 1491 1096 1522 fini
1113 1491 1355 1533 supernaturali,
1372 1502 1439 1522 non
1454 1497 1501 1522 est

436 1537 474 1566 ab
497 1535 606 1568 habitu
631 1537 814 1569 naturaliter
836 1537 1003 1579 acquisito.
1027 1536 1120 1568 Unde
1138 1535 1212 1567 licet
1227 1535 1299 1573 fide,
1316 1546 1370 1576 spe
1387 1536 1437 1566 vel
1452 1545 1500 1567 ca—

435 1579 524 1611 ritate
549 1581 700 1623 acquisita
725 1581 839 1623 aliquis
865 1581 1017 1613 innitatur
1041 1581 1131 1617 Deo,
1159 1580 1199 1611 ad
1223 1580 1345 1617 Deum,
1372 1586 1500 1621 propter

435 1625 555 1662 Deum,
581 1633 653 1662 etc.;
677 1626 803 1658 habitus
827 1633 932 1657 tamen
963 1626 1015 1656 ille
1040 1624 1212 1666 acquisitus
1241 1635 1307 1655 non
1331 1634 1367 1655 ex
1390 1631 1501 1655 natura

436 1679 509 1706 sua,
534 1670 588 1700 sed
613 1680 649 1700 ex
673 1671 779 1701 studio
811 1670 954 1702 humano
985 1670 1116 1701 inclinat
1143 1669 1175 1699 in
1204 1669 1280 1700 tales
1298 1674 1403 1705 actus,
1434 1678 1499 1699 non

435 1714 538 1746 bonos
573 1715 852 1754 supernaturaliter
888 1725 946 1746 nec
976 1713 1237 1755 proportionatos
1269 1712 1500 1753 supernaturali

435 1758 572 1788 obiecto.
596 1759 637 1789 Et
659 1759 732 1790 hinc
756 1766 841 1800 patet
864 1759 1031 1790 necessitas
1051 1757 1191 1799 ponendi
1207 1756 1291 1794 fidei,
1307 1757 1374 1798 spei
1397 1763 1428 1788 et
1450 1767 1499 1788 ca-

435 1802 532 1833 ritatis
556 1801 682 1834 habitus
704 1803 844 1835 infusos:
870 1810 905 1834 ut
928 1803 1044 1835 scilicet
1069 1802 1222 1833 habeatur
1248 1801 1373 1832 habitus
1393 1811 1430 1832 ex
1445 1811 1500 1831 na·

435 1854 505 1876 tura
535 1856 592 1877 sua
615 1848 872 1879 determinativus
899 1848 940 1878 ad
975 1853 1062 1878 actus
1087 1847 1190 1877 bonos
1223 1845 1501 1886 supernaturaliter

435 1891 695 1931 proportionatos
724 1893 849 1923 obiecto
877 1891 1124 1933 supematurali;
1156 1891 1195 1920 ad
1224 1889 1286 1921 hoc
1314 1889 1399 1920 enim
1422 1889 1501 1920 nihil

436 1935 629 1976 acquisitum
658 1937 773 1968 sufficit
802 1947 839 1967 ex
862 1944 973 1968 natura
1001 1945 1073 1971 sua,
1098 1942 1133 1966 ut
1156 1941 1252 1975 patet.
1281 1935 1323 1965 Et
1345 1943 1401 1975 per
1424 1934 1501 1964 haec

436 1987 522 2020 patet
544 1982 709 2021 responsio
733 1981 773 2013 ad
797 1981 906 2012 omnia
927 1988 994 2012 tam
1017 1980 1103 2011 Scoti
1126 1989 1225 2020 quam
1247 1978 1402 2010 Durandi.

492 2025 528 2056 ΙΙ.
554 2026 589 2057 In
613 2026 728 2056 eodem
751 2026 864 2067 quinto
889 2024 1021 2056 articulo
1046 2024 1182 2055 dubium
1196 2023 1333 2055 occurrit
1349 2023 1429 2054 circa
1447 2023 1501 2053 illa

436 2069 550 2099 verba:
579 2070 674 2101 Ratio
703 2071 830 2102 virtutis
860 2070 1056 2111 theologicae
1089 2069 1231 2099 consistit
1262 2069 1293 2098 in
1327 2068 1386 2098 hoc
1417 2067 1502 2108 quod

436 2114 541 2144 Deum
557 2114 650 2145 habet
660 2125 723 2154 pro
739 2115 867 2146 obiecto.
889 2114 973 2152 Quia
987 2113 1148 2154 theologia
1165 2119 1272 2144 nostra
1287 2112 1380 2143 habet
1395 2112 1501 2142 Deum

437 2167 495 2198 pro
515 2158 651 2195 obiecto,
668 2166 704 2189 ut
727 2166 812 2200 patet
828 2159 859 2189 in
876 2158 1032 2199 principio
1052 2157 1175 2188 Primae
1193 2157 1292 2188 Partis
1307 2156 1333 2193 *,
1349 2163 1380 2188 et
1395 2163 1501 2187 tamen

437 2212 504 2234 non
527 2211 574 2234 est
596 2204 695 2234 virtus
719 2204 913 2244 theologica:
939 2202 1081 2243 alioquin
1099 2209 1202 2233 essent
1217 2209 1356 2243 quatuor
1371 2201 1502 2231 virtutes

436 2247 642 2288 theologicae.

492 2292 544 2323 Ad
559 2292 621 2324 hoc
637 2292 751 2323 dicitur
766 2292 856 2333 quod
870 2291 1032 2330 theologia
1048 2297 1156 2322 nostra
1170 2290 1203 2320 in
1220 2290 1347 2321 duobus
1363 2289 1468 2322 deficit
1483 2300 1502 2320 a

437 2336 558 2366 ratione
573 2336 697 2367 virtutis
716 2335 924 2376 theologicae.
949 2335 1057 2371 Primo
1074 2334 1159 2376 quia,
1177 2344 1252 2364 cum
1271 2333 1391 2364 differat
1407 2344 1424 2364 a
1440 2333 1501 2364 fide

437 2380 469 2410 in
493 2380 555 2411 hoc
579 2381 667 2421 quod
690 2379 767 2411 fides
791 2379 912 2421 perficit
927 2379 1122 2410 intellectum
1138 2384 1281 2419 respectu
1295 2385 1382 2409 actus
1397 2388 1501 2409 assen-

437 2424 546 2461 tiendi,
563 2424 724 2464 theologia
742 2431 850 2455 autem
872 2430 1015 2463 respectu
1032 2430 1119 2454 actus
1136 2422 1264 2459 sciendi,
1280 2422 1335 2464 qui
1350 2422 1503 2463 importat

437 2478 603 2500 assensum
625 2476 656 2500 et
679 2469 885 2505 evidentiam;
909 2475 940 2499 et
955 2475 1050 2498 iactus
1074 2467 1204 2508 quidem
1227 2467 1416 2497 assentiendi
1432 2477 1500 2507 per-

437 2513 537 2544 fectus
561 2514 701 2544 redditur
723 2524 761 2544 ex
783 2512 859 2549 fide,
883 2520 971 2543 actus
995 2518 1102 2543 autem
1130 2511 1248 2542 sciendi
1272 2521 1337 2542 non
1361 2511 1502 2542 redditur

437 2557 595 2598 perfectus
611 2568 648 2589 ex
663 2558 791 2590 scientia
810 2556 1006 2597 theologica3
1032 2565 1229 2597 consequens
1246 2562 1292 2586 est
1308 2556 1397 2596 quod
1413 2555 1501 2586 theo-

438 2601 522 2642 logia
546 2612 611 2632 non
636 2602 674 2633 sit
698 2602 805 2638 virtus,
831 2602 884 2631 sed
909 2599 1002 2632 fides:
1028 2607 1154 2640 oportet
1178 2599 1335 2640 siquidem
1352 2599 1500 2630 virtutem

438 2657 520 2687 opus
545 2657 639 2677 suum
664 2646 839 2686 perfectum
859 2646 997 2676 reddere.
1022 2644 1181 2680 Secundo,
1198 2643 1273 2685 quia
1289 2643 1390 2674 differt
1406 2643 1500 2674 etiam

437 2692 469 2721 in
490 2691 551 2723 hoc
575 2691 664 2733 quod
680 2689 752 2720 fidei
769 2699 914 2721 assensus
930 2689 1117 2720 terminatur
1131 2687 1313 2719 immediate
1330 2688 1368 2718 ad
1384 2688 1499 2724 Deum,

436 2735 616 2775 theologiae
631 2744 706 2765 vero
722 2734 861 2775 cognitio
878 2734 1064 2764 terminatur
1079 2733 1119 2763 ad
1135 2733 1240 2763 Deum
1257 2732 1401 2762 mediate.
1425 2731 1501 2763 Cre-

438 2780 543 2811 dimus
567 2789 706 2820 namque
726 2779 795 2810 Deo
813 2778 962 2809 revelanti
977 2788 1043 2809 non
1059 2777 1135 2818 quia
1149 2777 1308 2808 credimus
1323 2775 1426 2807 alteri:
1448 2786 1501 2806 co-

437 2823 622 2864 gnoscimus
645 2831 752 2855 autem
785 2823 890 2854 Deum
921 2823 996 2863 quia
1024 2821 1247 2862 cognoscimus
1273 2820 1400 2860 vestigia
1423 2819 1501 2856 eius,

438 2878 494 2899 seu
517 2869 624 2908 ipsum
647 2868 679 2898 in
702 2867 840 2908 vestigiis
864 2867 941 2898 eius.
967 2867 1007 2897 Et
1030 2866 1084 2902 sic,
1109 2865 1180 2896 licet
1203 2865 1364 2905 theologia
1380 2871 1410 2894 et
1425 2863 1502 2894 fides

439 2912 628 2943 conveniant
650 2911 682 2942 in
707 2911 842 2947 obiecto,
863 2911 1011 2942 differunt
1033 2918 1139 2941 tamen
1156 2909 1188 2940 in
1205 2910 1305 2940 modo
1329 2907 1502 2948 attingendi

438 2957 555 2996 ipsum,
580 2956 697 2986 scilicet
720 2956 855 2986 mediate
871 2956 920 2986 vel
943 2954 1135 2990 immediate,
1154 2954 1330 2984 secundum
1346 2952 1502 2983 rationem

439 3001 559 3041 proprii
575 3007 672 3031 actus.
689 3000 730 3031 Et
745 3007 910 3040 propterea
929 2999 1090 3039 theologia
1106 3005 1214 3029 nostra
1229 2998 1262 3029 in
1276 2998 1334 3028 hac
1349 2997 1413 3027 vita
1429 3006 1502 3036 pro-

439 3051 508 3085 pter
532 3051 700 3085 utramque
723 3054 860 3080 causam,
878 3045 910 3074 in
927 3043 1026 3083 patria
1050 3050 1158 3074 autern
1177 3049 1306 3083 propter
1320 3041 1502 3076 secundam,

440 3099 506 3120 non
523 3096 568 3120 est
582 3088 681 3119 virtus
698 3088 886 3128 theologica.
903 3105 921 3110 —
939 3087 1026 3118 Licet
1042 3094 1150 3127 posset
1166 3087 1226 3117 dici
1244 3086 1332 3128 quod
1349 3095 1501 3116 numerus

439 3133 593 3163 virtutum
616 3132 868 3172 theologicarum
892 3142 957 3162 non
981 3131 1166 3171 intelligitur
1189 3130 1363 3171 assignatus
1387 3129 1445 3159 nisi
1470 3129 1501 3159 in

440 3177 595 3217 praesenti
617 3176 699 3207 vita:
724 3176 809 3206 iuxta
825 3176 903 3206 illud
920 3176 1067 3216 Apostoli
1083 3175 1114 3205 *z
1138 3175 1234 3206 Nunc
1249 3179 1355 3205 autem
1373 3179 1503 3204 manent

429 3221 529 3263 fides,
553 3230 635 3262 spes,
659 3221 790 3251 caritas.

497 3266 548 3296 III.
575 3266 609 3296 In
635 3265 748 3295 eodem
772 3264 903 3294 articulo
927 3264 1040 3306 quinto
1066 3263 1200 3294 dubium
1224 3262 1360 3293 occurrit
1383 3272 1418 3292 ex
1435 3262 1502 3292 Du-

441 3310 555 3346 rando,
581 3319 621 3339 an
645 3319 716 3349 spes
736 3308 848 3338 habeat
877 3308 981 3338 Deum
1006 3318 1063 3348 pro
1088 3307 1213 3338 obiecto
1237 3306 1437 3342 immediato,
1463 3316 1501 3336 an

1552 348 1624 377 bere
1646 346 1752 376 Deum
1776 355 1834 386 pro
1858 345 1982 376 obiecto
2015 343 2197 385 principali,
2221 345 2366 386 quamvis
2396 343 2553 380 mediato;
2582 350 2613 374 et

1550 390 1640 431 quod
1663 390 1706 419 sic
1723 399 1793 429 spes
1810 389 1903 420 habet
1922 389 2043 424 Deum;
2068 389 2182 428 probat
2204 388 2379 429 dupliciter.
2402 388 2521 424 Primo,
2538 387 2613 428 quia

1551 434 1712 464 obiectum
1741 433 1807 473 spei
1835 439 1881 464 est
1909 433 2070 463 obiectum
2094 432 2211 462 amoris
2242 432 2525 473 concupiscentiae.
2551 431 2613 462 Sed

1549 478 1636 508 Deus
1659 487 1725 507 non
1749 484 1796 508 est
1818 477 1980 508 obiectum
2002 476 2225 507 immediatum
2247 477 2363 508 amoris
2387 475 2613 516 concupiscen-

1549 522 1620 552 tiae.
1652 521 1748 561 Ergo.
1772 539 1793 544 -
1816 521 1972 552 Probatur
1995 520 2111 551 minor.
2141 520 2226 556 Quia
2257 521 2344 551 Deus
2377 520 2553 551 secundum
2578 529 2611 550 se

1550 565 1706 596 amandus
1731 573 1777 597 est
1799 575 1908 596 amore
1932 564 2096 600 amicitiae,
2122 570 2152 594 et
2175 570 2304 603 propter
2327 574 2370 601 se,
2394 574 2461 594 non
2484 570 2615 604 propter

1551 618 1626 639 nos:
1651 609 1738 649 quod
1754 615 1861 640 autem
1877 607 2142 648 concupiscimus,
2158 614 2287 647 propter
2302 617 2362 638 nos
2376 617 2531 644 amamus,
2549 617 2614 638 non

1550 659 1681 693 propter
1696 662 1738 683 se.

1602 697 1759 732 Secundo,
1775 697 1850 737 quia
1864 696 1950 727 idem
1966 703 2013 727 est
2027 695 2188 726 obiectum
2204 694 2419 725 delectationis
2439 702 2470 726 et
2485 695 2561 735 spei,
2579 694 2615 725 Ii-

1550 748 1599 771 cet
1612 740 1834 778 diversimode,
1850 740 1968 772 scilicet
1981 749 2128 781 praesens
2142 739 2192 769 vel
2207 738 2362 771 futurum.
2378 738 2439 769 Sed
2455 739 2615 770 obiectum

1551 785 1767 816 delectationis
1789 785 2010 815 immediatum
2029 784 2061 814 in
2086 783 2186 824 patria
2209 792 2275 813 non
2293 789 2339 813 est
2357 783 2454 819 Deus,
2471 783 2526 813 sed
2542 784 2614 813 bea-

1549 829 1653 861 titudo
1681 829 1822 860 formalis
1838 829 1864 860 *.
1882 829 1966 869 Ergo
1983 828 2145 859 beatitudo
2162 827 2305 857 formalis
2329 833 2375 857 est
2389 826 2612 858 immediatum

1552 874 1713 904 obiectum
1737 874 1818 914 spei;
1845 880 1875 904 et
1898 872 2055 903 mediante
2082 872 2150 912 ipsa
2180 871 2267 901 Deus
2291 878 2338 901 est
2360 870 2427 901 eius
2451 870 2613 901 obiectum

1551 918 1734 959 principale,
1752 918 1826 959 quia
1849 917 2011 948 beatitudo
2036 915 2177 947 formalis
2200 915 2294 946 habet
2314 915 2469 945 rationem
2485 914 2529 945 rei
2545 924 2616 955 spe-

1552 963 1666 994 randae
1690 969 1726 993 ut
1749 969 1795 993 est
1817 962 1876 993 Dei
1900 961 2062 992 obiective.

1609 1007 1661 1037 IV.
1679 1007 1777 1044 Quod
1793 1013 1899 1037 autem
1911 1005 2094 1046 proximum
2111 1010 2142 1034 et
2164 1003 2386 1034 immediatum
2402 1002 2617 1034 delectationis

1553 1051 1715 1082 obiectum
1738 1051 1771 1080 in
1795 1050 1895 1091 patria
1918 1059 1984 1080 non
2009 1049 2048 1080 sit
2071 1049 2172 1083 Deus,
2197 1047 2252 1077 sed
2274 1047 2437 1078 beatitudo
2462 1045 2614 1082 formalis,

1552 1096 1667 1136 probat
1688 1095 1778 1137 ideni
1797 1094 1830 1124 in
1845 1095 1858 1124 1
1874 1094 1974 1130 Sent.,
1997 1093 2066 1124 dist.
2088 1093 2131 1128 1*,
2156 1091 2381 1132 multipliciter.
2406 1092 2524 1127 Primo,
2541 1090 2617 1131 quia
2642 1097 2649 1104 ·

1553 1139 1714 1170 obiectum
1737 1137 1959 1168 immediatum
1982 1136 2099 1167 amoris
2123 1135 2397 1175 concupiscentiae
2421 1146 2488 1167 non
2504 1143 2550 1166 est
2568 1144 2616 1165 res

1553 1183 1695 1213 subiecto
1719 1182 1864 1212 distincta
1880 1182 1919 1212 ab
1936 1191 1975 1212 eo
1990 1181 2041 1212 cui
2060 1179 2307 1219 concupiscitur:
2329 1180 2494 1212 delectatio
2509 1186 2617 1211 autem

1553 1227 1593 1259 ad
1608 1236 1752 1264 amorem
1768 1225 2041 1266 concupiscentiae
2059 1230 2195 1265 spectat:
2213 1233 2298 1263 ergo.
2311 1240 2333 1247 -
2346 1224 2450 1255 Maior
2463 1224 2617 1266 probatur

1554 1270 1729 1311 dupliciter.
1747 1268 1934 1300 Inductione
1949 1268 2068 1309 primo:
2089 1267 2164 1309 quia
2181 1267 2408 1308 concupiscens
2422 1268 2535 1300 vinum
2550 1276 2617 1299 non

1553 1315 1671 1355 ipsum,
1688 1314 1742 1345 sed
1759 1323 1855 1345 usum
1871 1313 1938 1344 eius
1958 1311 2163 1352 concupiscit,
2180 1317 2211 1341 et
2229 1311 2272 1341 sic
2287 1312 2325 1341 de
2340 1311 2408 1342 aliis
2423 1311 2615 1353 cenapium

1554 1369 1628 1399 ergo
1652 1358 1810 1389 mediante
1834 1367 1904 1394 usu,
1922 1357 1971 1387 vel
1987 1357 2095 1398 aliquo
2115 1355 2311 1386 huiusmodi.
2334 1355 2472 1394 >Ratione
2487 1354 2617 1387 deindo:

1553 1404 1629 1445 quia
1652 1413 1719 1434 non
1743 1401 1999 1442 concupiscimus
2022 1401 2081 1431 nisi
2105 1401 2229 1431 bonum
2244 1407 2406 1437 nostrum;
2430 1401 2485 1431 sed
2509 1399 2618 1430 distin-

1555 1455 1642 1480 ctum
1657 1447 1799 1479 subiecto
1813 1457 1880 1478 non
1895 1453 1941 1477 est
1956 1447 2080 1477 bonum
2095 1451 2242 1475 nostrum
2257 1444 2318 1475 nisi
2333 1445 2493 1476 mediante
2509 1443 2617 1485 aliquo

1554 1500 1625 1523 actu
1649 1502 1714 1533 quo
1739 1491 1832 1522 nobis
1856 1490 2073 1530 coniungitur;
2100 1499 2184 1529 ergo.
2204 1506 2222 1511 -
2242 1487 2348 1520 Minor
2371 1496 2478 1520 autem
2502 1488 2619 1529 princi·

1554 1537 1647 1578 palis,
1672 1535 1790 1567 scilicet
1812 1535 1901 1576 quod
1925 1534 2089 1565 delectatio
2114 1534 2152 1564 de
2174 1533 2245 1563 Deo
2269 1539 2388 1573 spectat
2411 1534 2452 1564 ad
2475 1542 2618 1564 amorem

1554 1580 1844 1622 concupiscentiae,
1868 1580 2030 1620 probatur.
2055 1578 2139 1616 Quia
2163 1577 2329 1608 delectatio
2354 1577 2392 1608 de
2415 1577 2485 1608 Deo
2508 1576 2617 1608 habito

1554 1632 1610 1656 aut
1632 1631 1752 1665 spectat
1774 1624 1813 1654 ad
1837 1633 1979 1654 amorem
1998 1622 2247 1658 benevolentiae,
2265 1629 2319 1652 aut
2334 1620 2617 1662 concupiscentiae.

1553 1671 1627 1700 Non
1644 1668 1896 1700 benevolentiae:
1921 1668 1997 1709 quia
2013 1667 2178 1698 delectatio
2194 1666 2432 1697 benevolentiae
2447 1667 2619 1706 respondet

1554 1714 1710 1748 desiderio
1734 1713 1773 1744 de
1789 1713 1868 1749 Deo,
1885 1712 1936 1743 cui
1951 1712 2076 1743 fatuum
2093 1718 2139 1742 est
2157 1710 2332 1741 desiderare
2348 1710 2479 1751 aliquod
2494 1711 2619 1742 bonum

1553 1759 1587 1789 in
1610 1758 1726 1798 seipso.
1752 1757 1840 1793 Item,
1865 1766 1955 1787 amor
1977 1756 2096 1786 habens
2119 1765 2177 1795 pro
2202 1754 2326 1786 obiecto
2351 1754 2477 1785 formali
2493 1755 2618 1786 bonum

1554 1802 1630 1833 utile
1653 1802 1704 1833 vel
1727 1801 1908 1832 delectabile
1939 1807 1985 1831 est
2014 1810 2104 1830 amor
2127 1798 2418 1839 concupiscentiae:
2449 1798 2493 1830 sic
2516 1805 2563 1830 est
2585 1798 2619 1829 in

1554 1846 1736 1887 proposito:
1763 1855 1848 1885 ergo.

1610 1890 1758 1922 Secundo
1781 1888 2003 1930 principaliter.
2028 1888 2117 1918 Idem
2144 1893 2191 1918 est
2213 1887 2375 1918 obiectum
2396 1886 2619 1919 immediatum

1555 1934 1771 1966 delectationis
1794 1940 1825 1964 et
1848 1933 2001 1964 desiderii.
2034 1932 2095 1963 Sed
2119 1931 2280 1962 obiectum
2310 1930 2454 1962 desiderii
2483 1941 2550 1962 non
2573 1937 2621 1962 est

1554 1981 1641 2012 Deus
1665 1979 1842 2010 secundum
1865 1988 1908 2008 se.
1938 1977 2112 2008 Probatur:
2137 1976 2212 2017 quia
2239 1982 2286 2006 est
2313 1975 2434 2017 aliquid
2457 1975 2619 2012 futurum3

1554 2025 1609 2055 sed
1632 2024 1720 2055 Deus
1743 2022 1920 2054 secundum
1943 2032 1975 2052 se
2000 2031 2065 2052 non
2089 2027 2135 2052 est
2158 2020 2293 2051 futurus.
2318 2020 2413 2060 Ergo.

1609 2068 1731 2099 Tertio.
1755 2066 1904 2098 Damnati
1929 2075 2054 2097 summe
2077 2065 2239 2096 tristantur
2261 2065 2300 2095 de
2323 2064 2393 2095 Deo
2417 2073 2483 2094 non
2507 2073 2616 2095 secun-

1555 2113 1633 2144 dum
1650 2122 1692 2149 se,
1710 2112 1765 2142 sed
1781 2112 1819 2142 de
1836 2111 1970 2141 carentia
1985 2109 2115 2140 visionis
2131 2109 2265 2139 divinae.
2290 2109 2375 2149 Ergo
2396 2107 2478 2139 beati
2494 2106 2619 2139 summe

1554 2157 1693 2197 gaudent
1717 2166 1782 2186 non
1807 2156 1845 2186 de
1868 2155 1938 2186 Deo
1962 2154 2138 2185 secundum
2161 2163 2203 2190 se,
2228 2153 2283 2183 sed
2306 2153 2345 2183 de
2367 2152 2490 2183 visione
2513 2152 2618 2183 divina

1554 2201 1746 2232 immediate.
1771 2200 1811 2230 Et
1834 2206 1920 2230 tenet
1942 2198 2085 2240 sequela:
2111 2197 2186 2238 quia
2204 2198 2291 2228 Deus
2307 2197 2484 2228 secundum
2501 2206 2533 2229 se
2549 2207 2616 2228 non

1555 2252 1601 2277 est
1623 2246 1729 2276 bonus
1751 2243 1849 2275 beatis
1869 2243 1928 2274 nisi
1944 2243 2065 2274 ratione
2081 2241 2212 2282 praemii
2228 2242 2316 2282 quod
2332 2241 2441 2277 infert;
2466 2241 2547 2272 sicut
2561 2251 2620 2272 nec

1555 2290 1658 2320 malus
1682 2288 1837 2319 damnatis
1861 2287 1920 2318 nisi
1945 2287 2064 2318 ratione
2088 2286 2163 2316 mali
2186 2296 2309 2326 poenae
2333 2295 2430 2326 quarn
2453 2285 2555 2316 infert.

1610 2334 1743 2371 Quarto,
1767 2332 1843 2373 quia
1865 2331 2099 2370 delectationes,
2123 2330 2300 2361 secundum
2323 2329 2568 2370 Philosophum,
2589 2329 2619 2360 X

1553 2378 1657 2409 Ethic.
1673 2377 1699 2413 *‚
1725 2376 1963 2416 distinguuntur
1985 2375 2163 2406 secundum
2186 2373 2386 2414 operationes
2410 2383 2489 2414 quas
2509 2383 2618 2404 conse-

1554 2428 1713 2464 quuntur;
1737 2428 1768 2451 et
1797 2420 1974 2451 secundum
2002 2430 2053 2450 eas
2083 2419 2263 2449 iudicantur
2295 2419 2397 2449 bonae
2424 2418 2474 2448 vel
2504 2418 2616 2449 malae.

1553 2467 1638 2507 Ergo
1654 2466 1726 2496 illae
1741 2465 1942 2505 operationes
1959 2471 2032 2494 sunt
2049 2473 2161 2495 causae
2178 2473 2298 2494 earum.
2318 2463 2358 2494 Et
2373 2472 2440 2493 non
2456 2462 2516 2493 nisi
2532 2462 2618 2493 obie—

1554 2511 1643 2541 ctive.
1668 2510 1752 2549 Ergo
1777 2509 1939 2540 obiectum
1962 2508 2146 2549 proximum
2169 2507 2385 2538 delectationis
2401 2513 2447 2537 est
2463 2506 2617 2548 operatiO.

1610 2554 1743 2591 Quinto,
1760 2553 1814 2584 sic.
1836 2553 2060 2584 Immediatum
2083 2552 2245 2583 obiectum
2260 2551 2474 2582 delectationis
2490 2558 2536 2582 est
2551 2558 2620 2582 tan—

1554 2598 1725 2629 tammodo
1742 2597 1909 2638 proprium
1926 2597 2009 2628 illius
2026 2597 2081 2638 qui
2098 2597 2278 2627 delectatur.
2303 2595 2387 2636 Ergo
2414 2605 2478 2625 non
2501 2601 2547 2626 est
2567 2594 2620 2626 ali-

1554 2643 1631 2684 quid
1648 2642 1789 2673 subiecto
1808 2641 1990 2672 distinctum
2003 2642 2041 2672 ab
2059 2650 2097 2672 eo
2113 2640 2167 2681 qui
2186 2641 2366 2671 delectatur.
2377 2641 2619 2680 -Assumptum

1554 2687 1706 2727 probatur
1729 2696 1765 2716 ex
1789 2686 1859 2716 VIII
1891 2686 1994 2716 Ethic.
2017 2685 2049 2715 *z
2074 2685 2220 2715 Amabile
2241 2684 2368 2725 quidem
2393 2684 2521 2721 bonum,
2547 2684 2618 2714 um·-

1554 2732 1666 2771 cuique
1682 2735 1788 2760 autem
1801 2731 1982 2770 proprium.
1994 2747 2014 2752 -
2024 2729 2261 2769 Consequentia
2274 2729 2427 2768 probatur
2441 2727 2617 2768 dupliciter.

1554 2774 1671 2810 Primo,
1688 2774 1763 2814 quia
1786 2774 1825 2804 ad
1848 2773 2089 2804 delectationem
2120 2772 2362 2813 praeexiguntur
2395 2772 2477 2802 duo:
2503 2771 2620 2802 scilicet

1555 2818 1738 2849 consecutio
1771 2817 1848 2848 boni
1877 2817 2013 2858 proprii;
2038 2824 2069 2848 et
2099 2817 2238 2857 cognitio
2267 2816 2419 2847 eiusdem.
2452 2815 2617 2852 Secundo,

1554 2863 1629 2904 quia
1644 2862 1835 2893 conveniens
1852 2861 1995 2902 pluribus
2019 2861 2061 2892 ita
2084 2861 2173 2902 quod
2197 2860 2252 2891 uni
2281 2859 2455 2890 formaliter
2478 2866 2508 2890 et
2532 2859 2620 2891 alteri

1555 2906 1814 2937 denominatione
1838 2906 2024 2942 extrinseca,
2050 2905 2129 2935 nulli
2153 2904 2301 2943 convenit
2324 2903 2383 2934 nisi
2411 2903 2532 2934 ratione
2555 2903 2619 2934 for-

1555 2951 1645 2982 malis
1677 2950 1959 2981 denominationis:
1986 2957 2021 2980 ut
2044 2956 2129 2990 patet
2153 2949 2190 2979 de
2214 2959 2292 2979 sano
2315 2949 2348 2979 in
2371 2948 2500 2979 animali
2533 2954 2564 2979 et
2586 2948 2619 2978 in

1556 2995 1711 3026 medicina
1728 3002 1757 3026 et
1775 2995 1875 3026 urina.
1902 2994 1962 3025 Sed
1987 3004 2053 3025 esse
2073 2994 2195 3024 bonum
2215 2993 2356 3024 hominis
2377 2992 2524 3024 convenit
2547 2992 2618 3023 sub-

1554 3040 1636 3071 iecto
1663 3039 1850 3070 indistinctis
1874 3040 1912 3069 ab
1936 3049 1974 3069 eo
1999 3038 2181 3074 formaliter,
2206 3037 2358 3068 distinctis
2382 3043 2490 3068 autem
2516 3035 2620 3067 subie-

1555 3092 1605 3115 cto
1631 3083 1890 3115 denominatione
1920 3083 2104 3114 extrinseca:
2130 3082 2179 3112 sol
2209 3082 2294 3112 enim
2319 3088 2364 3112 est
2388 3081 2492 3112 bonus
2525 3080 2618 3121 frige-

1555 3128 1651 3159 scenti
1667 3128 1839 3164 causaliter,
1857 3128 1943 3158 calor
1959 3134 2065 3157 autem
2089 3137 2106 3157 a
2123 3126 2189 3157 sole
2204 3126 2236 3156 in
2253 3126 2309 3156 illo
2326 3132 2471 3156 causatus
2491 3131 2538 3155 est
2560 3125 2619 3155 bo-

1555 3182 1615 3203 nus
1639 3172 1683 3203 illi
1708 3172 1896 3208 formaliter,
1918 3178 1948 3202 et
1972 3171 2015 3202 sie
2037 3171 2075 3201 de
2100 3170 2176 3201 aliis.
2202 3171 2287 3210 Ergo
2318 3179 2384 3200 esse
2415 3170 2538 3199 bonum
2562 3168 2618 3199 ho-

1555 3217 1649 3247 minis
1673 3227 1739 3246 non
1764 3215 1911 3247 convenit
1934 3216 2013 3252 Deo,
2040 3223 2094 3246 aut
2118 3215 2309 3255 cuicumque
2329 3219 2473 3254 separato
2497 3213 2536 3244 ab
2559 3212 2618 3242 ho-

1556 3261 1656 3296 mine,
1688 3261 1747 3291 nisi
1777 3260 1899 3291 ratione
1930 3259 2071 3290 formalis
2101 3259 2250 3290 bonitatis
2280 3258 2313 3288 in
2343 3257 2484 3289 homine.
2515 3257 2619 3287 Immo

1556 3306 1646 3345 plus:
1673 3305 1761 3345 quod
1790 3304 1870 3336 sicut
1901 3314 1964 3335 una
1995 3314 2130 3335 numero
2154 3303 2287 3339 sanitas,
2319 3312 2400 3343 quae
2431 3300 2547 3333 scilicet
2573 3307 2620 3330 est

441 3354 544 3384 solum
575 3363 633 3394 pro
662 3353 786 3383 obiecto
816 3352 989 3392 principali.
1022 3353 1062 3382 Et
1085 3351 1241 3382 clauditur
1263 3351 1295 3381 in
1319 3351 1381 3380 hoc
1405 3350 1502 3380 dubio
1555 3350 1588 3380 in
1613 3349 1756 3385 animali,
1781 3356 1827 3380 est
1848 3359 1865 3379 a
1889 3359 1952 3389 qua
1976 3348 2084 3378 omnia
2113 3348 2261 3378 dicuntur
2285 3355 2374 3382 sana;
2401 3345 2443 3375 sic
2474 3354 2539 3374 non
2571 3350 2617 3374 est

440 3398 539 3434 aliud,
565 3407 604 3428 an
628 3397 667 3427 ad
690 3397 839 3427 virtutem
867 3396 1079 3436 theologicam
1103 3395 1237 3426 sufficiat
1261 3395 1374 3425 habere
1397 3395 1502 3424 Deum
1556 3394 1616 3424 alia
1639 3393 1763 3424 bonitas
1787 3403 1850 3433 qua
1873 3393 1960 3423 Deus
1980 3392 2093 3423 dicitur
2116 3393 2238 3422 bonurn
2263 3390 2419 3426 hominis,
2444 3395 2475 3419 et
2498 3388 2545 3418 sol
2569 3387 2619 3418 vel

441 3452 499 3482 pro
523 3442 648 3472 obiecto
673 3440 847 3481 principali,
872 3439 1017 3481 quamvis
1042 3440 1190 3470 mediato.
1216 3439 1386 3469 Durandus
1408 3438 1502 3479 siqui-

441 3486 523 3521 dem,
541 3486 571 3515 in
591 3486 629 3515 III
647 3485 745 3523 Sent.,
765 3484 833 3515 dist.
858 3495 936 3520 xxvr,
954 3491 1009 3514 art.
1029 3494 1056 3519 2,
1074 3491 1183 3514 tenens
1206 3483 1294 3524 quod
1314 3482 1426 3513 sufficit
1449 3483 1502 3512 ha-

1556 3437 1637 3478 ignis
1661 3438 1765 3468 bonus
1814 3436 2005 3476 frigescenti,
2041 3446 2139 3477 quam
2176 3435 2300 3466 bonitas
2338 3443 2400 3474 qua
2432 3433 2541 3463 beatus
2573 3438 2620 3462 est

1556 3483 1661 3512 bonus
1690 3481 1860 3512 formaliter
1887 3488 1917 3512 et
1946 3480 2113 3521 frigescens
2136 3480 2217 3510 bene
2244 3489 2276 3509 se
2300 3477 2401 3508 habet.
2434 3476 2520 3507 Deus
2544 3485 2619 3516 ergo

2642 833 2652 844 ⁸
2661 831 2716 854 Vid.
2728 837 2793 854 nam.
2801 838 2852 860 seq.

2643 2381 2797 2432 Ῐὲῗῗὶιῖἰῗοξ
2804 2387 2858 2430 33¹3:

2645 2688 2655 2700 ’
2671 2687 2728 2716 Cap.
2750 2693 2775 2714 n,
2793 2693 2816 2709 n.
2831 2693 2857 2713 23

2646 2720 2786 2764 §fei-‘hrl’eexfs
2794 2721 2858 2767 tif—v:
