2892 4056
205 1088 215 1098 ”
230 1088 299 1109 Num,
315 1094 339 1108 ιι.

446 183 495 217 42
1162 152 1436 215 QUAESTlo*
1457 171 1524 217 111,
1554 171 1848 207 ARTlcULUs
1879 172 1909 206 11

502 248 533 278 Si
558 256 664 279 autem
689 259 752 279 non
778 249 816 279 sit
839 250 887 279 lex
911 258 1014 289 neque
1038 248 1255 283 consuetudo;
1280 255 1335 278 aut
1359 258 1424 279 non
1448 259 1510 279 ser-

447 299 537 322 vatur
561 293 598 322 ab
623 293 781 328 omnibus,
803 294 855 323 sed
881 303 897 322 a
921 292 1029 323 multis
1054 298 1193 322 servatur
1217 298 1247 322 et
1270 302 1288 322 a
1311 292 1420 328 multis
1444 303 1509 323 non

447 343 602 366 servatur:
627 343 702 366 tunc
726 343 830 376 potest
852 336 934 366 licite
958 336 1102 366 omittere
1126 335 1186 366 tale
1202 335 1329 375 signum
1354 343 1389 366 ut
1413 337 1509 367 salvet

447 380 505 410 sibi
528 380 624 409 vitam
648 379 862 419 corporalem;
888 380 962 420 quia
986 387 1062 410 tunc
1086 389 1145 409 suo
1170 379 1359 421 relinquitur
1382 379 1509 411 arbitrio

446 434 486 453 an
506 423 704 453 manifestare
727 424 802 454 velit
825 423 988 463 propriam
1010 422 1116 453 fidem.
1141 422 1182 453 Et
1207 422 1288 454 sicut
1304 433 1370 454 non
1386 430 1511 454 tenetur

447 475 522 497 tunc
545 468 640 497 verbo
666 467 765 497 dicere
790 477 821 497 se
846 467 1072 502 Christianum,
1090 467 1132 497 ita
1148 476 1205 497 nec
1224 467 1287 497 alio
1304 467 1405 507 signo.

501 511 651 541 Similiter
667 511 691 541 si
709 511 757 541 lex
780 518 835 542 aut
859 511 1058 541 consuetudo
1075 510 1115 540 sit
1129 521 1195 541 non
1219 511 1259 541 ad
1277 511 1508 551 professionem

445 553 518 584 fidei
542 555 697 590 ordinata,
724 555 777 584 sed
801 555 840 584 ad
860 555 1026 594 politicum
1050 555 1188 590 bonum,
1212 565 1324 585 verum
1347 556 1396 589 yel
1420 555 1509 586 aesti-

446 606 586 634 matum,
612 606 688 637 puta
712 599 751 628 ad
773 598 975 638 punitionem
1001 599 1050 628 vel
1074 598 1276 630 evitationem
1301 609 1432 636 eorum,
1456 606 1511 630 aut

445 643 484 672 ad
509 643 684 672 cavendum
708 643 746 671 ab
771 642 828 678 eis,
855 649 908 673 aut
927 642 1046 683 aliquid
1070 642 1256 673 huiusmodi
1265 651 1272 679 ;
1299 650 1334 673 ut
1357 643 1512 682 contingit

445 685 567 716 ludaeis
591 685 670 716 inter
694 685 890 716 Christianos
914 687 968 716 ubi
993 693 1119 726 oportet
1138 696 1192 716 eos
1209 686 1300 726 signo
1324 686 1432 727 aliquo
1449 687 1510 716 dis-

445 730 538 765 cerni,
556 739 621 759 non
645 730 684 759 ad
699 730 931 769 professionem
952 740 1028 760 suae
1049 729 1132 766 fidei,
1149 731 1204 760 sed
1227 737 1262 760 ut
1277 737 1510 770 cognoscantur

445 781 475 804 et
498 783 604 804 cavere
629 774 789 813 possimus
812 775 851 804 ab
876 774 939 810 eis,
973 782 1003 805 et
1031 774 1063 804 in
1088 775 1249 814 quandam
1279 774 1375 805 etiam
1398 784 1511 805 eorum

444 827 596 857 poenam:
622 818 744 848 licitum
768 825 823 854 est,
841 819 880 848 ad
904 819 1088 848 salvandam
1110 818 1217 855 vitam,
1235 828 1299 849 non
1317 819 1362 849 uti
1377 819 1417 849 ad
1432 826 1508 849 tem-

444 872 507 903 pus
521 861 574 892 tali
592 862 683 901 signo
701 862 750 891 vel
765 869 860 893 veste.
886 862 1050 899 Quoniam
1074 863 1151 893 haec
1171 873 1236 892 non
1251 863 1309 892 nisi
1327 862 1510 903 regulariter

443 906 549 946 ligant,
568 905 647 936 sicut
662 913 780 936 ceterae
797 906 915 937 similes
932 907 1015 946 leges
1033 914 1063 937 et
1079 906 1324 938 consuetudines
1346 907 1508 948 positivae.

443 951 484 981 Et
500 950 685 980 huiusmodi
710 951 842 981 omissio
866 961 931 981 non
957 958 1075 990 spectat
1099 951 1138 980 ad
1158 951 1366 981 omissionem
1389 951 1510 991 profes-

444 994 541 1024 sionis
564 994 637 1025 fidei
661 995 843 1034 simpliciter
862 1002 892 1025 et
916 995 1046 1026 directe:
1077 995 1131 1025 sed
1155 1005 1191 1026 ex
1216 995 1421 1036 consequenti
1445 1002 1510 1026 tan-

443 1046 522 1074 tum,
548 1046 578 1069 et
601 1049 657 1079 per
680 1039 765 1070 istud
788 1040 915 1079 signum
939 1050 1005 1069 non
1029 1039 1249 1070 necessarium.

499 1083 594 1114 Secus
618 1090 739 1120 autem,
770 1091 805 1114 ut
829 1084 950 1114 dictum
973 1091 1019 1115 est
1035 1083 1069 1120 ³²,
1094 1080 1265 1114 dicendum
1290 1091 1335 1114 est
1358 1084 1398 1113 de
1421 1093 1509 1113 assu-

443 1134 548 1159 mente
573 1127 698 1168 signum
719 1128 838 1158 alienae
861 1127 944 1164 fidei,
962 1135 1039 1168 puta
1063 1128 1153 1168 signo
1179 1127 1371 1158 Iudaeorum
1391 1134 1508 1158 utente.

443 1171 607 1209 Quoniam
630 1179 739 1212 peccat
756 1173 867 1212 procul
884 1172 983 1202 dubio
1008 1173 1181 1202 mortaliter
1204 1171 1384 1212 profitendo
1406 1181 1438 1201 se
1463 1171 1511 1201 Iu-

443 1217 568 1246 daeum.
594 1216 757 1253 Quoniam
782 1217 837 1247 etsi
862 1227 927 1247 non
952 1217 991 1247 sit
1014 1216 1195 1246 institutum
1219 1215 1347 1254 signum
1370 1214 1449 1244 illud
1469 1214 1510 1244 ad

442 1261 673 1301 professionem
701 1260 774 1291 fidei
797 1260 955 1296 iudaicae,
986 1260 1120 1290 includit
1143 1266 1248 1289 tamen
1278 1258 1510 1298 professionem

441 1305 541 1340 illius,
566 1305 609 1335 ita
632 1306 720 1346 quod
750 1311 872 1335 constat
895 1314 1026 1335 omnem
1050 1310 1192 1334 utentem
1216 1303 1272 1332 illo
1305 1301 1444 1342 profiteri
1478 1311 1510 1332 se

443 1350 595 1380 Iudaeum
619 1349 673 1379 tali
689 1349 790 1389 signo.
814 1349 889 1379 Non
913 1354 1037 1379 constat
1060 1354 1167 1378 autem
1191 1356 1323 1377 omnem
1339 1356 1405 1376 non
1422 1352 1510 1376 uten-

442 1401 506 1424 tem
530 1394 585 1424 illo
610 1403 675 1423 non
699 1392 839 1432 profiteri
863 1402 895 1422 se
920 1393 1084 1423 Iudaeum.
1114 1392 1155 1422 Et
1178 1391 1321 1422 similiter
1343 1400 1409 1421 non
1434 1399 1510 1420 con-

442 1445 535 1468 staret
555 1437 755 1468 omittentem
780 1437 825 1467 uti
849 1437 940 1477 signo
957 1435 1215 1467 Christianorum
1239 1434 1380 1475 profiteri
1396 1444 1429 1464 se
1445 1443 1510 1464 non

443 1481 669 1512 Christianum.

495 1526 562 1556 Nec
586 1527 689 1557 obstat
712 1525 737 1555 si
762 1531 928 1565 propterea
951 1524 1087 1555 creditur
1111 1533 1177 1554 non
1193 1523 1402 1554 Christianus.
1421 1522 1511 1559 Quo-

1536 252 1538 287 ξ
1564 248 1648 278 niam
1681 258 1746 277 non
1777 255 1900 280 tenetur
1927 248 2123 279 Christianus
2154 250 2195 284 ad
2217 250 2277 280 hoc
2308 257 2343 281 ut
2365 251 2405 281 sit
2428 251 2625 282 Christianus

1564 291 1748 322 manifestus
1776 291 1835 321 nisi
1860 301 1918 331 pro
1947 292 2021 322 loco
2045 299 2075 323 et
2098 299 2255 333 tempore,
2281 295 2410 335 quando
2434 295 2550 327 scilicet
2579 302 2626 327 est

1537 350 1538 353 ¹
1563 345 1698 366 necesse.
1738 335 1852 365 Beatus
1882 334 1968 365 enim
1999 331 2220 376 Sebastianus,
2248 339 2377 378 quando
2409 346 2473 369 erat
2501 339 2625 370 occulte

1563 379 1769 415 Christianus,
1786 379 1901 409 sciebat
1917 379 2005 420 quod
2029 378 2080 409 alii
2096 379 2261 411 credebant
2279 390 2353 412 eum
2368 391 2432 414 non
2451 392 2517 413 esse
2535 383 2624 414 Chri-

1563 424 1717 454 stianum:
1738 430 1769 453 et
1787 432 1854 454 non
1877 433 1989 454 curans
2007 423 2045 453 de
2062 422 2122 453 hoc
2147 424 2186 454 ad
2202 428 2337 486 tempus,
2354 434 2483 466 propter
2501 427 2625 457 bonum

1563 467 1674 503 finem,
1700 477 1766 497 non
1789 467 1939 507 peccavit.

1621 512 1672 542 Ad
1694 511 1908 543 obiectionern
1932 511 1971 541 de
1995 511 2107 542 clerico
2126 510 2144 529 ⁴*
2164 511 2277 542 dicitur
2299 514 2406 553 quod,
2437 514 2463 544 si
2493 513 2661 544 clericus·
2675 522 2744 544 Num.
2760 528 2776 545 ι.

1563 556 1659 586 verbo
1682 556 1732 586 vel
1756 555 1838 586 facto
1862 555 2047 586 mentiretur
2071 565 2103 585 se
2126 556 2260 592 laicum,
2291 565 2442 601 peccaret.
2472 557 2533 588 Sed
2557 567 2624 588 non

1563 604 1683 631 utendo
1708 600 1798 640 signo
1823 598 2028 650 clericorum,
2063 598 2178 630 scilicet
2200 607 2331 631 tonsura
2360 608 2390 631 et
2417 601 2623 638 huiusmodi,

1563 651 1692 684 propter
1708 644 1890 674 salvandam
1913 644 1944 674 in
1969 643 2018 674 via
2039 644 2149 679 vitam,
2166 651 2331 675 excusatur
2350 645 2401 678 ab
2405 645 2625 676 observatione

1562 689 1655 729 legis:
1681 688 1757 729 quia
1779 688 1828 718 lex
1851 688 1986 728 positiva
2009 697 2075 718 non
2099 687 2218 727 obligat
2241 686 2281 718 ad
2303 686 2361 719 ista
2384 683 2493 729 signa
2486 699 2519 719 in
2535 689 2625 720 omni

1563 743 1647 769 casu,
1664 733 1719 763 sed
1736 732 1927 772 regulariter.
1951 733 2044 763 Unde
2067 732 2162 762 etiam
2185 730 2374 763 infirmitatis
2393 733 2495 772 gratia
2507 734 2626 764 omissa

1563 778 1651 818 signa
1679 777 1739 809 ista
1768 786 1833 808 non
1865 776 2022 808 inducunt
2054 776 2337 816 transgressionem
2357 776 2520 817 legis..1n
2550 782 2625 813 casu

1563 829 1670 853 autem
1693 820 1870 862 proposito,
1892 821 1920 864 si
1943 821 1992 852 lex
2014 827 2069 852 aut
2093 821 2291 852 consuetudo
2316 828 2435 859 servata
2454 807 2497 852 ab
2521 821 2625 853 omni·

1562 867 1621 897 bus
1645 865 1750 906 exigit,
1775 875 1865 896 casus
1889 861 1936 896 est
1959 865 2149 896 necessitatis
2173 872 2208 895 ut
2232 875 2322 896 suam
2346 863 2418 906 quis
2439 861 2627 905 profiteatur

1562 910 1616 941 tali
1641 910 1731 950 signo
1751 909 1858 940 fid'em.
2576 930 2578 934 .

1621 954 1672 986 IV.
1697 955 1733 985 In
1749 953 1958 994 responsione
1973 953 2012 983 ad
2036 953 2177 993 primum
2195 952 2336 983 eiusdem
2357 952 2488 983 secundi
2504 952 2626 983 articuli

1563 999 1697 1030 dubium
1721 998 1858 1029 occurrit
1889 997 2102 1033 novitiorum,
2135 998 2303 1037 quomodo
2333 996 2404 1027 finis
2428 995 2501 1027 fidei
2520 996 2629 1034 referri

1563 1043 1674 1074 debeat
1696 1043 1727 1073 in
1745 1041 1842 1072 finem
1859 1041 2003 1078 caritatis,
2027 1052 2101 1072 cum
2123 1041 2196 1072 fidei
2219 1041 2291 1072 finis
2315 1048 2345 1071 et
2360 1041 2522 1072 obiectum
2540 1041 2625 1074 idem

1562 1088 1602 1118 sit
1624 1088 1714 1128 quod
1738 1086 1808 1117 finis
1838 1085 1992 1121 caritatis,
2025 1085 2111 1117 Deus
2134 1085 2261 1117 scilicet.
2293 1085 2458 1126 Numquid
2481 1085 2570 1116 Deus
2593 1085 2625 1116 in

1562 1132 1668 1164 Deum
1692 1130 1872 1161 referendus
1896 1127 1965 1162 est?

1617 1176 1668 1205 Ad
1686 1175 1749 1204 hoc
1772 1173 1885 1204 dicitur
1907 1173 2007 1214 quod,
2032 1179 2067 1204 ut
2090 1173 2235 1212 superius
2249 1172 2266 1192 *
2281 1178 2380 1212 patet,
2404 1172 2476 1206 finis
2499 1180 2546 1204 est
2568 1172 2625 1204 du-

1563 1219 1650 1259 plex:
1675 1228 1739 1253 res,
1766 1224 1796 1247 et
1818 1217 1945 1257 adeptio
1969 1226 2025 1246 seu
2049 1216 2207 1256 possessio
2231 1216 2286 1246 rei.
2309 1216 2344 1247 In
2367 1216 2581 1292 propositofin
2556 1226 2625 1248 non
2653 1235 2678 1256 7;

1563 1269 1609 1293 est
1625 1272 1729 1293 sermo
1747 1261 1786 1291 de
1800 1260 1863 1291 fine
1879 1266 1915 1290 ut
1929 1269 1989 1297 res,
2006 1259 2049 1290 sic
2070 1260 2157 1290 enim
2179 1266 2226 1290 est
2247 1259 2335 1291 Deus
2357 1260 2524 1303 utriusque
2536 1260 2625 1292 finis:

1563 1307 1618 1337 sed
1641 1306 1679 1336 de
1702 1305 1766 1336 fine
1789 1312 1825 1336 ut
1848 1314 1924 1336 usus
1940 1304 1993 1335 rei.
2018 1303 2060 1335 Et
2074 1304 2119 1334 sic
2133 1304 2167 1334 in
2183 1303 2284 1335 littera
2307 1303 2421 1335 dicitur
2443 1305 2541 1345 quod
2551 1314 2626 1341 con·
2675 1308 2681 1311 “

1562 1350 1683 1382 iunctio
1707 1349 1822 1380 mentis
1845 1355 1971 1390 nostrae
1994 1357 2059 1388 per
2066 1347 2162 1379 fidem
2186 1347 2226 1378 ad
2247 1347 2365 1394 Deum,
2388 1357 2471 1389 quae
2484 1348 2629 1397 consistit

1562 1395 1595 1426 in
1620 1394 1777 1426 credendo
1798 1393 1923 1435 ipsum,
1954 1392 2117 1423 referenda
2141 1398 2187 1422 est
2216 1390 2256 1422 ad
2286 1390 2554 1432 coniunctionem*
2566 1385 2628 1422 iio·

1563 1446 1660 1472 stram
1675 1448 1731 1478 per
1746 1437 1907 1468 caritatem
1931 1437 1971 1467 ad
1993 1436 2114 1467 Deum:
2139 1435 2214 1477 quia
2237 1436 2399 1467 referenda
2420 1431 2469 1466 est
2490 1436 2530 1466 a'd
2548 1426 2628 1468 vffld

1563 1485 1703 1519 bonum,
1728 1489 1806 1522 puta
1828 1481 2002 1517 honorem,
2025 1480 2176 1532 gloriam,
2205 1480 2336 1517 amicos,
2360 1487 2431 1517 etc„
2454 1480 2515 1521 ipsi
2538 1479 2628 1536 Deo&

1562 1527 1595 1558 in
1619 1537 1686 1568 quo
1707 1526 1851 1557 consistit
1873 1525 2058 1557 coniunctio
2083 1524 2227 1556 caritatis.

2654 1179 2662 1186 '
2695 1176 2775 1203 1·n··.

2791 1182 2863 1205 qn.,¹

2653 1203 2729 1230 art-38
2742 1207 2863 1231 qui-..nan

2694 1235 2733 1258 qu
2748 1233 2863 1257 ιιιιηι

2678 1434 2774 1453 amam.

2686 1460 2723 1481 Δις,
2742 1460 2785 1481 -jnx-
2810 1461 2815 1469 ¹
2844 1461 2846 1463 ’

2790 1488 2809 1497 s..

2806 1428 2833 1447 εὶ.
