2892 4056
427 160 497 195 182

420 238 459 267 ad
475 238 559 268 hunc
583 237 740 277 siquidem
755 247 883 267 sensum
907 237 1015 267 omnia
1030 237 1207 266 reducenda
1228 243 1310 273 sunt,
1326 238 1480 277 quoniam

419 281 470 312 hic
494 289 539 312 est
563 282 651 323 quod
668 281 745 321 quid
769 288 814 311 est
837 281 880 310 rei
904 280 1008 316 huius,
1027 287 1061 310 ut
1081 280 1240 310 inductive
1264 280 1353 311 facile
1376 288 1481 321 potest

419 326 621 356 manifestari.

418 414 556 444 tenditur
584 414 608 443 si
633 419 811 452 apponatur
840 410 898 440 sibi
927 410 1143 441 calefactivum
1173 419 1208 442 ut
1231 419 1369 452 quatuor
1391 422 1478 453 prae-

419 457 479 488 cise
504 465 558 488 aut
580 457 701 486 minus:
726 456 799 495 quia
829 454 944 484 scilicet
973 455 1051 484 nihil
1076 455 1194 494 patitur
1222 456 1282 486 nisi
1311 456 1476 493 dissimile;

418 509 547 542 propter
570 501 672 540 quod,
696 499 768 529 licet
796 498 1013 529 calefactivum
1037 506 1072 529 ut
1095 506 1232 539 quatuor
1255 500 1294 531 sit
1324 501 1478 540 generati·
1503 517 1505 524 ι

417 556 495 575 vum
512 544 602 575 calidi
625 551 660 574 ut
683 550 819 583 quatuor
833 542 866 572 in
889 542 1031 574 subiecto
1052 542 1207 580 dissimili,
1224 554 1290 574 non
1310 551 1415 575 tamen
1432 551 1479 575 est

418 633 494 668 mili,
513 632 627 662 scilicet
651 631 752 661 calido
777 638 812 661 ut
835 637 981 670 quatuor.
1007 631 1216 662 Convincitur
1234 640 1341 663 autem
1365 633 1426 663 hoc
1441 643 1477 662 ex

417 687 455 706 eo
479 677 567 717 quod
583 685 639 715 par
661 674 740 705 ratio
765 682 811 705 est
834 675 872 704 de
890 684 955 704 uno
979 682 1010 706 et
1033 676 1147 706 eodem
1164 675 1266 706 activo
1290 676 1476 707 continuato

417 728 560 760 tempore
583 719 767 759 propinquo
783 719 837 750 tali
860 729 964 759 passo,
983 726 1012 750 et
1036 720 1074 749 de
1098 720 1160 750 alio
1182 720 1324 750 eiusdem
1347 720 1476 751 rationis

417 772 446 794 et
469 764 591 794 virtutis
615 763 755 803 aequalis
779 763 1036 804 appropinquato
1061 763 1163 794 eidem
1187 774 1298 803 passo,
1323 771 1358 795 ut
1379 772 1473 804 patet.
1503 767 1504 787 ³

416 808 549 839 Constat
563 815 670 838 autem
693 808 781 848 quod
805 810 833 838 A
850 807 1067 838 calefactivum
1087 815 1122 839 ut
1140 815 1287 849 quatuor,
1305 815 1477 849 postquam

1079 161 1345 206 QUAESTIO
1375 161 1515 208 XXIV,
1545 162 1840 199 ARTICULUS
1868 163 1936 200 Vll

1533 238 1673 269 calefecit
1690 238 1716 270 C
1734 240 1855 279 patiens
1879 246 1914 270 ut
1930 247 2076 280 quatuor,
2088 252 2159 272 non
2182 243 2319 284 amplius
2340 250 2447 283 potest
2469 255 2593 284 augere,

1533 283 1588 313 sed
1612 283 1717 313 solum
1741 293 1923 314 conservare
1947 283 2078 315 factum.
2103 285 2135 316 Si
2159 294 2282 318 remoto
2312 287 2408 327 igitur
2430 291 2460 319 A
2483 288 2594 319 calefa-

1505 345 1507 370 ξ
1534 326 1626 363 ctivo,
1644 327 1880 367 appropinquet
1903 327 1963 367 ipsi
1988 327 2024 364 C,
2050 328 2194 360 retinenti
2218 331 2356 362 calorem
2380 338 2415 362 ut
2445 339 2593 373 quatuor,

476 371 567 400 Unde
591 380 627 400 ex
651 369 711 399 hoc
734 375 820 408 patet
842 377 938 407 quare
962 367 1099 397 calidum
1123 374 1158 398 ut
1182 374 1320 408 quatuor
1343 379 1408 398 non
1431 369 1479 399 in·
1505 373 1506 380 ¹

1533 369 1618 400 aliud
1643 369 1860 401 calefactivum
1878 378 1912 402 ut
1935 377 2083 412 quatuor,
2101 380 2178 412 puta
2200 373 2242 410 B;
2266 385 2333 405 non
2356 375 2471 416 poterit
2493 376 2594 407 inten-

1532 415 1605 444 dere
1630 415 1767 444 calorem
1790 414 1956 445 inventum
1978 415 2010 445 in
2035 415 2072 452 C,
2090 417 2144 447 sed
2168 427 2350 449 conservare
2374 425 2509 450 tanturn.

1588 458 1628 488 Et
1650 458 1723 488 hinc
1747 465 1833 498 patet
1856 459 1974 490 solutio
1998 460 2127 490 rationis
2150 461 2310 499 Durandi,
2332 462 2358 492 si
2382 469 2491 494 contra
2513 463 2595 493 hanc

1531 502 1707 532 doctrinam
1731 502 1884 534 afferatur.
1908 503 1996 534 Patet
2011 503 2097 534 enim
2113 505 2203 544 quod
2217 515 2284 536 non
2299 507 2464 547 quodlibet
2488 517 2593 547 agens,

1503 580 1504 588 ἵ
1530 556 1587 576 nec
1611 546 1743 586 quilibet
1765 553 1852 577 actus
1883 547 2026 578 eiusdem
2043 548 2195 584 rationis,
2226 550 2402 581 secundum
2425 561 2457 582 se
2481 558 2595 591 potens

418 589 632 629 generativum
656 597 712 617 nec
736 586 1006 626 augmentativum
1025 587 1116 617 calidi
1140 587 1171 617 in
1196 587 1337 618 subiecto
1362 589 1425 618 iam
1442 588 1479 618 si·
1503 589 1504 610 1

1502 660 1504 673 ,
1529 633 1705 664 inventum.
1730 634 1771 664 Et
1794 634 1873 664 ratio
1897 642 1944 666 est
1966 646 2002 666 ex
2026 636 2149 675 defectu
2180 637 2335 677 patientis,
2363 637 2476 669 Deficit
2497 639 2594 679 siqui-

1530 589 1643 620 habere
1674 589 1819 620 effectum
1850 591 2040 631 positivum,
2071 592 2205 623 intendit
2235 603 2291 624 seu
2325 601 2417 633 auget
2447 594 2594 626 effectum

1530 678 1603 707 dem
1626 678 1747 717 patiens
1771 679 2050 718 proportionatum
2081 680 2134 711 tali
2159 681 2260 711 activo
2284 681 2322 711 ad
2346 681 2532 721 patiendum
2555 684 2594 713 ab

1530 730 1584 751 eo:
1610 722 1684 762 quia
1700 722 1874 752 similitudo
1894 723 1958 753 iam
1981 724 2084 764 posita
2107 725 2188 755 inter
2211 725 2388 756 subiectum
2411 732 2441 756 et
2457 727 2594 757 activum

1530 772 1576 795 est
1600 766 1740 796 naturale
1770 766 2036 806 impedimentum
2067 776 2103 799 ut
2125 769 2187 799 hoc
2214 769 2350 809 patiatur
2374 770 2411 799 ab
2435 769 2508 807 illo,
2535 771 2595 801 nisi

1503 809 1505 840 ἰ
1530 809 1612 840 forte
1635 810 1857 841 conservative.

1203 962 1517 1004 ARTICULUS
1549 962 1816 1005 SEPTIMUS

1032 1050 1187 1080 UTRUM
1211 1049 1395 1081 CARITAS
1418 1051 1660 1082 AUGEATUR
1683 1053 1726 1083 IN
1751 1053 1977 1085 1NF1N1TUM

662 1129 671 1154 1
692 1129 775 1158 Sent„
796 1128 854 1152 dist.
872 1136 931 1159 xvn,
951 1136 995 1161 qu.
1014 1136 1042 1159 11,
1062 1133 1107 1153 art.
1127 1136 1157 1160 4;
1178 1129 1216 1158 111,
1237 1129 1295 1153 dist.
1314 1136 1378 1159 xxix,
1399 1134 1446 1154 art.
1465 1129 1493 1160 8,
1514 1130 1559 1162 qu·
1586 1138 1606 1161 r,
1626 1131 1657 1154 ad
1679 1137 1708 1161 2;
1728 1131 1769 1156 De
1792 1131 1897 1162 Vir-tut„
1918 1140 1962 1164 qu.
1980 1139 2008 1163 11,
2027 1138 2074 1157 art.
2098 1141 2136 1163 to,
2156 1134 2187 1158 ad
2208 1133 2222 1158 3
2243 1134 2269 1159 in
2288 1141 2348 1166 opp.

503 1220 510 1233 ι
628 1212 650 1236 D
666 1210 846 1236 εΕΡτιΜυΜ
865 1210 918 1235 sm
938 1210 1178 1236 PROCEDtTUR.
1197 1200 1355 1236 Videtur
1375 1201 1479 1248 quod

485 1252 492 1259 ”
628 1253 760 1290 caritas
776 1264 853 1288 non
870 1261 1051 1299 augeatur
1065 1253 1102 1288 in
1123 1252 1324 1289 infinitum.
1343 1253 1480 1290 Omnis

613 1306 731 1343 enim
768 1314 896 1342 motus
925 1313 979 1343 est
1008 1305 1056 1342 ad
1090 1306 1258 1354 aliquem
1294 1306 1415 1343 finem
1445 1315 1480 1343 et

494 1324 555 1351 *⁷4

177 1368 347 1400 ·s.ri..iect.1
454 1336 572 1394 “ζ”ἑ’ὲῖἰ)
627 1359 848 1406 terminum,
868 1367 909 1394 ut
937 1358 1072 1397 dicitur
1099 1359 1137 1395 in
1167 1360 1197 1395 ll
1222 1360 1439 1408 Metaphys.
1460 1360 1480 1382 ’¹‘

176 1395 387 1449 nD-¹d9'-¹¹b'¹“'⁰'¹¹'
416 1414 491 1450 Sed
517 1420 765 1460 augmentum
786 1411 945 1448 caritatis
966 1419 1021 1449 est
1040 1412 1197 1460 quidam
1217 1422 1355 1450 motus.
1377 1414 1478 1462 Ergo

413 1466 532 1503 tendit
559 1469 607 1503 ad
636 1466 802 1514 aliquem
822 1466 940 1502 finem
970 1473 1007 1502 et
1024 1466 1243 1503 terminum.
1278 1467 1368 1503 Non
1389 1479 1478 1515 ergo

415 1519 550 1556 caritas
578 1518 616 1556 in
645 1518 836 1556 infinitum
866 1526 1035 1566 augetur.

469 1585 504 1610 2.
529 1573 763 1620 PRAETEREA,
793 1572 895 1608 nulla
914 1572 1039 1610 forma
1067 1571 1213 1609 excedit
1233 1573 1478 1621 capacitatem

414 1626 472 1663 sui
500 1625 670 1663 subiecti.
714 1625 791 1662 Sed
821 1625 1008 1674 capacitas
1051 1634 1242 1662 creaturae
1278 1626 1478 1673 rationalis,

414 1690 512 1727 quae
543 1687 598 1715 est
626 1678 839 1715 subiectum
871 1678 1044 1723 caritatis,
1066 1686 1120 1714 est
1147 1678 1265 1716 finita.
1296 1680 1398 1727 Ergo
1420 1692 1479 1716 ca-

413 1733 502 1769 ritas
531 1732 569 1768 in
597 1731 787 1768 infinitum
817 1733 942 1779 augeri
972 1743 1050 1768 non
1077 1738 1214 1780 potest.

469 1786 504 1822 3.
535 1786 776 1831 PRAETEREA,
807 1797 922 1821 omne
959 1783 1110 1821 finitum
1148 1796 1217 1832 per
1255 1785 1478 1822 continuum

414 1846 664 1886 augmentum
691 1846 818 1886 potest
844 1838 1057 1887 pertingere
1087 1837 1136 1874 ad
1160 1838 1407 1885 quantitatem
1429 1840 1479 1876 al-

413 1893 530 1928 terius
558 1891 653 1928 finiti
687 1899 1044 1941 quantumcumque
1081 1891 1254 1928 maioris:
1285 1892 1355 1929 nisi
1384 1893 1479 1930 forte

413 1945 452 1981 id
488 1945 591 1993 quod
631 1945 810 1981 accrescit
842 1941 910 1993 per
947 1953 1196 1992 augmentum
1243 1957 1398 1994 semper
1433 1946 1480 1982 sit

412 1998 539 2035 minus
568 2005 605 2034 et
631 1998 773 2044 minus;
818 1998 914 2034 sicut
941 1997 1200 2047 Philosophus
1230 1998 1331 2045 dicit,
1361 1998 1399 2035 in
1428 2000 1477 2036 111

173 2059 254 2108 ‘SCTag-
265 2065 385 2107 31:1⁰3&
412 2051 561 2100 Physic.
581 2050 613 2098 ²¹²,
644 2053 748 2100 quod
778 2051 807 2087 si
831 2051 896 2087 uni
917 2050 1037 2088 lineae
1068 2052 1229 2088 addatur
1257 2051 1363 2101 quod
1391 2053 1479 2089 sub-

192 2102 197 2108 '
247 2102 252 2107 ”
314 2101 320 2108 ’
353 2102 358 2107 '
411 2104 570 2142 trahitur
597 2104 645 2140 ab
675 2105 748 2141 alia
766 2104 865 2141 linea
893 2116 993 2153 quae
1013 2104 1051 2141 in
1071 2104 1261 2142 infinitum
1283 2105 1477 2153 dividitur,

272 2172 289 2188 α
412 2158 452 2195 in
471 2157 660 2195 infinitum
682 2162 699 2179 α
725 2157 918 2195 additione
946 2158 1054 2204 facta,
1075 2170 1274 2205 nunquam
1293 2159 1480 2207 pertinge-

412 2219 473 2248 tur
501 2211 549 2247 ad
578 2210 772 2259 quandam
794 2210 1084 2247 determinatam
1115 2211 1363 2259 quantitatem
1382 2224 1479 2260 quae

273 2268 287 2301 β
414 2272 470 2301 est
499 2263 714 2312 composita
742 2275 787 2300 ex
816 2264 966 2300 duabus
994 2263 1114 2310 lineis,
1149 2263 1289 2300 scilicet
1317 2264 1438 2301 divisa
1465 2263 1480 2295 β

415 2325 451 2354 et
479 2329 524 2353 ea
545 2317 603 2353 cui
632 2316 782 2354 additur
801 2317 906 2366 quod
927 2328 972 2353 ex
1000 2316 1073 2353 alia
1093 2317 1333 2354 subtrahitur.
1364 2318 1480 2364 Quod

414 2371 453 2407 in
473 2369 668 2419 proposito
699 2379 777 2407 non
798 2369 993 2418 contingit:
1024 2382 1102 2406 non
1123 2370 1225 2407 enim
1250 2382 1405 2407 necesse
1426 2380 1481 2408 est

414 2431 456 2460 ut
475 2423 686 2460 secundum
707 2423 866 2460 caritatis
886 2431 1134 2470 augmentum
1154 2423 1200 2460 sit
1219 2423 1343 2460 minus
1363 2436 1479 2471 quarn

273 2494 289 2520 γ
413 2477 519 2526 prius
538 2481 571 2521 γ;
593 2477 658 2513 sed
688 2477 808 2524 magis
828 2476 1025 2524 probabile
1054 2483 1110 2512 est
1128 2476 1232 2524 quod
1259 2477 1303 2512 sit
1322 2478 1480 2525 aequale

415 2538 479 2566 aut
507 2529 642 2567 maius.
674 2530 774 2566 Cum
794 2541 884 2577 ergo
905 2530 1039 2566 caritas
1067 2529 1210 2577 patriae
1231 2529 1277 2566 sit
1296 2530 1479 2578 quiddam

414 2583 576 2629 finitum,
598 2582 629 2619 si
657 2583 792 2619 caritas
810 2584 896 2619 viae
917 2582 954 2619 in
974 2581 1163 2618 infinitum
1190 2582 1319 2630 augeri
1342 2591 1479 2632 potest,

278 2639 291 2663 δ
415 2636 584 2684 sequitur
612 2635 717 2684 quod
746 2636 879 2679 caritas
898 2635 986 2673 viae
1013 2635 1132 2684 possit
1151 2635 1367 2684 adaequare
1387 2634 1400 2658 ὃ
1421 2649 1480 2673 ca-

415 2689 562 2726 ritatem
582 2689 744 2736 patriae:
767 2689 872 2737 quod
892 2697 948 2726 est
966 2689 1254 2725 inconveniens.
1277 2690 1368 2726 Non
1389 2701 1479 2737 ergo

416 2742 547 2779 caritas
574 2742 660 2778 viae
689 2742 728 2779 in
755 2742 944 2779 infinitum
973 2749 1098 2790 potest
1125 2742 1265 2789 augeri.

470 2796 543 2832 SED
564 2806 710 2832 CONTRA
724 2806 791 2832 Εετ
806 2797 909 2844 quod
925 2795 1131 2843 Apostolus
1147 2794 1246 2841 dicit,
1263 2794 1311 2831 ad
1322 2795 1478 2844 Philipp.

416 2860 452 2885 111
470 2847 501 2885 *.
522 2848 612 2885 Non
642 2849 743 2896 quod
760 2849 836 2886 iam
865 2848 1086 2896 acceperim,
1107 2853 1175 2884 aut
1191 2848 1267 2885 iam
1290 2849 1480 2896 perfectus

414 2901 501 2937 sim:
530 2913 667 2949 sequor
695 2907 817 2938 autem
847 2902 880 2938 si
906 2913 979 2950 quo
1011 2901 1123 2938 modo
1151 2902 1478 2950 comprehendam.

177 2959 318 2981 ’hom-0¹
331 2959 388 2980 ¹³¹⁰-
416 2954 491 2991 Ubi
524 2954 612 2991 dicit
645 2955 782 2991 Glossa
801 2954 840 2991 *ε
865 2955 991 2991 Nemo
1012 2954 1202 3002 fidelium,
1232 2955 1300 2992 etsi
1321 2955 1479 2992 multum

177 2992 254 3013 δμῶ’
410 3008 627 3055 profecerit,
648 3008 757 3053 dicat,
779 3008 927 3055 Sufficit
944 3008 1045 3045 mihi.
1081 3007 1155 3049 Qui
1172 3008 1270 3045 enim
1291 3009 1362 3044 hoc
1379 3008 1478 3053 dicit,

417 3061 496 3096 exit
521 3061 566 3096 de
593 3061 654 3096 via
682 3065 770 3097 ante
790 3062 919 3108 finem.
952 3061 1052 3108 Ergo
1082 3073 1234 3109 semper
1261 3060 1298 3097 in
1326 3061 1390 3099 via
1420 3073 1479 3097 ca-

417 3113 504 3150 ritas
533 3121 657 3162 potest
686 3113 805 3161 magis
834 3126 877 3150 ac
906 3114 1026 3161 magis
1055 3114 1194 3161 augeri.

178 2860 187 2868 ·
202 2858 268 2879 Vers.
283 2863 311 2879 12.

472 3248 499 3277 α)
520 3247 546 3272 in
571 3247 710 3281 infinitum.
727 3261 748 3266 -
765 3247 826 3271 Om.
846 3247 875 3272 Ρ.
891 3261 911 3266 -
929 3248 979 3272 Pro
993 3249 1179 3282 pertingetur,
1195 3249 1351 3281 pertingere
1369 3250 1399 3279 Α,
1415 3256 1477 3280 per·
1503 3249 1506 3253 '

418 3283 534 3316 tingeret
553 3282 584 3314 G,
600 3282 804 3315 pertingeretur
823 3282 875 3306 PD.

472 3317 497 3350 β)
516 3318 615 3344 scilicet
633 3318 727 3343 divisa.
745 3331 765 3337 -
781 3317 880 3343 scilicet
898 3318 961 3349 (om.
982 3318 1002 3352 Ι)
1018 3319 1110 3344 divisis
1124 3319 1361 3352 BDEFGHlepn,
1380 3320 1479 3345 scilicet

418 3354 530 3379 diversis
549 3354 621 3386 ApK,
641 3353 754 3379 diversis
772 3360 804 3378 ea
822 3353 922 3378 scilicet
939 3361 976 3379 ex
994 3362 1047 3386 qua
1064 3355 1178 3380 additur
1197 3355 1243 3380 Pa.

470 3389 497 3422 γ)
512 3389 599 3421 prius.
617 3402 636 3407 -
650 3390 713 3421 plus
731 3389 799 3422 pDss,
813 3389 934 3421 primum
954 3389 983 3414 Ρ.
1001 3404 1017 3408 -
1038 3390 1123 3422 magis
1142 3398 1195 3415 om.
1214 3390 1265 3414 BF.

471 3424 496 3453 ὃ)
515 3424 676 3457 adaequare.
695 3439 713 3443 —
730 3424 781 3449 sibi
797 3424 950 3457 adaequare
969 3425 1015 3450 Pa.

471 3465 492 3492 ε)
513 3459 692 3484 terminatam.
710 3473 729 3478 —
748 3459 951 3484 determinatam
971 3460 1027 3484 AG.

1585 1202 1811 1238 Responmzo
1830 1214 2015 1240 DICENDUM
2043 1204 2149 1252 quod
2177 1205 2362 1242 terminus
2390 1216 2596 1255 augmento

1530 1253 1686 1291 alicuius
1722 1255 1870 1292 formae
1911 1263 2036 1305 potest
2071 1257 2230 1306 praefigi
2267 1258 2469 1307 tripliciter.
2508 1260 2596 1298 Uno

1532 1309 1664 1355 modo,
1695 1320 1739 1345 ex
1759 1308 1904 1346 ratione
1932 1309 2050 1358 ipsius
2077 1311 2238 1359 formae,
2259 1324 2358 1360 quae
2385 1313 2502 1350 habet
2525 1321 2597 1351 ter-

1532 1361 1715 1398 minatam
1736 1366 1747 1382 *
1768 1374 2002 1410 mensuram,
2032 1364 2080 1400 ad
2109 1376 2226 1412 quam
2256 1377 2345 1402 cum
2367 1374 2597 1414 perventum

1530 1414 1653 1461 fuerit,
1682 1427 1762 1451 non
1790 1423 1915 1463 potest
1941 1417 2038 1453 ultra
2065 1418 2222 1465 procedi
2250 1418 2289 1455 in
2318 1419 2455 1467 forma,
2480 1420 2547 1456 sed
2566 1419 2599 1457 si

1530 1467 1627 1504 ultra
1654 1479 1877 1516 processum
1906 1469 2026 1517 fuerit,
2046 1471 2292 1518 pervenietur
2320 1472 2368 1508 ad
2389 1472 2502 1509 aliam
2522 1473 2597 1510 for—

1533 1533 1655 1557 mam:
1686 1521 1780 1558 sicut
1807 1529 1910 1570 patet
1937 1522 1974 1558 in
2003 1524 2158 1572 pallore,
2190 1524 2296 1561 cuius
2324 1525 2506 1563 terminos
2528 1537 2599 1575 per

1532 1574 1752 1611 continuam
1790 1575 2052 1613 alterationem
2091 1577 2223 1626 aliquis
2259 1579 2411 1626 transit,
2447 1579 2510 1616 vel
2548 1579 2596 1617 ad

1532 1627 1747 1664 albedinem
1777 1629 1839 1664 vel
1876 1629 1925 1665 ad
1962 1629 2198 1676 nigredinem
2227 1631 2467 1679 perveniens.
2509 1632 2595 1670 Alio

1532 1681 1663 1725 modo,
1681 1693 1726 1716 ex
1745 1689 1850 1728 parte
1871 1682 2025 1729 agentis,
2047 1683 2153 1720 cuius
2171 1685 2292 1721 virtus
2311 1697 2390 1722 non
2408 1697 2450 1721 se
2469 1694 2596 1722 exten-

1532 1733 1584 1769 dit
1613 1734 1660 1770 ad
1688 1734 1843 1770 ulterius
1871 1735 2122 1782 augendum<
2151 1737 2316 1774 formam
2345 1738 2383 1775 in
2411 1738 2593 1775 subiecto.

1531 1786 1684 1832 Tertio,
1716 1798 1761 1822 ex
1789 1795 1895 1835 parte
1928 1788 2102 1835 subiecti,
2138 1790 2243 1837 quod
2281 1803 2359 1827 non
2389 1799 2445 1827 est
2478 1802 2597 1840 capax

1531 1839 1727 1888 amplioris
1746 1845 1764 1866 η
1784 1840 2036 1888 perfectionis.

1586 1893 1702 1929 Nullo
1733 1901 1861 1930 autem
1881 1893 2040 1931 istorum
2070 1895 2278 1932 modorum
2298 1895 2507 1945 imponitur
2526 1904 2598 1934 ter—

1531 1945 1658 1982 minus
1677 1951 1884 1993 augmento
1906 1948 2066 1984 caritatis
2086 1947 2124 1984 in
2143 1956 2241 1985 statu
2258 1948 2356 1986 viae.
2388 1951 2474 1998 Ipsa
2493 1950 2595 1987 enim

1532 1999 1665 2036 caritas
1694 2002 1907 2037 secundum
1936 2001 2124 2038 rationem
2152 2002 2329 2051 propriae
2358 2002 2498 2052 speciei
2524 2010 2596 2040 ter-

1531 2052 1680 2089 minum
1709 2053 1900 2100 augmenti
1921 2066 1997 2091 non
2017 2055 2152 2091 habet:
2183 2062 2238 2092 est
2266 2054 2368 2092 enim
2396 2055 2596 2106 participa-

1531 2105 1582 2142 tio
1612 2105 1802 2155 quaedam
1832 2106 2000 2144 infinitae
2030 2107 2203 2153 caritatis,
2234 2117 2416 2157 quaeest
2436 2109 2597 2158 Spiritus

1533 2160 1706 2196 Sanetus.
1738 2159 1916 2196 Similiter
1939 2160 2052 2198 etiam
2073 2173 2188 2198 causa
2206 2173 2349 2209 augens
2368 2158 2380 2183 ⁰
2401 2162 2596 2200 caritatem

1532 2220 1588 2248 est
1610 2211 1779 2248 infinitae
1797 2213 1957 2259 virtutis,
1978 2213 2116 2250 scilicet
2136 2215 2254 2251 Deus.
2285 2214 2464 2252 Similiter
2482 2215 2596 2253 etiam

1533 2277 1577 2301 ex
1596 2272 1702 2313 parte
1727 2265 1885 2302 subiecti
1903 2266 2089 2303 terminus
2107 2267 2196 2303 huic
2216 2275 2420 2315 augmento
2440 2268 2598 2317 praefigi

1532 2329 1611 2355 non
1639 2326 1783 2366 potest:
1813 2318 1903 2366 quia
1931 2331 2096 2368 semper,
2127 2320 2278 2357 caritate
2308 2329 2548 2359 excrescente
2575 2327 2596 2369 ⁸,

1532 2371 1829 2419 superexcrescit
1863 2372 2037 2409 habilitas
2065 2372 2115 2409 ad
2142 2373 2297 2411 ulterius
2335 2383 2596 2422 augmentum.

1532 2424 1643 2461 Unde
1673 2424 1895 2472 relinquitur
1923 2426 2029 2472 quod
2058 2425 2220 2463 caritatis
2248 2435 2454 2475 augmento
2473 2428 2598 2467 nullus

1533 2477 1714 2514 terminus
1742 2478 1898 2525 praefigi
1927 2479 2047 2526 possit
2064 2485 2081 2500 ²
2099 2478 2138 2515 in
2167 2480 2238 2516 hac
2265 2480 2344 2517 vita
2362 2480 2392 2517 ²⁸.

1586 2532 1644 2567 An
1673 2541 1810 2567 PRIMUM
1847 2542 1945 2568 ERGO
1982 2543 2166 2569 memnon
2203 2534 2309 2581 quod
2347 2540 2598 2581 augmentum

1534 2582 1696 2628 caritatis
1726 2591 1781 2620 est
1809 2585 1857 2622 ad
1886 2584 2051 2632 aliquem
2079 2585 2211 2632 finem,
2231 2586 2299 2623 sed
2326 2585 2386 2623 ille
2413 2586 2500 2623 finis
2519 2598 2598 2636 non

1534 2645 1590 2673 est
1618 2637 1656 2673 in
1683 2637 1756 2673 hac
1783 2636 1872 2682 vita,
1902 2637 1970 2674 sed
1998 2638 2037 2675 in
2055 2635 2069 2659 Ἀ
2088 2638 2224 2676 futura.

1586 2692 1644 2726 An
1681 2701 1872 2726 SECUNDUM
1908 2702 2093 2728 mcENDuM
2125 2690 2232 2739 quod
2269 2691 2457 2740 capacitas
2492 2704 2598 2729 crea—

1532 2749 1638 2778 turae
1676 2742 1875 2790 spiritualis
1903 2748 1921 2772 ¹²
1953 2755 2022 2791 per
2059 2743 2252 2780 caritatem
2289 2752 2470 2792 augetur:
2505 2744 2597 2792 quia

1532 2807 1601 2843 per
1635 2795 1756 2843 ipsam
1787 2807 1853 2832 cor
1886 2795 2071 2842 dilatatur,
2111 2797 2324 2834 secundum
2363 2797 2455 2834 illud
2485 2798 2517 2834 11
2546 2798 2599 2835 ad

1538 2848 1624 2884 Cor.
1654 2860 1689 2885 vt
1708 2847 1747 2884 *ε
1783 2849 1859 2885 Cor
1887 2854 2055 2886 nostrum
2093 2849 2288 2887 dilatatum
2326 2855 2388 2887 est.
2423 2851 2472 2887 Et
2507 2849 2596 2888 ideo

1533 2901 1659 2938 adhuc
1695 2901 1851 2938 ulterius
1885 2911 2016 2939 manet
2052 2902 2225 2940 habilitas
2262 2902 2310 2940 ad
2347 2902 2470 2940 maius
2506 2915 2596 2953 aug-

1533 2962 1720 2991 mentum.

1586 3009 1644 3044 An
1681 3019 1841 3044 TERTJUM
1877 3019 2062 3045 nicentium
2100 3009 2205 3056 quod
2242 3009 2336 3045 ratio
2366 3009 2426 3046 illa
2463 3020 2597 3058 proce-

1534 3060 1587 3097 dit
1614 3060 1652 3096 in
1678 3060 1736 3097 his
1764 3072 1863 3110 quae
1891 3061 2034 3098 habent
2060 3062 2308 3111 quantitatem
2337 3062 2508 3100 eiusdem
2534 3064 2595 3100 ra'd

1533 3113 1662 3150 tionis:
1692 3126 1771 3150 non
1799 3122 1928 3151 autem
1955 3114 1994 3151 in
2022 3114 2080 3151 his
2108 3127 2206 3163 quae
2234 3115 2377 3152 habent
2405 3114 2596 3154 diversam

1584 3249 1609 3281 ζ)
1624 3249 1787 3282 augendum.
1804 3263 1823 3268 -
1841 3249 1973 3282 agendum
1994 3249 2077 3274 ΑΒΙκ.

1584 3285 1611 3316 η)
1630 3285 1777 3316 amplioris.
1796 3297 1814 3303 ι
1832 3285 1967 3309 ulterioris
1987 3285 2032 3309 Pa.

1585 3318 1609 3351 θ)
1628 3327 1738 3352 augens.
1755 3333 1774 3339 -
1792 3327 1875 3352 agens
1893 3320 2198 3345 PABCDFGfflKLxM.

1586 3356 1604 3387 ι)
1623 3358 1800 3380 excrescente.
1819 3369 1838 3375 —
1855 3359 1987 3381 crescente
2006 3355 2039 3380 G.

1586 3390 1611 3423 κ)
1625 3390 1744 3424 praefigi
1758 3390 1853 3422 possit.
1870 3405 1888 3410 —
1902 3391 2073 3424 praefigatur
2093 3391 2139 3415 Pa.

1584 3424 1613 3458 λ)
1634 3426 1669 3451 ἰη.
1687 3439 1706 3444 -
1723 3425 1785 3451 Om.
1804 3426 2012 3458 PABEFHleC
2031 3431 2057 3451 et
2075 3433 2120 3451 xa.

1586 3462 1614 3495 μ.)
1632 3461 1791 3493 spiritualis.
1808 3474 1827 3480 —
1845 3461 1986 3486 rationalis
2006 3462 2046 3486 vel
2062 3461 2211 3493 spiritualis
2230 3461 2270 3486 ed.
2289 3468 2315 3491 a,
2334 3460 2476 3486 rationalis
2494 3461 2524 3485 Ρ.
