2892 4056
62 1410 177 1439 ‘Pu-un,
185 1417 244 1434 veru.
253 1418 272 1440 5.

8 2145 10 2148 ‚
63 2123 167 2147 Δια-κεν(
190 2122 246 2142 nm'·
268 2123 274 2129 ⁸

57 2435 70 2447 ⁴
82 2434 151 2458 Vm.
163 2440 200 2463 29.

57 2590 192 2614 ‘vas-12.

0 3023 4 3045 ,⁷
57 3019 66 3029 ·
74 3018 150 3040 Sem.
157 3017 229 3045 exn,
238 3018 268 3039 al.

0 3058 2 3061 ν
57 3043 163 3071 xxxm,
175 3050 226 3072 esp.
236 3050 268 3065 vr.

0 3072 4 3096 ἓ
58 3075 71 3087 ⁸
85 3074 151 3097 Vm.
167 3081 198 3103 ¹7·

1025 192 1290 239 QUAESTIO
1322 192 1357 237 1,
1386 191 1681 227 ARTICULUS
1714 191 1763 226 1V
2436 193 2478 227 13

306 273 382 304 odio
400 272 555 303 habemus
570 270 692 302 malum
710 271 903 302 contrarium
918 271 1054 307 caritati;
1079 277 1109 301 et
1132 271 1284 310 ponendo
1300 279 1365 306 enS,

306 324 383 356 puta
413 317 539 352 album,
571 315 753 347 excludatur
776 312 912 346 non-ens
941 315 1145 355 oppositum,
1176 321 1254 354 puta
1286 323 1366 344 non-

305 361 432 390 album:
456 359 530 390 fidei
553 366 668 395 tamen,
694 369 730 390 ex
753 360 815 390 hoc
838 360 909 400 ipso
934 359 1023 400 quod
1045 358 1173 389 assentit
1195 358 1316 389 veritati
1331 364 1367 388 ut

306 404 412 443 medio
443 403 647 439 assentiendi,
672 411 827 443 repugnat
855 403 1004 434 assentire
1032 402 1129 438 falso,
1158 402 1232 442 quia
1254 411 1366 432 verum

305 457 371 478 non
386 447 473 478 ducit
491 448 532 477 ad
554 447 686 483 falsum;
712 454 743 478 et
758 447 900 478 similiter
916 447 1035 482 caritas,
1055 446 1130 487 quia
1146 452 1230 476 amat
1246 445 1366 476 ratione

305 491 464 527 bonitatis,
489 501 554 521 non
578 497 663 521 amat
686 491 807 532 aliquid
829 491 961 527 malum,
985 490 1061 530 quia
1084 490 1207 520 bonum
1232 499 1297 520 non
1321 497 1367 520 est

305 535 448 566 medium
479 535 597 566 ducens
626 535 666 565 ad
693 535 832 571 malum
857 541 888 565 et
909 534 1052 564 similiter
1075 543 1130 564 ens
1153 543 1218 564 non
1243 540 1289 564 est
1311 543 1367 574 per

305 589 337 610 se
360 579 535 619 positivum
559 579 701 619 oppositi
724 578 889 610 non-entis
911 578 944 608 in
967 587 1174 618 quocumque
1197 587 1320 617 genere.

359 623 396 653 11.
418 623 454 653 In
473 623 587 654 eodem
602 623 734 654 articulo
755 623 788 654 in
802 621 1009 662 responsione
1035 622 1075 652 ad
1091 621 1242 661 primum,
1257 622 1283 652 si
1300 631 1366 652 non

304 666 465 706 intelligis,
490 667 624 704 novitie,
648 666 816 708 quomodo
839 666 916 696 falsa
939 665 1049 705 opinio
1074 672 1134 696 stat
1157 675 1231 696 cum
1255 675 1365 705 opera-

304 710 390 741 tione
414 710 549 741 iustitiae
573 717 603 742 et
627 709 790 746 similium,
807 709 1018 740 animadverte
1035 709 1123 750 quod
1141 710 1295 750 contingit
1310 709 1365 739 ali-

303 764 401 795 quem
425 754 505 785 falso
529 755 666 790 credere,
690 755 810 794 absque
838 753 932 792 culpa
960 763 1033 788 sua,
1059 754 1197 793 aliquem
1217 753 1275 784 sibi
1299 763 1366 783 esse

303 798 480 830 debitorem
503 799 552 830 vel
575 809 593 830 e
615 807 784 834 converso,
810 805 841 828 et
859 797 982 837 operari
1011 797 1051 827 ad
1073 797 1166 827 illum
1189 798 1365 828 secundum

304 843 471 880 iustitiam
492 849 523 874 et
545 842 688 874 similiter
711 841 835 872 credere
858 851 891 871 se
914 851 980 872 non
1003 841 1197 881 indigentem
1221 842 1292 872 cibo
1312 848 1367 872 aut

304 894 395 926 potu,
420 893 451 917 et
473 886 596 927 operari
619 886 795 917 secundum
819 885 1060 926 temperantiam
1068 894 1076 921 ;
1101 892 1131 916 et
1155 886 1198 916 sic
1223 886 1260 916 de
1280 885 1364 916 aliis:

304 937 334 961 et
349 930 469 961 videbis
483 930 613 962 virtutes
631 929 817 970 appetitivas
835 926 900 959 non
917 929 1055 960 totaliter
1074 929 1238 959 excludere
1254 929 1365 959 falsam

297 974 491 1014 opinionem
515 973 553 1004 de
577 983 615 1004 eo
639 973 720 1004 circa
748 973 843 1013 quod.
860 973 976 1012 agitur,
1001 979 1037 1003 ut
1059 972 1092 1002 in
1115 973 1216 1004 littera
1240 972 1363 1003 dicitur.

362 1018 414 1048 111.
439 1018 474 1048 ln
496 1017 703 1057 responsione
722 1017 762 1047 ad
777 1023 927 1057 quartum
944 1017 1086 1047 eiusdem
1101 1017 1223 1047 articuli
1240 1018 1364 1047 adverte

302 1061 467 1101 diligenter
498 1071 538 1091 ne
565 1071 602 1092 ex
629 1061 689 1092 hac
715 1061 923 1101 responsione
954 1061 1087 1092 fallaris:
1118 1061 1249 1092 audiens
1279 1062 1364 1092 enim

301 1106 391 1146 quod
414 1104 491 1136 fides
515 1115 581 1135 non
608 1105 734 1145 respicit
757 1105 814 1135 has
836 1105 886 1135 vel
909 1105 978 1135 illas
1001 1105 1137 1145 species,
1163 1106 1218 1136 sed
1241 1106 1279 1135 ad
1303 1106 1365 1136 hoc

301 1149 390 1190 quod
414 1159 530 1190 corpus
553 1148 671 1180 Christi
695 1149 754 1180 sub
777 1149 942 1189 speciebus
965 1149 1022 1180 rite
1046 1149 1234 1180 consecratis
1259 1147 1310 1186 sin
1335 1157 1365 1180 et

301 1193 495 1234 subiungens
518 1193 608 1233 quod
631 1193 755 1224 credere
778 1193 835 1229 has
849 1194 899 1223 vel
915 1193 984 1223 illas
999 1194 1117 1233 species
1134 1204 1201 1224 esse
1217 1194 1274 1224 rite
1291 1203 1364 1224 con-

301 1244 434 1268 secratas
450 1237 638 1278 relinquitur
653 1237 812 1268 humanae
836 1236 1056 1273 aestimationi,
1074 1244 1204 1278 propter
1223 1238 1323 1278 quod,
1339 1238 1364 1268 si

263 1319 275 1322 ,
300 1281 578 1321 injice-erratur,
602 1281 730 1312 nullum
758 1281 988 1321 praeiudicium
1015 1281 1050 1312 fit
1074 1281 1165 1318 fidei;
1189 1282 1308 1312 incidas
1332 1283 1364 1312 in

301 1333 439 1356 errorem
463 1325 637 1356 dicentium
660 1326 749 1366 quod
772 1325 876 1356 hostia
898 1335 980 1366 quae
1003 1326 1164 1357 adoranda
1188 1325 1317 1357 offertur
1331 1326 1364 1357 in

301 1368 431 1400 ecclesia
461 1369 622 1400 adoranda
652 1377 699 1400 est
728 1370 787 1400 sub
818 1369 1000 1400 conditione
1028 1369 1053 1399 si
1082 1376 1129 1400 est
1157 1380 1228 1400 vere
1254 1380 1364 1401 conse-

301 1419 394 1445 crata.
419 1413 481 1444 Hic
504 1413 590 1444 enim
613 1413 726 1444 accidit
746 1413 827 1444 illud
840 1413 872 1448 .*³
904 1414 1159 1453 Trepidaverunt
1175 1415 1292 1444 timore
1313 1414 1366 1445 ubi

301 1456 364 1488 n'on
379 1457 451 1498 ficit
473 1458 577 1487 timor.

304 1509 312 1525 t
352 1500 459 1531 Et--ne
480 1501 599 1541 absque
622 1501 744 1531 ratione
767 1509 896 1539 arguere
919 1500 979 1531 hos
999 1501 1173 1536 videamur,
1190 1502 1366 1532 declaratur

298 1543 361 1575 hoc
383 1544 515 1580 ratione,
539 1544 726 1575 auctoritate
749 1551 780 1574 et
800 1545 956 1584 exemplo.
981 1545 1116 1575 Ratione
1131 1545 1273 1585 quidem,
1290 1545 1363 1586 quia

298 1588 389 1621 acme
409 1588 570 1618 humanus
593 1588 708 1619 cadens
732 1598 827 1628 super
850 1588 953 1618 debita
968 1589 1098 1620 materia
1114 1590 1255 1630 quando,
1273 1589 1362 1626 sicut,

299 1630 464 1669 ubi,-etc.,
489 1638 632 1673 oportet,
657 1639 704 1663 est
725 1633 830 1663 bonus
857 1633 1033 1663 moraliter:
1059 1634 1113 1664 sed
1139 1641 1227 1665 actus
1249 1634 1363 1664 volun-

299 1676 397 1708 arius
421 1676 574 1707 credentis
603 1677 747 1707 absolute
777 1677 858 1707 hanc
883 1677 1021 1707 hostiam
1052 1687 1118 1708 esse
1149 1685 1363 1708 consecratam

299 1720 576 1752 ett'huiusmodif
592 1729 678 1760 ergo.
709 1721 865 1752 Probatur
892 1721 1008 1752 minor.
1041 1721 1124 1758 Quia
1155 1732 1239 1758 cum,
1269 1728 1304 1752 ut
1330 1722 1362 1752 in

299 1764 445 1805 pluribus
466 1765 589 1801 saltem,
613 1765 653 1796 sit
666 1774 779 1796 verum
802 1764 921 1795 hostias
937 1765 993 1796 rite
1012 1766 1200 1803 consecrari;
1226 1773 1257 1797 et
1273 1767 1362 1807 quod

299 1815 341 1840 ut
356 1808 390 1839 in
413 1808 559 1849 pluribus
580 1809 749 1846 invenitur,
765 1809 825 1839 nisi
841 1809 1108 1850 impedimentum
1124 1810 1256 1851 aliquod
1271 1810 1363 1848 adsit,

299 1851 488 1884 verificetur:
505 1863 703 1894 consequens
717 1859 764 1884 est
779 1860 824 1889 ut,
842 1854 931 1884 nullo
949 1861 1118 1894 apparente
1133 1855 1248 1895 quovis
1263 1855 1363 1885 modo

305 1896 536 1937 mpedimento,
560 1904 648 1928 actus
672 1897 827 1928 credentis
851 1897 966 1929 feratur
986 1908 1082 1938 super
1101 1899 1231 1929 materia
1247 1898 1360 1934 debita,

1422 269 1537 300 scilicet
1559 278 1634 299 vero
1659 276 1694 299 ut
1716 269 1749 299 in
1773 269 1917 309 pluribus
1941 274 1971 298 et
1993 268 2025 298 in
2049 268 2110 298 hoc
2127 268 2276 308 singulari
2293 279 2358 299 non
2382 269 2481 309 impe-

1422 313 1504 349 dito,
1529 320 1686 354 quantum
1709 319 1838 353 apparet
1860 312 2094 344 rationabiliter.
2126 312 2351 352 indisciplinati
2375 320 2481 344 autem

1422 364 1502 388 esset
1525 367 1674 397 quaerere
1698 357 1851 387 maiorem
1876 356 2096 387 certitudinem
2118 356 2151 386 in
2174 356 2257 387 istis:
2282 363 2318 387 ut
2341 363 2426 397 patet
2449 358 2481 388 in

1423 402 1448 432 11
1464 401 1648 441 Metaphys.
1665 401 1682 420 *
1698 419 1718 423 -
1735 402 1781 431 Ex
1797 407 1883 441 parte
1900 410 2031 442 quoque
2045 400 2217 431 voluntatis
2240 400 2325 430 idem
2341 409 2480 441 apparet.

1422 446 1503 476 Nam
1528 445 1655 475 devotio
1680 451 1711 475 et
1733 444 1892 475 veneratio
1917 444 2139 475 conditionalis
2162 444 2268 475 minor
2291 451 2338 475 est
2355 454 2481 476 venera-

1422 489 1507 520 tione
1519 496 1549 519 et
1564 489 1733 519 devotione
1749 489 1904 519 absolute.
1920 490 2023 519 Nocet
2038 498 2112 528 ergo
2124 488 2287 519 devotioni
2303 488 2359 519 iste
2376 489 2482 520 timor.

1477 533 1656 564 Auctoritas
1672 540 1719 563 est
1732 533 1899 569 Ecclesiae,
1917 543 1998 574 quae
2013 532 2156 569 instituit,
2173 533 2207 563 in
2223 532 2365 563 oratione
2385 543 2483 574 quam

1421 578 1565 608 sacerdos
1578 577 1841 607 communionem
1853 584 2039 617 sumpturus
2051 576 2135 613 dicit,
2149 584 2183 607 ut
2195 577 2339 607 absolute
2351 577 2484 608 fateatur

1422 622 1501 651 hanc
1526 621 1663 651 hostiam
1687 628 1717 651 et
1740 621 1824 651 hunc
1848 621 1977 652 calicem
2001 621 2160 651 continere
2180 631 2295 660 corpus
2312 628 2342 651 et
2357 622 2482 662 sangui-

1422 676 1495 696 nem
1519 665 1646 700 Christi,
1672 666 1750 695 dum
1774 666 1917 695 sacerdos
1942 665 2035 696 dicit:
2061 665 2176 695 Libera
2201 675 2251 695 me
2268 675 2332 705 per
2353 666 2412 696 hoc
2431 676 2482 696 sa-

1422 715 1622 740 crosanctum
1637 709 1655 728 *
1671 719 1786 750 corpus
1801 715 1831 739 et
1846 710 2038 750 sanguinem
2054 714 2144 739 tuum
2163 719 2183 739 a
2201 710 2323 740 cunctis
2338 711 2484 750 iniquita-

1422 754 1503 784 tibus
1526 761 1584 784 etc.
1616 754 1719 784 Verba
1742 753 1827 783 enirn
1851 753 1984 784 exterius
2007 753 2151 784 absolute
2168 753 2289 793 prolata
2305 761 2379 784 sunt
2394 753 2482 793 signa

1422 797 1579 828 interioris
1600 798 1714 828 mentis
1737 797 1881 828 absolute
1905 797 2058 828 credentis
2082 804 2113 828 et
2135 797 2320 828 venerantis.

1475 841 1630 881 Exempla
1654 848 1728 872 sunt
1748 841 1901 881 cogentia.
1925 841 2009 871 Nam
2025 840 2188 872 manifeste
2204 842 2375 872 adoramus
2390 841 2482 872 Sum-

1422 895 1512 915 mum
1536 884 1724 916 Pontificem
1747 886 1900 921 absolute,
1925 891 1955 915 et
1978 884 2119 915 similiter
2142 885 2220 915 alios
2241 885 2418 925 episcopos.
2443 886 2484 916 Et

1422 937 1537 965 tamen,
1562 929 1738 959 secundum
1761 929 1896 959 istorum
1919 929 2077 964 timorem,
2102 930 2161 959 sub
2183 929 2365 960 conditione
2382 932 2484 960 essent

1421 973 1604 1003 venerandi:
1629 973 1704 1013 quia
1727 972 1799 1013 quis
1823 973 1880 1003 scit
1902 972 1926 1002 si
1949 973 2006 1003 iste
2030 972 2091 1003 fuit
2113 973 2304 1013 baptizatus;
2330 981 2360 1004 et
2383 974 2408 1003 si
2432 973 2483 1004 ille

1420 1017 1476 1058 qui
1508 1017 1678 1057 baptizavit
1701 1027 1775 1047 eum
1804 1016 1914 1047 habuit
1936 1016 2145 1047 intentionem
2174 1018 2355 1048 conferendi
2383 1028 2484 1048 sacra—

1421 1068 1566 1092 mentum
1589 1059 1755 1101 baptismi?
1779 1061 1819 1091 Et
1835 1060 1977 1091 similiter
1992 1062 2050 1091 sub
2068 1061 2249 1092 conditione
2266 1061 2483 1092 confitendum

1420 1105 1574 1136 sacerdoti
1590 1105 1732 1145 proprio,
1747 1111 1877 1145 propter
1899 1104 1984 1135 idem
2005 1105 2148 1135 dubium.
2174 1106 2277 1136 Immo
2294 1114 2323 1136 et
2339 1106 2483 1136 sacerdos

1420 1150 1552 1190 quilibet
1575 1150 1633 1180 sub
1659 1149 1841 1180 conditione
1863 1148 1994 1179 'deberet
2023 1149 2184 1179 absolvere
2208 1157 2238 1180 et
2262 1149 2414 1180 conficere
2438 1160 2484 1180 sa-

1421 1201 1579 1224 cramenta
1603 1201 1633 1224 et
1655 1194 1715 1223 alia
1738 1193 1923 1224 huiusmodi
1947 1193 2056 1229 facere,
2082 1201 2210 1233 propter
2229 1194 2330 1224 simile
2349 1194 2484 1224 dubium

1421 1238 1446 1268 si
1469 1238 1536 1280 ipse
1560 1244 1606 1268 est
1628 1247 1700 1268 vere
1724 1238 1910 1277 baptizatus,
1934 1247 2006 1267 vere
2030 1238 2202 1274 ordinatus,
2228 1245 2257 1268 et
2282 1245 2410 1278 propter
2425 1238 2482 1268 du-

1421 1282 1510 1312 bium
1533 1282 1572 1312 de
1595 1282 1794 1322 suscipiente.
1820 1282 1907 1312 Haec
1930 1282 2015 1312 enim
2039 1281 2148 1311 omnia
2171 1282 2310 1322 pendent
2330 1292 2367 1312 ex
2382 1282 2482 1312 inten-

1420 1326 1507 1357 tione
1535 1325 1669 1356 ministri
1701 1326 1859 1356 Ecclesiae
1888 1326 1968 1356 sicut
1997 1325 2191 1356 consecratio
2219 1326 2350 1356 hostiae.
2387 1326 2428 1356 Et
2457 1327 2482 1356 si

1421 1369 1493 1411 (pro
1517 1368 1607 1412 quia)
1631 1370 1707 1400 haec
1731 1377 1804 1400 sunt
1820 1369 1915 1405 fatua,
1933 1370 2066 1400 stultum
2081 1380 2212 1411 quoque
2228 1370 2290 1400 hoc
2306 1381 2373 1401 esse
2386 1380 2483 1410 quare

1421 1423 1486 1444 non
1510 1412 1666 1444 fatentur?

1475 1457 1678 1488 Convincam
1705 1467 1836 1497 quoque
1860 1458 1979 1497 seipsos
2003 1458 2035 1487 hi
2059 1458 2261 1497 experientia,
2287 1458 2362 1488 foris
2386 1458 2483 1498 expri-

1421 1501 1538 1531 mendo
1563 1501 1812 1531 conditionalem
1835 1511 1933 1541 quarn
1956 1508 2061 1531 mente
2083 1502 2191 1532 dicunt
2207 1502 2319 1532 debere
2337 1502 2482 1542 exprimi;

1420 1552 1451 1575 et
1474 1545 1685 1575 obedientiam
1711 1552 1868 1585 praestent
1883 1545 1996 1585 Papae,
2012 1546 2187 1581 absolvant,
2203 1552 2395 1581 consecrent,
2413 1553 2482 1582 etc.,

1419 1589 1605 1629 explicando
1629 1588 1863 1620 conditionem:
1889 1596 1919 1619 et
1941 1589 2093 1619 videbunt
2117 1595 2254 1619 errorem
2279 1599 2384 1620 suum.
2409 1590 2483 1620 Non

1419 1633 1505 1664 enim
1527 1633 1605 1663 haec
1629 1641 1703 1664 sunt
1725 1643 1848 1664 arcana
1872 1634 1943 1670 Dei,
1960 1643 2043 1673 quae
2066 1643 2128 1664 non
2150 1634 2223 1664 licet
2244 1635 2365 1664 homini
2378 1634 2484 1674 loqui:

1419 1678 1483 1714 sed,
1500 1677 1526 1707 si
1541 1683 1666 1708 tenetur
1688 1677 1789 1707 homo
1812 1684 1918 1708 mente
1933 1677 2148 1708 conditionata
2171 1678 2247 1708 haec
2271 1678 2380 1714 facere,
2401 1678 2483 1709 licite

1418 1721 1571 1762 exprimet
1586 1731 1674 1757 voce,
1691 1728 1727 1751 ut
1743 1728 1828 1762 patet
1846 1722 1878 1751 in
1898 1722 2094 1752 reiteratione
2114 1721 2260 1762 baptismi
2280 1722 2383 1758 dubii;
2407 1729 2483 1753 tunc

1418 1766 1504 1796 enim
1527 1765 1659 1796 dicitur:
1685 1765 1721 1796 Si
1745 1775 1807 1796 non
1832 1775 1865 1796 es
1887 1766 2076 1806 baptizatus,
2100 1775 2161 1807 ego
2184 1771 2215 1796 te
2238 1773 2295 1797 etc.

1470 1810 1559 1840 Nulli
1580 1819 1655 1849 ergo
1671 1809 1813 1850 periculo
1830 1820 1862 1840 se
1879 1810 2009 1850 exponit
2031 1810 2193 1840 adorando
2217 1811 2376 1841 absolute:
2402 1820 2483 1850 quo-

1417 1854 1503 1884 niam
1533 1854 1676 1884 humano
1707 1863 1796 1884 more
1827 1854 2182 1890 certitudinem'habet‚
2210 1862 2240 1885 et
2267 1855 2344 1885 haec
2368 1853 2483 1885 sufficit

1418 1898 1551 1928 homini.

1079 2060 1396 2102 ARTICULUS
1428 2060 1701 2112 QUARTUS

779 2152 949 2192 ‘UTRUM
973 2161 1200 2192 οΒιΕοτυΜ
1224 2162 1336 2192 F1DE1
1361 2162 1508 2193 Posslr
1533 2162 1633 2192 ESSE
1660 2162 1838 2199 ALlQuu)
1862 2162 1993 2193 wsuM

709 2249 740 2273 111
759 2249 842 2278 Sent„
862 2249 921 2274 dist.
939 2257 1004 2278 ων,
1024 2254 1071 2274 art.
1091 2257 1115 2278 α,
1134 2249 1184 2282 qu*
1208 2257 1232 2280 1;
1254 2249 1295 2274 De
1318 2248 1407 2279 Ver-it„
1427 2258 1472 2282 qu.
1491 2257 1540 2280 x1V,
1560 2254 1606 2274 art.
1626 2256 1656 2282 95
1675 2249 1718 2273 Ad
1738 2250 1827 2278 Hebr„
1847 2257 1902 2281 cap.
1922 2257 1958 2278 xr,
1979 2250 2036 2275 lect.
2056 2257 2074 2274 1.

336 2350 339 2357 =
378 2344 390 2356 ··
452 2350 485 2376 „r
508 2339 531 2365 u
551 2338 724 2370 QUARTUM
743 2340 797 2365 stc
817 2339 1057 2366 PROCEDITUR.
1077 2328 1237 2365 Videtur
1256 2328 1362 2377 quod

449 2383 452 2387 '
509 2379 703 2417 obiectum
731 2381 823 2417 fidei
852 2381 898 2417 sit
925 2381 1065 2430 aliquid
1092 2381 1232 2418 visum.
1263 2381 1363 2418 Dicit

316 2462 337 2485 4,
407 2430 418 2432 “
454 2430 613 2469 enim
649 2433 842 2470 Dominus
871 2434 1070 2480 Thomae,
1110 2435 1214 2471 Ioan.
1245 2446 1292 2470 xx
1319 2435 1360 2470 *ε

397 2487 403 2496 '
513 2485 612 2527 Quia
643 2485 768 2523 vidisti
793 2497 873 2531 me,
912 2487 1108 2523 credidisti.
1147 2487 1250 2534 Ergo
1279 2495 1316 2523 et
1344 2491 1361 2507 α

297 2536 349 2575 ἀέ
375 2537 512 2574 eodem
542 2547 599 2575 est
625 2538 723 2575 visio
753 2547 789 2575 et
815 2538 927 2576 fides.

350 2602 387 2628 2.
407 2590 642 2638 PRAETEREA‚
663 2592 884 2639 Apostolus,
902 2592 915 2627 Ι
936 2591 988 2628 ad
1009 2591 1098 2628 Cor.
1119 2603 1178 2627 xm
1194 2593 1225 2637 ⁹,
1249 2591 1358 2628 dicit:

302 2643 476 2680 Videmus
495 2655 596 2681 nunc
621 2655 695 2692 per
711 2644 904 2692 speculum
924 2644 961 2680 in
981 2645 1207 2693 aenigmate.
1238 2645 1288 2681 Et
1306 2645 1361 2680 lo-

295 2696 422 2747 quitur
450 2696 497 2733 de
526 2697 741 2745 cognitione
770 2697 872 2734 fidei.
911 2697 1013 2744 Ergo
1043 2697 1082 2733 id
1109 2697 1212 2745 quod
1242 2697 1361 2733 credi-

294 2755 356 2793 tur
381 2749 545 2786 videtur.

351 2801 386 2839 3.
405 2802 640 2850 ΡΒΑΕΤΕΚΕΑ,
660 2803 757 2840 fides
786 2810 842 2840 est
869 2802 1067 2851 quoddam
1096 2802 1286 2851 spirituale
1306 2803 1361 2840 lu-

295 2866 399 2893 men.
428 2855 508 2893 Sed
525 2855 696 2904 quolibet
714 2855 858 2893 lumine
873 2854 888 2885 β
907 2855 1045 2904 aliquid
1064 2855 1225 2892 videtur.
1256 2856 1359 2904 Ergo

295 2907 394 2944 fides
422 2915 478 2945 est
505 2908 553 2945 de
581 2909 694 2946 rebus
720 2908 823 2946 visis.

349 2971 386 3007 4.
407 2961 641 3008 ptumam,
662 2961 819 3011 quilibet
838 2973 972 2998 sensus
991 2961 1097 2998 visus
1121 2961 1358 2998 nominatur:

296 3019 338 3049 ut
351 3013 585 3060 Augustinus
605 3013 704 3062 dicit,
721 3014 759 3052 in
773 3014 872 3052 libro
896 3014 942 3051 de
962 3014 1069 3051 Verb.
1095 3015 1208 3051 Dom.
1229 3013 1250 3036 *
1279 3014 1357 3052 Sed

296 3065 394 3103 fides
414 3073 471 3103 est
486 3066 533 3104 de
553 3067 710 3105 auditis:
740 3067 954 3105 secundum
973 3066 1065 3105 illud
1079 3067 1131 3104 ad
1147 3067 1259 3104 Rom.
1275 3079 1300 3104 x
1316 3068 1356 3104 *z

295 3118 406 3156 Fides
434 3131 484 3156 ex
510 3120 651 3158 auditu.
694 3121 797 3169 Ergo
826 3120 924 3158 fides
953 3127 1008 3157 est
1037 3120 1084 3157 de
1113 3120 1226 3157 rebus
1251 3120 1356 3159 visis.

350 3172 424 3208 SED
467 3183 614 3209 coum
655 3184 721 3210 us’r
762 3173 868 3221 quod
910 3173 1118 3222 Apostolus
1157 3173 1269 3220 dicit,
1307 3175 1360 3211 ad

347 3319 375 3351 α)
394 3322 428 3344 et.
445 3332 464 3338 -
482 3318 544 3344 Om.
563 3318 702 3344 CDFGsK.

294 3353 379 3415 1²ng
393 3354 508 3395 quoiibet
530 3354 636 3380 lumine.
654 3369 673 3373 -
689 3355 716 3380 in
739 3355 856 3388 quolibet
882 3356 970 3381 lumen
989 3356 1029 3388 D,
1047 3357 1095 3382 snb
1122 3357 1239 3390 quolibet
1257 3358 1356 3383 lumine

347 3406 558 3458 TsAssentit...
582 3425 731 3457 dupliciter.
750 3440 768 3444 —
787 3426 924 3452 Assentit-e
943 3426 1078 3460 (Assentit
1095 3427 1147 3460 sB)
1166 3431 1256 3453 autem
1275 3428 1358 3454 alicui

1415 2329 1515 2365 Heb.
1545 2328 1626 2375 X1*‚
1645 2329 1752 2377 quod
1769 2329 1870 2376 fides
1897 2334 1951 2365 est
1974 2335 2242 2378 argumentum
2269 2342 2342 2367 non
2367 2342 2482 2379 appa—

1417 2382 1590 2418 rentium.

1471 2436 1698 2471 Respounsso
1727 2446 1912 2470 memnon
1949 2434 2054 2482 quod
2081 2435 2184 2472 ‘fides
2219 2435 2398 2485 importat
2425 2447 2482 2472 as-

1416 2499 1572 2530 sensum
1601 2487 1812 2523 intellectus
1841 2487 1946 2524 adid
1975 2487 2081 2536 quod
2110 2488 2285 2526 creditur.
2314 2488 2482 2526 Assentit

1417 2547 1546 2576 autem
1576 2539 1686 2576 alicui
1715 2539 1923 2576 intellectus
1952 2540 2148 2589 dupliciter
2167 2546 2192 2577 Υ.
2224 2542 2311 2578 Uno
2339 2542 2479 2589 modo,

1416 2591 1504 2640 quia
1533 2591 1583 2628 ad
1602 2593 1677 2628 hoc
1707 2599 1886 2628 movetur
1913 2593 1962 2629 ab
1989 2593 2073 2645 ipso
2103 2594 2267 2640 obiecto,
2296 2595 2402 2641 quod
2425 2603 2480 2632 est

1415 2645 1478 2681 vel
1497 2642 1510 2666 ὃ
1529 2656 1598 2692 per
1627 2644 1795 2692 seipsum
1826 2645 2032 2692 cognitum,
2061 2645 2156 2682 sicut
2183 2654 2286 2695 patet
2314 2647 2351 2683 in
2379 2647 2480 2695 prin-

1417 2697 1522 2745 cipiis
1551 2697 1695 2746 primis,
1717 2709 1883 2746 quorum
1912 2705 1968 2734 est
1995 2698 2225 2745 intellectus3
2254 2701 2316 2736 vel
2337 2707 2393 2736 est
2411 2712 2480 2749 per

1417 2750 1518 2787 aliud
1548 2750 1763 2798 cognitum,
1802 2750 1897 2787 sicut
1932 2757 2035 2800 patet
2073 2751 2120 2788 de
2150 2752 2477 2799 conclusionibus,

1417 2815 1579 2851 quarum
1618 2811 1673 2840 est
1709 2803 1874 2840 scientia.
1913 2803 1998 2841 Alio
2028 2804 2147 2841 modo
2185 2805 2393 2846 intellectus
2421 2818 2478 2843 as-

1416 2856 1526 2893 sentit
1555 2856 1663 2893 alicui
1696 2869 1775 2893 non
1810 2857 1900 2905 quia
1932 2857 2162 2895 sufficienter
2198 2866 2402 2895 moveatur
2429 2860 2477 2896 ab

1415 2909 1565 2946 obiecto
1585 2909 1753 2958 proprio,
1776 2909 1843 2946 sed
1860 2921 1931 2958 per
1949 2911 2142 2959 quandam
2162 2911 2388 2949 electionem
2406 2924 2476 2949 vo-

1413 2962 1570 2999 luntarie
1591 2962 1785 3000 declinans
1808 2962 2006 3000 in⁸unam
2034 2970 2181 3012 partem
2211 2964 2331 3012 magis
2360 2977 2475 3014 quarn

1414 3015 1451 3052 in
1480 3015 1605 3052 aliam.
1636 3016 1685 3052 Et
1705 3015 1734 3052 si
1754 3015 1910 3063 quidem
1939 3017 2014 3053 hoc
2032 3017 2075 3053 fit
2094 3015 2106 3041 ῑ
2126 3029 2214 3054 cum
2243 3017 2475 3055 dubitatione

1414 3075 1451 3105 et
1468 3068 1671 3105 formidine
1699 3068 1851 3105 alterius
1877 3069 2005 3117 partis,
2027 3069 2096 3107 erit
2114 3069 2266 3119 opinio:
2297 3071 2327 3107 si
2347 3079 2474 3108 autem

1411 3122 1454 3158 fit
1483 3133 1570 3158 cum
1604 3121 1824 3159 certitudine
1862 3122 2007 3170 absque
2044 3123 2107 3160 tali
2144 3123 2368 3172 formidine,
2408 3124 2476 3161 erit

1411 3174 1518 3212 fides.
1551 3175 1617 3211 Illa
1636 3182 1766 3211 autem
1785 3174 1907 3212 videri
1937 3175 2113 3213 dicuntur
2141 3189 2239 3226 quae
2259 3189 2328 3226 per
2351 3177 2474 3226 seipsa

1461 3322 1487 3391 33
1506 3323 1672 3384 zglimtafflxe'·
1683 3324 1819 3384 dpeclinans
1837 3359 1874 3384 in.
1891 3373 1910 3379 -
1928 3360 2072 3385 voluntatis
2097 3360 2213 3385 declinat
2237 3360 2274 3385 ad
2291 3360 2323 3391 D,
2342 3361 2473 3392 propriae

1410 3394 1555 3419 voluntatis
1574 3394 1710 3420 declinans
1730 3395 1756 3419 in
1775 3395 1809 3426 H,
1827 3395 1976 3420 velantur-{e
1994 3396 2110 3421 declinat
2129 3396 2154 3420 in
2174 3396 2206 3421 K.

1461 3428 1487 3462 ζ)
1506 3429 1556 3455 hoc
1567 3430 1612 3463 fit.
1629 3444 1647 3448 -
1665 3429 1715 3455 hoc
1732 3430 1768 3455 sit
1785 3430 1977 3463 ABFGHILpK
1997 3436 2023 3455 et
2036 3438 2061 3462 n,
2076 3431 2140 3457 haec
2151 3432 2187 3464 fit
2206 3431 2246 3456 ed.
2260 3438 2285 3459 a,
2301 3430 2365 3456 haec
2382 3431 2419 3456 sit
2436 3431 2470 3461 1>;

295 3459 437 3492 dupliciter
455 3459 602 3486 Intellectus
620 3461 718 3493 (potest
736 3461 805 3486 addit
824 3461 871 3494 sA)
891 3461 988 3492 ABFL,
1006 3462 1143 3488 Assentit-e
1162 3466 1251 3488 autem
1276 3463 1358 3489 alicui
1410 3472 1458 3497 pro
1464 3465 1503 3497 fit
1521 3465 1601 3490 altero
1620 3465 1685 3494 loco,
1705 3465 1740 3490 sit
1759 3465 1993 3499 PABCFGHILpK
2012 3471 2037 3490 et
2051 3474 2114 3491 aaa.

295 3495 456 3528 intelligitur
473 3495 617 3528 dupliciter
635 3496 697 3522 fflx.

2510 408 2518 416 '
2530 407 2554 428 S.
2565 407 2609 428 Th.
2626 408 2676 428 lect.
2693 414 2720 433 v;

2510 433 2677 460 Did.lib.la,c.
2686 440 2719 461 ιιι,

2510 465 2532 489 ¹¹:
2541 466 2562 485 4.
2575 471 2585 475 -
2595 459 2630 481 Cf.
2646 460 2720 481 Ethic.

2510 485 2661 559 ξῖᾕῖιίῥᾚῑ
2675 493 2720 534 H:

2510 715 2518 723 ·
2534 719 2629 735 sacrum
2643 720 2680 735 ΑΒ.

2511 2341 2521 2351 “
2536 2340 2601 2362 Vers.
2618 2347 2634 2362 ι.
