2892 4056
176 732 186 742 ⁸
201 731 230 752 Cf
252 737 282 758 qu
306 736 386 758 xxxix,

175 746 262 779 lntrcid.
285 747 289 751 Ι

180 1175 386 1202 ’1,ἰὺ.Χ,ειά1ἰῐῐ.8.

414 199 488 234 320

1088 197 1354 244 QUAESTIO
1388 198 1514 246 XLII,
1542 197 1838 234 ARTICULUS
1868 199 1881 234 I

757 401 1171 480 QUAESTIO
1211 402 2244 477 QUADRAGESIMASECUNDA

1173 511 1215 550 D
1240 511 1277 551 E
1333 512 1365 552 s
1388 513 1426 552 E
1449 513 1490 552 D
1515 513 1533 552 1
1557 512 1595 551 T
1618 512 1635 551 1
1659 511 1698 551 o
1723 512 1764 552 Ν
1787 513 1826 552 E

1226 618 1260 642 IN
1289 618 1384 643 DUOS
1411 618 1615 643 ARTICULOS
1643 617 1763 643 DlVlSA

497 706 605 731 EINDE
635 693 958 730 considerandum
989 701 1045 729 est
1074 693 1121 730 de
1151 693 1337 730 seditione
1358 699 1375 714 ‘²
1394 694 1424 730 *.

415 706 546 787 DEt
575 747 673 783 circa
700 746 776 782 hoc
805 753 1040 794 quaeruntur
1069 746 1160 783 duo.

1577 693 1728 730 Primo:
1758 701 1887 731 utrum
1916 694 1962 731 sit
1990 694 2155 742 speciale
2183 702 2396 743 peccatum.

1579 746 1782 784 Secundo:
1811 754 1941 784 utrum
1970 747 2016 784 sit
2044 748 2203 784 mortale
2230 756 2446 794 peccatum.

1222 845 1542 887 ARTICULUS
1573 845 1781 888 PRIMUS

786 930 941 961 UTRUM
965 929 1137 961 SEDITIO
1162 930 1228 961 SIT
1252 930 1455 961 SPECIALE
1478 930 1718 962 PECCATUM
1740 931 1795 962 AB
1818 931 1926 962 ALns
1949 931 2217 963 DISTINCTUM

445 1023 505 1065 ‘³525ss
526 1026 598 1070 μᾷ(
622 1021 645 1046 D
680 1020 818 1045 PRIMUM
843 1021 896 1046 sm
920 1020 1162 1046 PROCEDITUR.
1188 1009 1348 1046 Videtur
1373 1009 1478 1058 quod

439 1050 598 1118 ’ἱϊᾶᾼῖι“
624 1061 758 1099 seditio
774 1074 852 1099 non
867 1061 914 1099 sit
933 1061 1097 1110 speciale
1115 1069 1318 1110 peccatum
1333 1062 1381 1099 ab
1398 1062 1478 1099 aliis

430 1096 549 1170 5³]qu
560 1098 591 1156 ’ὃ
606 1111 610 1115 ’
625 1115 854 1152 distinctum.
872 1115 974 1161 Quia
988 1122 1028 1151 ut
1039 1115 1207 1152 Isidorus
1223 1114 1322 1161 dicit,
1334 1115 1373 1151 in
1383 1115 1478 1152 libro

467 1142 565 1194 ζ’Ψ)
581 1159 789 1216 Etymol.
819 1167 859 1214 ²¹²,
888 1167 1081 1204 seditiosus
1114 1173 1167 1204 est
1193 1168 1259 1215 qui
1284 1168 1477 1204 dissensio-

415 1231 499 1256 nem
529 1221 745 1257 animorum
763 1221 868 1268 facit
882 1226 918 1256 et
943 1220 1148 1257 discordias
1169 1220 1305 1269 gignit.
1336 1220 1414 1256 Sed
1433 1232 1478 1256 ex

413 1273 488 1309 hoc
516 1272 621 1320 quod
641 1273 775 1322 aliquis
794 1272 951 1321 aliquod
969 1280 1170 1321 peccatum
1189 1279 1380 1320 procurat,
1401 1285 1480 1309 non

413 1333 547 1374 peccat
574 1325 647 1362 alio
676 1325 822 1374 peccati
850 1337 988 1373 genere
1017 1325 1088 1362 nisi
1116 1325 1179 1362 illo
1208 1325 1315 1373 quod
1342 1337 1479 1373 procu-

414 1386 480 1415 rat.
511 1379 613 1425 Ergo
642 1379 793 1415 videtur
829 1378 935 1425 quod
964 1377 1096 1415 seditio
1131 1390 1210 1415 non
1245 1378 1290 1415 sit
1317 1378 1480 1427 speciale

414 1438 615 1480 peccatum
644 1443 666 1468 a
695 1431 884 1468 discordia
913 1430 1143 1468 distinctum.

469 1495 504 1520 2.
534 1485 768 1531 PRAETEREA,
789 1483 922 1521 seditio
947 1483 1176 1521 divisionem
1196 1483 1391 1532 quandam
1411 1483 1481 1521 im-

414 1544 551 1586 portat.
590 1537 668 1574 Sed
695 1549 840 1574 nomen
878 1536 993 1573 etiam
1021 1536 1234 1573 schismatis
1270 1537 1432 1574 sumitur
1460 1549 1482 1574 a

243 1608 337 1629 xxxma
361 1617 388 1624 ..
415 1590 590 1636 scissura,
619 1597 661 1626 ut
689 1602 804 1639 supra
831 1590 852 1612 '⁸
879 1589 1023 1627 dictum
1053 1597 1119 1626 est.
1149 1590 1252 1637 Ergo
1279 1597 1480 1638 peccatum

186 2714 195 2723 ·
210 2712 310 2734 Interlin.

192 3221 200 3230 ⁸
212 3219 247 3241 Cf.
262 3225 301 3246 qu.
315 3224 375 3239 xxxv

191 3253 203 3267 a
247 3252 267 3267 2.

415 1642 610 1680 seditionis
630 1655 709 1680 non
727 1643 880 1681 videtur
900 1655 982 1680 esse
1009 1642 1226 1680 distinctum
1247 1655 1268 1679 a
1288 1650 1447 1691 peccato
1468 1642 1483 1673 β

416 1695 644 1733 schismatis.

470 1749 504 1785 3.
535 1749 770 1795 PRAETEREA,
791 1760 907 1785 omne
927 1754 1129 1797 peccatum
1150 1747 1314 1796 speciale
1334 1748 1381 1784 ab
1402 1748 1482 1785 aliis

416 1799 632 1838 distinctum
661 1801 720 1837 vel
748 1809 804 1837 est
829 1800 965 1838 vitium
994 1800 1165 1849 capitale,
1187 1807 1252 1836 aut
1279 1812 1325 1836 ex
1354 1800 1481 1849 aliquo

414 1854 507 1891 vitio
537 1853 685 1902 capitali
713 1853 842 1891 oritur.
873 1854 951 1891 Sed
979 1852 1112 1890 seditio
1133 1864 1257 1901 neque
1287 1861 1484 1902 computa-

414 1915 474 1944 tur
493 1906 590 1944 inter
607 1906 699 1944 vitia
719 1906 903 1956 capitalia,
925 1919 1050 1955 neque
1078 1905 1175 1942 inter
1199 1905 1290 1942 vitia
1318 1918 1416 1954 quae
1439 1919 1483 1943 ex

282 1972 389 2014 wi&
417 1959 639 2009 capitalibus
667 1959 854 1997 oriuntur:
882 1967 924 1996 ut
951 1966 1055 2008 patet
1081 1958 1121 1995 in
1140 1959 1265 1995 XXXI
1285 1959 1430 1996 Moral.
1451 1960 1482 2007 ³³,

416 2013 482 2051 ubi
510 2020 670 2061 utraque
697 2013 790 2050 vitia
817 2020 1079 2050 numerantur.
1109 2012 1211 2059 Ergo
1241 2011 1377 2049 seditio
1405 2025 1485 2050 non

418 2074 474 2103 est
501 2066 665 2114 speciale
693 2073 895 2114 peccatum
924 2066 973 2102 ab
1002 2065 1081 2102 aliis
1111 2063 1342 2102 distinctum.

471 2120 546 2156 SED
575 2130 723 2156 CONTRA
751 2131 817 2156 EST
844 2119 951 2167 quod
970 2119 1002 2155 II
1022 2118 1074 2155 ad
1109 2118 1197 2154 Cor.
1217 2130 1266 2154 ΧΠ
1284 2118 1304 2140 *
1332 2118 1486 2156 seditio-

418 2185 486 2209 nes
515 2173 563 2210 ab
592 2172 672 2209 aliis
699 2171 865 2220 peccatis
893 2171 1188 2219 distinguuntur.

471 2226 697 2263 Responmzo
717 2237 902 2262 mCENDUM
922 2225 1028 2273 quod
1047 2223 1182 2261 seditio
1212 2230 1268 2260 est
1287 2223 1485 2272 quoddam

418 2286 619 2327 peccatum
640 2278 815 2326 speciale,
833 2277 938 2326 quod
958 2285 1145 2327 quantum
1165 2277 1215 2313 ad
1234 2276 1377 2325 aliquid
1397 2289 1487 2314 con-

417 2331 523 2369 venit
551 2343 640 2367 cum
668 2331 769 2368 bello
799 2338 835 2366 et
862 2330 952 2377 rixa,
982 2337 1168 2379 quantum
1197 2336 1327 2366 autem
1353 2328 1403 2366 acl
1422 2329 1487 2366 ali-

420 2384 514 2433 quid
543 2383 666 2422 differt
694 2384 742 2420 ab
771 2383 838 2420 eis.
868 2383 1060 2420 Convenit
1080 2382 1237 2431 quidem
1259 2394 1347 2418 cum
1377 2381 1431 2418 eis
1450 2382 1488 2418 in

420 2439 495 2475 hoc
533 2437 638 2485 quod
675 2436 854 2488 importat
895 2436 1090 2484 quandam
1134 2434 1488 2472 contradictionem.

420 2490 558 2528 Differt
585 2497 714 2526 autem
744 2489 792 2526 ab
822 2489 876 2525 eis
905 2488 943 2525 in
973 2489 1137 2525 duobus.
1167 2488 1298 2524 Primo
1320 2487 1488 2535 quidem,

422 2543 511 2592 quia
532 2543 673 2579 bellum
694 2549 731 2578 et
759 2542 836 2578 rixa
855 2541 1063 2590 important
1090 2548 1264 2577 mutuam
1289 2541 1487 2589 impugna—

420 2597 565 2633 tionem
594 2595 631 2632 in
661 2602 768 2631 actu:
798 2594 864 2631 sed
894 2594 1028 2631 seditio
1057 2601 1183 2642 potest
1211 2593 1284 2630 dici
1313 2594 1394 2630 sive
1422 2593 1489 2630 fiat

421 2648 643 2686 huiusmodi
679 2647 915 2696 impugnatio
944 2647 982 2683 in
1010 2654 1116 2693 actu,
1146 2646 1227 2683 sive
1256 2646 1302 2682 sit
1329 2658 1488 2695 praepa-

423 2702 517 2739 ratio
556 2701 605 2738 ad
638 2701 752 2738 talem
785 2699 1125 2748 impugnationem.
1164 2699 1276 2736 Unde
1305 2699 1442 2736 Glossa
1470 2699 1490 2721 '¹‘

422 2757 454 2791 II
484 2755 535 2791 ad
566 2755 653 2791 Cor.
683 2766 731 2790 ΧΠ
759 2753 779 2775 *
808 2753 896 2789 dicit
933 2752 1038 2800 quod
1076 2752 1282 2789 seditiones
1316 2759 1404 2788 sunt
1435 2757 1490 2788 tu-

475 2867 502 2899 α)
521 2866 660 2891 seditione.
678 2879 697 2884 -
715 2872 782 2898 quae
801 2865 945 2897 opponitur
962 2865 1025 2897 paci
1043 2865 1141 2890 addunt
1159 2866 1206 2890 Pa.

477 2901 502 2934 β)
518 2904 639 2933 peccato.
657 2914 676 2920 -
690 2900 808 2932 peccati}
826 2901 854 2925 P.

1530 1009 1669 1046 multus
1695 1010 1747 1046 ad
1766 1021 1960 1059 pugnam.-
1990 1022 2079 1047 cum
2106 1010 2248 1047 scilicet
2276 1010 2392 1059 aliqui
2420 1023 2461 1048 se
2488 1023 2599 1060 prae-

1531 1070 1668 1111 parant
1703 1070 1739 1099 et
1771 1063 1972 1099 intendunt
2004 1075 2187 1111 pugnare.
2218 1084 2241 1109 -‚
2272 1063 2452 1101 Secundo
2491 1063 2598 1101 diffe-

1533 1122 1634 1161 runt,
1664 1115 1754 1162 quia
1781 1115 1924 1151 bellum
1955 1115 2110 1164 proprie
2144 1123 2199 1153 est
2231 1124 2362 1153 contra
2400 1124 2599 1155 extraneos

1532 1175 1570 1204 et
1588 1173 1603 1195 ἵ
1630 1168 1773 1214 hostes,
1802 1167 1911 1215 quasi
1939 1168 2188 1205 multitudinis
2219 1169 2269 1205 ad
2296 1169 2597 1217 multitudinem

1534 1219 1613 1256 rixa
1650 1227 1779 1256 autem
1818 1227 1874 1256 est
1908 1220 2020 1257 unius
2048 1221 2098 1257 ad
2124 1233 2262 1268 unum,
2289 1223 2353 1258 vel
2384 1235 2599 1270 paucorum

1533 1272 1582 1309 ad
1610 1284 1770 1320 paucos;
1800 1272 1934 1309 seditio
1954 1280 2082 1310 autem
2101 1273 2255 1322 proprie
2285 1281 2342 1310 est
2358 1274 2455 1312 inter
2472 1283 2600 1324 partes

1532 1324 1644 1362 unius
1664 1324 1914 1362 multitudinis
1934 1325 2030 1362 inter
2048 1337 2088 1363 se
2109 1325 2383 1374 dissentientes,
2398 1335 2491 1376 puta
2510 1341 2600 1366 cum

1532 1390 1610 1415 una
1637 1390 1727 1426 pars
1755 1378 1915 1414 civitatis
1953 1378 2134 1415 excitatur
2160 1378 2200 1416 in
2227 1379 2432 1417 tumultum
2469 1389 2602 1419 contra

1533 1431 1658 1468 aliam.
1689 1432 1738 1467 Et
1765 1430 1853 1468 ideo
1882 1431 2028 1479 seditio,
2062 1431 2152 1480 quia
2187 1432 2306 1469 habet
2337 1433 2502 1482 speciale
2532 1434 2602 1471 bo-

1534 1496 1629 1521 num
1659 1483 1719 1520 cui
1747 1483 1973 1532 opponitur,
2011 1484 2151 1522 scilicet
2183 1485 2369 1522 unitatem
2399 1493 2435 1523 et
2463 1499 2601 1535 pacem

1532 1536 1792 1583 multitudinis,
1822 1537 1909 1574 ideo
1940 1545 1995 1574 est
2021 1538 2184 1586 speciale
2211 1546 2426 1586 peccatum.

1587 1591 1646 1627 AD
1675 1601 1813 1627 ramum
1840 1601 1939 1627 ERGO
1967 1602 2153 1628 DmENDUM
2181 1591 2287 1640 quod
2315 1591 2516 1629 seditiosus
2545 1593 2600 1630 di·

1535 1642 1630 1679 citur
1649 1643 1713 1691 qui
1728 1642 1954 1680 seditionem
1974 1643 2120 1680 excitat.
2150 1645 2199 1681 Et
2217 1644 2308 1693 quia
2325 1645 2461 1682 seditio
2481 1658 2602 1694 quan-

1536 1696 1626 1732 dam
1654 1693 1667 1717 ⁶
1696 1695 1926 1732 discordiam
1962 1696 2161 1746 importat,
2190 1696 2279 1734 ideo
2313 1698 2516 1736 seditiosus
2544 1706 2602 1738 ent

1535 1748 1600 1797 qui
1619 1747 1850 1785 discordiam
1869 1748 1956 1785 facit
1983 1761 2062 1786 non
2081 1761 2379 1799 quamcumque,
2409 1751 2478 1789 sed
2505 1752 2603 1791 inter

1534 1808 1660 1850 partes
1689 1800 1845 1838 alicuius
1864 1801 2125 1839 multitudinis.
2154 1803 2360 1840 Peccatum
2386 1811 2516 1842 autem
2543 1817 2603 1842 se-

1536 1853 1687 1891 ditionis
1715 1865 1793 1891 non
1822 1854 1948 1891 solum
1976 1862 2032 1891 est
2058 1854 2098 1892 in
2126 1866 2172 1891 eo
2201 1849 2266 1904 qui
2286 1855 2516 1895 discordiam
2545 1869 2602 1896 se-

1535 1906 1668 1954 minat,
1706 1907 1775 1944 sed
1804 1906 1918 1944 etiarn
1947 1907 1986 1944 in
2014 1907 2067 1944 eis
2095 1907 2159 1956 qui
2186 1907 2400 1946 inordinate
2429 1910 2478 1947 ab
2505 1910 2604 1949 invi-2

1537 1971 1623 1996 cem
1653 1959 1890 1997 dissentiunt.

1590 2014 1649 2049 An
1677 2024 1868 2050 SECUNDUM
1901 2024 2086 2050 memnon
2123 2013 2230 2061 quod
2257 2014 2394 2055 seditio
2428 2015 2554 2054 differt
2578 2029 2603 2056 a

1537 2065 1742 2103 schismate
1770 2065 1808 2102 in
1836 2066 1998 2103 duobus.
2029 2065 2160 2103 Primo
2188 2066 2358 2114 quidem,
2387 2067 2478 2116 quia
2505 2069 2603 2107 schi-

1537 2131 1622 2155 sma
1649 2118 1855 2167 opponitur
1881 2118 2063 2167 spirituali
2090 2119 2224 2156 unitati
2241 2119 2504 2168 multitudinis,
2532 2121 2602 2159 sci-

1536 2171 1621 2208 licet
1648 2171 1779 2208 unitati
1808 2171 2101 2208 ecclesiasticae:
2131 2171 2264 2209 seditio
2294 2180 2422 2211 autem
2441 2175 2602 2223 opponi-‚-

1537 2233 1598 2262 tur
1624 2223 1826 2273 temporali
1861 2224 1924 2260 vel
1951 2224 2136 2261 saeculari
2173 2225 2423 2264 multitudinis
2458 2227 2602 2275 unitati,

1536 2285 1628 2325 puta
1666 2276 1824 2314 civitatis
1856 2277 1919 2313 vel
1948 2276 2063 2324 regni.
2093 2298 2117 2304 -
2147 2278 2347 2326 Secund0‚
2382 2279 2472 2328 quia
2505 2279 2603 2319 schi-

1539 2342 1622 2367 sma
1655 2341 1732 2367 non
1767 2329 1947 2378 importat
1983 2329 2150 2378 aliquam
2187 2331 2519 2382 praeparationem
2552 2332 2605 2373 ad

1538 2394 1707 2431 pugnam
1738 2383 1989 2430 corporalem,
2010 2383 2078 2420 sed
2107 2383 2232 2420 solum
2261 2383 2441 2433 importat
2460 2385 2604 2425 dissen-

1539 2436 1688 2472 sionem
1709 2435 1961 2483 spiritualem:
1990 2434 2126 2472 seditio
2146 2443 2275 2473 autem
2294 2436 2474 2487 importat
2490 2450 2602 2487 prae*

1538 2488 1777 2536 parationem
1807 2488 1856 2524 ad
1883 2499 2053 2536 pugnam
2083 2490 2336 2538 corporalem.
2572 2516 2574 2518 v

1593 2543 1652 2577 AD
1688 2552 1848 2578 Ti-:Rrium
1881 2552 2065 2578 DICENDUM
2102 2542 2208 2590 quod
2246 2542 2402 2590 seditio,
2435 2543 2531 2586 sicut
2567 2551 2605 2583 et

1540 2593 1723 2640 schisma,
1771 2594 1841 2630 sub
1880 2593 2069 2631 discordia
2115 2595 2340 2633 continetur.
2387 2597 2604 2646 Utrumque

1541 2646 1643 2683 enim
1665 2654 1720 2683 est
1740 2645 1928 2683 discordia
1947 2647 2150 2695 quaedam,
2171 2660 2250 2685 non
2268 2649 2380 2686 unius
2399 2649 2449 2687 ad
2467 2662 2603 2699 unum,

1540 2699 1608 2736 sed
1637 2699 1800 2748 partium
1830 2699 2078 2736 multitudinis
2107 2700 2155 2738 ad
2183 2700 2363 2739 invicem.
2651 2702 2658 2703 ’

1593 2867 1620 2898 γ)
1639 2867 1672 2889 et.
1691 2878 1709 2883 -—
1728 2865 1789 2889 Om.
1809 2865 1953 2897 AFGIKpC
1972 2869 1998 2889 et
2016 2871 2043 2889 κ.

1593 2899 1619 2932 ὃ)
1639 2900 1782 2932 quandam.
1800 2913 1819 2919 -
1837 2900 1994 2932 quandoque
2012 2899 2030 2924 1.

1093 2980 1427 3014 commentaria
1449 2979 1701 3012 cardinalis
1723 2978 1925 3013 Caietam

430 3069 477 3132 IN
500 3059 604 3100 primo
628 3059 760 3090 articulo
785 3058 979 3099 quaestionis
1002 3058 1428 3100 quadragesimaesecundae‚
1453 3057 1486 3087 in
1538 3058 1579 3089 Et
1601 3057 1778 3090 verificatur
1807 3058 2001 3089 continentia
2030 3058 2107 3089 haec
2131 3059 2308 3090 secundum
2338 3067 2446 3090 actum
2474 3060 2604 3092 interio-

457 3103 665 3144 responsione
685 3103 725 3132 ad
741 3102 900 3139 ultimum,
921 3103 1046 3134 adverte
1068 3103 1156 3144 quod
1179 3105 1301 3134 Auctor
1316 3101 1391 3133 dicit
1405 3101 1486 3132 schi-

428 3158 496 3178 sma
519 3154 550 3179 et
572 3146 762 3178 seditionem
785 3147 938 3177 contineri
962 3148 1020 3177 sub
1045 3147 1211 3183 discordia,
1235 3146 1315 3178 inter
1329 3145 1405 3177 vitia
1427 3156 1486 3176 nu-

429 3236 502 3266 oriri
520 3246 556 3266 ex
575 3235 722 3276 superbia
738 3245 792 3265 seu
809 3235 893 3265 inani
917 3235 1026 3274 gloria,
1045 3245 1081 3265 ex
1096 3246 1159 3275 qua
1176 3235 1276 3266 oritur
1292 3234 1448 3265 discordia
1458 3233 1484 3265 *.

1538 3111 1623 3132 rem:
1654 3112 1729 3132 nam
1757 3109 1824 3133 tam
1853 3102 1966 3133 seditio
1988 3113 2086 3144 quam
2117 3103 2270 3139 schisma,
2294 3104 2472 3135 secundum
2495 3111 2604 3136 actum

1539 3146 1731 3183 interiorem,
1756 3147 1913 3177 discordia
1936 3147 2093 3188 quaedam
2119 3155 2174 3185 est,
2199 3147 2316 3179 scilicet
2338 3148 2478 3189 partium
2496 3148 2604 3180 multi-

377 3223 402 3244 n,
428 3199 548 3223 merata
577 3201 595 3221 a
619 3192 710 3222 beato
742 3190 894 3231 Gregorio
925 3191 957 3221 in
980 3191 1081 3221 XXXI
1105 3191 1242 3222 Moral.:
1268 3197 1298 3222 et
1320 3196 1486 3230 propterea
1540 3190 1667 3226 tudinis,
1693 3197 1750 3222 etc.
