2892 4056
197 1849 207 1858 ⁸
226 1849 279 1869 Art.
295 1854 316 1874 2,
335 1847 408 1869 Com-

197 1878 269 1896 ment.
280 1880 345 1895 num.
360 1880 395 1895 ιιι.

195 2023 207 2035 ⁸
222 2023 258 2044 Cf.
272 2026 314 2044 art.
325 2028 410 2050 praec„

197 2050 330 2071 comment.
344 2054 409 2070 num.

197 2082 232 2098 ιιι.

199 2641 209 2651 '
224 2640 292 2662 Vers.
306 2640 339 2662 ιδ.

204 3075 288 3096 ’Isaiae
293 3080 343 3102 cap.
349 3080 412 3102 xvnr,

201 3107 262 3123 vers.
278 3107 309 3129 ¹9·

435 232 508 269 272

434 299 647 347 ripiendus:
670 305 705 334 et
733 298 763 334 si
785 297 954 343 audierit,
975 297 1073 333 bene
1102 295 1270 344 quidem.
1302 295 1341 332 Si
1362 304 1489 333 autem

434 364 512 388 non
537 351 707 397 audierit,
738 350 767 387 si
795 357 993 398 peccatum
1023 348 1068 384 sit
1096 348 1254 384 omnino
1284 350 1489 396 occultum,

436 404 612 441 dicebant
639 415 717 439 non
742 414 822 439 esse
850 401 1004 438 ulterius
1032 400 1336 448 procedendum.
1368 401 1406 437 Si
1426 413 1492 437 au-

434 465 512 494 tem
531 456 661 504 incipit
678 455 754 492 iam
775 454 823 491 ad
841 453 1006 501 plurium
1034 452 1208 489 notitiam
1229 453 1408 490 devenire
1429 453 1493 490 ali-

435 510 572 558 quibus
591 507 748 553 indiciis,
769 507 881 543 debet
907 504 1062 542 ulterius
1089 505 1258 553 procedi,
1280 505 1492 542 secundum

436 562 540 610 quod
576 560 767 596 Dominus
802 557 969 594 mandat.
999 577 1022 585 -
1053 557 1131 593 Sed
1159 558 1234 594 hoc
1272 565 1326 594 est
1361 565 1493 594 contra

434 614 473 651 id
502 613 605 662 quod
633 611 866 658 Augustinus
896 609 995 657 dicit,
1019 609 1058 645 in
1081 609 1244 659 Regula,
1274 610 1381 658 quod
1404 622 1493 658 pec-

436 674 560 703 catum
598 664 718 700 fratris
745 675 824 700 non
853 662 966 699 debet
1003 662 1202 708 occultari,
1231 674 1278 698 ne
1302 668 1496 711 putrescat

435 719 471 755 in
500 718 624 754 corde.

486 771 535 806 Et
553 769 640 806 ideo
661 767 766 804 aliter
786 767 991 804 dicendum
1012 774 1067 803 est
1086 767 1192 816 quod
1210 774 1298 815 post
1320 767 1495 804 admoni-

433 823 576 859 tionem
595 827 780 857 secretam
808 820 925 856 semel
951 819 1013 856 vel
1037 820 1178 867 pluries
1204 819 1356 867 factam,
1377 832 1496 869 quan·

434 875 498 911 diu
518 886 604 922 spes
622 872 870 922 probabiliter
897 872 1060 909 habetur
1088 874 1135 910 de
1161 873 1408 921 correctione,
1427 885 1498 922 per

433 934 619 964 secretam
657 925 961 962 admonitionem
999 926 1290 974 procedendum
1329 933 1396 963 est.
1439 926 1497 963 Ex

434 992 510 1028 quo
539 985 667 1016 autem
688 976 703 1007 β
723 978 800 1014 iam
827 977 1073 1026 probabiliter
1101 991 1333 1026 cognoscere
1362 991 1497 1027 possu-

432 1044 517 1068 mus
546 1031 651 1080 quod
679 1038 824 1067 secreta
852 1030 1064 1068 admonitio
1099 1044 1178 1068 non
1205 1032 1327 1078 valet,
1361 1043 1496 1080 proce-

434 1084 605 1121 dendum
643 1091 698 1120 est
733 1083 914 1130 ulterius,
945 1091 1299 1132 quantumcumque
1337 1084 1383 1121 sit
1409 1096 1498 1133 pec-

433 1144 560 1173 catum
589 1137 802 1183 occultum,
833 1136 880 1173 ad
913 1136 1064 1172 testium
1101 1136 1374 1174 inductionem.
1412 1136 1496 1173 Nisi

431 1190 527 1226 forte
542 1188 790 1238 probabiliter
810 1188 1072 1226 aestimaretur
1091 1189 1196 1238 quod
1211 1190 1286 1226 hoc
1302 1190 1350 1226 ad
1366 1201 1496 1225 emen-

433 1242 628 1279 dationem
657 1241 780 1278 fratris
808 1253 886 1277 non
914 1242 1140 1289 proficeret,
1170 1242 1238 1278 sed
1266 1241 1402 1278 exinde
1432 1241 1496 1278 de-

1086 218 1352 264 QUAESTIO
1380 219 1558 266 XXXIII,
1587 218 1883 255 ARTICULUS
1911 218 1997 255 VIII

1542 297 1656 334 terior
1684 296 1923 332 redderetur:
1953 295 2044 344 quia
2070 304 2227 345 propter
2252 298 2327 335 hoc
2355 305 2412 335 est
2438 299 2605 336 totaliter

1543 362 1565 386 a
1586 348 1821 385 correctione
1851 347 2091 395 cessandum,
2120 356 2162 385 ut
2190 361 2306 398 supra
2323 350 2343 372 *
2362 351 2506 388 dictum
2536 359 2603 389 est.
2631 360 2640 369 ·

1596 402 1655 438 Ao
1675 412 1864 437 SECUNDUM
1884 411 2066 437 DICENDUM
2096 401 2202 448 quod
2220 402 2340 439 homo
2365 415 2444 440 non
2462 403 2606 452 indiget

1544 453 1702 490 testibus
1730 453 1779 489 ad
1808 452 2117 490 emendationem
2146 453 2204 490 sui
2231 455 2396 502 peccati:
2427 456 2532 504 quod
2551 463 2606 493 ta-

1545 518 1637 543 men
1663 513 1788 553 potest
1817 517 1898 542 esse
1926 505 2184 542 necessarium
2217 506 2267 543 ad
2295 508 2606 545 emendationem

1544 557 1691 607 peccati
1718 557 1851 594 fratris.
1881 558 1993 595 Unde
2022 570 2099 594 non
2130 565 2185 594 est
2212 558 2343 595 similis
2371 560 2475 597 ratio.

1598 613 1657 647 An
1685 621 1845 647 TER’rmM
1873 622 2057 647 mCENDuM
2086 611 2191 659 quod
2219 617 2332 648 testes
2365 619 2526 660 possunt
2553 612 2608 649 in-

1547 663 1634 700 duci
1662 670 1819 711 propter
1846 662 1927 700 tria.
1956 663 2043 700 Uno
2074 663 2212 710 modo,
2248 662 2297 700 ad
2325 665 2607 702 ostendendum

1546 717 1652 764 quod
1670 716 1746 752 hoc
1764 715 1811 752 sit
1824 723 2026 764 peccatum
2043 715 2093 752 'de
2114 727 2192 763 quo
2212 714 2346 764 aliquis
2364 717 2548 764 arguitur3
2567 724 2610 753 ut

1547 768 1807 816 Hieronymus
1826 767 1914 805 dicit
1931 768 1962 805 ²¹⁶.
1993 768 2194 816 Secundo,
2220 768 2270 805 ad
2300 769 2608 807 convincendum
2633 774 2644 785 *

1548 821 1596 857 de
1623 828 1722 868 actu,
1743 820 1774 857 si
1802 827 1908 857 actus
1926 820 2095 867 iteretur;
2117 828 2159 857 ut
2186 821 2422 868 Augustinus
2450 822 2551 868 dicit,
2571 822 2611 860 in

1547 873 1709 923 Regula.
1725 873 1869 920 Tertio,
1886 873 1937 910 ad
1949 873 2218 921 testificandum
2234 874 2335 923 quod
2342 875 2468 920 frater
2480 875 2610 911 admo-

1548 938 1640 963 nens
1647 926 1747 975 fecit
1762 926 1864 974 quod
1881 926 1918 962 in
1937 938 1977 963 se
1983 927 2082 975 suit;
2096 933 2138 963 ut
2154 927 2454 975 Chrysostomus
2473 926 2564 964 dicit
2577 926 2609 967 ³¹¹.

1600 980 1659 1016 Ao
1689 990 1862 1021 QUARTUM
1889 990 2076 1016 memnon
2105 979 2210 1027 quod
2238 979 2476 1027 Augustinus
2503 979 2612 1017 intel-

1547 1031 1625 1078 ligit
1652 1031 1757 1080 quod
1790 1031 1893 1079 prius
1930 1031 2076 1069 dicatur
2102 1032 2271 1081 praelato
2309 1044 2427 1079 quam
2454 1032 2614 1070 testibus

1548 1084 1763 1120 secundum
1783 1083 1888 1132 quod
1913 1085 2103 1132 praelatus
2122 1092 2178 1121 est
2196 1085 2388 1132 quaedam
2414 1084 2613 1132 singularis

1547 1148 1714 1184 persona
1742 1147 1840 1183 quae
1868 1136 1988 1184 magis
2015 1143 2141 1185 potest
2168 1137 2352 1186 prodesse
2385 1149 2503 1186 quam
2532 1137 2611 1174 alii:

1549 1201 1628 1224 non
1656 1195 1785 1224 autem
1815 1188 1920 1236 quod
1949 1188 2096 1225 dicatur
2124 1189 2158 1225 ei
2185 1197 2368 1239 tanquam
2397 1189 2611 1238 Ecclesiae,

1549 1240 1647 1277 idest
1674 1240 1771 1277 sicut
1797 1239 1836 1276 in
1863 1241 1950 1276 loco
1979 1240 2114 1278 iudicis
2142 1242 2335 1279 residenti.

487 1371 512 1404 β)
533 1371 580 1396 Ex
598 1378 649 1404 quo
673 1373 772 1395 autem.
791 1383 809 1389 -
829 1370 876 1394 Ex
895 1376 946 1402 quo
965 1370 1109 1402 EFHILpK
1127 1374 1153 1394 et
1171 1377 1215 1398 xa,
1235 1369 1291 1395 Sed
1309 1377 1346 1394 ex
1364 1376 1416 1402 quo
1433 1369 1490 1400 AB;
1509 1369 1563 1394 iam
1581 1376 1634 1394 om.
1654 1370 1685 1399 D,
1704 1374 1764 1402 post
1777 1369 1956 1401 probabiliter
1974 1374 2074 1401 ponunt
2093 1369 2140 1395 Pa.

1108 1449 1441 1482 Commentario.
1461 1448 1713 1481 Cardinah's
1734 1447 1935 1481 Caietani

949 1494 963 1502 a

463 1542 483 1562 N
506 1531 640 1562 articulo
655 1537 768 1561 octavo
793 1529 918 1560 adverte
933 1530 1022 1570 quod
1045 1529 1163 1569 duplex
1185 1529 1363 1560 remedium
1389 1535 1499 1559 contra

436 1544 631 1616 Ipeccatum
659 1574 852 1615 inquantum
882 1580 976 1604 nocet
997 1573 1058 1613 ipsi
1082 1573 1236 1613 peccanti,
1260 1579 1416 1604 statutum
1439 1579 1496 1603 est.

433 1620 578 1650 Primum
602 1617 853 1649 consummabile
877 1628 893 1647 a
917 1626 1140 1658 quocumque:
1165 1624 1196 1649 et
1219 1623 1265 1648 est
1287 1623 1404 1648 secreta
1427 1627 1498 1647 mo-

434 1663 526 1695 nitio.
550 1664 734 1694 Secundum
751 1662 1002 1693 consummabile
1018 1672 1035 1692 a
1051 1662 1120 1692 solo
1137 1661 1292 1702 praelato:
1318 1668 1348 1692 et
1363 1667 1410 1691 est
1432 1671 1499 1691 me-

434 1708 576 1738 dicinalis
600 1707 724 1747 punitio
748 1712 877 1747 propter
899 1706 1006 1746 ipsum
1029 1706 1217 1744 sanandum,
1241 1712 1277 1736 ut
1299 1705 1349 1735 vel
1373 1711 1499 1735 coactus

433 1762 539 1792 poena
562 1752 756 1781 emendetur.
781 1751 822 1780 Et
844 1760 862 1779 a
876 1750 981 1790 primo
1005 1749 1186 1790 pervenitur
1209 1749 1248 1779 ad
1274 1749 1425 1780 ultimum
1443 1758 1500 1789 per

434 1796 587 1831 medium,
611 1794 741 1825 testium
764 1794 880 1824 scilicet
895 1793 1135 1830 adhibitionem,
1151 1799 1187 1823 ut
1204 1793 1238 1822 in
1252 1793 1354 1824 littera
1377 1792 1498 1823 dicitur.

433 1841 474 1870 Et
496 1840 569 1870 hinc
588 1839 684 1869 habes
706 1838 891 1868 affinitatem
914 1848 1008 1878 supra
1022 1837 1039 1857 *
1061 1838 1178 1868 dictam
1195 1837 1276 1867 inter
1294 1843 1499 1877 praeceptum

435 1884 473 1914 de
497 1884 691 1914 correctione
719 1883 853 1913 fraterna
882 1882 991 1913 datum
1022 1882 1165 1918 cuilibet,
1190 1887 1221 1911 et
1244 1881 1283 1912 de
1306 1880 1499 1912 correctione

434 1928 604 1969 praelativa
628 1928 667 1958 ad
690 1926 946 1957 emendationem
969 1925 1068 1966 ipsius
1092 1925 1204 1956 fratris.

490 1972 530 2003 11.
555 1972 590 2002 In
615 1972 728 2002 eodem
745 1971 887 2007 articulo,
911 1970 943 2000 in
966 1970 1174 2010 responsione
1193 1969 1234 1999 ad
1259 1968 1412 2010 primum,
1441 1968 1498 1998 du·

434 2017 526 2047 bium
550 2026 586 2046 ex
609 2016 772 2051 Durando,
792 2015 824 2044 in
844 2015 1000 2054 praedicta
1024 2014 1210 2055 quaestione
1224 2013 1251 2049 *,
1271 2013 1424 2043 stimulat.
1447 2011 1500 2043 Vi-

436 2062 527 2091 detur
551 2061 636 2091 enim
660 2060 749 2100 sequi
779 2059 966 2099 opinionem
989 2069 1086 2099 quam
1113 2060 1235 2088 Auctor
1261 2057 1311 2087 hic
1341 2056 1497 2097 reprobat,

435 2105 543 2145 quoad
562 2105 624 2135 hoc
640 2104 738 2145 quod,
755 2103 883 2133 crimine
903 2102 1004 2134 fratris
1020 2102 1168 2133 existente
1188 2101 1324 2136 occulto,
1345 2111 1411 2131 non
1426 2106 1501 2131 sunt

435 2148 605 2179 adhibendi
620 2155 723 2184 testes,
741 2147 766 2177 si
785 2154 872 2178 actus
890 2147 1028 2183 iteretur,
1046 2153 1081 2177 ut
1097 2145 1311 2177 convincatur.
1332 2145 1416 2183 Quia
1431 2154 1498 2175 non

435 2193 588 2223 debemus
611 2203 678 2223 esse
697 2191 815 2222 alienae
838 2191 920 2221 vitae
944 2191 1167 2231 exploratores,
1192 2190 1369 2220 secundum
1387 2191 1498 2229 Augu-

435 2237 565 2268 stinum.
589 2237 630 2267 Et
652 2236 727 2277 quia
743 2235 842 2275 magis
866 2242 912 2266 est
927 2235 1104 2265 secundum
1124 2234 1282 2265 caritatem
1298 2233 1330 2263 in
1354 2233 1408 2264 tali
1424 2243 1497 2264 casu

434 2281 570 2311 revelare
587 2280 615 2310 ei
631 2281 687 2321 qui
702 2286 808 2320 potest
830 2279 982 2319 impedire
997 2278 1197 2310 iterationem
1213 2284 1300 2308 actus
1316 2287 1414 2318 quam
1429 2287 1499 2317 per-

435 2325 559 2355 mittere
583 2330 614 2355 et
636 2324 743 2354 afferre
766 2330 870 2354 testes.
901 2323 943 2353 Et
965 2323 1005 2353 ad
1027 2322 1248 2353 auctoritatem
1270 2321 1442 2361 Augustini
1465 2321 1499 2351 in

434 2368 563 2409 Regula
587 2368 662 2398 dicit
684 2367 773 2408 quod
795 2377 860 2397 non
884 2367 1008 2397 videtur
1030 2366 1120 2407 loqui
1144 2366 1183 2396 de
1205 2375 1244 2396 eo
1268 2366 1357 2406 quod
1372 2371 1418 2395 est
1441 2365 1498 2395 cri-

436 2422 510 2442 men
540 2412 717 2443 secundum
747 2421 798 2448 se,
823 2411 877 2440 sed
901 2410 1025 2441 occasio
1056 2410 1212 2446 criminis,
1238 2409 1354 2440 scilicet
1383 2408 1498 2439 fixione

437 2456 532 2486 oculi.
556 2457 622 2486 Nec
642 2455 717 2486 dicit
739 2456 777 2485 ad
800 2455 863 2485 hoc
886 2455 1116 2494 explorandum
1134 2460 1226 2484 testes
1246 2452 1369 2483 induci:
1394 2453 1448 2482 sed
1472 2453 1497 2482 si

435 2499 517 2530 forte
540 2500 638 2540 aliqui
661 2500 723 2530 sint
753 2505 929 2539 praesentes
952 2498 1007 2539 qui
1031 2508 1095 2528 non
1120 2498 1295 2533 advertunt,
1328 2496 1498 2526 inducendi

437 2551 510 2574 sunt
533 2551 568 2574 ut
592 2545 762 2574 advertant.

490 2588 541 2618 Ad
564 2588 626 2618 hoc
642 2587 755 2618 dicitur
769 2587 857 2627 quod
873 2586 991 2617 mirum
1015 2592 1061 2616 est
1077 2585 1115 2615 de
1130 2584 1191 2615 isto
1212 2583 1342 2614 homine
1366 2589 1396 2614 et
1411 2593 1498 2624 prae-

436 2638 565 2671 ceptum
575 2631 716 2667 Domini,
727 2630 838 2661 Matth.
854 2640 927 2660 xvnr
937 2630 964 2666 *,
985 2636 1014 2660 et
1027 2630 1121 2660 verba
1136 2627 1306 2667 Augustini
1321 2627 1353 2658 in
1368 2627 1497 2669 Regula

436 2685 502 2706 non
526 2676 714 2706 advertente.
750 2674 948 2714 Augustinus
978 2674 1063 2704 enim
1094 2682 1236 2713 expresse
1260 2671 1292 2701 in
1315 2672 1443 2712 Regula
1467 2678 1498 2702 et

436 2721 475 2750 de
494 2719 638 2759 quolibet
660 2730 692 2750 se
711 2718 802 2759 loqui
826 2718 948 2754 fatetur,
969 2728 1043 2748 curn
1067 2716 1156 2747 dicit:
1180 2716 1223 2747 Et
1245 2716 1304 2746 hoc
1321 2715 1407 2756 quod
1428 2715 1498 2746 dixi

435 2764 476 2795 de
497 2765 589 2794 oculo
619 2773 681 2794 non
702 2762 852 2804 figendo,
877 2763 971 2792 etiam
997 2763 1029 2792 in
1053 2762 1167 2792 ceteris
1190 2759 1400 2796 inveniendis,
1418 2769 1497 2799 pro-

435 2807 589 2844 hibendis,
614 2807 813 2844 indicandis,
838 2806 1076 2843 convincendis,
1099 2803 1340 2844 iudicandisque
1355 2804 1498 2843 peccatis

436 2852 609 2892 diligenter
631 2857 661 2882 et
673 2851 818 2892 fideliter
840 2850 1043 2887 observetur,·
1073 2855 1103 2880 et
1126 2848 1257 2879 testibus
1281 2848 1497 2878 demonstran-

437 2896 532 2931 dum,
555 2896 584 2926 si
601 2901 675 2935 post
707 2895 950 2926 admonitionem
984 2894 1118 2933 idipsum
1143 2892 1275 2933 fecerit,
1301 2896 1336 2922 ut
1358 2891 1495 2922 duorum

438 2940 488 2970 vel
509 2940 606 2969 trium
631 2940 734 2979 possit
763 2948 819 2969 ore
852 2939 1014 2975 convinci,
1044 2946 1186 2977 expresse
1211 2934 1293 2966 dicit.
1326 2934 1413 2972 Quid
1437 2934 1496 2964 cla-

438 2980 522 3013 rius?
537 2982 629 3014 Unde
646 2982 815 3013 dicendum
831 2988 877 3012 est
892 2982 989 3022 quod,
1007 2981 1032 3011 si
1048 2988 1094 3011 est
1112 2990 1183 3020 spes
1199 2978 1410 3015 correctionis,
1423 2977 1497 3019 quia

437 3027 488 3057 vel
512 3036 618 3057 coram
640 3026 716 3066 ipsis
739 3026 923 3056 erubescens
949 3025 1118 3065 resipiscet,
1134 3023 1184 3054 vel
1200 3023 1275 3063 quia
1298 3023 1425 3053 vexatio
1439 3022 1496 3052 da-

438 3071 482 3101 bit
497 3071 689 3101 intellectum
703 3070 733 3106 ²⁸⁸,
759 3070 876 3110 absque
899 3069 997 3099 dubio
1022 3079 1058 3099 ex
1074 3068 1199 3099 caritate
1214 3067 1497 3098 demonstrandum

439 3121 486 3146 est
507 3114 533 3146 si
552 3114 679 3145 iteratur
703 3120 877 3153 peccatum,
901 3120 1030 3153 propter
1055 3112 1211 3143 rationem
1233 3109 1414 3150 Augustini,
1439 3110 1497 3141 sci-

438 3158 510 3190 licet
532 3158 606 3199 quia
629 3157 759 3198 fratres
781 3162 925 3194 nostros,
955 3166 1033 3197 quos
1056 3155 1225 3187 indicando
1241 3155 1405 3196 corrigere
1421 3163 1497 3194 pos—

439 3211 562 3239 sumus,
588 3211 649 3232 non
673 3202 821 3231 debemus
843 3201 974 3231 tacendo
992 3201 1181 3240 permittere
1198 3199 1319 3240 perire.

493 3246 559 3276 Nec
583 3245 644 3276 hoc
659 3251 705 3276 est
728 3245 958 3285 exploratorem
981 3243 1046 3274 fieri
1063 3244 1182 3274 alienae
1196 3243 1294 3273 vitae:
1319 3241 1373 3272 sed
1389 3250 1497 3271 occur-

1549 1534 1671 1558 rentem
1687 1528 1838 1558 morbum
1861 1527 1998 1568 proximi
2019 1526 2100 1557 velle
2115 1527 2340 1557 demostrando
2357 1537 2475 1564 curare,
2494 1537 2532 1558 ex
2546 1537 2615 1569 quo

1550 1572 1685 1611 simplex
1714 1571 1891 1602 admonitio
1919 1581 1987 1601 non
2015 1570 2130 1601 sufficit
2159 1571 2200 1601 ad
2223 1581 2332 1602 curam
2354 1571 2448 1602 illius.
2481 1571 2615 1612 Sapiens

1550 1616 1636 1646 enim
1660 1622 1690 1646 et
1715 1615 1837 1646 amicus
1866 1615 2008 1646 medicus
2038 1614 2202 1646 infirmum
2225 1615 2250 1645 si
2273 1625 2340 1646 non
2367 1621 2474 1655 potest
2502 1615 2618 1647 leviori

1550 1660 1691 1690 remedio
1715 1669 1832 1696 curare,
1857 1659 1992 1699 graviori
2015 1659 2114 1690 utitur
2127 1660 2167 1689 ad
2190 1659 2357 1690 medelam.
2372 1676 2394 1683 -
2412 1659 2479 1690 Nec
2501 1667 2549 1692 est
2562 1669 2616 1691 vo-

1550 1714 1622 1734 rum
1642 1704 1731 1744 quod
1749 1703 1850 1743 magis
1869 1709 1950 1734 esset
1968 1703 2145 1734 secundum
2171 1703 2331 1734 caritatem
2348 1703 2485 1734 indicare
2505 1703 2533 1735 ei
2558 1704 2618 1746 qui

1550 1747 1718 1787 impediret
1739 1747 1918 1778 iterandum
1940 1753 2056 1778 actum.
2081 1747 2246 1785 Quoniam
2268 1747 2330 1778 hoc
2352 1747 2529 1778 remedium
2546 1757 2616 1780 non

1551 1798 1598 1822 est
1620 1791 1797 1822 curativum
1813 1791 1930 1821 morbi:
1956 1791 2110 1832 quoniam
2133 1791 2305 1831 impeditus
2323 1801 2342 1822 a
2355 1791 2533 1823 reiterando
2556 1792 2615 1823 rei-

1550 1841 1663 1866 teraret
1684 1835 1711 1866 si
1737 1841 1854 1875 posset.
1886 1834 2008 1866 Caritas
2037 1842 2145 1866 autem
2172 1835 2295 1876 quaerit
2323 1845 2432 1866 sanare
2463 1835 2615 1867 morbum

1550 1879 1704 1919 proximi:
1720 1885 1751 1909 et
1766 1885 1932 1919 propterea
1949 1879 2060 1910 suadet
2075 1879 2291 1910 demonstrare
2301 1879 2481 1910 iterandum
2496 1886 2614 1917 actum,

1550 1932 1590 1953 ne
1613 1929 1772 1963 putrescat
1790 1923 1935 1954 occultus
1958 1923 2101 1954 morbus.
2114 1940 2133 1946 -
2146 1923 2221 1954 Non
2244 1929 2351 1954 tamen
2369 1923 2538 1964 propterea
2558 1933 2616 1956 oc-

1551 1967 1635 1997 casio
1659 1967 1688 1998 ei
1710 1967 1815 1997 danda
1836 1974 1884 1998 est
1906 1973 1942 1997 ut
1964 1967 2055 1998 iteret
2076 1973 2183 1998 actum
2205 1967 2345 1998 malum:
2369 1967 2527 2008 quoniam
2549 1967 2617 1999 non*

1549 2017 1626 2042 sunt
1637 2011 1798 2052 facienda
1821 2011 1909 2042 mala
1931 2016 1969 2042 ut
1990 2012 2138 2043 eveniant
2159 2011 2241 2042 bona
2255 2011 2285 2042 *.
2307 2011 2369 2042 Sed
2383 2012 2619 2052 permittendus

1550 2061 1596 2086 est
1611 2055 1731 2092 iterare,
1748 2055 1894 2086 adhibitis
1908 2055 2050 2092 testibus,
2066 2061 2103 2086 ut
2117 2055 2168 2086 vel
2183 2055 2228 2086 sic
2247 2062 2389 2087 curetur:
2409 2057 2515 2087 omnis
2528 2057 2613 2087 enin

1539 2099 1678 2140 fructus
1700 2104 1747 2130 est
1770 2105 1805 2130 ut
1827 2099 2002 2141 auferatur
2017 2104 2186 2139 peccatum
2202 2098 2230 2130 ⁴.

1604 2143 1658 2174 111.
1683 2143 1718 2173 In
1742 2143 1854 2173 eadem
1876 2143 2083 2183 responsione
2107 2143 2146 2173 ad
2169 2143 2320 2183 primum,
2345 2142 2480 2173 dubium
2503 2153 2613 2174 occur-

1549 2187 1591 2220 rit
1616 2197 1678 2224 an,
1702 2187 1838 2219 inductis
1867 2187 1998 2218 testibus
2029 2187 2068 2218 ad
2097 2186 2271 2217 videndum
2298 2186 2446 2218 iteratum
2473 2187 2591 2218 crimen
2605 2211 2613 2225 ,

1549 2231 1575 2261 si
1599 2231 1679 2261 desit
1701 2241 1772 2271 spes
1795 2231 2025 2262 emendationis
2048 2231 2231 2271 peccatoris,
2252 2231 2490 2271 procedendum
2513 2232 2554 2263 sit
2574 2232 2615 2263 ad

1549 2275 1711 2316 publicam
1740 2275 2024 2306 denuntiationem.
2059 2275 2101 2305 Et
2122 2281 2170 2306 est
2191 2274 2272 2306 ratio
2294 2274 2384 2306 dubii
2414 2275 2489 2315 quia
2517 2285 2614 2316 appa-

1548 2325 1595 2350 ret
1617 2319 1707 2360 quod
1729 2329 1795 2349 non
1819 2325 1865 2350 est
1888 2319 2135 2359 procedendum,
2156 2328 2193 2348 ex
2207 2328 2246 2349 eo
2267 2318 2356 2359 quod
2382 2328 2449 2349 non
2473 2325 2520 2350 est
2542 2329 2615 2360 spes

1550 2362 1797 2399 emendationis,
1833 2363 1873 2393 ad
1907 2373 2006 2404 quarn
2034 2362 2198 2392 ordinatur
2231 2362 2440 2393 denuntiatio.
2474 2365 2617 2404 Apparet

1549 2417 1682 2448 quoque
1705 2406 1902 2447 oppositum,
1927 2417 1964 2437 ex
1987 2417 2025 2437 eo
2048 2406 2137 2446 quod
2161 2405 2279 2436 crimen
2301 2406 2365 2436 iam
2389 2416 2456 2436 non
2483 2413 2529 2438 est
2547 2417 2614 2438 am-

1549 2451 1633 2491 plius
1656 2451 1837 2481 occultum:
1861 2450 2015 2491 quoniam
2038 2456 2143 2490 potest
2165 2449 2296 2480 testibus
2320 2450 2476 2482 convinci.
2587 2448 2600 2458 ³

1603 2494 1655 2524 Ad
1677 2495 1739 2525 hoc
1755 2494 1870 2525 dicitur
1884 2495 1982 2535 quod,
2008 2504 2083 2524 cum
2098 2494 2268 2534 procedere
2290 2493 2324 2524 in
2340 2494 2525 2526 criminibus
2545 2504 2615 2529 oot-

1548 2538 1685 2578 rigendis
1702 2538 1866 2568 ordinetur
1881 2539 1921 2569 ad
1937 2537 2193 2569 emendationem
2209 2538 2382 2578 peccatoris
2397 2544 2434 2571 ut
2451 2538 2492 2569 ad
2506 2537 2614 2576 Em,

1549 2589 1585 2613 ut
1609 2592 1646 2613 ex
1668 2582 1849 2622 Augustino
1872 2582 1906 2612 in
1920 2583 2060 2623 Regula,
2085 2588 2116 2612 et
2130 2582 2251 2620 Extra,
2276 2582 2315 2614 de
2334 2582 2617 2624 Accu-rationibus,

1550 2636 1617 2667 cap.
1641 2626 1746 2666 Super
1767 2627 1835 2664 his,
1870 2633 1972 2666 patet;
2007 2633 2037 2657 et
2060 2636 2096 2656 ex
2119 2625 2182 2656 fine
2205 2626 2360 2656 sumenda
2389 2626 2430 2657 sit
2455 2625 2535 2657 ratio
2559 2636 2614 2658 eo-

1549 2680 1622 2700 rum
1645 2679 1727 2712 quae
1750 2671 1789 2700 ad
1813 2669 1909 2700 finem
1941 2670 2145 2700 ordinantur:
2170 2669 2196 2700 si
2219 2676 2294 2710 post
2324 2669 2546 2701 inductionem
2567 2677 2613 2702 te—

1549 2714 1646 2745 stium
1669 2714 1875 2754 probabiliter
1905 2714 2041 2744 creditur
2069 2714 2159 2754 quod
2182 2719 2346 2754 peccator,
2370 2714 2481 2745 videns
2504 2714 2616 2746 selde—

1549 2758 1750 2793 nuntiatum,
1775 2757 1911 2788 deterior
1944 2757 2115 2794 efficietur,
2140 2757 2357 2788 desistendum
2381 2765 2428 2789 est
2450 2768 2469 2788 a
2492 2758 2614 2790 denunt-

1547 2802 1688 2832 tiatione.
1720 2802 1761 2832 Et
1784 2801 1927 2832 similiter
1955 2802 1982 2831 si
2005 2808 2078 2842 post
2106 2801 2380 2832 denuntiationem
2409 2801 2615 2842 probabiliter

1548 2852 1671 2877 constet
1699 2845 1804 2886 quod,
1829 2845 1855 2876 si
1879 2845 2095 2881 convincatur,
2125 2845 2183 2876 ibit
2204 2845 2238 2876 in
2261 2845 2489 2887 perditionem;
2520 2846 2615 2879 debet

1548 2889 1643 2920 iudex
1665 2899 1731 2920 non
1761 2889 1932 2929 procedere
1961 2889 2001 2919 ad
2025 2888 2281 2920 convincendum
2310 2889 2477 2920 hominem
2505 2889 2612 2921 talem.

1548 2933 1589 2964 Et
1611 2933 1674 2964 hoc
1703 2932 1775 2964 dico
1805 2933 1831 2963 si
1855 2939 2022 2973 peccatum
2051 2939 2097 2963 est
2124 2933 2185 2963 tale
2212 2933 2302 2974 quod
2330 2933 2389 2964 sibi
2419 2933 2479 2964 soli
2507 2941 2611 2968 nocet.

1549 2977 1645 3008 Secus
1669 2977 1754 3008 enim
1777 2983 1859 3008 esset
1881 2977 1906 3007 si
1929 2983 2095 3016 peccatum
2119 2982 2200 3007 esset
2222 2976 2255 3007 in
2278 2977 2414 3008 aliorum
2437 2978 2614 3009 nocumenss

1548 3028 1619 3052 tum
1633 3021 1684 3052 vel
1697 3021 1888 3061 periculum:
1906 3021 2060 3062 quoniam
2074 3027 2150 3052 tunc
2162 3030 2228 3052 non
2244 3020 2343 3061 ipsius
2359 3022 2458 3052 solius
2469 3021 2616 3053 habaida

1549 3072 1595 3096 est
1618 3065 1707 3096 ratio.
1723 3082 1744 3088 -
1759 3065 1826 3095 Nec
1850 3065 1954 3096 obstat
1975 3065 2066 3106 quod
2084 3071 2251 3105 peccatum
2266 3065 2331 3096 iam
2354 3075 2421 3098 non
2444 3072 2491 3097 est
2504 3065 2612 3097 occul-

1549 3116 1628 3140 tum.
1653 3109 1818 3147 Quoniam
1833 3109 1936 3141 adhuc
1949 3109 2030 3140 infra
2048 3108 2248 3140 latitudinem
2263 3110 2464 3142 occultorum
2479 3119 2613 3151 eompu-

1549 3160 1642 3190 tatur‚
1666 3153 1796 3195 quando
1819 3153 1900 3184 alios
1923 3163 1989 3183 non
2005 3152 2194 3184 scandalizat
2216 3163 2274 3184 nec
2289 3160 2384 3184 nocet
2405 3153 2499 3185 alicui
2513 3152 2612 3193 alteri,

1549 3196 1695 3238 quamvis
1719 3197 1818 3228 tribus
1841 3204 1896 3228 aut
1919 3204 2057 3238 quatuor
2079 3197 2255 3228 tacentibus
2279 3204 2394 3229 notum
2418 3197 2467 3229 sit.

1025 3348 2027 3400 -ψ-ψ-ψ

2669 774 2749 796 Glou.
2776 779 2846 802 super

2635 800 2715 822 Matth.
2721 806 2772 828 cap.
2780 805 2848 827 xvm,

2635 832 2694 848 vers.
2708 826 2741 848 16.

2636 922 2647 933 ⁸
2660 921 2749 943 nomn.
2758 921 2808 948 Lx,
2818 921 2848 943 al.

2637 947 2697 975 Lxl,
2711 948 2736 970 in
2749 947 2835 970 Mami.

2638 2015 2813 2044 ’Adanu-cap.
2821 2021 2853 2043 ur,

2639 2048 2701 2064 ven.
2714 2041 2737 2065 8.

2639 2103 2708 2126 'hah
2717 2109 2770 2132 cap.
2780 2109 2851 2130 xxvxi,

2638 2136 2698 2152 ven.
2713 2137 2735 2159 9.
