2892 4056
978 148 1242 195 QUAESTIO
1271 147 1411 192 XXIV,
1440 147 1735 184 ARTICULUS
1763 147 1814 183 Vl

298 227 422 265 statim
451 227 724 274 exhibendam,
754 227 822 264 sed
849 239 920 263 suo
957 234 1143 275 tempore.
1181 225 1361 263 Similiter

298 279 414 317 etiam
429 279 586 328 quilibet
605 287 710 317 actus
730 280 891 316 caritatis
911 286 1079 316 meretur
1098 278 1257 316 caritatis
1272 290 1361 326 aug-

298 339 487 371 mentum:
515 344 595 369 non
613 339 743 370 tamen
771 333 895 370 statim
925 339 1092 380 augetur,
1113 332 1181 368 sed
1205 331 1359 380 quando

298 385 434 434 aliquis
462 392 622 422 conatur
640 391 647 406 ‘
667 386 716 422 ad
743 384 964 422 huiusmodi
992 392 1253 432 augmentum.

350 440 410 475 An
439 450 630 475 SECUNDUM
662 450 847 475 DtCENDUM
870 438 975 486 quod
1005 437 1118 474 etiam
1142 443 1158 459 ἰ
1180 437 1218 474 in
1246 448 1360 484 gene-

298 490 443 528 ratione
461 491 609 528 virtutis
629 491 834 539 acquisitae
853 502 931 527 non
951 489 1108 538 quilibet
1127 497 1232 526 actus
1258 501 1361 526 corn-

297 544 375 592 plet
401 543 684 592 generationem
713 543 877 581 virtutis:
906 543 974 579 sed
1002 542 1157 590 quilibet
1184 549 1362 590 operatur

350 662 369 693 ι)
388 665 511 685 conatur.
529 674 548 680 -—
566 661 710 686 ordinatur
726 660 784 692 BF;
803 667 855 684 non
874 663 991 684 tamen...
1009 663 1182 692 augmentum
1202 667 1255 683 om.
1275 659 1306 683 D.

349 695 375 728 κ)
395 695 485 720 etiam.
503 709 522 714 —
540 696 601 721 Om.
621 695 707 720 Pena.

349 728 376 763 λ)
396 731 448 756 via.
467 745 485 749 -
503 731 554 756 viis
570 731 616 755 Pa.

2403 146 2467 180 181

1414 226 1462 262 ad
1491 237 1577 261 eam
1605 233 1646 262 ut
1675 225 1890 273 disponens,
1921 231 1957 261 et
1983 224 2149 269 ultimus,
2179 223 2244 272 qui
2273 231 2328 259 est
2354 223 2474 271 perfe-

1414 277 1527 323 ctior,
1558 290 1673 325 agens
1710 278 1747 314 in
1774 277 1912 314 virtute
1941 277 2114 313 omnium
2151 275 2472 324 praecedentium,

1414 330 1558 367 reducit
1587 343 1672 366 eam
1701 330 1738 367 in
1760 339 1898 367 actum.
1930 330 2034 366 Sicut
2062 329 2174 366 etiam
2204 337 2258 366 est
2286 329 2324 365 in
2348 328 2473 365 multis

1404 382 1524 431 ,guttis
1554 383 1776 420 cavantibus
1805 383 1982 432 lapidem.

1467 437 1526 472 An
1554 447 1713 473 ‘rentium
1742 448 1926 473 mcennum
1955 434 2085 484 quod
2078 447 2116 471 ιιι
2134 434 2197 471 via
2216 432 2229 454 λ
2249 434 2321 471 Dei
2330 446 2471 492 ’proce-

1414 488 1467 525 dit
1485 488 1620 536 aliquis
1639 501 1716 525 non
1745 490 1869 525 solum
1891 489 1983 526 dum
2003 495 2089 524 actu
2108 494 2125 516 μ
2145 487 2277 524 caritas
2306 486 2387 523 eius
2406 499 2472 523 au—

1414 549 1531 588 getur,
1553 542 1619 578 sed
1641 541 1753 577 etiam
1783 542 1875 579 dum
1902 541 2112 590 disponitur
2135 541 2184 577 ad
2212 547 2470 587 augmentum.

1465 659 1493 692 μ)
1513 662 1583 684 actu.
1602 673 1620 678 -
1639 660 1700 685 Om.
1719 660 1779 692 Apl,
1800 660 1825 685 ιή
1845 664 1906 685 actu
1927 661 1973 685 Ρα.
1989 673 2008 679 ·-
2026 660 2092 684 Ante
2111 662 2282 693 augmentum
2303 659 2400 684 addunt
2417 659 2472 684 eius

1413 693 1588 718 PCDEGHsK
1608 699 1633 718 et
1651 702 1695 719 na.

963 799 1296 831 Commentaria
1317 798 1568 830 Car-danaus
1589 799 1789 831 Caietam

1383 874 1386 888 1

303 888 348 950 IN
371 878 504 909 articulo
527 885 615 909 sexto
640 885 716 908 nota
739 878 772 907 in
795 877 908 913 titulo,
931 877 1064 913 novitie,
1087 877 1176 917 quod
1200 877 1360 907 caritatem
1384 895 1386 899 ·
1413 886 1498 906 nunc
1521 877 1654 907 breviter
1678 878 1791 908 dicitur
1814 879 1901 918 quod
1924 879 2018 918 longe
2043 879 2134 908 distat
2158 885 2267 908 natura
2292 878 2416 908 habitus
2439 878 2471 908 in

1384 924 1386 932 ’
1413 920 1613 959 generatione
1637 929 1667 951 et
1682 921 1859 952 intensione
1878 932 1895 951 a
1919 922 2036 952 naturis
2055 922 2244 962 qualitatum
2263 922 2470 952 naturalium:

328 922 435 962 augeri
458 932 514 963 per
536 929 624 953 actus
652 921 813 961 tripliciter
843 920 974 960 intelligi
1003 928 1117 960 potest.
1142 921 1216 951 Uno
1241 921 1358 956 modo,

298 965 447 997 effective.
471 966 512 996 Et
531 966 574 997 sic
591 970 656 996 non
677 972 723 996 est
738 965 896 1006 quaestio:
922 965 996 1005 quia
1016 964 1096 995 sicut
1111 964 1220 994 caritas
1244 974 1310 994 non
1325 963 1361 994 fit

297 1019 353 1049 per
376 1016 462 1040 actus
485 1017 611 1040 nostros
634 1009 689 1040 sed
711 1019 729 1039 a
744 1009 823 1045 Deo,
847 1009 890 1040 ita
913 1019 970 1039 nec
989 1015 1122 1049 augetur
1144 1018 1199 1049 per
1220 1009 1358 1044 eosdem,

262 1069 270 1076 ·
297 1053 352 1082 sed
379 1063 397 1082 a
419 1054 500 1084 Deo.
514 1071 535 1076 —
557 1053 632 1084 Alio
655 1054 765 1090 mode,
789 1053 958 1084 meritorie.
997 1053 1038 1083 Et
1061 1053 1123 1083 hoc
1146 1053 1311 1092 dupliciter
1325 1051 1359 1081 *t

297 1096 348 1127 vel
370 1097 530 1128 meritorie
560 1098 683 1134 solum;
707 1098 758 1128 vel
788 1097 947 1128 meritorie
971 1104 1001 1127 et
1031 1096 1208 1133 efficaciter,
1231 1097 1292 1127 hoc
1315 1103 1362 1126 est

297 1150 372 1171 cum
396 1140 506 1172 effectu
530 1141 702 1191 augmenti.
726 1141 767 1172 Et
790 1141 852 1172 hoc
874 1141 967 1172 tertio
987 1142 1085 1171 modo
1110 1140 1223 1171 directe
1246 1140 1360 1171 intelli-

295 1183 380 1226 gitur
394 1185 428 1215 in
445 1185 648 1226 quaestione:
675 1185 806 1216 Videtur
819 1186 903 1226 quod
918 1187 1039 1217 caritas
1061 1185 1198 1226 quolibet
1211 1195 1270 1216 suo
1284 1190 1359 1216 actu

297 1235 470 1270 augeatur.
489 1229 654 1263 Secundus
668 1236 775 1264 tamen
792 1240 902 1261 sensus
919 1236 1003 1260 extra
1019 1229 1239 1270 quaestionem
1256 1229 1360 1260 omni-

297 1271 341 1303 no
364 1283 431 1305 nou
454 1280 521 1312 est,
542 1281 579 1305 ut
599 1273 632 1305 in
656 1274 860 1315 sequentibus
883 1273 1011 1325 patebit.

299 1320 326 1329 ‘
332 1312 388 1348 Ἡ.
393 1309 467 1348 'Tu‘
473 1318 587 1348 eodem
610 1318 753 1355 articulo,
769 1319 803 1349 in
826 1318 1034 1358 responsione
1057 1318 1097 1348 ad
1120 1316 1271 1357 primum,
1295 1318 1361 1348 Du-

297 1361 415 1392 randus
437 1362 553 1392 obvius
574 1363 720 1399 occurrit,
735 1363 770 1394 in
793 1363 804 1393 Ι
828 1362 927 1400 Sent„
948 1362 1018 1392 dist.
1043 1371 1115 1397 xvn,
1139 1371 1194 1401 qu.
1217 1371 1281 1397 vm,
1306 1370 1359 1391 ne—

294 1413 374 1444 gans
389 1406 534 1447 quolibet
547 1413 618 1437 actu
631 1404 765 1438 caritatis
780 1406 892 1437 mereri
904 1406 1045 1446 aliquem
1059 1405 1193 1436 caritatis
1208 1414 1358 1444 augmen·

297 1454 376 1481 mm.
407 1450 448 1482 Et
461 1450 541 1481 ratio
556 1460 614 1481 sua
629 1458 676 1482 est
689 1451 767 1492 quia
786 1450 840 1481 ille
857 1450 946 1480 solus
964 1449 1078 1489 dignus
1101 1455 1148 1479 est
1169 1448 1359 1489 accipiendis

296 1491 359 1543 qui
375 1493 454 1527 bene
478 1494 576 1525 utitur
597 1494 662 1526 iam
685 1494 830 1534 accepu's.
853 1494 914 1525 Sed
939 1493 1058 1524 habens
1092 1492 1236 1523 habitum
1259 1500 1291 1523 et
1313 1502 1359 1523 re-

296 1535 392 1578 misse
415 1545 507 1569 utens
527 1537 584 1568 illo
607 1547 673 1570 non
687 1538 794 1569 debito
817 1538 917 1568 modo
932 1538 1032 1568 utitur
1054 1547 1114 1567 suo
1133 1536 1260 1567 habitu:
1284 1535 1359 1577 quia

296 1588 362 1611 non
378 1581 626 1633 proportionatis
649 1582 793 1614 actibus
784 1582 844 1622 1psi
863 1581 995 1613 habitui.
1018 1581 1103 1621 Ergo
1127 1590 1193 1610 non
1216 1580 1359 1621 quolibet

295 1629 369 1656 netu
392 1626 527 1658 caritatis
541 1635 701 1657 meremur
723 1633 931 1666 augmentum
950 1625 1094 1661 caritatis,
1111 1625 1166 1655 sed
1182 1625 1287 1656 solum
1303 1634 1359 1665 per

293 1668 369 1701 illm
390 1670 447 1712 qui
469 1671 626 1702 excellunt
647 1672 698 1702 vel
721 1672 901 1711 adaequant
922 1670 1029 1710 ipsum
1052 1669 1207 1700 habitum.

349 1715 402 1744 Ad
424 1714 487 1745 hoc
503 1714 616 1746 dicitur
629 1716 728 1756 quod,
746 1725 820 1746 cum
835 1715 868 1746 in
883 1714 997 1746 merito
1013 1714 1095 1745 vitae
1111 1720 1252 1744 aeternae
1276 1713 1359 1744 clau-

296 1752 388 1792 datur
403 1758 553 1790 meritum
568 1760 740 1799 augmenti,
757 1770 832 1790 nam
849 1759 958 1790 caritas
977 1758 1114 1794 viatoris,
1128 1758 1206 1788 dum
1222 1756 1257 1787 fit
1271 1767 1357 1788 com-

295 1798 513 1841 prehensoris,
537 1803 577 1834 ad
600 1804 772 1834 terminum
796 1802 958 1844 augmenti
988 1802 1145 1843 pervenit;
1170 1801 1286 1831 mirum
1312 1808 1359 1832 est

296 1847 464 1886 quomodo
479 1847 537 1878 iste
561 1849 713 1879 concedat
727 1849 815 1889 quod
833 1847 976 1889 quolibet
1000 1853 1072 1877 actu
1090 1845 1224 1877 caritatis
1240 1855 1358 1876 merea-

295 1898 370 1921 mur
398 1891 497 1922 vitam
526 1898 702 1929 aeternam,
724 1899 756 1923 et
785 1902 853 1923 non
882 1898 1092 1932 augmentum
1123 1889 1266 1920 caritatis.
1291 1890 1357 1920 Nec

294 1934 378 1967 valet
399 1935 565 1976 responsio
588 1946 662 1973 sua,
684 1936 801 1967 scilicet
823 1936 913 1977 quod
942 1935 1045 1966 maius
1069 1942 1116 1966 est
1147 1934 1258 1964 r'nereri
1281 1942 1357 1974 aug·

293 1985 441 2012 meatum
463 1986 495 2010 et
515 1979 613 2011 vitam
642 1987 802 2011 aeternam
824 1990 920 2022 quam
943 1979 1041 2010 vitam
1068 1986 1236 2010 aeternam.
1268 1978 1358 2015 Quo-

294 2022 382 2058 niam
400 2031 612 2064 augmentum
634 2024 702 2055 viae
726 2024 890 2056 ordinatur
916 2025 956 2054 ad
984 2023 1146 2074 augmenti
1169 2022 1355 2053 terminum:

294 2071 330 2097 a'c
348 2063 408 2110 per
429 2067 492 2099 hoc
514 2069 547 2099 in
571 2068 684 2099 merito
708 2068 870 2109 augmenti
892 2067 925 2098 in
949 2067 1084 2098 termino
1116 2066 1272 2097 clauditur
1294 2076 1358 2097 me-

292 2108 391 2142 fitam
413 2113 519 2143 omnis
542 2112 714 2153 augmenti,
735 2113 835 2153 magis
851 2121 950 2153 quarn
966 2122 982 2142 e
999 2118 1116 2142 contra.
1151 2110 1235 2148 Quia
1250 2110 1357 2141 termi-

293 2160 355 2186 nus
377 2157 539 2197 augmenti
562 2158 738 2188 necessario
753 2157 847 2188 infert
869 2157 979 2187 omnia
1000 2155 1227 2196 praecedentia,
1245 2161 1275 2186 et
1290 2164 1356 2185 non

292 2209 326 2233 e
334 2209 487 2233 converso
509 2199 561 2244 (ιιι
576 2208 661 2242 patet
675 2203 708 2233 in
724 2201 940 2232 deficientibus
955 2211 973 2231 a
988 2198 1156 2242 termino):
1186 2199 1244 2240 qui
1270 2199 1356 2230 enim

293 2251 432 2285 mutetur
454 2245 674 2297 episcopatum
697 2253 834 2277 meretur
855 2244 1070 2277 sacerdotium
1093 2244 1270 2294 praevium..

349 2288 442 2321 Unde
465 2290 506 2320 ad
519 2290 676 2322 rationem
696 2291 730 2322 in
753 2290 940 2333 oppositum
959 2289 1072 2320 dicitur
1094 2288 1184 2339 quod
1206 2287 1285 2318 ratio
1301 2294 1356 2318 aut

293 2338 340 2362 est
363 2342 401 2363 ex
422 2340 561 2375 quatuor
575 2334 732 2371 terminis;
756 2341 811 2365 aut
824 2325 919 2364 habet
940 2333 1051 2364 falsam
1070 2332 1239 2362 minorem.
1264 2331 1355 2369 Quo-

293 2373 390 2413 niam,
407 2386 556 2409 concessa
572 2378 701 2414 maiore,
719 2387 793 2409 cum
809 2376 944 2408 dicitur
935 2387 969 2407 111
985 2377 1109 2408 minore
1123 2375 1213 2417 quod
1227 2374 1355 2406 remisse

292 2427 387 2452 utens
409 2422 518 2453 habitu
541 2432 608 2452 non
631 2422 732 2453 utitur
753 2432 793 2453 eo
816 2421 923 2453 debito
946 2421 1057 2457 modo,
1075 2427 1129 2451 aut
1142 2419 1278 2450 intendit
1299 2428 1356 2459 per

292 2465 326 2505 ly
348 2465 450 2496 debito
474 2466 567 2497 modo
589 2466 676 2497 idem
692 2466 791 2516 quod
813 2466 910 2496 bene:
935 2472 965 2495 et
987 2465 1032 2496 sic
1062 2464 1167 2494 minor
1190 2471 1237 2494 est
1259 2462 1352 2498 falsa,

293 2509 370 2550 quia
391 2517 485 2542 utens
506 2510 615 2542 habitu
639 2510 774 2541 caritatis
796 2510 934 2545 remisse,
953 2510 1035 2540 bene
1058 2518 1097 2538 eo
1122 2508 1230 2538 utitur.
1256 2507 1354 2544 Quod

293 2563 331 2587 ex
351 2553 414 2585 hoc
437 2561 523 2595 patet
545 2555 634 2596 quod
657 2564 713 2595 per
734 2554 826 2585 illum
849 2561 956 2585 actum
979 2559 1117 2584 meretur
1138 2551 1236 2582 vitam
1259 2558 1355 2582 aeter—

292 2606 386 2628 nam:
410 2598 474 2628 iam
499 2598 583 2629 enim
607 2597 701 2629 etiam
724 2599 791 2639 ipse
822 2597 976 2628 concessit
998 2597 1086 2638 quod
1117 2595 1260 2636 quolibet
1282 2601 1353 2626 actu

284 2641 426 2673 vcaritatis
442 2653 601 2673 meremur
623 2643 721 2674 vitam
740 2649 907 2673 aeternam.
932 2643 998 2671 Aut
1020 2639 1154 2671 intendit
1177 2649 1233 2680 per
1254 2639 1287 2680 ly
1302 2639 1354 2670 de-

291 2686 355 2717 bito
377 2687 470 2717 modo
492 2687 578 2717 idem
595 2688 690 2737 quod
718 2687 901 2727 adaequate.
924 2685 966 2715 Et
988 2685 1032 2715 sic
1062 2691 1285 2724 argumentum
1309 2691 1354 2714 est

291 2739 334 2762 ιι
351 2737 492 2770 quatuor
513 2731 655 2762 terminis
678 2738 709 2762 et
723 2731 803 2762 nihil
824 2729 1000 2761 concludit.
1026 2728 1128 2759 dum'
1120 2738 1153 2758 in
1177 2727 1290 2758 maiori
1305 2738 1352 2758 as-

289 2775 429 2810 sumant
450 2776 539 2816 quod
562 2775 652 2807 solus
679 2776 759 2806 bene
783 2781 874 2805 utens
903 2773 1038 2814 acceptis
1062 2773 1179 2823 dignus
1199 2779 1246 2803 est
1275 2772 1353 2802 acci-

291 2818 432 2860 piendis;
455 2825 489 2850 et
509 2819 544 2850 in
566 2819 684 2851 minori
706 2829 774 2850 non
789 2818 996 2854 subsumitur‚
1014 2817 1077 2848 Sed
1099 2818 1230 2848 remisse
1251 2826 1354 2857 agens

292 2872 356 2893 non
367 2863 446 2894 bene
457 2864 560 2894 utitur
571 2865 727 2904 acceptis;
746 2864 801 2894 sed
813 2861 1020 2898 subsumitur‚
1033 2861 1097 2891 Sed
1108 2862 1239 2891 remisse
1251 2870 1354 2901 agens

291 2914 355 2937 non
377 2906 554 2948 adaequate
577 2909 679 2939 utitur
693 2907 839 2948 acceptis,
864 2914 921 2937 etc.
954 2905 1042 2936 Nihil
1065 2914 1139 2944 ergo
1155 2905 1282 2935 obstant
1297 2914 1354 2935 sua

292 2950 426 2982 obiecta.

292 3013 300 3017 —
323 3011 325 3015 ·
343 2995 396 3026 ΠΙ.
413 2995 450 3025 ln
465 2995 671 3035 responsione
686 2995 727 3025 ad
745 2995 923 3026 secundum
937 2994 970 3024 in
986 2994 1101 3024 eodem
1119 2993 1252 3023 articulo
1267 2992 1353 3023 idem

290 3038 464 3071 Dan-andin
485 3039 630 3076 occurrit,
650 3038 779 3075 ibidem,
794 3039 905 3069 volens
927 3038 1017 3078 quod
1032 3037 1157 3068 habitus
1181 3036 1352 3077 acquisitus

290 3091 383 3124 1)th
383 3081 539 3115 uemlibet
550 3089 658 3115 actum
671 3089 858 3123 sequentem
872 3089 1014 3122 augetur.
1040 3080 1124 3118 Quia
1139 3090 1196 3121 par
1212 3081 1291 3112 ratio
1308 3088 1354 3112 est

290 3125 330 3156 de
345 3093 504 3157 omnibus.
520 3145 539 3149 -
555 3126 596 3157 Et
611 3127 685 3167 quia
700 3136 757 3166 par
774 3127 853 3157 ratio
870 3133 916 3157 est
929 3127 968 3156 de
983 3125 1160 3156 intensione
1176 3123 1352 3155 formarum

289 3170 323 3201 in
347 3170 540 3202 naturalibus
556 3178 587 3201 et
601 3170 768 3201 habituum
791 3171 824 3201 in
840 3170 960 3200 anima:
993 3170 1036 3200 ita
1051 3169 1139 3210 quod
1160 3168 1241 3200 sicut
1256 3169 1351 3200 unico

290 3221 362 3246 actu
377 3220 543 3255 generatur
566 3215 651 3245 calor
667 3221 698 3245 et
719 3215 860 3255 qualibet
874 3214 968 3245 simili
983 3213 1186 3244 calefactione
1209 3220 1350 3254 augetur,

291 3258 334 3289 ita
356 3259 390 3290 in
413 3259 519 3290 anima
542 3259 637 3289 unico
661 3266 733 3289 actu
756 3265 921 3299 generatur
943 3257 1084 3294 habitus,
1109 3257 1182 3288 licet
1203 3267 1259 3298 per
1281 3267 1350 3288 mo-

289 3303 369 3334 dum
392 3303 618 3344 dispositionis,
635 3309 665 3333 et
687 3302 831 3343 quolibet
852 3301 947 3332 simili
971 3307 1042 3332 actu
1063 3307 1207 3341 augetur.

345 3347 395 3378 Ad
419 3348 481 3378 hoc
504 3347 617 3378 dicitur
640 3346 728 3387 quod
746 3346 806 3377 ista
829 3345 972 3386 quaestio
988 3345 1103 3384 directe
1127 3345 1288 3386 spectabat
1310 3346 1350 3376 ad

288 3392 417 3422 tertium
440 3391 608 3422 articulum
631 3389 824 3431 quaestionis
840 3389 1121 3431 quinquagesimae
1145 3390 1300 3420 secundae
1315 3389 1349 3419 in

289 3435 394 3466 Prima
415 3435 595 3467 Secundae:
620 3435 675 3465 sed
698 3444 764 3465 non
787 3434 924 3465 occurrit
951 3440 1027 3465 tunc
1049 3433 1232 3464 Durandus.
1256 3433 1347 3464 Unde

1415 970 1449 993 ut
1477 971 1563 1003 patet
1586 973 1622 994 ex
1645 975 1684 995 eo
1707 966 1795 1005 quod
1819 966 1971 996 naturalia
1994 975 2059 995 non
2082 974 2216 1005 possunt
2245 966 2470 997 assuefactione

1414 1008 1543 1044 causari,
1561 1015 1596 1038 ut
1613 1009 1725 1039 dicitur
1740 1009 1772 1038 in
1798 1010 1823 1038 11
1840 1010 1942 1040 Ethic.
1960 1010 1991 1045 *;
2017 1009 2041 1039 si
2057 1009 2203 1040 infinities
2223 1020 2359 1050 namque
2377 1010 2470 1050 proii-

1413 1050 1512 1082 ciatur
1533 1052 1613 1092 lapis
1637 1062 1774 1089 sursum,
1791 1063 1857 1083 non
1880 1052 2024 1083 assuefiet
2054 1054 2196 1084 ascensui
2220 1061 2274 1084 aut
2304 1054 2472 1085 dissuescet

1413 1096 1610 1127 descendere.
1635 1097 1770 1128 Constat
1792 1104 1899 1127 autem
1915 1097 2150 1128 assuetudinem
2174 1105 2204 1128 et
2222 1097 2470 1129 dissuetudinem

1413 1140 1651 1171 multitudinem
1675 1141 1827 1172 similium
1850 1148 1979 1172 actuum
2002 1141 2182 1181 importare.
2207 1141 2248 1171 Et
2264 1152 2318 1181 per
2341 1143 2401 1173 hoc
2416 1153 2469 1183 pa-

1413 1190 1456 1215 tet
1483 1191 1602 1225 quanta
1631 1192 1678 1216 est
1707 1185 1877 1216 differentia
1907 1186 1988 1216 inter
2016 1186 2250 1225 generationem
2281 1187 2470 1219 naturalium

1412 1228 1603 1269 qualitatum
1626 1236 1656 1260 et
1678 1229 1898 1260 habitualium.
1922 1230 1964 1289 Et
1986 1230 2087 1260 simile
2111 1237 2157 1261 est
2179 1230 2217 1260 de
2241 1229 2471 1261 intensionibus

1413 1273 1594 1304 earundem.

1468 1317 1511 1347 Ut
1543 1323 1648 1347 tamen
1684 1327 1720 1348 ex
1755 1317 1952 1348 sensibilibus
1982 1318 2124 1349 doctrina
2155 1317 2224 1353 fiat,
2258 1317 2335 1348 scito
2365 1319 2469 1359 quod,

1412 1360 1486 1400 quia
1510 1361 1765 1401 unumquodque
1789 1362 1866 1391 dum
1890 1362 2006 1401 patitur
2028 1362 2178 1392 dissimile
2202 1361 2304 1392 activo
2328 1369 2383 1398 est,
2399 1373 2470 1402 pas-

1412 1414 1486 1435 sum
1507 1412 1616 1435 autem
1639 1411 1685 1435 est
1702 1405 1812 1441 simile,
1829 1413 1864 1436 ut
1879 1406 1992 1436 dicitur
2007 1406 2039 1436 in
2056 1407 2082 1437 11
2106 1406 2146 1436 de
2164 1407 2280 1436 Anima
2295 1405 2327 1441 *;
2350 1413 2380 1436 et
2396 1417 2471 1446 pro—

1412 1454 1518 1487 pterea
1540 1447 1632 1479 calidi
1656 1449 1820 1479 existentes
1842 1460 1909 1480 non
1933 1450 2086 1480 sentimus
2102 1450 2238 1480 calidum
2262 1449 2470 1480 extrinsecum

1412 1490 1472 1521 nisi
1496 1492 1625 1522 excellat
1648 1499 1794 1522 nostrum
1811 1503 1877 1523 esse
1902 1493 2055 1524 calidum:
2080 1494 2152 1524 ideo
2176 1493 2209 1523 in
2229 1494 2333 1524 anima
2356 1501 2471 1530 nostra,

1413 1545 1487 1566 cum
1503 1536 1645 1576 potentia
1669 1537 1708 1566 ad
1725 1546 1791 1566 esse
1807 1543 2010 1567 mansuetum
2026 1538 2209 1568 deducenda
2226 1544 2272 1567 est
2295 1538 2334 1567 ad
2355 1544 2470 1571 actum,

1412 1585 1539 1619 oportet
1560 1580 1593 1610 in
1622 1580 1779 1620 principio
1810 1580 1960 1611 dissimile
1984 1590 2050 1612 esse
2083 1581 2335 1612 mansuetudinis
2359 1582 2471 1612 rationi

1411 1633 1466 1654 seu
1490 1623 1604 1654 activo.
1629 1624 1715 1655 Cum
1737 1631 1844 1655 autem
1866 1625 1899 1655 in
1923 1625 2042 1666 aliquid
2065 1625 2317 1656 mansuetudinis
2340 1625 2472 1656 deducta

1411 1674 1467 1704 est,
1484 1675 1561 1707 puta
1576 1668 1609 1698 in
1624 1668 1765 1708 primum
1779 1670 1924 1709 gradum,
1940 1676 2050 1709 postea
2068 1680 2124 1710 per
2143 1676 2230 1701 actus
2249 1669 2366 1700 similes
2381 1680 2470 1710 prae—

1411 1712 1593 1743 cedentibus
1623 1712 1667 1743 sic
1690 1713 1779 1754 quod
1802 1723 1869 1744 non
1898 1714 2075 1754 procedunt
2097 1725 2114 1744 a
2138 1714 2249 1744 maiori
2272 1714 2392 1744 ratione
2415 1724 2470 1745 seu

1410 1756 1512 1787 activo
1536 1757 1787 1788 mansuetudinis
1811 1768 1907 1798 quam
1925 1758 2019 1788 unius
2042 1759 2167 1799 gradus,
2184 1758 2326 1798 potentia
2348 1758 2470 1789 animae

1411 1800 1450 1830 ad
1473 1810 1540 1831 esse
1564 1807 1767 1832 mansuetum
1783 1811 1849 1832 non
1873 1802 1991 1842 patitur
2006 1803 2044 1832 ab
2061 1803 2115 1839 eis,
2132 1809 2244 1843 utpote
2265 1812 2283 1832 a
2305 1802 2469 1833 similibus.

1411 1844 1472 1875 Sed
1497 1854 1570 1875 cum
1593 1852 1680 1876 actus
1704 1846 1829 1876 advenit
1852 1855 1870 1875 a
1894 1846 2005 1876 maiori
2028 1846 2148 1876 ratione
2171 1856 2226 1877 seu
2257 1845 2362 1876 activo
2385 1856 2471 1876 man—

1410 1889 1597 1926 suetudinis,
1612 1896 1698 1925 tunc,
1715 1896 1826 1930 utpote
1843 1890 2012 1926 dissimilis,
2030 1890 2155 1930 patitur,
2172 1897 2203 1921 et
2221 1899 2311 1930 passa
2334 1889 2370 1920 fit
2385 1891 2470 1920 simi-

1409 1933 1457 1969 lis,
1474 1934 1554 1964 dum
1568 1932 1603 1964 fit
1616 1933 1649 1963 in
1665 1940 1737 1964 actu
1753 1934 1883 1965 secundi
1899 1934 2023 1974 gradus,
2041 1942 2071 1964 et
2087 1935 2131 1965 sic
2149 1935 2305 1975 deinceps.
2325 1935 2367 1965 Et
2381 1935 2470 1975 quod

1411 1977 1546 2008 diximus
1570 1978 1609 2008 de
1632 1978 1883 2009 mansuetudinis
1907 1978 2015 2009 habitu
2039 1979 2142 2009 simile
2164 1985 2211 2010 est
2233 1979 2265 2009 in
2289 1978 2367 2009 aliis.

1462 2022 1503 2052 Et
1526 2032 1563 2053 ex
1586 2022 1647 2052 hoc
1670 2029 1756 2062 patet
1770 2029 1887 2063 quanta
1911 2023 1950 2053 sit
1973 2022 2144 2053 differentia
2161 2022 2242 2053 inter
2264 2029 2351 2053 actus
2375 2022 2470 2053 alicu-

1409 2065 1458 2096 ius
1482 2066 1624 2102 habitus,
1649 2073 1725 2106 puta
1758 2067 2025 2103 mansuetudinis,
2051 2067 2158 2107 quoad
2187 2067 2252 2097 vim
2282 2067 2468 2097 intensivam

1410 2110 1561 2141 eiusdem.
1587 2111 1669 2140 Nam
1693 2116 1780 2140 actus
1808 2111 1929 2141 remissi
1958 2111 2202 2152 quodammodo
2233 2110 2407 2150 disponunt
2430 2112 2468 2141 ad

1410 2161 1617 2194 augmentum
1631 2161 1662 2185 et
1676 2155 1920 2195 quodammodo
1935 2156 1974 2185 ad
1995 2155 2251 2186 diminutionem.
2276 2155 2470 2195 inquantum

1410 2199 1496 2229 enim
1518 2206 1661 2230 exercent
1683 2199 1827 2230 habitum
1849 2199 1952 2235 illum,
1969 2206 2080 2240 utpote
2102 2199 2148 2230 illi
2171 2199 2298 2235 similes,
2315 2199 2387 2230 licet
2402 2210 2469 2230 non

1409 2243 1555 2283 perfecte,
1572 2242 1698 2274 firmant
1720 2250 1775 2274 aut
1797 2242 1926 2274 firmum
1946 2250 2132 2274 conservant
2154 2243 2308 2274 habitum.
2333 2243 2468 2283 Inquan-

1409 2294 1479 2318 tum
1502 2297 1578 2318 vero
1601 2286 1752 2318 deficiunt
1775 2297 1793 2317 a
1815 2287 2021 2319 similitudine
2044 2287 2244 2328 perfectionis
2267 2286 2402 2324 habitus,
2422 2287 2468 2318 in-

1409 2331 1527 2362 clinant
1541 2331 1581 2362 ad
1596 2331 1863 2371 imperfectiorem
1886 2332 2019 2372 gradum
2038 2332 2173 2368 habitus,
2190 2331 2279 2372 quod
2295 2337 2345 2362 est»
2363 2332 2468 2372 dispo-

1409 2385 1482 2406 nere
1505 2376 1544 2406 ad
1569 2374 1830 2406 diminutionem:
1854 2375 1956 2406 simile
1986 2376 2071 2406 enim
2094 2376 2133 2407 ad
2156 2375 2259 2406 simile
2285 2374 2423 2407 inclinat.
2447 2393 2468 2399 -

1409 2423 1508 2451 Actus
1531 2427 1638 2450 autem
1661 2420 1826 2460 adaequati
1853 2419 1974 2450 habitui
1996 2420 2052 2460 qui
2075 2420 2209 2454 babetur
2231 2419 2407 2459 disponunt
2429 2421 2468 2450 ad

1409 2471 1626 2503 augmentum·
1641 2463 1781 2495 habitus:
1806 2464 1885 2493 dum
1901 2470 1931 2495 et
1953 2463 2045 2495 illum
2060 2463 2188 2495 firmant
2209 2471 2264 2494 aut
2283 2472 2468 2495 conservant

1408 2507 1442 2538 in
1465 2517 1540 2538 suae
1563 2507 1764 2547 perfectionis
1785 2508 1902 2546 gradu,
1927 2515 2038 2547 utpote
2060 2507 2196 2549 perfecte
2225 2508 2342 2538 similes
2368 2508 2467 2548 perfe-

1409 2551 1507 2582 ctioni
1536 2551 1678 2587 habitus;
1703 2557 1734 2582 et
1762 2550 1886 2583 animae
1916 2552 2058 2590 potentia
2084 2562 2140 2592 per
2167 2552 2228 2582 hoc
2258 2551 2467 2593 propinquior

1408 2595 1548 2626 redditur
1577 2595 1617 2624 ad
1641 2594 1796 2625 ulterioris
1820 2594 2020 2635 perfectionis
2050 2596 2184 2636 gradum
2208 2596 2350 2626 eiusdem
2380 2595 2466 2626 habi-

1408 2646 1469 2670 tus.
1487 2657 1505 2662 -
1521 2642 1620 2670 Actus
1642 2648 1717 2669 vero
1742 2639 1923 2669 excedentes
1946 2638 2172 2679 perfectionem
2193 2639 2328 2675 habitus,
2352 2638 2466 2670 virtute

1408 2684 1499 2714 activi
1522 2683 1668 2723 principii
1691 2683 1791 2722 ipsius
1819 2682 1946 2713 habitus
1967 2693 2130 2714 excessum
2159 2684 2326 2719 habentes,
2350 2691 2466 2723 augent

1410 2738 1464 2758 seu
1479 2728 1648 2758 intendunt
1661 2727 1768 2768 ipsum
1790 2726 1944 2758 habitum.
1961 2727 2055 2758 Tunc
2070 2728 2155 2758 enim
2174 2728 2314 2768 potentia
2331 2727 2464 2764 animae,

1408 2781 1490 2813 quae
1513 2771 1672 2802 dissimilis
1695 2778 1766 2802 actu
1789 2778 1854 2801 erat
1872 2771 2108 2802 mansuetudini
2130 2771 2162 2802 in
2186 2772 2239 2802 tali
2262 2772 2371 2811 gradu,
2387 2772 2465 2812 pati-

1407 2822 1459 2847 tur
1481 2816 1519 2846 ab
1542 2816 1626 2847 illius
1650 2815 1751 2846 activo
1775 2825 1831 2854 per
1859 2821 1946 2846 actus
1969 2816 2007 2846 ab
2031 2816 2086 2846 illo
2119 2815 2221 2847 activo
2245 2815 2465 2856 provenientes

1407 2860 1583 2891 secundum
1606 2860 1694 2900 quod
1717 2859 1836 2890 excedit
1865 2858 2026 2899 passivum
2049 2859 2152 2890 adhuc
2182 2869 2247 2890 non
2271 2859 2363 2901 plene
2391 2860 2464 2890 assi-

1407 2903 1553 2935 milatum
1577 2904 1652 2939 sibi,
1677 2910 1708 2934 et
1728 2903 1765 2934 fit
1786 2903 1813 2933 ei
1837 2902 1980 2934 similior.

1463 2948 1520 2979 lv.
1539 2949 1586 2978 Ex
1609 2948 1656 2978 his
1680 2954 1787 2978 autem
1809 2947 1906 2978 habes
1928 2948 2095 2988 quomodo
2112 2947 2152 2979 sit
2165 2947 2215 2978 vel
2235 2957 2302 2978 non
2324 2947 2363 2978 sit
2386 2948 2466 2978 inter

1407 2992 1599 3024 naturalium
1623 2999 1654 3023 et
1682 2991 1892 3023 habitualium
1921 2991 2133 3023 intensionem
2163 2992 2275 3023 eadem
2303 2991 2394 3023 ratio.
2425 2992 2465 3022 Et

1407 3037 1496 3078 quod
1510 3043 1598 3068 actus
1614 3036 1707 3067 eliciti
1730 3035 1864 3072 habitus,
1881 3043 1917 3067 ut
1939 3035 1993 3072 sic,
2009 3045 2078 3066 non
2090 3042 2208 3076 augent
2229 3036 2389 3067 habitum:
2410 3035 2465 3066 sed

1407 3081 1503 3122 aliqui
1528 3081 1702 3121 disponunt
1724 3080 1762 3110 ad
1793 3079 2054 3116 diminutionem,
2077 3086 2108 3110 et
2131 3079 2228 3122 aliqui
2251 3080 2291 3110 ad
2313 3089 2462 3119 augmen-

1407 3132 1486 3156 tum.
1512 3125 1552 3156 Et
1581 3125 1669 3165 quod
1699 3133 1764 3154 non
1789 3131 1835 3154 est
1863 3124 1972 3154 eadem
1996 3123 2075 3154 ratio
2099 3123 2137 3154 de
2167 3123 2316 3154 omnibus
2344 3123 2462 3154 actibus

1406 3169 1571 3205 similibus,
1588 3179 1625 3199 ex
1648 3168 1764 3209 quibus
1787 3167 1853 3198 fieri
1876 3168 1990 3199 dicitur
2008 3168 2142 3198 habitus.
2167 3168 2208 3198 Et
2230 3168 2318 3208 quod
2340 3167 2383 3197 illi
2403 3167 2462 3197 soli

1406 3213 1633 3245 actus·simi1es
1657 3219 1772 3252 augent
1795 3212 1850 3253 qui
1874 3213 1912 3242 ab
1939 3212 2041 3243 activo
2065 3212 2239 3242 secundum
2267 3212 2300 3242 id
2323 3221 2389 3252 quo
2413 3221 2462 3241 ex-

1405 3257 1487 3288 cellit
1502 3256 1739 3287 similitudinem
1755 3255 1879 3296 passivi,
1897 3257 1936 3286 ad
1952 3266 2027 3287 eum
2043 3256 2232 3296 procedunt:
2257 3255 2289 3285 hi
2305 3254 2462 3295 siquidem

1404 3308 1501 3337 actus,
1519 3307 1555 3331 ut
1577 3301 1629 3336 sic,
1654 3307 1729 3331 sunt
1751 3300 1917 3331 dissimiles
1939 3300 1972 3331 in
1996 3300 2152 3341 principio
2177 3299 2349 3339 augmenti,
2371 3305 2402 3329 et
2424 3299 2463 3328 si-

1404 3345 1494 3376 miles
1512 3345 1543 3375 in
1560 3344 1621 3375 fine
1638 3345 1780 3375 eiusdem
1802 3344 1862 3385 ipsi
1876 3355 1970 3384 passo
1994 3351 2025 3375 et
2046 3344 2130 3374 illius
2146 3343 2281 3378 habitui3
2305 3350 2336 3373 et
2359 3342 2402 3373 sic
2419 3342 2460 3372 si-

1403 3389 1477 3419 mile
1492 3389 1586 3419 simili
1610 3388 1781 3419 intenditur
1796 3395 1827 3419 et
1849 3395 1992 3428 augetur.
2015 3388 2103 3419 Patet
2119 3387 2249 3418 demum
2268 3396 2304 3417 ex
2327 3386 2375 3417 his
2391 3396 2460 3417 sen-

1403 3443 1456 3464 sus
1479 3433 1599 3463 articuli
1623 3433 1707 3463 illius
1738 3433 1770 3462 in
1795 3432 1899 3463 Prima
1921 3432 2081 3464 Secundae
2113 3438 2143 3462 et
2164 3431 2323 3462 dictorum
2346 3429 2378 3461 in
2403 3440 2457 3461 eo:

2498 1012 2522 1059 ὲ.
2523 1011 2579 1059 τέ·
2591 1017 2623 1058 1¹.
2618 1017 2653 1058 1¹¹
2656 1017 2707 1058 ξ’·

2498 1409 2507 1418 ’
2522 1408 2579 1440 Cap.
2594 1414 2644 1432 ιιν,
2639 1414 2661 1429 n.
2674 1415 2707 1434 ιο,

2496 1440 2534 1455 ιι.-
2525 1434 2556 1456 -S
2567 1434 2611 1455 Th.
2619 1435 2668 1455 lect.
2676 1441 2706 1456 rx.
