2892 4056
214 2055 261 2082 Qu.
277 2061 289 2080 ι,
321 2059 361 2076 art.
377 2062 400 2081 4.

198 2369 208 2379 *
223 2370 295 2392 Vers.
312 2377 337 2391 11.

201 2798 210 2806 '¹
216 2796 253 2818 Po.
264 2802 340 2823 xxxv1,
349 2802 407 2818 vers.

199 2829 235 2851 39·

199 2955 207 2964 '‘
222 2953 288 2975 Vers.
303 2959 341 2976 20.

296 3001 310 3036 β

198 3165 206 3173 ·’
222 3165 288 3186 Vers.
304 3164 325 3185 6.

451 187 497 222 28

1135 186 1399 232 QUAESTIO
1430 189 1477 235 ΙΙ,
1509 189 1803 225 ARTICULUS
1834 190 1882 225 ΙΙΙ

1101 308 1434 342 commentaria,
1456 310 1548 343 Car·
1550 311 1706 342 d'malis
1729 310 1928 343 Caietam

478 407 497 426 N
522 396 652 426 articulo
677 396 816 426 secundo
842 395 1033 435 quaestionis
1057 388 1221 431 secundae,
1248 396 1368 426 omisso
1391 397 1506 437 primO,

452 409 648 470 IDurandus
674 440 816 475 occurrit,
834 439 865 468 in
890 439 928 468 III
952 439 1050 475 Sent.‚
1077 439 1147 469 dist.
1165 450 1249 475 xxm,
1273 448 1327 480 qu.
1345 451 1376 475 11,
1403 448 1457 471 art.
1479 442 1505 475 3,

447 484 676 524 reprehendens
701 483 820 514 dictum
844 483 893 512 hic
917 482 948 512 in
973 482 1181 522 responsione
1205 483 1244 513 ad
1268 483 1425 523 primurn,
1451 485 1506 514 sci-

445 526 517 558 licet
541 529 629 568 quod
653 528 684 557 hi
700 535 760 557 tres
778 533 865 556 actus
881 533 955 556 sunt
972 535 1065 556 unus.
1091 527 1197 567 Inquit
1214 527 1298 558 enirn
1316 529 1415 568 quod,
1435 528 1507 558 licet
1533 530 1534 540 ¹

447 572 568 601 credere
592 573 660 602 Deo
686 578 714 601 et
739 571 861 600 credere
885 571 990 600 Deum
1015 570 1077 600 sint
1100 581 1182 602 unus
1198 579 1296 607 actus,
1315 572 1440 610 credere
1463 579 1506 603 ta·
1533 587 1534 591 =

445 625 519 646 men
543 616 576 645 in
599 616 705 645 Deum
729 621 802 644 sunt
826 614 890 644 duo
910 621 1011 644 actus:
1037 615 1111 654 quia
1135 626 1152 645 a
1177 616 1303 646 duobus
1327 622 1372 645 est
1394 615 1506 651 habiti-

446 659 514 695 bus,
533 659 648 689 scilicet
664 658 724 688 fide
740 666 770 688 et
786 657 919 693 caritate,
938 664 967 688 et
984 657 1136 698 significat
1151 659 1307 714 credendo
1324 666 1353 689 et
1369 658 1506 689 amando

445 703 488 732 ire
512 703 545 732 in
569 703 683 732 Deum.

500 746 549 776 Ad
573 745 633 776 hoc
658 745 746 775 facile
771 745 979 785 respondetur
1003 747 1101 786 quod,
1126 745 1200 786 quia
1224 753 1311 776 actus
1333 747 1506 786 imperatus
1532 764 1534 773 ε

1532 805 1534 809 ⁴
1560 799 1652 833 putat
1675 793 1779 823 Deum
1802 803 1881 825 non
1885 791 1953 825 esse
1968 794 2233 835 omnipotentem,
2259 802 2290 826 et
2312 802 2404 835 putat
2424 795 2543 835 ipsulm
2554 807 2622 827 esse

444 799 509 820 non
526 789 752 829 multiplicatur
768 791 943 820 secundum
960 799 1026 819 rem
1051 790 1090 819 ad
1105 789 1403 830 multiplicationem
1422 791 1506 831 prin

445 834 601 873 cipiorum
626 834 710 870 eius,
740 834 793 863 sed
818 844 900 863 unus
926 841 955 864 et
978 834 1063 864 idem
1086 844 1221 864 numero
1246 842 1333 866 actus
1356 846 1374 866 a
1396 835 1506 867 multis

444 886 489 907 est
513 878 607 907 simul
631 878 811 913 virtutibus,
838 885 872 908 ut
895 877 1034 907 ieiunare
1059 886 1104 908 est
1127 886 1214 909 actus
1239 890 1322 909 unus
1345 890 1362 909 a
1386 886 1505 919 tempe-

443 922 541 951 rantia
565 922 660 951 simul
685 929 715 952 et
739 922 917 951 obedientia
942 929 972 952 et
994 922 1127 958 caritate,
1154 930 1184 953 et
1207 923 1249 953 sic
1274 924 1311 953 de
1327 923 1408 960 aliis3
1432 924 1504 954 ideo

444 966 566 995 credere
590 966 621 995 in
638 966 752 1001 Deum,
779 976 852 996 cum
877 966 915 996 sit
939 974 1026 996 actus
1051 966 1123 996 fidei
1147 978 1163 997 a
1181 967 1305 998 caritate
1321 968 1504 1007 imperatus,

443 1020 526 1039 unus
551 1019 684 1040 numero
709 1011 884 1040 secundum
909 1020 975 1040 rern
1001 1018 1064 1047 est,
1090 1011 1235 1051 quamvis
1259 1022 1276 1041 a
1302 1012 1409 1042 multis
1433 1022 1506 1052 pro-

441 1054 546 1083 veniat
568 1054 735 1084 habitibus.
761 1054 801 1084 Et
824 1055 979 1095 quoniam
1003 1062 1089 1085 actus
1114 1056 1234 1086 elicitus
1250 1057 1288 1086 ab
1304 1066 1370 1090 uno
1394 1063 1424 1087 et
1446 1056 1504 1092 irn-

442 1104 568 1137 peratus
589 1099 625 1127 ab
642 1098 739 1128 altero
755 1098 863 1129 habitu
884 1099 1050 1139 multiplex
1067 1106 1113 1130 est
1129 1101 1305 1130 secundum
1321 1100 1506 1130 relationem
1523 1125 1525 1127 .

442 1142 481 1171 ad
505 1142 623 1172 multos
647 1142 771 1173 habitus
796 1150 826 1173 et
844 1143 956 1174 obiecti
974 1143 1119 1180 rationes,
1145 1144 1216 1174 ideo
1239 1144 1331 1174 multi
1347 1151 1434 1174 actus
1449 1155 1504 1184 ap-

441 1193 561 1225 parent,
587 1193 618 1217 et
640 1186 672 1216 in
697 1186 815 1217 multos
840 1195 928 1218 actus
952 1187 1120 1223 resolvitur
1145 1188 1211 1218 eius
1227 1188 1306 1222 ratio
1331 1197 1384 1218 seu
1410 1197 1504 1228 expo-

442 1230 524 1260 sitio.
560 1231 600 1260 Et
634 1238 799 1270 propterea
832 1231 944 1261 dicitur
979 1232 1067 1271 quod
1097 1232 1229 1262 credere
1258 1233 1291 1261 in
1322 1232 1426 1261 Deum
1459 1237 1505 1261 est

441 1274 579 1304 amando
601 1281 658 1305 etc.
690 1275 873 1305 Secundum
903 1283 1008 1305 tamen
1033 1275 1195 1305 veritatem
1226 1282 1256 1306 et
1279 1275 1505 1314 proprietatem

440 1318 614 1357 loquendO,
640 1319 810 1348 dicendum
834 1326 880 1348 est
903 1320 991 1359 quod
1015 1318 1201 1349 huiusmodi
1218 1325 1306 1349 actus
1330 1325 1375 1349 est
1399 1318 1505 1348 multi-

1241 1444 1576 1507 ARTICULus
1587 1442 1815 1494 TERTqu
1873 1423 1878 1426 ⁴

1562 398 1646 437 plex,
1677 407 1741 428 non
1773 397 1880 430 multi:
1917 408 1955 428 eo
1987 400 2075 439 quod
2108 399 2230 431 claudit
2253 401 2286 431 in
2317 412 2350 431 se
2379 401 2445 432 vim
2482 402 2623 442 plurium

1533 443 1535 472 Ξ
1563 448 1709 476 actuum,
1742 450 1771 472 et
1803 452 1867 472 non
1897 442 2098 473 constituitur
2129 453 2164 473 ex
2187 439 2255 474 illis
2277 447 2381 481 unuin
2408 453 2621 486 aggregatum.

1562 485 1828 516 Denominatione
1855 486 2012 527 siquidem
2036 487 2163 517 relativa
2187 490 2283 521 actus
2293 489 2331 518 ab
2350 491 2426 519 actu
2450 489 2622 530 imperatus

1562 529 1730 565 formatur
1750 537 1784 560 ut
1807 530 1838 560 in
1861 530 1966 560 Prima
1990 531 2152 561 Secundae
2169 530 2185 549 *
2209 530 2329 563 dictum
2344 539 2399 563 est.
2443 561 2446 563 Α

1617 574 1652 603 II.
1679 574 1713 603 In
1737 574 1943 613 responsione
1967 575 2007 604 ad
2031 575 2165 606 tertium
2182 575 2339 613 eiusdem
2347 576 2470 619 fltfi‘issli
2491 578 2622 609 secundi

1561 617 1685 647 adverte
1698 618 1792 658 quod.
1802 618 1840 648 de
1851 618 1922 649 Deo
1938 618 2105 662 dupliciter
2116 619 2207 659 loqui
2220 627 2407 659 possumus.
2422 621 2495 652 Uno
2510 622 2621 657 modo,

1561 671 1597 690 ex
1621 667 1706 700 parte
1730 661 1829 701 ipsius
1853 662 1921 692 Dei.
1946 662 1987 692 Et
2003 662 2056 699 sic,
2082 672 2155 692 cum
2179 662 2218 692 sit
2242 663 2375 694 omnino
2376 645 2623 707 simplicissima

1560 714 1617 741 res,
1643 714 1709 735 non
1732 711 1838 745 potest
1859 706 1974 745 partim
1996 716 2068 736 vere
2093 713 2123 736 et
2145 706 2261 746 partim
2284 705 2369 738 false
2384 709 2543 748 cognosci,
2568 710 2622 740 sed

1560 757 1645 778 error
1664 748 1804 780 falsitatis
1828 750 1970 794 consistit
1984 750 2015 780 in
2032 760 2098 780 non
2117 750 2323 790 attingendo
2314 751 2442 791 ipsums
2440 750 2520 789 Qffi
2537 753 2621 783 enirn

1561 843 1667 868 actum
1692 847 1818 877 purum,
1843 838 2027 878 sapientem.
2048 845 2123 874 etc.;
2140 839 2297 879 quidquid
2321 839 2481 879 intelligit
2488 847 2556 882 per
2556 840 2622 879 bas

1560 880 1802 917 affirmationes,
1835 892 1901 912 non
1925 889 1971 912 est
1993 882 2045 912 illa
2068 893 2116 912 res
2151 893 2231 923 quae
2259 890 2305 913 est
2328 883 2414 913 Deus
2446 879 2622 914 secundum

1560 935 1636 961 rem,
1661 926 1715 955 sed
1732 933 1981 965 repraesentatus
1997 926 2042 956 illi
2065 927 2108 957 sic
2133 927 2266 967 putanti.
2291 927 2399 964 Quia·
2391 937 2423 957 m
2439 937 2472 957 re
2486 927 2539 958 illa
2556 937 2621 958 non

1561 968 1659 1000 differt
1687 976 1791 1000 totum
1815 977 1846 1000 et
1876 970 2008 1010 aliquid:
2042 980 2077 1001 ac
2100 981 2156 1011 per
2178 971 2240 1001 hoc
2269 978 2455 1002 non-totum
2485 977 2516 1002 et
2544 971 2623 1003 nihil

1559 1013 1766 1054 aequivalent.
1803 1014 1843 1044 Et
1867 1021 2096 1054 consequenter
2124 1015 2179 1055 qui
2203 1015 2234 1045 in
2259 1015 2367 1055 aliquo
2391 1015 2476 1046 illius
2504 1015 2621 1046 fallitur

1536 1088 1538 1090 ,
1559 1057 1637 1092 nihil
1659 1057 1743 1087 illius
1767 1057 1921 1097 intelligit.
1946 1058 2019 1088 Alio
2037 1059 2145 1094 modo,
2171 1069 2207 1089 ex
2231 1066 2318 1099 parte
2342 1059 2456 1089 nostri:
2481 1059 2561 1090 idest
2582 1060 2620 1090 de

1558 1101 1627 1131 Deo
1651 1099 1828 1131 secundum
1843 1103 1931 1142 quod
1955 1102 2046 1132 nobis
2062 1110 2319 1143 repraesentatur.
2345 1104 2385 1134 Et
2400 1103 2453 1140 sic,
2471 1103 2546 1143 quia
2561 1105 2619 1134 sub

1559 1144 1666 1177 multis
1690 1145 1865 1175 rationibus
1888 1153 2147 1196 repraesentatur,
2172 1147 2326 1187 contingit
2348 1147 2454 1187 aliqua
2478 1148 2619 1178 enuntia-

1558 1188 1644 1217 tione
1668 1196 1768 1217 errare
1792 1194 1821 1218 et
1843 1188 1950 1229 aliqua
1972 1198 2043 1219 vere
2067 1190 2180 1220 sentire
2205 1190 2243 1221 de
2265 1189 2346 1227 Deo,
2372 1198 2407 1221 ut
2430 1197 2524 1231 patet.
2553 1194 2619 1222 Au-

1559 1238 1626 1261 ctor
1648 1237 1755 1261 autem
1770 1231 1802 1260 in
1818 1230 1919 1262 littera
1934 1233 2078 1272 loquitur
2093 1232 2131 1263 de
2146 1242 2250 1264 errore
2268 1234 2347 1264 circa
2362 1235 2467 1264 divina
2482 1245 2518 1265 ex
2533 1243 2619 1275 parte

1557 1274 1658 1314 ipsius
1682 1275 1740 1304 Dei
1759 1275 1917 1306 absolute:
1943 1283 1973 1306 et
1995 1277 2068 1307 ideo
2092 1277 2167 1308 dicit
2189 1278 2278 1318 quod
2302 1277 2443 1308 infideles
2466 1288 2531 1309 non
2549 1289 2619 1309 vere

1561 1319 1692 1348 credunt
1714 1319 1829 1349 Deum.

2563 1408 2591 1434 »i

528 1535 683 1592 UTRUM
707 1536 906 1566 CREDERE
931 1535 1109 1573 ALIQUID
1135 1536 1272 1567 SUPRA
1297 1525 1526 1567 RATIONEM
1549 1533 1819 1566 NATURALEM
1842 1534 1909 1566 SIT
1928 1534 2227 1567 NECESSARIUM
2244 1536 2301 1568 AD
2326 1520 2572 1568 SALcff-OEM

692 1624 723 1648 111
743 1624 825 1653 Sent„
846 1625 906 1649 dist.
926 1631 993 1655 xxw,
1013 1630 1060 1649 art.
1081 1624 1104 1653 3,
1123 1624 1172 1656 qna
1197 1632 1223 1655 1;
1243 1624 1252 1648 1
1275 1624 1350 1650 Cont.
1372 1625 1464 1653 Geni..
1485 1631 1539 1655 cap.
1559 1631 1589 1654 v;
1609 1623 1655 1652 111,
1674 1631 1729 1656 cap.
1747 1631 1834 1654 oxvm,
1851 1631 1919 1653 cu13
1941 1623 1982 1648 De
2005 1623 2093 1652 Verit„
2112 1631 2157 1656 qu.
2176 1631 2226 1653 xiv,
2246 1629 2292 1648 art.
2316 1631 2360 1654 103

1147 1659 1428 1692 Expos.symb.;1n
1449 1642 1523 1684 boet.
1544 1659 1576 1684 de
1598 1658 1680 1688 Trin„
1701 1666 1744 1691 qu.
1763 1666 1801 1689 111,
1820 1664 1866 1683 art.
1888 1665 1910 1683 1.

469 1748 614 1792 ῥρἡφέμ(
611 1757 628 1797 v
653 1746 676 1771 D
696 1746 854 1771 TERTIUM
875 1746 927 1771 εις
948 1746 1185 1771 puoch-mma.
1215 1733 1374 1770 Videtur
1397 1734 1502 1782 quod

469 1760 628 1845 fivssd
656 1787 810 1824 credere
830 1799 907 1824 non
924 1787 970 1823 sit
989 1787 1245 1824 necessarium
1261 1787 1310 1823 ad
1330 1787 1500 1823 salutem.

459 1835 541 1897 '2522
525 1823 625 1883 αἶ’(
637 1835 715 1877 Ad
744 1841 903 1877 salutem
933 1841 1033 1876 enim
1073 1847 1108 1876 et
1136 1840 1408 1888 perfectionem
1439 1852 1503 1876 cu-

454 1858 622 1928 1ὲῦ
612 1882 804 1930 iuslibet
832 1893 884 1929 rei
922 1905 968 1929 ea
997 1894 1171 1930 sufficere
1199 1893 1376 1929 videntur
1404 1903 1501 1941 quae

438 1945 675 1983 conveniunt
699 1946 733 1983 ei
762 1947 974 1983 secundum
1005 1958 1114 1983 suam
1135 1953 1320 1982 naturam.
1352 1946 1429 1982 Sed
1459 1957 1502 1982 ea

442 2010 541 2046 quae
572 2006 658 2035 sunt
686 1999 775 2037 fidei
805 1999 990 2036 excedunt
1014 2000 1222 2036 naturalem
1251 1998 1417 2035 hominis
1445 2010 1502 2035 ra-

441 2052 601 2088 tionem:
632 2063 720 2089 cum
750 2052 822 2088 sint
850 2064 928 2088 non
953 2052 1183 2100 apparentia,
1213 2058 1254 2088 ut
1281 2051 1430 2100 supra*
1449 2051 1502 2088 di-

441 2111 545 2141 ctum
572 2112 640 2141 est.
672 2105 774 2152 Ergo
804 2105 958 2142 credere
986 2117 1065 2142 non
1089 2105 1240 2142 videtur
1267 2117 1349 2141 esse
1373 2116 1502 2141 neces-

442 2158 582 2194 sarium
612 2158 661 2194 ad
690 2159 861 2195 salutern.

496 2223 529 2246 2.
556 2212 788 2257 PRAETEREA,
818 2210 1029 2259 periculose
1057 2212 1178 2247 horno
1198 2210 1351 2247 assentit
1370 2210 1438 2246 illis
1463 2210 1502 2246 in

440 2264 577 2310 quibus
606 2272 683 2300 non
711 2271 836 2312 potest
863 2263 1030 2301 iudicare
1057 2271 1185 2300 utrum
1213 2263 1305 2300 illud
1334 2263 1439 2311 quod
1468 2263 1502 2298 ei

440 2316 666 2364 proponitur
693 2317 739 2353 sit
756 2329 893 2353 verum
912 2317 975 2353 vel
994 2317 1148 2352 falsum:
1179 2316 1389 2353 seeundum
1409 2315 1501 2352 illud

440 2370 509 2405 Iob
527 2369 630 2405 xn*:
659 2370 800 2406 Nonne
826 2370 930 2406 aur-is
954 2370 1068 2406 verba
1087 2369 1295 2406 diiudicat?
1323 2369 1400 2405 Sed
1427 2369 1500 2405 tale

438 2421 620 2458 iudicium
649 2423 766 2458 homo
800 2423 940 2459 habere
974 2435 1051 2459 non
1079 2430 1205 2470 potest
1241 2422 1278 2458 in
1308 2422 1369 2458 his
1401 2433 1500 2471 quae

439 2483 525 2511 sunt
552 2475 664 2521 fidei:
694 2476 783 2525 quia
810 2487 890 2512 non
918 2482 1042 2524 potest
1069 2476 1189 2511 homo
1210 2486 1255 2511 ea
1274 2476 1466 2510 resolvere
1484 2480 1500 2495 α

438 2527 475 2564 in
503 2527 687 2576 principia
711 2528 857 2577 prima,
896 2540 965 2576 per
993 2539 1090 2576 quae
1120 2528 1167 2564 de
1197 2527 1379 2564 omnibus
1405 2527 1499 2564 iudi-

435 2592 580 2618 camus,
620 2582 722 2628 Ergo
749 2582 1007 2630 periculosum
1038 2588 1093 2617 est
1121 2579 1256 2617 talibus
1288 2580 1406 2617 fidem
1431 2580 1498 2616 ad-

435 2634 578 2671 hibere.
610 2634 776 2695 Credere
797 2645 886 2682 ergo
915 2645 993 2671 non
1014 2641 1069 2671 est
1086 2633 1344 2670 necessarium
1371 2633 1420 2669 ad
1440 2644 1497 2674 sa-

436 2687 563 2723 lutem.

492 2741 524 2776 3.
555 2741 787 2787 PRAETEREA,
809 2740 908 2776 salus
935 2739 1103 2775 hominis
1131 2739 1170 2775 in
1194 2739 1278 2774 Deo
1307 2738 1494 2774 consistit:
1519 2719 1526 2782 i

437 2793 647 2828 secundum
676 2793 767 2829 illud
795 2793 935 2828 Psalm.
957 2792 993 2828 *:
1023 2792 1133 2829 Salus
1160 2795 1284 2827 autem
1309 2789 1495 2827 iustorum

436 2856 460 2880 a
488 2846 666 2882 Domino.
698 2846 774 2882 Sed
803 2845 1001 2882 invisibztia
1021 2845 1096 2882 Dei
1106 2855 1180 2892 per
1197 2855 1241 2880 ea
1270 2855 1368 2891 quae
1389 2844 1495 2889 facta

434 2903 523 2933 sunt
547 2898 726 2936 intellecta
755 2899 1033 2946 conspiciuntur
1042 2911 1055 2942 ‚·
1092 2897 1316 2945 sempiterna
1349 2903 1496 2948 quoque

435 2951 552 2986 virtus
571 2951 648 2987 eius
672 2957 711 2986 et
737 2951 921 2996 divinitas,
949 2958 992 2987 ut
1011 2950 1146 2987 dicitur
1163 2950 1276 2986 Rom.
1297 2948 1353 2986 ι*-.
1384 2950 1494 2996 Quae

436 3010 564 3039 autern
601 3003 883 3051 conspiciuntur
916 3001 1143 3040 ιιιιοὶὶεειιιιἺὓ
1171 3013 1269 3039 non
1278 3002 1492 3039 creduntur.

435 3056 538 3102 Ergo
567 3067 645 3092 non
675 3063 730 3092 est
754 3056 1013 3093 necessa-rium
1041 3056 1091 3092 ad
1119 3056 1277 3125 salutem
1305 3061 1347 3091 ut
1373 3055 1492 3092 horno

436 3108 559 3157 aliqua
589 3108 725 3145 credat.

490 3162 564 3198 SED
584 3173 729 3198 CONTRA
744 3173 808 3198 EST
823 3161 928 3209 quod
945 3161 1078 3198 dicitur
1091 3161 1192 3198 Heb.
1208 3172 1242 3196 XI
1258 3161 1293 3196 *ε
1316 3161 1404 3197 Sme
1410 3161 1494 3208 fide

434 3214 658 3262 impossihile
684 3220 739 3250 est
757 3214 911 3262 placere
937 3215 1030 3251 Deo.

489 3268 713 3304 Resposmzo
742 3279 925 3304 DICENDUM
954 3268 1058 3314 quod
1082 3267 1121 3303 in
1145 3265 1324 3303 omnibus
1352 3265 1494 3303 naturis

436 3319 614 3357 ordinatis
633 3320 824 3358 invenitur
849 3319 955 3368 quod
975 3320 1024 3357 ad
1048 3318 1318 3368 perfectionem
1338 3326 1494 3357 naturae

488 3452 515 3484 οι)
533 3452 672 3477 resolvere.
689 3464 706 3470 —-
725 3451 862 3476 restituere
880 3450 1080 3483 ABFLpCEKx,
1099 3449 1224 3475 reducere
1243 3449 1311 3474 GHI.

489 3486 513 3519 β)
533 3487 673 3512 intellectu.
691 3501 709 3505 -
727 3487 859 3512 intellecta
877 3487 906 3516 Β,
921 3493 972 3518 per
991 3486 1149 3511 intellectum
1169 3485 1199 3514 D,
1219 3486 1245 3510 in
1266 3484 1396 3510 intellectu
1415 3484 1448 3509 G.

1540 3055 1668 3091 sione.
1698 3054 1760 3091 Ad
1787 3053 2086 3102 quamquidem
2102 3054 2296 3091 visionem
2323 3055 2444 3091 homo

1557 1733 1742 1770 inferioris
1771 1734 1848 1770 duo
1878 1741 2127 1770 concurrunt:
2163 1745 2285 1770 unum
2318 1733 2480 1781 quidem.
2513 1735 2618 1783 quod

1559 1793 1614 1822 est
1650 1787 1863 1823 secundum
1899 1786 2098 1834 proprium
2136 1793 2308 1831 motum3
2347 1786 2452 1824 aliud
2472 1795 2618 1825 >aum

1558 1839 1662 1887 quod
1693 1840 1987 1876 estsecundum
2012 1846 2162 1876 motum
2190 1838 2616 1888 superiorisnatumeff.

1558 1892 1663 1928 Sicut
1684 1904 1785 1941 aqua
1813 1893 2024 1929 secundum
2045 1899 2194 1929 motum
2214 1892 2413 1940 proprium
2437 1892 2619 1937 ‘movetur

1558 1945 1606 1981 ad
1627 1953 1811 1992 centrum,
1842 1946 2052 1982 secundum
2073 1952 2200 1982 autern
2221 1946 2506 1983 motumss‘lunae
2526 1957 2617 1983 :me-

1557 2005 1668 2034 vetur
1697 1998 1793 2034 circa
1822 2005 1992 2035 centrum
2025 1998 2237 2035 secundum
2253 1997 2617 2040 ‘fluxum·1en>cefiu-

1556 2062 1647 2087 xum
1667 2050 1708 2087 *τ
1737 2051 1906 2088 similiter
1924 2051 2038 2088 etiarn
2059 2052 2438 2099 orbeswplanemrumx
2456 2056 2616 2088 moven-

1556 2112 1616 2140 tur
1643 2104 1805 2152 propriis
1833 2104 2001 2141 motibus
2037 2105 2085 2140 ab
2114 2104 2311 2141 occidente
2339 2104 2614 2151 ixx-orientem,

1557 2164 1665 2194 motu
1689 2162 1826 2193 'autem
1852 2157 1964 2206 primi
1992 2157 2094 2193 orbis
2120 2156 2343 2193 abnuente
2370 2157 2410 2193 iu
2435 2156 2616 2194 odeideia*

1556 2217 1646 2246 tem.
1691 2210 1781 2246 Sola
1809 2217 1937 2246 autem
1966 2217 2100 2246 natura
2128 2209 2318 2246 rationalis
2343 2217 2470 2246 creata
2500 2211 2617 2247 habet

1555 2262 1820 2300 immediatum
1853 2261 2029 2299 ordinem
2068 2263 2116 2299 ad
2151 2263 2302 2299 Deum„
2323 2262 2430 2309 Quia
2468 2268 2614 2302 ceterae

1557 2323 1750 2352 creaturae
1787 2327 1866 2352 non
1895 2315 2085 2362 «attingunt
2122 2315 2170 2352 ad
2207 2315 2348 2362 aliquid
2372 2315 2615 2362 universale,

1556 2369 1623 2405 sed
1652 2369 1776 2405 solum
1813 2368 1862 2405 ad
1885 2368 2038 2415 -aliquid
2070 2368 2312 2416 particulare,
2349 2366 2616 2417 participata&

1555 2422 1723 2459 divinam
1752 2421 1960 2458 bonitatem
1989 2421 2052 2457 vel
2080 2421 2119 2457 in
2145 2421 2305 2458 essendo
2333 2427 2491 2468 tantum,
2515 2421 2616 2458 &alt

1550 2474 1772 2520 inanimata,
1801 2475 1863 2510 vel
1892 2474 2006 2510 etiam
2034 2473 2072 2510 in
2088 2473 2260 2510 vivendo
2287 2480 2328 2510 et
2346 2475 2614 2521 cognoscendo

1555 2527 1768 2574 singularia,
1799 2527 1893 2563 sicut
1920 2527 2071 2574 plantae
2101 2534 2136 2563 et
2165 2526 2360 2563 animalia:
2377 2534 2527 2564 natura
2540 2535 2613 2564 zu-

1550 2587 1630 2616 te'm
1660 2579 1862 2626 rationalis,
1882 2579 2106 2638 inquantum
2136 2578 2331 2627 cognoscit
2354 2579 2612 2617 universatem

1551 2633 1644 2671 boni
1673 2640 1710 2669 et
1738 2632 1830 2669 entis
1858 2631 2056 2678 rationem,
2086 2630 2215 2668 habet
2229 2632 2495 2669 immediatum
2514 2630 2614 2670 mdi-

1552 2697 1641 2721 nem
1671 2686 1719 2721 ad
1742 2684 1956 2720 universale
1979 2684 2127 2721 essendi
2156 2685 2396 2732 principium.
2427 2684 2612 2722 Perfmio

1552 2748 1642 2785 ergo
1671 2737 1861 2773 rationalis
1888 2744 2084 2774 ercamrao
2116 2748 2194 2773 non
2221 2738 2346 2773 solum
2380 2737 2548 2774 consistit
2574 2737 2612 2774 in

1551 2797 1597 2826 eo
1626 2790 1750 2838 quod
1760 2789 1795 2825 ei
1816 2787 2006 2838 competit
2036 2790 2249 2826 secundum
2268 2800 2387 2826 suam
2413 2797 2610 2836 naturam,

1550 2842 1618 2879 sed
1638 2842 1751 2879 etiam
1770 2842 1809 2878 in
1829 2853 1875 2878 eo
1896 2842 1999 2892 quod
2018 2842 2052 2878 ei
2072 2841 2285 2879 attribuitur
2298 2853 2343 2879 ex
2362 2841 2542 2891 quadam
2548 2854 2611 2880 eu-

1548 2896 1776 2944 pematurali
1792 2894 2078 2944 participatione
2087 2900 2103 2923 ἵ
2116 2895 2271 2933 divinae
2289 2895 2479 2932 bonitatis.
2490 2895 2610 2934 Unde

1544 2956 1587 2985 et
1614 2948 1762 2997 supra*
1790 2948 1933 2985 dic-sum
1951 2955 2010 2984 est
2039 2948 2143 2996 quod
2165 2949 2299 2986 ultima
2323 2947 2531 2986 beatitudo
2539 2948 2644 2986 ffl-

1547 3002 1662 3038 minis
1695 3000 1865 3038 consistit
1887 3001 1928 3038 ιιι
1956 3001 2125 3050 quadam
2153 3001 2427 3050 supernaturali
2454 3001 2610 3038 Dein-1

1547 3117 1635 3155 gere
1667 3117 1746 3144 non
1772 3113 1899 3156 potest
1933 3105 2004 3144 nisi
2042 3118 2111 3155 per
2139 3106 2300 3144 modum
2329 3105 2609 3150 addiscendam

1549 3161 1633 3197 Deo
1663 3160 1840 3197 doctore:
1868 3159 2081 3197 secundum
2109 3159 2201 3197 illud
2223 3161 2332 3197 Ioan.
2351 3159 2445 3197 V1*:
2479 3159 2609 3197 Omnis

1547 3213 1613 3261 qui
1637 3213 1743 3250 audit
1767 3225 1791 3250 a
1819 3214 1932 3249 Patre
1959 3218 1995 3249 et
2017 3213 2145 3253 didicit
2174 3213 2277 3250 venit
2307 3213 2358 3251 ad
2383 3224 2455 3250 me.
2485 3211 2608 3255 Huius

1548 3274 1675 3303 autem
1705 3265 1922 3314 disciplinae
1951 3266 1993 3302 fit
2020 3266 2139 3302 homo
2165 3265 2353 3315 particeps
2371 3277 2451 3302 non
2466 3264 2605 3311 statim,

1548 3319 1616 3356 sed
1644 3318 1869 3365 successive,
1900 3318 2112 3357 secundum
2137 3317 2299 3357 modum
2325 3321 2416 3355 suae
2435 3323 2604 3355 naturae.

1597 3448 1623 3481 γ)
1639 3448 1858 3480 participatione.
1875 3461 1893 3467 -
1909 3448 2071 3481 perflctt‘tme
2090 3447 2127 3473 Pa
2145 3452 2173 3473 et
2189 3446 2299 3472 codices.

2652 537 2715 564 Qu.
2724 543 2763 564 xx,
2771 541 2812 560 art.
2823 544 2844 566 3.
2850 549 2861 554 -

2650 563 2748 610 §omme
2737 567 2782 585 ent.
2797 570 2861 586 num.

2646 1846 2655 1856 '¹
2669 1845 2698 1867 D.
2712 1851 2744 1874 9¹-

2643 2062 2654 2073 *
2668 2062 2696 2084 D.
2711 2062 2762 2084 628.

2703 2694 2714 2711 χ
2696 2666 2712 2685 2⁸<

2471 3053 2610 3103 pumin-
2796 3080 2797 3083 =

2657 2959 2717 2982 Part.
2727 2959 2746 2986 1,
2773 2966 2795 2982 u.
2805 2965 2847 2987 ιιι,

2637 2989 2679 3039 ἓξ,
2686 2985 2780 3034 2³12*
2745 3012 2768 3034 a.
2781 2987 2848 3015 '’·‘¹¹¹

2635 3169 2646 3180 ⁶
2660 3168 2727 3192 Vero.
2741 3175 2778 3197 ⁴5-
