2892 4056
214 1124 222 1131 '¹
240 1122 306 1144 Vers.
321 1128 354 1151 ²3-

214 1233 220 1241 ·
241 1231 296 1253 Ord.
316 1238 345 1253 ex
369 1232 424 1253 Pro-

215 1264 290 1285 spero.

308 1913 322 1946 β

211 1973 270 1994 Ἀι-ΐ.
277 1979 354 2001 cap-x.
361 1980 388 1995 ve

209 2007 234 2026 4,
250 2005 278 2027 3¹·

210 2078 221 2089 Β
237 2078 260 2099 ID
272 2078 331 2105 11⁸2,
354 2085 392 2107 qu·
415 2089 417 2091 .

210 2109 392 2132 Lxxxv,art.2,4.

210 3042 219 3050 '¹
235 3040 323 3062 Coroll.
338 3047 360 3068 3.

462 191 509 226 82
1166 190 1431 236 QUAESTIO
1461 192 1512 238 X,
1542 192 1837 229 ARTICULUS
1867 193 1917 229 lV

458 269 522 305 sed,
538 270 612 309 quia
633 269 666 299 id
688 269 771 309 quod
794 270 859 309 ipse
878 270 1028 308 opinatur
1051 277 1113 298 non
1131 273 1177 298 est
1195 268 1293 300 Deus.
1315 269 1411 305 Quod
1432 270 1516 300 enirn
1542 271 1544 300 ἒ
1570 269 1656 299 Nihil
1679 279 1754 309 ergo
1771 279 1807 300 ex
1821 269 2012 306 infidelitate,
2036 270 2226 311 inquantum
2250 273 2444 310 huiusmodi,
2469 274 2630 314 cognosci-

459 313 607 353 opinatur
626 312 768 349 infidelis,
789 320 824 343 ut
843 313 895 348 sic,
921 322 985 342 non
1005 318 1051 341 est
1074 312 1169 348 Deus,
1195 318 1230 342 ut
1253 313 1444 343 declaratum
1461 320 1514 344 est.
1541 301 1543 350 ,l
1569 320 1620 343 tur
1646 313 1684 343 de
1708 314 1793 349 Deo,
1825 314 1879 344 sed
1906 314 2064 353 elongatio
2095 313 2130 345 fit
2152 315 2327 348 intellectus
2350 318 2388 348 ab
2412 328 2460 349 eo.
2492 319 2533 349 Et
2555 319 2627 349 ideo

519 357 560 387 Et
589 366 644 397 per
674 357 735 386 hoc
770 363 854 396 patet
891 356 1008 385 solutio
1046 355 1253 387 obiectorum.
1285 357 1515 397 Aequivocatio
1541 352 1543 396 J
1568 356 1688 386 aversio
1713 357 1815 387 maior
1838 364 1883 388 est
1905 358 1937 387 in
1961 368 1997 388 ea
2023 368 2122 398 quam
2143 358 2176 388 in
2200 360 2306 391 ceteris
2329 361 2520 392 moralibus:
2552 362 2628 403 quia

457 410 595 440 namque
612 407 691 430 esset
706 400 737 429 in
757 399 922 440 proposito
940 399 1115 429 secundum
1131 399 1283 430 terminos
1298 400 1515 441 incomplexos
1541 397 1542 431 ἰ
1568 399 1714 430 affectum
1738 400 1867 441 quidem
1892 411 1910 431 a
1932 402 2018 438 Deo,
2049 402 2103 432 sed
2126 401 2319 434 intellectum
2343 415 2361 435 a
2384 405 2493 436 creatis
2516 406 2627 437 verita-

456 444 511 484 qui
535 450 769 484 supponuntur,
794 444 818 473 si
839 443 920 472 varie
945 449 1151 473 sumerentur.
1175 443 1237 473 Sed
1260 453 1325 474 non
1348 444 1391 474 sic
1414 451 1460 475 est
1481 444 1514 474 in
1568 444 1651 474 tibus
1675 451 1828 481 avertunt,
1853 451 1888 475 ut
1910 451 1997 485 patet
2018 445 2051 475 in
2074 446 2241 477 virtutibus
2265 448 2484 480 cardinalibus.

455 488 630 528 proposito.
655 487 751 517 Aliud
768 494 813 517 est
836 486 921 516 enim
937 486 1038 516 dicere
1061 487 1150 526 quod
1165 487 1197 516 id
1213 488 1301 528 quod
1324 488 1515 528 supponitur
1624 488 1675 518 IV.
1701 488 1735 518 In
1755 489 1960 528 responsione
1983 490 2022 519 ad
2046 490 2174 520 tertium
2197 491 2230 520 in
2253 492 2367 522 eodem
2390 493 2522 524 articulo
2552 499 2628 523 nota

456 531 608 562 incarnari
630 531 679 561 vel
702 541 767 561 non
790 530 952 566 incarnari,
977 537 1023 560 est
1045 530 1147 560 Deus:
1179 538 1209 561 et
1232 531 1317 561 aliud
1340 539 1386 562 est
1413 532 1514 562 dicere
1567 541 1665 571 quam
1687 533 1792 572 gravia
1815 533 1877 564 sint
1900 534 2015 564 scelera
2038 533 2311 572 Christianorum;
2339 543 2375 568 ut
2402 543 2627 576 cognoscentes

456 576 544 616 quod
567 575 598 605 id
622 575 709 615 quod
733 574 858 604 affertur
881 584 917 604 ex
940 574 1015 604 falsa
1039 573 1099 604 fide
1123 574 1354 611 incarnationis,
1379 585 1446 606 non
1469 582 1515 606 est
1566 575 1750 615 gravitatem
1773 584 1984 616 peccatorum,
2000 577 2169 618 faciamus
2183 579 2335 610 iudicium
2360 586 2390 611 et
2412 582 2564 612 iustitiam
2588 581 2626 611 de

455 619 550 649 Deus.
575 619 656 648 Nam
673 618 803 648 infertur
818 618 904 648 Deus
921 627 986 648 non
999 617 1187 654 incarnatus,
1204 619 1258 659 qui
1275 629 1342 649 non
1354 626 1400 650 est
1415 620 1512 650 Deus.
1539 589 1542 652 Ι
1569 619 1660 650 nobis
1685 620 1850 661 condigne.

1231 754 1548 796 ARTICULUS
1578 754 1848 806 QUARTUS

1016 838 1169 868 UTRUM
1194 838 1326 869 OMN1s
1349 838 1484 870 ACTIO
1509 839 1715 871 1NF1DELIS
1738 841 1804 871 srr
1828 841 2065 873 PECCATUM

595 908 670 937 Infra,
690 916 735 940 qu.
754 914 822 937 xxm,
842 912 888 931 art.
907 915 931 939 7,
953 907 983 931 ad
1008 913 1034 936 1;
1054 907 1073 931 ll
1095 907 1176 936 Sent„
1197 907 1256 932 dist.
1275 915 1324 938 xm,
1345 915 1390 940 qu.
1409 915 1427 938 ι,
1446 914 1494 933 art.
1515 915 1542 939 23
1562 909 1603 940 lv,
1624 909 1682 934 dist.
1700 917 1780 939 xxxix,
1800 915 1848 935 art.
1868 917 1891 939 2,
1910 911 1942 935 ad
1962 911 1989 941 5;
2011 911 2051 936 De
2070 912 2153 941 Malo,
2174 919 2219 944 qu.
2237 920 2270 943 11,
2290 918 2337 937 art.
2357 912 2381 944 5,
2401 914 2433 938 ad
2453 921 2483 946 73

1125 943 1169 967 Ad
1188 942 1273 972 Rom„
1295 951 1349 975 cap.
1368 951 1423 974 x1v,
1443 944 1500 968 lect.
1518 951 1561 975 ¹1¹3
1580 945 1624 969 Ad
1645 944 1704 974 Tit„
1725 952 1780 977 cap.
1804 953 1824 976 1,
1845 946 1902 970 lect.
1920 953 1953 971 ιν.

495 1040 547 1070 ,w
570 1043 610 1063 ‚4
664 1025 686 1049 D
706 1024 878 1054 QUARTUM
898 1024 950 1048 su:
971 1024 1208 1050 PRocam‘rUR.
1230 1013 1388 1050 Videtur
1407 1015 1511 1062 quod
1566 1027 1644 1052 non
1673 1022 1822 1064 oportet
1854 1016 1960 1063 quod
1991 1016 2029 1053 in
2063 1017 2169 1054 omni
2202 1030 2271 1054 suo
2301 1030 2417 1067 opere
2445 1027 2623 1067 peccent:

500 1076 507 1122 J
524 1056 636 1126 Δῖἔῖο
664 1065 853 1113 quaelibet
890 1065 986 1101 aetio
1024 1065 1186 1102 infidelis
1221 1066 1266 1103 sit
1298 1074 1510 1115 peccatum.
1565 1069 1633 1104 sed
1666 1068 1990 1117 quandocumque
2022 1069 2177 1117 aliquod
2211 1083 2307 1120 opus
2345 1079 2551 1120 operantur
2578 1085 2624 1110 ex

483 1028 499 1057 ᾗ
537 1032 543 1045 ι

478 1056 512 1110 ἴς.

468 1121 471 1126 “
529 1116 764 1164 quia
780 1130 895 1166 super
909 1118 999 1155 illud
1018 1119 1201 1155 Rom.xlv
1215 1119 1246 1166 ²¹²,
1272 1120 1390 1156 Omne
1413 1121 1514 1167 quod
1566 1121 1797 1167 infidelitate,
1826 1129 1916 1158 tunc
1943 1129 2113 1169 peccant.
2145 1123 2250 1160 Sicut
2278 1124 2379 1160 enirn
2407 1125 2554 1162 habens
2581 1126 2625 1162 fi-

471 1154 491 1174 »
507 1147 575 1197 §2¹³

557 1168 603 1203 ’ὦ
619 1164 651 1207 N
664 1182 738 1207 non
758 1177 812 1207 est
832 1183 882 1207 ex
899 1172 978 1217 fide
996 1177 1194 1218 peccatum
1211 1177 1274 1218 est,
1296 1171 1384 1208 dicit
1402 1173 1512 1208 Glos-
1537 1189 1539 1197 =
1566 1173 1654 1209 dern
1680 1181 1805 1221 potest
1832 1173 1985 1222 aliquod
2005 1182 2204 1222 peccatum
2226 1177 2462 1214 committere
2481 1177 2519 1214 in
2539 1185 2624 1215 actu

452 1236 492 1261 sa
511 1224 547 1260 *ε
582 1224 711 1261 Omnis
738 1224 940 1271 infidelium
960 1224 1036 1260 vita
1060 1230 1114 1260 est
1125 1229 1334 1271 peccatum.
1365 1224 1442 1260 Sed
1462 1225 1511 1261 ad
1565 1236 1682 1272 quern
1713 1237 1790 1261 non
1811 1226 1923 1262 refert
1942 1226 1990 1263 ad
2009 1227 2099 1263 fidei
2118 1227 2249 1275 finem,
2270 1230 2332 1266 vel
2350 1230 2545 1267 venialiter
2561 1231 2624 1268 vel

450 1277 568 1314 vitam
589 1276 798 1313 infidelium
821 1276 982 1324 pertinet
1000 1288 1116 1312 omne
1136 1276 1240 1324 quod
1260 1284 1386 1323 agunt.
1408 1277 1510 1324 Ergo
1565 1277 1678 1313 etiarn
1698 1278 1905 1314 mortaliter
1923 1279 2141 1326 peccando;
2171 1280 2221 1316 ita
2241 1281 2355 1318 etiam
2375 1281 2538 1320 infidelis
2555 1295 2624 1332 po-

451 1330 576 1366 omnis
605 1329 702 1366 actio
732 1329 893 1365 infidelis
922 1336 978 1364 est
1004 1336 1216 1376 peccatum.
1563 1337 1635 1366 test
1654 1330 1820 1378 aliquem
1840 1327 1967 1367 actum
1988 1331 2134 1368 bonurn
2155 1332 2278 1370 facere
2297 1333 2335 1370 in
2356 1346 2401 1370 eo
2421 1335 2527 1383 quod
2546 1347 2624 1373 non

504 1394 538 1418 2.
570 1382 809 1427 PRAETEREA,
839 1381 936 1417 fides
973 1380 1221 1418 intentionem
1261 1381 1393 1429 dirigit.
1433 1382 1510 1419 Sed
1564 1383 1677 1419 refert
1704 1384 1751 1420 ad
1781 1384 1899 1420 finem
1929 1383 2169 1422 infidelitatis.

450 1435 596 1471 nullum
626 1435 771 1470 bonum
800 1441 926 1482 potest
953 1445 1035 1470 esse
1064 1434 1170 1482 quod
1198 1446 1276 1471 non
1307 1442 1362 1470 est
1390 1446 1435 1471 ex
1455 1435 1510 1471 in·
1616 1437 1673 1472 An
1703 1447 1839 1473 prunum
1874 1448 1972 1474 ERGO
2001 1449 2183 1475 monimum
2211 1439 2316 1486 quod
2343 1440 2506 1476 verbum
2533 1440 2623 1478 illud

449 1487 616 1524 tentione
646 1494 756 1523 recta.
788 1487 889 1534 Ergo
909 1487 944 1522 in
967 1486 1183 1524 infidelibus
1203 1488 1305 1524 nulla
1325 1487 1422 1524 actio
1442 1500 1511 1536 po·
1564 1496 1619 1525 est
1655 1488 1939 1537 intelligendum
1966 1491 2030 1527 vel
2065 1491 2154 1539 quia
2180 1491 2258 1528 vita
2296 1492 2507 1530 infidelium
2544 1504 2623 1531 non
2664 1492 2677 1505 ”

450 1548 520 1577 test
549 1553 629 1576 esse
659 1540 771 1576 bona.
1562 1549 1687 1590 potest
1715 1554 1798 1579 esse
1826 1541 1907 1579 sine
1934 1551 2114 1591 peccato:
2145 1556 2232 1580 cum
2260 1553 2417 1593 peccata
2445 1546 2525 1583 sine
2544 1545 2623 1584 fide

505 1595 539 1630 3.
570 1594 807 1639 PRAETEREA,
842 1600 1021 1640 corrupto
1050 1592 1182 1641 priori,
1214 1600 1510 1641 corrumpuntur
1562 1607 1641 1631 non
1669 1595 1857 1632 tollantur.
1887 1595 1957 1632 Vel
1986 1596 2075 1644 quia
2103 1597 2285 1645 quidquid
2323 1606 2438 1646 agunt
2466 1611 2511 1636 ex
2539 1599 2622 1636 infi-

448 1646 659 1695 posteriora
675 1650 703 1682 ⁰².
735 1645 811 1681 Sed
839 1652 943 1681 actus
971 1645 1062 1682 fidei
1091 1645 1284 1694 praecedit
1303 1653 1407 1682 actus
1428 1658 1510 1682 om-
1564 1647 1712 1684 delitate
1739 1655 1941 1696 peccatum
1971 1657 2036 1686 est.
2067 1650 2177 1687 Unde
2205 1650 2257 1687 ibi
2285 1651 2458 1688 subditur
2477 1653 2513 1688 *t
2533 1652 2622 1700 quia

449 1698 553 1735 nium
583 1699 780 1735 virtutum.
811 1698 925 1745 Ergo,
955 1710 1042 1734 cum
1072 1698 1110 1734 in
1130 1698 1347 1735 infidelibus
1366 1710 1445 1735 non
1465 1698 1511 1735 sit
1562 1700 1684 1736 omnis
1725 1701 1920 1748 infideliter
1961 1702 2090 1739 vivens
2129 1703 2190 1740 vel
2229 1715 2348 1753 agens
2386 1705 2623 1742 vehementer

449 1759 553 1788 actus
581 1751 683 1798 fidei,
714 1751 858 1787 nullum
889 1751 1035 1786 bonum
1065 1763 1162 1798 opus
1191 1752 1314 1788 facere
1337 1759 1508 1799 possunt,
1558 1758 1699 1800 peccat.
2558 1764 2562 1766 ’

451 1804 517 1841 sed
546 1804 584 1840 in
613 1803 719 1840 omni
747 1810 831 1839 actu
861 1815 931 1839 suo
959 1811 1130 1851 peccant.
1535 1828 1536 1835 κ
1615 1807 1673 1842 An
1694 1817 1883 1843 SECUNDUM
1904 1818 2087 1844 mci-:unum
2111 1808 2216 1856 quod
2236 1808 2332 1845 fides
2353 1807 2475 1856 dirigit
2502 1808 2622 1846 inten-

502 1857 576 1893 SED
607 1868 752 1893 CONTRA
781 1867 846 1892 EST
873 1857 977 1904 quod
1007 1856 1184 1892 Cornelio
1214 1857 1339 1894 adhuc
1367 1857 1510 1894 infideli
1561 1858 1707 1895 tionem
1738 1866 1912 1908 respectu
1939 1860 2025 1897 finis
2052 1860 2172 1897 ultimi
2207 1861 2512 1910 supernaturalis.
2545 1862 2624 1900 Sed

448 1909 618 1946 existenti
631 1908 646 1938 β
666 1909 806 1946 dictum
823 1909 997 1957 estquod
1013 1917 1190 1958 acceptae
1211 1917 1316 1946 erant
1335 1911 1419 1946 Deo
1436 1910 1509 1946 ele·
1562 1911 1692 1948 lumen
1721 1911 1834 1948 etiam
1863 1912 2041 1950 naturalis
2065 1913 2220 1950 rationis
2238 1921 2363 1963 potest
2391 1913 2549 1962 dirigere
2569 1914 2624 1961 in-

389 1980 419 1995 rs.
448 1975 656 2010 emosynae
681 1962 760 1998 eius
779 1961 810 1998 *.
841 1963 942 2009 Ergo
965 1974 1043 1998 non
1071 1962 1196 1999 omnis
1225 1962 1321 1999 actio
1348 1962 1508 2000 infidelis
1561 1964 1771 2001 tentionem
1796 1972 1968 2013 respectu
1996 1965 2153 2003 alicuius
2182 1966 2273 2004 boni
2301 1967 2567 2006 connaturalis.
2606 1972 2609 1982 '

449 2023 504 2052 est
531 2023 743 2064 peccatum,
773 2015 841 2051 sed
869 2015 995 2063 aliqua
1023 2015 1120 2052 actio
1149 2015 1229 2052 eius
1257 2023 1313 2052 est
1341 2016 1453 2053 bona.
1615 2018 1674 2054 An
1701 2029 1861 2055 TERTIUM
1894 2030 2078 2056 mcennum
2115 2020 2220 2068 quod
2256 2032 2325 2068 per
2359 2019 2620 2058 infidelitatem

502 2069 726 2105 RESPONDEO
746 2079 928 2105 monimum
948 2068 1064 2116 quod,
1084 2068 1179 2105 sicut
1197 2080 1312 2117 supra
1325 2068 1346 2090 '¹‘
1365 2068 1507 2105 dictum
1562 2081 1641 2106 non
1669 2070 1925 2119 corrumpitur
1942 2072 2103 2108 totaliter
2121 2072 2160 2109 in
2179 2072 2396 2110 infidelibus
2410 2070 2424 2094 ὅ
2442 2073 2536 2110 ratio
2554 2083 2622 2110 na-

448 2128 522 2168 est‚
551 2128 750 2170 peccatum
785 2121 944 2157 mortale
973 2121 1067 2158 tollit
1093 2121 1251 2169 gratiam
1279 2129 1426 2170 gratum
1456 2122 1508 2158 fa·
1561 2123 1700 2171 turalis,
1731 2123 1822 2172 quin
1851 2131 2046 2162 remaneat
2068 2124 2106 2161 in
2127 2125 2179 2163 eis
2199 2125 2324 2175 aliqua
2343 2125 2424 2162 veri
2445 2125 2621 2175 cognitio,

448 2174 625 2221 cientem,
656 2186 734 2211 non
767 2181 894 2211 autem
931 2173 1092 2212 totaliter
1125 2174 1333 2224 corrumpit
1359 2175 1507 2212 bonum
1561 2187 1630 2224 per
1657 2186 1772 2224 quam
1803 2184 1962 2225 possunt
1979 2177 2102 2214 facere
2123 2177 2277 2226 aliquod
2297 2190 2395 2227 opus
2415 2178 2461 2216 de
2481 2189 2620 2229 genere

447 2235 615 2264 naturae.
645 2227 767 2274 Unde,
792 2239 879 2264 curn
903 2227 1103 2264 infidelitas
1123 2228 1168 2264 sit
1187 2227 1385 2276 quoddam
1405 2240 1508 2265 mor·
1561 2229 1767 2265 bonorum.
2609 2268 2614 2270 ,

446 2281 519 2317 tale
547 2287 759 2328 peccatum,
780 2280 952 2317 infideles
978 2280 1134 2328 quidem
1154 2280 1272 2329 gratia
1291 2288 1430 2327 carent,
1451 2293 1508 2317 re-
1613 2282 1671 2318 De
1689 2281 1866 2318 Cornelio
1881 2282 2039 2319 tamen*
2054 2282 2251 2320 sciendum
2266 2291 2321 2320 est
2339 2285 2444 2332 quod
2458 2283 2623 2324 infidelis

446 2341 576 2370 manet
595 2340 723 2370 tamen
742 2333 779 2369 in
799 2333 852 2369 eis
871 2332 1024 2381 aliquod
1040 2334 1187 2369 bonum
1207 2340 1374 2370 naturae.
1395 2333 1506 2371 Unde
1561 2346 1640 2370 non
1661 2341 1759 2371 erat:
1785 2334 1951 2383 alioquin
1971 2335 2052 2371 eius
2071 2336 2242 2384 operatio
2261 2344 2416 2385 accepta
2435 2348 2514 2373 non
2533 2336 2622 2374 fuis-

445 2386 688 2422 manifestum
718 2393 774 2422 est
801 2386 906 2433 quod
934 2385 1106 2422 infideles
1136 2398 1214 2423 non
1237 2394 1398 2434 possunt
1417 2398 1507 2435 ope·
1561 2394 1618 2423 set
1636 2388 1720 2423 Deo
1735 2392 1760 2434 ⁸,
1782 2387 1842 2423 cui
1862 2387 1941 2424 sine
1961 2387 2038 2424 fide
2066 2389 2190 2425 nullus
2208 2396 2334 2438 potest
2351 2390 2514 2438 placere.
2542 2390 2622 2427 Ha-

447 2438 520 2475 rari
541 2450 657 2487 opera
677 2440 779 2476 bona
799 2450 897 2487 quae
918 2446 1004 2475 sunt
1023 2451 1069 2475 ex
1088 2439 1216 2486 gratia,
1233 2439 1371 2476 scilicet
1391 2451 1508 2488 opera
1561 2440 1676 2476 bebat
1703 2447 1831 2476 autem
1859 2440 1979 2478 fidem
2007 2440 2236 2490 implicitam,
2262 2443 2437 2480 nondum
2465 2438 2622 2480 manife-

447 2491 660 2528 meritoria:
691 2499 819 2528 tamen
839 2503 956 2540 opera
975 2492 1078 2528 bona
1097 2492 1145 2529 ad
1166 2504 1264 2539 quae
1284 2492 1421 2528 sufficit
1439 2493 1507 2528 bo·
1562 2500 1656 2529 stata
1688 2492 1886 2540 Evangelii
1917 2492 2088 2531 veritate.
2124 2494 2235 2532 Unde
2272 2502 2313 2532 ut
2345 2507 2435 2533 eum
2471 2495 2510 2532 in
2540 2494 2621 2533 fide

446 2556 541 2582 num
570 2551 726 2581 naturae
755 2544 962 2591 aliqualiter
982 2549 997 2572 Υ
1026 2545 1176 2593 operari
1195 2552 1366 2593 possunt.
1396 2545 1507 2582 Unde
1560 2543 1705 2593 plene‘
1733 2544 1944 2592 instrueret,
1975 2546 2132 2584 mittitur
2159 2547 2208 2584 ad
2235 2560 2325 2585 eum
2354 2548 2489 2586 Petrus
2513 2549 2560 2584 *μ

499 2662 526 2696 α)
545 2665 754 2694 corrumpuntur
769 2662 930 2693 posteriora.
948 2676 967 2681 -
988 2665 1199 2694 corrumpuntur
1223 2665 1248 2687 et
1267 2662 1423 2694 posteriora
1448 2662 1508 2693 Gn,
1531 2661 1535 2727 Ι
1613 2661 1637 2695 ὃ)
1658 2662 1684 2688 in
1711 2663 1867 2696 infidelibus.
1885 2677 1903 2682 -
1921 2663 1947 2688 t'n
1966 2663 2094 2696 fidelibus
2118 2663 2150 2695 P,
2175 2671 2229 2690 om.
2253 2664 2517 2691 ABcEFGfflKan.
2535 2680 2553 2685 -
2570 2663 2622 2692 Pr'o

445 2698 627 2730 corrumpitur
645 2700 671 2722 et
685 2697 821 2729 posterior
840 2697 870 2727 D,
889 2697 1072 2729 corrumpitur
1089 2701 1117 2722 et
1130 2698 1266 2730 posterius
1283 2697 1329 2722 Pa.
1562 2697 1624 2730 quin
1644 2701 1789 2727 remaneat,
1809 2698 1934 2730 quoniam
1953 2702 2075 2723 remanet
2091 2699 2123 2723 A.

499 2732 523 2766 β)
546 2733 694 2758 Cornelio...
714 2732 850 2758 existenti.
864 2744 883 2752 —-
901 2733 934 2758 de
956 2733 1106 2758 Cornelio...
1125 2733 1257 2758 existente
1276 2733 1305 2757 P.
1614 2733 1636 2765 ε)
1656 2733 1723 2758 Deo.
1737 2745 1755 2751 —
1774 2733 1836 2757 Om.
1851 2732 2054 2766 ABFGHpCm,
2069 2738 2127 2758 ante
2142 2737 2250 2766 accepta
2264 2739 2365 2767 ponunt
2378 2735 2466 2766 stx,
2481 2740 2542 2768 post
2554 2737 2621 2768 EoC,

498 2769 524 2802 γ)
543 2768 703 2801 aliqualiter.
721 2781 741 2787 -
757 2768 841 2800 aliqui
859 2769 970 2793 codices.
1560 2767 1602 2792 illi
1618 2768 1653 2798 L;
1672 2775 1720 2800 pro
1738 2768 1789 2796 cui,
1808 2775 1868 2793 cum
1886 2768 1967 2797 BGH,
1986 2768 2050 2800 quia
2067 2776 2108 2800 sa,
2125 2776 2180 2794 om.
2198 2776 2243 2802 pn.
2568 2790 2569 2795 ,

1616 2801 1640 2836 ζ)
1653 2803 1742 2835 plene.
1760 2816 1780 2822 -
1793 2803 1901 2835 plenius
1920 2803 1949 2835 P,
1967 2811 2021 2830 om.
2042 2811 2086 2836 pn.

1121 2873 1452 2906 Commentaria
1475 2871 1724 2905 cardinalis
1745 2872 1945 2907 caietani

478 2955 498 2975 Ν
521 2945 653 2975 articulo
681 2952 794 2985 quarto
818 2944 961 2974 eiusdem
992 2943 1186 2984 quaestionis
1217 2943 1351 2975 dubium
1373 2943 1510 2974 occurrit
1560 2944 1646 2975 dum.
1679 2943 1764 2981 Quia
1791 2950 1921 2984 propter
1942 2955 1976 2976 se
2003 2945 2200 2985 diligendum
2222 2951 2328 2985 potest
2353 2945 2496 2978 ultimate
2519 2946 2621 2988 diligi,

450 2957 516 3019 Iex
530 2988 683 3028 Gregorio
700 2989 738 3018 de
754 2988 910 3023 Arimino,
927 2989 960 3018 in
975 2998 1089 3019 xxxvm
1105 2988 1175 3019 dist.
1196 2994 1226 3018 et
1251 2987 1380 3029 reliquis
1405 2997 1507 3028 usque
1558 2987 1601 3018 ita
1617 2988 1708 3029 quod
1720 2988 1822 3019 multa
1844 2995 1979 3028 possunt
2001 2995 2131 3029 propter
2149 2989 2229 3020 illud
2252 2989 2395 3021 ultimate
2418 2989 2527 3031 diligit-
2538 2997 2621 3032 *etto

447 3033 486 3063 ad
514 3042 564 3063 xm
588 3032 605 3052 *
628 3033 654 3062 11
685 3032 783 3069 Sem„
808 3032 933 3062 volente
960 3032 1049 3072 quod
1079 3031 1185 3062 omnis
1214 3038 1302 3063 nctus
1331 3030 1508 3063 infidelium
1559 3038 1606 3062 est
1628 3041 1754 3063 summe
1777 3032 1983 3072 diligendum.
2008 3033 2105 3074 Ergo,
2125 3043 2143 3063 a
2161 3034 2374 3065 destructione
2389 3035 2620 3075 consequentia,

447 3076 648 3117 simpliciter,
672 3076 727 3116 qui
752 3076 839 3106 nulla
861 3075 923 3106 fide
949 3076 1080 3106 credunt
1101 3076 1224 3112 Deum,
1242 3083 1288 3108 est
1305 3075 1415 3107 >malus
1438 3084 1507 3107 mo-
1561 3086 1628 3107 non
1651 3082 1698 3107 est
1720 3085 1860 3108 summe:
1885 3086 1960 3117 ergo
1982 3087 2041 3108 nec
2059 3084 2189 3118 propter
2210 3087 2245 3108 se
2267 3078 2473 3118 diligendum.
2559 3093 2574 3109 ἰ
2600 3087 2614 3105 ¹·

2649 1663 2657 1672 '
2668 1661 2704 1683 Ex
2716 1660 2858 1683 Lombtrdo.

2647 2296 2791 2326 *vulsa*
2807 2296 2860 2318 Sed

2647 2325 2741 2346 contn-

447 3121 561 3152 raliter.
588 3120 672 3157 Quia
696 3120 782 3150 deest
805 3120 837 3150 in
860 3120 1009 3150 omnibus
1033 3119 1267 3151 circumstantia
1290 3119 1395 3151 ultimi
1420 3119 1506 3150 finis:
1614 3120 1655 3152 Et
1671 3119 1876 3152 confirmatur
1891 3121 1963 3152 hoc.
1983 3121 2068 3159 Quia
2082 3131 2147 3162 qua
2161 3121 2283 3153 ratione
2295 3122 2425 3163 aliquid,
2441 3129 2521 3163 pun
2532 3128 2622 3155 antus
2652 3163 2656 3167 ,

447 3164 522 3206 quia
547 3164 664 3195 scilicet
691 3173 757 3194 non
782 3162 818 3194 fit
844 3170 926 3194 recta
951 3163 1125 3194 intentione
1155 3170 1285 3204 propter
1306 3164 1412 3194 Deum
1437 3164 1508 3195 ulti-
1558 3164 1682 3200 virtutis
1705 3171 1752 3196 est
1780 3171 1910 3205 propter
1932 3164 2181 3206 sediligendus‚
2210 3166 2278 3206 pari
2300 3166 2420 3198 ratione
2443 3166 2521 3203 alin,
2543 3173 2622 3208 putu

446 3215 547 3245 mate;
580 3208 657 3250 quia
683 3217 748 3238 non
777 3214 974 3247 cognoscunt
1004 3208 1109 3238 Deum
1138 3208 1281 3239 ultimate
1311 3207 1509 3248 diligendum
1559 3208 1665 3239 honor
1686 3215 1718 3240 et
1740 3208 1842 3246 fama,
1873 3219 1955 3250 quae
1985 3217 2059 3241 sunt
2088 3210 2267 3241 secundum
2289 3220 2322 3241 se
2351 3210 2436 3241 bona
2459 3209 2620 3251 diligibilis

447 3259 577 3293 propter
599 3262 632 3283 se
656 3258 686 3283 et
708 3251 817 3283 omnia
840 3251 901 3282 alia
923 3258 1052 3292 propter
1074 3252 1191 3292 ipsum.
1559 3252 1636 3293 quia
1662 3252 1800 3293 praecise
1814 3259 1897 3284 ‘sunt
1918 3253 2008 3285 talia..
2034 3253 2075 3285 Et
2101 3253 2145 3285 sic
2168 3253 2310 3286 ultimate
2334 3254 2459 3295 operari
2492 3260 2621 3295 propter

502 3297 544 3328 Et
567 3295 780 3327 confirmatur.
806 3295 890 3333 Quia
914 3295 1018 3326 omnis
1040 3296 1175 3327 intentio
1198 3305 1262 3337 qua
1279 3295 1400 3336 aliquid
1422 3295 1509 3327 aliud
1560 3296 1718 3328 honorem
1740 3303 1772 3328 et
1792 3297 1928 3337 gloriam
1942 3307 2013 3329 -non
2030 3304 2112 3329 esset
2133 3305 2313 3338 peccatum:
2338 3298 2427 3339 quod
2441 3304 2489 3329 est
2511 3302 2620 3330 conti-n

447 3351 465 3371 a
483 3341 553 3372 Deo
579 3340 718 3381 diligitur
740 3346 868 3380 propter
893 3350 926 3370 se
950 3346 996 3370 est
1018 3340 1117 3370 mala:
1141 3340 1217 3381 quia
1239 3339 1364 3375 nullum
1382 3340 1468 3372 aliud
1489 3350 1508 3370 a
1561 3340 1738 3372 doctrinam
1761 3341 1961 3374 Sanctorum.
2588 3352 2591 3354 “

447 3385 517 3416 Deo
542 3392 588 3416 est
611 3384 806 3425 diligendum
828 3390 957 3424 propter
979 3394 1021 3420 se,
1046 3384 1120 3425 quia
1144 3394 1209 3415 non
1226 3390 1272 3415 est
1294 3393 1419 3415 summe
1442 3384 1509 3415 dili-
1617 3385 1656 3415 Et
1679 3383 1891 3416 confirmatur.
1916 3385 2001 3423 Quia
2023 3385 2111 3416 aliter
2133 3385 2166 3416 in
2188 3385 2356 3426 gentilibus
2379 3384 2511 3416 fuissent
2528 3395 2619 3416 verae

448 3429 598 3469 gendum.
622 3447 643 3452 -
666 3429 707 3460 Et
729 3428 880 3470 probatur
903 3427 980 3458 haec
995 3428 1107 3459 ultima
1122 3428 1259 3469 sequela,
1280 3427 1409 3460 scilicet:
1434 3428 1508 3459 Non
1560 3428 1706 3460 virtutes:
1731 3435 1840 3460 contra
1861 3429 2079 3469 Augustinum
2092 3430 2130 3460 *..
2340 3451 2342 3454 ψ

449 3480 495 3504 est
518 3483 643 3504 summe
667 3472 878 3513 diligendum,
902 3472 986 3512 Ergo
1016 3482 1082 3502 non
1099 3479 1146 3503 est
1169 3479 1298 3513 propter
1320 3482 1353 3502 se
1377 3471 1507 3512 diligen-
1617 3473 1653 3504 11.
1678 3473 1728 3504 Ad
1743 3472 1932 3504 evidentiam
1955 3473 2072 3505 horum
2096 3473 2360 3505 considerandum
2379 3479 2425 3504 est
2443 3473 2564 3514 aliquid
2581 3483 2618 3504 ex

2645 3434 2859 3490 ι’ῑξἪἍῗἺ-’ζ
