2892 4056
985 176 1251 222 QUAESTIO
1280 177 1420 224 xmx,

328 252 521 302 possibile.
571 253 647 290 Sed
682 254 805 290 nullus
841 262 967 302 potest
1002 267 1231 303 praecavere
1261 254 1417 291 omnia!

329 306 431 342 mala
451 317 548 353 quae
576 314 738 354 possunt
765 307 993 354 contingere.
1029 309 1130 355 Ergo
1160 308 1282 345 cautio
1312 320 1390 344 non
1415 326 1416 332 1

328 358 491 407 pertinet
519 359 567 395 ad
595 359 851 407 prudentiam.

383 412 457 448 SED
473 422 619 448 CONTRA
637 424 703 449 EST
719 412 822 462 quod
841 413 1049 461 Apostolus
1070 412 1169 459 dicit,
1190 414 1241 450 ad
1252 414 1389 463 Ephes.

92 465 225 492 'Vm-¹⁵·
328 476 352 500 v
370 463 410 500 *ε
446 464 571 501 Videte
599 466 786 513 quomodo
815 470 924 502 caute
950 465 1156 502 ambuletis.

382 518 606 554 Respoumzo
640 530 824 555 mcuNDuM
851 518 956 566 quod
996 530 1040 554 ea
1074 518 1170 555 circa
1203 531 1300 567 quae
1335 526 1416 569 esty

327 570 527 619 prudentia
557 579 643 607 sunt
663 571 918 618 contingentia
945 571 1164 618 operabilia,
1181 571 1219 608 in
1239 571 1388 619 quibus,

328 623 423 659 sicut
440 635 576 660 verum
604 631 730 672 potest
753 622 954 661 admisceri
974 623 1080 669 falso,
1111 624 1161 660 ita
1187 632 1222 660 et
1244 626 1387 661 malum

327 677 450 722 bon0‚
479 685 636 725 propter
671 676 1013 713 multiformitatem
1047 676 1269 714 huiusmodi
1298 689 1388 725 ope-

327 729 516 776 rabilium,
537 730 575 766 in
595 729 733 777 quibus
753 731 855 767 bona
878 730 1105 778 plerumque
1130 729 1390 778 impediuntur

327 795 350 819 a
378 782 499 829 malis,
530 790 566 819 et
593 783 695 819 mala
722 783 864 819 habent
891 782 1061 829 speciem
1090 782 1194 819 boni.
1224 784 1273 819 Et
1300 782 1387 819 ideo
1414 783 1415 824 Ξ

326 835 541 872 necessaria
570 842 625 872 est
652 835 776 872 cautio
797 834 846 871 ad
873 835 1126 883 prudentiam,
1155 843 1196 871 ut
1221 835 1274 871 sic
1293 835 1388 871 acci-

326 889 479 937 piantur
507 889 610 924 bona
638 888 743 936 quod
770 887 936 924 vitentur
965 888 1077 924 mala.
1414 914 1416 930 ,

379 943 438 978 AD
458 953 596 978 PRtMUM
620 952 719 977 ERGO
739 951 924 977 monianum
944 940 1048 988 quod
1079 939 1203 976 cautio
1234 952 1312 976 non
1334 947 1389 976 est

327 993 540 1031 necessaria
576 993 615 1030 in
651 992 861 1029 moralibus
899 992 1044 1029 actibus
1081 1000 1122 1028 ut
1150 992 1284 1041 aliquis
1319 992 1417 1039 sibi,

326 1054 460 1083 caveat
487 1046 535 1082 ab
565 1046 711 1082 actibus
738 1046 942 1082 virtutum:
986 1047 1053 1083 sed
1087 1053 1129 1082 ut
1156 1045 1226 1082 sibi
1256 1053 1390 1082 caveat
1415 1087 1417 1091 .

326 1100 374 1136 ab
395 1099 447 1135 eis
472 1110 542 1147 per
561 1111 658 1147 quae
679 1107 786 1135 actus
805 1098 986 1136 virtutum
1017 1098 1192 1146 impediri
1217 1106 1387 1146 possunt.

376 1214 403 1247 γ)
430 1220 503 1238 nec...
525 1220 697 1245 praecavere.
719 1227 737 1232 -
759 1220 807 1238 nec
832 1213 895 1245 (om.
919 1213 966 1245 px)
990 1213 1153 1246 sufficienter
1176 1220 1208 1237 ea
1226 1219 1390 1244 praecavere

322 1249 524 1281 ABCEFKpr.
544 1255 591 1274 nec
609 1249 687 1273 homo
705 1249 868 1282 sufficienter
886 1255 918 1274 ea
932 1255 1095 1280 praecavere
1107 1251 1199 1280 potest
1217 1248 1249 1278 G,
1269 1255 1316 1273 nec
1333 1249 1389 1281 sus-

316 1284 443 1318 flct'enter
459 1291 492 1310 ea
509 1284 594 1309 homo
602 1291 767 1316 praecavere
786 1284 819 1314 H,
837 1291 884 1309 nec
902 1283 1064 1318 sufficienter
1082 1290 1114 1308 ea
1129 1283 1289 1315 praecaveri
1306 1283 1324 1312 Ι,
1343 1290 1391 1308 nec
1415 1283 1417 1286 '

354 1445 375 1465 n
403 1433 541 1466 articulis
571 1433 708 1474 septimo
739 1440 769 1464 et
799 1439 913 1464 octavo
944 1432 1040 1463 simul
1073 1432 1209 1463 dubium
1239 1432 1385 1468 occurrit,

327 1447 432 1520 Iquia
453 1488 492 1509 ex
513 1488 580 1519 quo
605 1478 645 1508 ad
667 1477 869 1518 prudentiam
893 1483 1013 1517 spectat
1035 1483 1123 1507 actus
1153 1477 1330 1507 secundum
1354 1485 1387 1506 se

324 1532 484 1564 congruus
513 1522 586 1558 fini,
618 1529 649 1552 et
676 1522 716 1551 ad
745 1521 1063 1561 circumspectionem
1091 1527 1179 1551 actus
1210 1521 1388 1551 secundum

323 1566 573 1599 circumstantias
588 1575 749 1605 congruus
764 1565 835 1602 fini;
861 1572 892 1596 et
906 1565 1050 1596 eiusdem
1073 1564 1202 1595 rationis
1222 1571 1269 1595 est
1287 1564 1388 1595 facere

323 1611 448 1643 bonum
471 1617 502 1641 et
519 1610 618 1642 vitare
641 1610 764 1640 malum
783 1609 988 1650 oppositum:
1014 1618 1213 1650 consequens
1237 1616 1284 1640 est
1299 1609 1389 1650 quod

321 1654 432 1686 vitatio
448 1654 525 1685 mali
541 1653 683 1695 oppositi
698 1660 764 1684 tam
787 1653 921 1684 bonitati
938 1660 1026 1684 actus
1043 1653 1221 1684 seeundum
1241 1663 1274 1683 se
1290 1663 1388 1694 quam

322 1699 500 1731 secundum
524 1709 596 1730 suas
620 1698 881 1734 circumstantias,
905 1707 971 1728 non
996 1703 1115 1738 spectet
1138 1697 1177 1728 ad
1197 1697 1388 1734 cautionem,

321 1744 378 1774 sed
398 1744 541 1784 primum
563 1743 604 1774 ad
620 1742 863 1783 providentiam,
880 1742 1058 1772 secundum
1077 1742 1116 1772 ad
1133 1741 1388 1782 circumspectio-

322 1797 408 1819 nem.
443 1788 543 1825 Quod
565 1794 613 1819 est
635 1797 710 1827 ergo
733 1787 812 1817 illud
836 1786 957 1816 malum
981 1796 1040 1826 pro
1063 1796 1129 1826 quo
1152 1786 1282 1816 vitando
1305 1796 1388 1826 opus

323 1838 371 1863 est
393 1830 560 1863 cautione?
589 1831 622 1863 Si
653 1831 790 1867 dicatur,
820 1837 856 1861 ut
883 1830 986 1861 littera
1017 1830 1092 1862 dicit
1119 1830 1153 1860 in
1182 1830 1389 1870 responsione

323 1876 363 1907 ad
393 1877 570 1907 secundum
598 1875 702 1907 ultimi
732 1875 869 1912 articuli,
898 1874 988 1916 quod
1018 1881 1064 1905 est
1093 1874 1216 1905 malum
1243 1874 1389 1905 extrinse-

323 1930 436 1951 corum
457 1919 772 1961 impedimentorum,
789 1919 910 1960 optime
934 1918 1048 1949 dicitur
1070 1918 1103 1948 in
1127 1919 1237 1949 ordine
1260 1919 1300 1949 ad
1315 1919 1389 1949 sub-

321 1964 470 1995 stantiam
493 1971 591 2002 actus,
607 1964 661 1995 sed
685 1974 750 1994 non
773 1963 806 1994 in
829 1963 939 1994 ordine
963 1963 1002 1993 ad
1027 1963 1288 1994 circumstantias:
1314 1963 1389 2004 quia

322 2008 574 2040 circumstantiae
603 2009 699 2039 etiam
728 2008 899 2039 extrinseca
929 2007 1012 2038 mala
1035 2007 1215 2043 excludunt,
1240 2014 1276 2038 ut
1293 2005 1389 2058 ‘patet

322 2052 508 2084 discurrenti
523 2062 579 2103 per
593 2041 885 2084 circumstantias.-
899 2052 941 2082 Et
959 2051 1179 2082 confirmatur:
1203 2051 1278 2092 quia
1292 2051 1326 2082 in
1339 2052 1389 2082 lit-

321 2104 388 2128 tera
409 2097 536 2138 septimi
565 2097 687 2128 articuli
715 2096 887 2127 extn'nseca
914 2096 998 2126 mala
1022 2102 1194 2126 eventuum
1223 2096 1320 2126 vitare
1348 2097 1388 2126 ad

322 2141 639 2182 circumspectionem
663 2147 802 2181 spectare
833 2139 963 2177 dicitur,
992 2140 1025 2170 in
1053 2140 1198 2180 exemplo
1222 2140 1260 2170 de
1284 2147 1387 2171 osten-

322 2185 414 2217 sione
436 2185 518 2226 signi
541 2185 659 2216 amoris
681 2185 722 2215 ad
745 2184 959 2220 alliciendum,
983 2190 1053 2220 etc„
1077 2190 1113 2214 ut
1135 2190 1221 2224 patet
1243 2184 1296 2215 ibi.

379 2229 422 2261 Et
443 2235 577 2270 augetur
599 2228 745 2265 dubium,
769 2228 843 2271 quia
867 2229 898 2259 in
916 2237 1049 2268 corpore
1073 2227 1176 2259 octavi
1199 2228 1321 2259 articuli
1341 2228 1386 2258 di-

323 2273 404 2305 citur
418 2274 508 2314 quod
531 2273 572 2303 ad
595 2272 776 2304 cautionem
799 2279 919 2312 spectat
940 2272 1038 2303 vitare
1061 2273 1145 2302 mala
1165 2282 1247 2313 quae
1270 2272 1389 2303 habent

323 2317 462 2359 speciem
485 2317 573 2348 boni.
611 2316 746 2347 Constat
768 2316 855 2346 enim
870 2317 960 2357 quod
975 2317 1060 2347 mala
1075 2326 1112 2347 ex
1126 2326 1240 2356 genere
1255 2317 1296 2347 ad
1312 2327 1387 2358 pro-

322 2362 511 2398 videntiam,
548 2361 634 2391 mala
663 2371 700 2391 ex
729 2360 970 2391 circumstantiis
1000 2361 1040 2390 ad
1070 2360 1386 2401 circumspectionem

321 2406 419 2438 vitare
435 2411 564 2446 spectat.
589 2405 680 2442 Quae
697 2414 771 2444 ergo
788 2410 863 2435 sunt
881 2404 940 2435 ista
955 2403 1016 2434 alia
1036 2404 1130 2440 mala,
1146 2404 1293 2435 habentia
1309 2405 1386 2435 boni

323 2449 472 2491 speciem,
496 2449 623 2480 vitanda
647 2459 665 2479 a
681 2448 858 2489 prudentia,
882 2454 1004 2488 praeter
1019 2447 1114 2478 etiarn
1137 2448 1307 2479 extrinseca
1326 2448 1386 2479 im-

322 2495 515 2535 pedimenta,
539 2504 621 2535 quae
645 2492 893 2523 condividuntur
914 2492 981 2523 istis
1005 2489 1114 2522 malis?

379 2539 418 2570 11.
434 2538 485 2569 Ad
507 2538 570 2569 hoc
585 2537 698 2568 dicitur
713 2537 803 2577 quod
817 2537 890 2567 licet
909 2536 999 2567 facile
1017 2536 1077 2566 dici
1097 2536 1135 2566 ab
1154 2536 1262 2576 aliquo
1278 2543 1386 2576 posset

322 2584 413 2624 quod
435 2583 513 2614 haec
535 2583 594 2613 tria
616 2582 650 2612 in
672 2582 735 2612 hoc
759 2581 998 2621 distinguuntur
1012 2580 1102 2620 quod
1125 2580 1324 2630 providentia
1339 2591 1385 2611 re-

322 2627 414 2668 spicit
437 2633 546 2658 actum
568 2634 604 2657 ut
619 2627 743 2656 bonum
767 2636 804 2656 ex
818 2635 931 2666 genere
955 2625 995 2655 ad
1012 2623 1119 2660 finem,
1145 2625 1384 2666 circumspectio

323 2678 360 2702 ut
381 2672 506 2703 bonum
529 2681 566 2702 ex
589 2669 848 2706 circumstantiis,
880 2669 985 2700 cautio
1010 2675 1045 2699 ut
1069 2675 1230 2699 remotum
1253 2680 1271 2699 a
1295 2669 1385 2699 malis

0 2731 6 2748 ι
322 2716 449 2757 utrique
464 2715 597 2746 bonitati
613 2714 778 2756 oppositis,
794 2713 836 2744 ita
848 2714 936 2754 quod
952 2713 1004 2743 illa
1017 2713 1082 2743 duo
1096 2712 1264 2752 respiciant
1278 2720 1385 2744 actum

0 2754 5 2774 ’ἶ
322 2761 500 2791 secundum
514 2759 688 2791 terminum
701 2759 740 2789 ad
753 2768 859 2799 quem,
873 2758 990 2788 scilicet
1005 2756 1191 2793 bonitatem,
1203 2757 1266 2788 hoc
1278 2764 1385 2788 autem

322 2805 452 2836 tertium
479 2803 626 2844 respiciat
648 2803 787 2834 eundem
817 2802 994 2833 secundum
1023 2801 1196 2831 terminum
1220 2811 1237 2831 a
1260 2810 1341 2842 quo:
1362 2819 1384 2824 -

323 2849 399 2889 quia
424 2855 532 2880 tamen
553 2850 676 2879 Auctor
699 2854 787 2878 actus
816 2847 894 2878 istos
917 2845 1082 2885 distinguit
1111 2845 1288 2876 secundum
1314 2856 1386 2885 pro-

87 2895 140 2917 ’Cf-
153 2898 195 2917 “¹-
208 2895 296 2924 7›¹d3-
322 2892 406 2933 prins
429 2892 629 2923 difficultates
642 2891 669 2928 *,
693 2901 751 2922 nec
774 2898 821 2921 est
842 2891 903 2921 alia
919 2889 1086 2921 difficultas
1109 2899 1248 2920 recessus
1264 2900 1282 2919 a
1296 2890 1382 2920 malo

323 2944 354 2967 et
369 2946 511 2967 accessus
535 2937 574 2966 ad
597 2937 721 2966 bonum
745 2935 942 2975 oppositum,
967 2935 1022 2964 sed
1045 2934 1171 2970 eadem;
1196 2933 1268 2964 ideo
1285 2940 1383 2964 atten-

85 2982 96 2994 ⁸
109 2983 160 3004 An.
175 2982 196 3004 ⁸·
322 2981 465 3011 dendum
488 2987 534 3010 est
549 2979 638 3020 quod
653 2979 686 3009 in
701 2979 802 3009 littera
814 2979 832 2998 *
845 2979 904 3010 tria
927 2979 1009 3009 mala
1033 2984 1240 3008 numerantur
1255 2978 1294 3007 ad
1310 2987 1381 3008 cau-

321 3024 417 3055 telam
440 3023 626 3064 spectantia,
651 3023 767 3054 scilicet
789 3023 1036 3053 extrinsecorum
1068 3022 1381 3062 impedimentorum,

323 3075 354 3099 et
376 3068 524 3099 habentia
545 3067 622 3098 boni
645 3067 798 3108 speciem,
823 3074 854 3098 et
876 3074 1060 3103 eventuum,
1084 3066 1173 3107 quod
1196 3066 1229 3096 in
1252 3076 1381 3106 respon-

1451 176 1745 213 ARTICULUS
1773 176 1859 213 VIII
2428 178 2501 225 373

1498 257 1556 292 An
1576 267 1764 292 SECUNDUM
1785 267 1967 292 DICENDUM
1987 255 2093 302 quod
2121 244 2297 303 opposita
2321 256 2420 291 mala
2444 268 2504 292 ca-

1444 319 1534 344 vere
1555 308 1723 344 eiusdem
1753 308 1906 344 rationis
1936 316 1990 344 est
2020 316 2054 344 et
2072 307 2251 356 prosequi
2282 308 2394 344 bona.
2426 309 2502 346 Sed

1414 383 1416 415 ἑ
1442 360 1562 397 vitare
1591 361 1716 408 aliqua
1754 361 2029 409 impedimenta
2067 361 2287 407 extrinseca,
2316 361 2391 397 hoc
2418 374 2503 409 per-

1414 418 1416 437 ³
1443 413 1535 449 tinet
1563 413 1611 450 ad
1639 413 1750 450 aliam
1779 414 1976 450 rationem.
2024 414 2073 450 Et
2105 414 2191 450 ideo
2221 413 2344 450 cautio
2375 413 2502 451 distin-

1443 466 1568 514 guitur
1586 478 1608 502 a
1627 466 1877 514 providentia,
1899 466 2074 515 quamvis
2093 474 2300 515 utrumque
2320 466 2504 515 pertineat

1443 519 1492 556 ad
1520 531 1639 555 unam
1666 519 1846 556 virtutem
1875 519 2110 568 prudentiae.

1523 573 1581 608 AD
1613 583 1773 609 ‘marum
1811 584 1994 609 DICENDUM
2031 572 2135 620 quod
2172 573 2364 608 malorum
2403 584 2502 619 quae

1442 625 1591 661 homini
1614 625 1769 661 vitanda
1789 632 1992 661 occurrunt
2018 625 2208 673 quaedam
2237 632 2323 662 sunt
2343 637 2441 673 quae
2462 633 2503 661 ut

1442 678 1478 714 in
1507 677 1677 726 pluribus
1697 678 1869 714 accidere
1890 678 2028 714 solent.v
2052 679 2101 714 Et
2119 678 2206 714 talia
2227 677 2502 726 comprehendi

1442 730 1586 767 ratione
1613 738 1783 779 possunt.
1813 731 1862 767 Et
1882 738 2011 767 contra
2033 731 2130 767 haec
2149 730 2345 768 ordinatur
2365 730 2501 777 cautio,

1442 790 1483 819 ut
1500 783 1661 820 totaliter
1678 783 1855 830 vitentur,
1875 784 1937 819 vel
1961 791 2002 820 ut
2021 784 2148 820 minus
2171 791 2344 820 noceant.
2376 784 2502 830 Quae-

1444 836 1532 872 dam
1548 848 1642 872 vero
1658 845 1745 872 sunt
1763 848 1862 884 quae
1890 844 1931 872 ut
1954 836 1992 872 in
2019 836 2261 884 paucioribus
2287 843 2324 873 et
2347 836 2502 873 casuali-

1442 896 1498 924 ter
1524 889 1719 925 accidunt.
1751 890 1799 925 Et
1826 889 1932 935 haec,
1954 901 2042 925 curn
2070 889 2143 926 sint
2169 889 2327 936 infinita,
2357 889 2501 926 ratione

1443 941 1717 989 comprehendi
1745 954 1822 977 non
1845 949 2016 989 possunt,
2037 954 2107 978 nec
2126 942 2355 978 sufficienter
2381 943 2500 979 homo

1443 1001 1568 1041 potest
1588 1006 1632 1030 ea
1651 999 1922 1042 praecavere‘f:
1944 995 2119 1042 quamvis
2138 1007 2206 1043 per
2225 995 2394 1031 officium
2414 1007 2502 1043 pru-

1444 1046 1593 1083 dentiae
1630 1046 1749 1082 homo
1787 1054 1916 1082 contra
1956 1059 2091 1083 omnes
2128 1048 2300 1084 fortunae
2343 1048 2501 1084 insultus

1445 1098 1649 1146 disponere
1668 1097 1682 1121 ⁶
1710 1099 1830 1147 possit
1857 1107 1899 1136 ut
1924 1099 2050 1136 minus
2078 1100 2257 1137 laedatur.

1438 1216 1529 1244 potest
1547 1213 1625 1238 homo
1643 1213 1806 1246 sufficienter
1819 1220 1850 1238 ea
1865 1220 2030 1245 praecavere
2047 1221 2086 1244 εκ,
2108 1220 2155 1238 nec
2173 1213 2250 1238 homo
2264 1213 2362 1246 sufficit
2381 1221 2411 1238 ea
2422 1222 2503 1246 prae-

1442 1255 1536 1273 cavere
1554 1249 1599 1272 Pa.

1496 1282 1520 1316 Β)
1541 1283 1690 1315 disponere.
1708 1297 1727 1302 -
1745 1284 1850 1308 munire
1868 1291 1895 1309 se
1914 1284 1944 1308 L.

988 1362 1322 1395 Commentaria
1343 1361 1595 1394 cardinalis
1618 1362 1818 1394 Caietam

1441 1432 1531 1462 sione
1547 1433 1587 1462 ad
1603 1433 1756 1463 ultimum
1778 1433 1851 1463 addi
1874 1433 2007 1464 videtur.
2033 1433 2077 1463 Ita
2093 1433 2183 1473 quod
2198 1433 2332 1463 intentio
2354 1434 2502 1464 Auctoris

1441 1483 1488 1507 est
1502 1477 1591 1516 quod
1615 1483 1702 1507 actus
1718 1476 1773 1506 fini
1795 1486 1957 1507 consonus
1977 1477 2155 1507 secundum
2177 1487 2210 1507 se
2226 1484 2378 1518 tanquam
2399 1478 2503 1508 bonus

1441 1530 1478 1550 ex
1501 1530 1630 1560 genere,
1656 1527 1687 1551 et
1709 1521 1814 1551 bonus
1838 1521 1933 1551 etiam
1956 1530 1993 1551 ex
2015 1521 2265 1557 circumstantiis,
2290 1528 2360 1561 eget
2383 1523 2504 1552 cautela

1441 1565 1480 1594 ad
1495 1564 1679 1595 evitandum
1700 1565 1783 1594 mala
1806 1565 2053 1595 extrinsecorum
2075 1565 2396 1605 impedimentorum:
2418 1566 2505 1596 verbi

1440 1608 1547 1648 gratia,
1572 1615 1660 1639 actus
1683 1608 1846 1639 ieiunandi
1868 1616 1998 1649 propter
2014 1608 2196 1646 castitatem,
2221 1609 2350 1650 quando
2368 1617 2503 1650 oportet,

1441 1660 1509 1690 etc„
1535 1660 1605 1692 eget
1628 1653 1775 1684 cautione
1800 1659 1836 1683 ut
1858 1653 1958 1683 homo
1982 1653 2076 1684 evitet
2095 1653 2139 1683 ire
2155 1654 2195 1683 ad
2218 1653 2322 1684 socios
2345 1654 2430 1691 tales,
2448 1654 2503 1695 qui

1439 1697 1592 1727 inducent
1614 1696 1695 1727 forte
1719 1698 1758 1727 ad
1782 1697 1993 1737 frangendum
2016 1697 2182 1728 ieiunium.
2207 1698 2247 1728 Et
2266 1698 2420 1738 quoniam
2443 1699 2503 1729 hu-

1440 1741 1581 1772 iusmodi
1604 1741 1834 1781 impedimenta
1850 1741 2040 1781 contingunt
2055 1741 2230 1781 dupliciter,
2254 1742 2371 1773 scilicet
2393 1752 2503 1773 secun-

1442 1787 1520 1816 dum
1542 1785 1744 1816 manifestam
1768 1786 2007 1826 oppositionem
2023 1792 2054 1816 et
2069 1786 2244 1816 secundum
2270 1787 2427 1817 occultam
2444 1788 2502 1818 sub

1442 1830 1545 1870 specie
1561 1830 1654 1866 boni3
1675 1837 1706 1860 et
1721 1829 1849 1870 speciali
1864 1829 2106 1870 acumineopus
2122 1838 2168 1861 est
2179 1831 2218 1860 ad
2231 1831 2502 1871 comprehenden-

1442 1875 1520 1905 dum
1549 1875 1681 1905 latentes
1698 1875 1756 1905 sub
1783 1874 1886 1914 specie
1902 1874 1978 1904 boni
1994 1874 2138 1904 insidias:
2163 1874 2237 1905 ideo
2256 1877 2378 1905 Auctor
2393 1882 2503 1906 contra

1441 1918 1668 1959 impedimenta
1688 1918 1826 1949 distinxit
1845 1918 1929 1948 mala
1954 1919 2012 1948 sub
2039 1918 2141 1958 specie
2160 1918 2247 1955 boni,
2268 1919 2358 1960 quasi
2380 1920 2503 1950 occulta

1442 1970 1550 1994 contra
1572 1969 1688 2003 aperta.
1705 1963 1794 1999 Patet
1812 1968 1919 1993 autern
1938 1962 2033 1993 ambo
2054 1969 2193 2002 spectare
2212 1963 2251 1993 ad
2267 1963 2447 1994 cautionem
2466 1974 2503 1994 ex

1442 2017 1480 2037 eo
1497 2008 1586 2048 quod
1605 2007 1750 2037 incautos
1765 2006 1899 2038 dicimus
1924 2006 1980 2047 qui
1997 2006 2141 2038 incidunt
2160 2007 2192 2037 in
2216 2007 2352 2048 quodvis
2375 2007 2501 2039 horum.

1440 2052 1611 2082 -Eventus
1635 2059 1743 2082 autem
1763 2051 1839 2081 mali
1859 2050 1979 2082 suntin
1997 2051 2116 2092 duplici
2135 2051 2255 2082 ordine.
2279 2051 2418 2089 Quidam
2434 2062 2503 2092 per-

1439 2096 1574 2127 tinentes
1589 2095 1629 2126 ad
1648 2095 1908 2126 circumstantias.
1923 2095 1964 2126 Et
1979 2095 2012 2125 hi
2028 2095 2183 2135 pertinent
2197 2096 2237 2126 ad
2252 2095 2504 2136 circumspectio-

1440 2150 1523 2171 nem.
1543 2140 1584 2170 Et
1599 2139 1668 2170 talis
1684 2146 1730 2170 est
1754 2146 1884 2170 eventus
1899 2139 1933 2169 in
1948 2140 2094 2180 exemplo
2119 2139 2252 2170 litterae:
2284 2147 2403 2180 spectat
2417 2141 2503 2171 enim

1439 2185 1479 2214 ad
1503 2184 1769 2215 circumstantiam
1792 2185 1878 2215 circa
1893 2184 1970 2224 quid
1974 2191 1988 2221 ‚⁰
2015 2193 2124 2214 amans
2147 2184 2232 2214 enim
2252 2184 2392 2225 aliquem
2411 2185 2503 2216 debet

1439 2229 1614 2269 perspicere
1637 2227 1738 2269 qualis
1759 2234 1806 2258 est
1827 2238 1925 2269 quem
1947 2235 2041 2264 amat,
2058 2235 2088 2258 et
2107 2238 2144 2258 ex
2157 2228 2408 2259 consideratione
2427 2239 2503 2260 con-

1439 2273 1600 2303 ditionum
1623 2282 1776 2312 personae
1800 2279 1935 2308 amatae,
1960 2282 2041 2313 quae
2065 2278 2112 2302 est
2135 2273 2266 2303 materia
2288 2279 2319 2303 et
2341 2273 2502 2304 obiectum

1439 2317 1573 2353 amoris,
1598 2316 1847 2347 circumstantias
1878 2316 1961 2347 actui
1985 2316 2140 2347 adhibere.
2173 2316 2313 2354 Quidam
2339 2324 2446 2348 autem
2465 2328 2503 2348 ex

1438 2361 1617 2392 extrinsecis
1640 2361 1678 2391 ab
1698 2367 1771 2392 actu
1795 2368 1825 2391 et
1840 2360 2082 2391 circumstantiis
2098 2361 2299 2401 proveniunt,
2324 2368 2360 2392 ut
2382 2361 2425 2392 illi
2446 2362 2502 2402 qui

1438 2411 1680 2446 consequuntur
1708 2405 1936 2445 impedimenta
1959 2412 2024 2435 tam
2053 2411 2160 2453 aperta
2189 2415 2287 2446 quarn
2310 2406 2368 2436 sub
2399 2406 2502 2446 specie

1438 2449 1524 2479 boni.
1549 2449 1591 2479 Et
1613 2448 1690 2479 tales
1713 2455 1855 2488 spectant
1873 2449 1912 2479 ad
1935 2441 2126 2479 cautionem

1489 2493 1541 2524 111.
1552 2492 1691 2523 Breviter
1706 2499 1813 2523 autem
1831 2492 1953 2529 dicitur,
1969 2498 2000 2523 et
2014 2493 2081 2523 sine
2101 2499 2151 2523 tot
2165 2492 2399 2524 difficultatibus
2415 2504 2500 2524 reso-

1436 2536 1512 2572 lute,
1525 2537 1615 2577 quod
1631 2536 1870 2576 circumspectio
1883 2537 1923 2566 ad
1938 2542 2043 2567 actum
2059 2537 2190 2567 visionis
2200 2537 2356 2567 interioris
2371 2544 2499 2577 spectat,

1437 2587 1468 2611 et
1490 2581 1584 2611 habet
1606 2590 1665 2620 pro
1681 2581 1806 2611 obiecto
1830 2580 2125 2611 circumadiacentia
2143 2587 2174 2611 et
2196 2581 2347 2611 obvenire
2366 2581 2499 2621 possibi-

1436 2625 1478 2655 lia
1500 2625 1585 2655 boua
1609 2631 1639 2655 et
1661 2624 1754 2661 mala,
1772 2631 1807 2655 ut
1825 2624 1933 2665 ipsum
1956 2625 2381 2665 nomenssircumspectionis
2396 2633 2497 2656 sonat.

1437 2668 1554 2700 Cautio
1577 2678 1652 2698 vero
1672 2669 1710 2698 ad
1729 2675 1836 2699 actum
1851 2668 2070 2708 applicationis
2086 2675 2213 2708 spectat,
2230 2676 2261 2699 et
2283 2669 2323 2698 ad
2337 2669 2419 2699 mala
2434 2676 2500 2700 tan-

1436 2719 1506 2743 tum
1529 2712 1655 2744 vitanda
1677 2711 1818 2743 refertur.
1843 2712 1979 2752 Oportet
1997 2722 2136 2753 namque
2159 2712 2313 2743 rationem
2329 2713 2498 2752 practicam

1437 2763 1610 2797 utrumque
1633 2763 1740 2787 actum
1763 2756 1892 2786 habere:
1917 2756 2033 2787 scilicet
2055 2756 2160 2786 videre
2188 2756 2443 2797 circumquaque,
2467 2763 2499 2787 et

1437 2801 1482 2832 uti
1506 2801 1560 2831 tali
1582 2800 1704 2831 visione
1728 2800 1917 2840 applicando
1940 2801 1980 2830 ad
1993 2800 2159 2831 vitandum
2182 2800 2275 2831 mala.
2299 2801 2391 2831 Unde
2406 2800 2497 2831 incir—

1437 2851 1637 2885 cumspectos
1652 2844 1786 2875 dicimus
1801 2845 1857 2885 qui
1873 2855 1938 2875 non
1953 2844 2061 2875 vident
2077 2845 2337 2885 circumquaque:
2354 2844 2498 2875 incautos

1435 2899 1511 2920 vero
1526 2889 1591 2930 qui,
1608 2889 1680 2919 licet
1695 2889 1947 2929 circumspiciant
1963 2889 2080 2925 omnia,
2105 2899 2170 2919 non
2189 2895 2296 2919 tamen
2317 2889 2444 2919 student
2462 2896 2498 2920 ut

1434 2934 1534 2964 vitent
1553 2933 1635 2963 mala
1650 2943 1730 2974 quae
1749 2932 1972 2973 praevident.-
1988 2933 2029 2963 Et
2045 2943 2100 2973 per
2115 2933 2192 2963 haec
2211 2933 2329 2963 solutio
2349 2933 2497 2963 omnium

1435 2984 1566 3018 pateret,
1586 2977 1644 3007 nisi
1660 2977 1798 3007 obstaret
1812 2977 1901 3017 quod
1916 2979 2038 3007 Auctor
2053 2977 2369 3017 circumspectionem
2387 2977 2427 3007 ad
2443 2987 2496 3017 ap-

1433 3021 1637 3062 plicationem
1661 3021 1814 3061 pertinere
1837 3021 1946 3061 posuit
1960 3020 1986 3051 *.
2011 3021 2052 3051 Et
2073 3021 2146 3051 ideo
2179 3021 2246 3051 sola
2269 3021 2355 3061 prior
2377 3021 2494 3052 solutio
2524 3027 2563 3058 ’Q

1436 3076 1577 3096 consona
1600 3065 1732 3096 Auctori
1754 3065 1887 3095 videtur.

2564 3033 2671 3049 mutin.
2679 3028 2732 3049 circ.

2523 3060 2596 3082 pnnc.
2612 3060 2676 3081 corp.
