2892 4056
53 1001 143 1024 'Ven-
156 1007 177 1030 3.

606 176 618 202 s
972 155 1236 202 QUAESTIO
1265 155 1368 202 xm,

1397 155 1690 192 ARTICULUS
1721 155 1770 190 IV
2386 165 2396 188 1
2414 164 2451 188 11

1074 263 1387 305 ARTICULUS
1417 263 1686 312 QUARTUS

1011 347 1166 378 UTRUM
1189 346 1387 378 DAMNATI
1409 346 1724 377 BLASPHEMENT

326 439 389 479 lea>
407 441 451 473 νς
474 445 479 454 ιν
504 435 526 459 ῐ)
550 434 720 465 QUARTUM
740 437 793 462 stc
813 437 1050 462 Paocem‘run.
1070 426 1228 462 Videtur
1246 427 1349 474 quod

288 471 291 476 '
321 466 473 535 ἱξᾼὲἷο
487 526 491 530 ἱ
505 475 672 512 damnati
693 489 771 514 non
792 478 1068 526 blasphement.
1089 478 1314 515 Detinentur
1334 483 1351 499 α

313 518 356 581 tf
370 544 429 571 v,
446 534 472 569 ’ἦ
505 527 605 564 enim
627 541 727 565 nunc
756 530 869 578 aliqui
898 529 986 566 mali
1006 542 1028 566 a
1047 530 1349 578 blasphemando

314 581 316 583 ’
349 556 446 613 εῗῖ’·θ’)
462 574 493 616 k
503 588 659 628 propter
687 581 865 619 timorem
894 582 1104 618 futurarum
1123 595 1348 631 poenarum.

293 631 368 669 Sed
390 631 558 669 damnati
575 634 644 670 has
662 646 808 682 poenas
828 633 1087 682 experiuntur,
1108 636 1209 672 unde
1230 636 1349 684 magis

292 697 356 721 eas
371 684 588 722 abhorrent.
609 686 710 734 Ergo
731 687 850 723 multo
871 685 990 733 magis
1005 699 1027 723 a
1046 687 1347 736 blasphemando

292 745 597 786 compescuntur.

346 801 381 826 2.
398 790 631 836 Pais-mari,
647 790 895 839 blasphemia,
912 803 998 827 curn
1020 791 1065 827 sit
1084 791 1346 838 gravissimum

290 850 503 891 peccatum,
524 850 580 879 est
605 842 770 879 maxime
799 843 1091 880 demeritorium.
1122 844 1198 880 Sed
1226 845 1264 880 in
1292 845 1347 881 fu-

291 903 373 932 tura
400 895 478 931 vita
506 907 583 931 non
618 902 672 931 est
705 903 821 932 status
854 896 1026 933 merendi
1057 908 1182 943 neque
1218 897 1347 933 deme-

291 947 408 984 rendi.
438 947 539 994 Ergo
568 948 690 983 nullus
719 948 786 984 erit
812 949 918 984 locus
945 948 1212 998 blasphemiae.

345 1001 380 1037 3.
401 1000 631 1041 PRAETEREA.
660 1000 781 1037 Eccle.
802 1013 837 1038 XI
856 1000 876 1022 *
906 1001 1039 1038 dicitur
1066 1001 1172 1049 quod
1195 1001 1232 1038 in
1257 1013 1346 1049 quo-

291 1064 450 1100 cumque
481 1051 561 1088 loco
593 1052 739 1102 lignum
771 1053 962 1100 ceciderit,
1001 1054 1054 1090 ibi
1078 1054 1167 1090 erit.-
1197 1065 1242 1090 ex
1269 1066 1347 1103 quo

290 1111 392 1154 patet
420 1104 524 1153 quod
547 1112 634 1153 post
652 1105 750 1142 hanc
768 1106 886 1143 vitam
905 1106 1052 1143 homini
1071 1118 1150 1143 non
1170 1107 1348 1143 accrescit

291 1169 361 1194 nec
389 1156 567 1194 meritum
597 1170 668 1194 nec
694 1167 894 1206 peccatum
923 1159 1027 1208 quod
1055 1171 1134 1196 non
1161 1159 1293 1196 habuit
1310 1160 1348 1196 in

290 1211 362 1247 hac
389 1210 478 1247 vita.
510 1210 586 1247 Sed
611 1211 716 1247 multi
739 1212 1020 1249 damnabuntur
1039 1212 1105 1260 qui
1124 1212 1162 1248 in
1181 1213 1252 1249 hac
1269 1212 1348 1249 vita

291 1275 369 1301 non
399 1263 550 1305 fuerunt
575 1264 800 1312 blasphemi.
830 1265 931 1313 Ergo
961 1277 1032 1302 nec
1058 1265 1097 1302 in
1124 1265 1247 1302 futura
1270 1265 1349 1302 vita

260 1336 265 1337 ν
291 1310 618 1364 blasphemabunt.

330 1367 420 1407 'SED
446 1380 591 1406 CONTRA
609 1381 675 1406 EST
703 1369 807 1418 quod
836 1369 969 1406 dicitur
995 1369 1113 1418 Apoc.
1133 1382 1193 1406 xvi
1211 1369 1247 1406 *z
1275 1370 1348 1406 Ae-

290 1425 510 1474 stuaverunt
526 1422 694 1458 homines
721 1427 823 1459 aestu
843 1433 998 1471 magno,
1019 1428 1055 1459 et
1072 1422 1350 1470 blasphemave-

291 1475 382 1519 runt
406 1485 541 1511 nomen
560 1474 720 1511 Domini
734 1474 901 1511 habentis
912 1480 1132 1522 potestatem
1151 1486 1264 1522 super
1281 1475 1349 1511 has

51 1535 265 1578 'ord-fjnquu,
285 1517 446 1580 plagas:
474 1526 541 1563 ubi
559 1522 646 1564 dicit
665 1526 800 1564 Glossa
820 1527 840 1548 *
868 1528 971 1575 quod
999 1527 1036 1564 in
1063 1527 1210 1574 inferno
1223 1527 1348 1575 positi,

150 1582 166 1620 β

52 1799 194 1830 'may

0 1089 14 1574 i

0 1589 7 1684 l

0 1689 8 1771 f

0 1773 8 1864 l

0 1865 6 1933 l
159 1890 162 1905 -.

62 2510 111 2529 A.)
139 2513 154 2526 Ι.
172 2515 173 2518 ’
201 2511 224 2525 «Π

65 2532 247 2552 ,fluv-omem·

64 2564 86 2577 ιι.
119 2564 165 2583 nx„
195 2564 255 2579 ..ww

290 1579 461 1628 quumvis
492 1579 613 1616 sciant
641 1590 682 1615 se
702 1591 776 1628 pro
809 1580 941 1616 merito
965 1578 980 1609 β
1000 1580 1148 1628 puniri,
1176 1579 1351 1616 dolebunt

289 1624 414 1681 tamen
443 1631 545 1680 quod
567 1632 672 1669 Deus
700 1638 842 1670 tantam
864 1633 1070 1681 potentiam
1098 1633 1235 1669 habeat
1251 1633 1352 1681 quod
1375 1662 1377 1667 .

283 1683 426 1735 plagas
452 1684 504 1721 eis
532 1685 680 1733 inferat.
716 1685 802 1722 Hoc
830 1693 959 1722 autem
988 1693 1086 1722 esset
1114 1685 1350 1734 blasphemia
1375 1704 1377 1730 ζ

290 1737 329 1777 in
355 1737 555 1787 praesenti.
585 1737 687 1785 Ergo
718 1746 753 1775 et
780 1738 819 1775 in
846 1738 985 1775 futuro.

342 1790 569 1829 Responnsso
597 1802 782 1828 memnon
802 1791 919 1839 quod,
949 1791 1043 1828 sicut
1071 1791 1212 1828 dictum
1242 1799 1298 1827 est
1319 1792 1348 1836 *‚

1405 437 1476 462 nae
1505 425 1691 462 bonitatis.
1722 426 1774 462 llli
1802 433 1928 462 autem
1958 426 2021 474 qui
2045 425 2186 462 suntin
2206 425 2353 462 inferno
2373 426 2457 462 reti—

1396 478 1547 514 *nebunt
1583 490 1802 526 perversam
1835 480 2090 524 voluntatem,
2113 490 2303 525 ⁸aversam
2331 490 2353 514 a
2385 479 2456 514 Dei

1402 530 1550 577 iustitia,
1578 531 1615 567 in
1643 531 1717 566 hoc
1751 530 1854 578 quod
1873 531 2028 578 diligunt
2056 543 2100 567 ea
2127 543 2196 579 pro
2225 530 2362 580 quibus
2390 543 2458 579 pu-

1402 582 1570 629 niuntur,
1601 591 1636 619 et
1663 583 1802 619 vellent
1835 583 1886 619 eis
1919 583 1973 620 uti
2001 583 2030 619 si
2059 590 2230 631 possent,
2261 590 2298 619 et
2325 583 2458 620 odiunt

1401 647 1547 683 poenas
1576 648 1674 684 quae
1693 648 1763 684 pro
1791 635 2012 672 huiusmodi
2039 636 2202 683 peccatis
2221 635 2456 683 infliguntur;

1402 688 1532 724 dolent
1566 696 1695 724 tamen
1723 693 1738 715 Υ
1767 688 1814 724 de
1843 688 2007 736 peccatis
2034 700 2132 736 quae
2162 688 2456 735 commiserunt,

1402 752 1480 777 non
1501 741 1591 788 quia
1610 740 1691 789 ipsa
1720 740 1862 787 odiant,
1882 741 1948 777 sed
1968 740 2056 789 quia
2075 753 2145 789 pro
2166 741 2219 777 eis
2238 741 2455 788 puniuntur.

1401 792 1464 828 Sic
1492 805 1581 840 ergo
1608 793 1689 829 talis
1709 792 1905 829 detestatio
1925 793 2075 829 divinae
2095 793 2253 829 iustitiae
2274 801 2328 830 est
2347 793 2385 830 in
2405 794 2458 830 eis

1400 844 1557 881 interior
1585 845 1709 882 cordis
1737 845 1986 893 blasphemia.
2015 846 2064 882 Et
2083 845 2259 882 credibile
2279 853 2334 882 est
2353 846 2456 893 quod

1400 904 1487 944 post
1514 897 1828 933 resurrectionem
1849 897 1916 933 erit
1935 898 1971 934 in
1995 897 2048 933 eis
2068 898 2180 934 etiam
2199 898 2341 934 vocalis
2360 899 2458 935 blas-

1400 949 1555 997 phemia
1574 949 1604 994 ²³²,
1636 949 1731 986 sicut
1758 949 1795 985 in
1824 950 1960 986 sanctis
1978 950 2121 986 vocalis
2148 950 2229 986 laus
2250 951 2332 987 Dei.

1453 1003 1512 1037 AD
1531 1013 1667 1038 Palmum
1687 1013 1785 1038 ERGO
1806 1013 1989 1038 DICENDUM
2009 1002 2112 1050 quod
2133 1003 2308 1039 homines
2338 1003 2457 1039 deter-

1402 1061 1529 1090 rentur
1548 1054 1585 1090 in
1605 1054 1793 1102 praesenti
1813 1066 1834 1090 a
1854 1054 2088 1103 blasphemia
2107 1063 2262 1103 propter
2280 1056 2456 1092 timorem

1400 1118 1612 1155 poenarum
1642 1119 1736 1155 quas
1764 1119 1804 1143 se
1832 1114 1964 1155 putant
1988 1108 2163 1143 evadere.
2195 1108 2271 1144 Sed
2291 1109 2458 1145 damnati

1401 1159 1439 1196 in
1467 1159 1614 1196 inferno
1642 1172 1721 1196 non
1749 1167 1900 1208 sperant
1933 1172 1972 1196 se
2005 1172 2118 1208 posse
2151 1172 2296 1208 poenas
2324 1159 2337 1182 δ
2371 1173 2458 1198 eva-

1403 1212 1491 1249 dere
1509 1212 1541 1249 *.
1571 1213 1619 1249 Et
1646 1213 1747 1260 ideo,
1776 1220 1958 1260 tanquam
1986 1213 2185 1261 desperati,
2216 1213 2383 1249 feruntur
2410 1214 2458 1250 ad
2484 1216 2493 1223 '

1402 1277 1518 1302 omne
1547 1265 1595 1302 ad
1619 1271 1631 1286 ⁸
1659 1266 1762 1314 quod
1792 1265 1844 1302 eis
1871 1277 2051 1314 perversa
2078 1266 2254 1302 voluntas
2283 1266 2457 1313 suggerit.

1454 1319 1513 1354 AD
1541 1329 1732 1355 SECUNDUM
1758 1329 1942 1355 memnon
1970 1318 2074 1367 quod
2103 1317 2240 1354 mereri
2270 1326 2305 1354 et
2329 1318 2458 1356 deme—

1403 1369 1474 1407 reri
1501 1370 1688 1418 pertinent
1715 1371 1764 1407 ad
1792 1378 1931 1407 statum
1958 1370 2044 1407 viae
2063 1370 2094 1407 ²¹⁸.
2124 1370 2234 1407 Unde
2259 1371 2361 1407 bona
2379 1370 2392 1396 t
2419 1372 2457 1408 in

1403 1421 1609 1459 viatoribus
1638 1430 1724 1459 sunt
1747 1422 1950 1469 meritoria,
1971 1423 2072 1459 mala
2090 1436 2183 1459 vero
2205 1423 2457 1460 demeritoria.

1405 1476 1446 1511 ln
1473 1474 1592 1511 beatis
1621 1482 1747 1511 autem
1785 1476 1887 1511 bona
1919 1487 1998 1511 non
2032 1483 2118 1512 sunt
2150 1475 2362 1521 meritoria,
2391 1475 2459 1513 sed

1403 1526 1626 1576 pertinentia
1653 1527 1702 1564 ad
1731 1539 1863 1564 eorum
1892 1526 2131 1564 beatitudinis
2156 1527 2380 1575 praemium.
2411 1529 2460 1564 Et

1405 1579 1572 1616 similiter
1591 1580 1691 1616 mala
1709 1580 1748 1616 in
1768 1580 1954 1617 damnatis
1973 1591 2052 1616 non
2068 1587 2154 1616 sunt
2173 1579 2414 1617 demeritoria
2427 1580 2459 1626 *‚
2487 1591 2494 1598 ·

1404 1633 1471 1670 sed
1498 1632 1685 1682 pertinent
1712 1633 1761 1670 ad
1789 1632 2040 1669 damnationis
2067 1644 2246 1681 poenam.

1456 1687 1515 1722 AD
1545 1697 1703 1722 Teanum
1732 1697 1916 1722 monimum
1944 1685 2047 1733 quod
2072 1684 2227 1734 quilibet
2247 1684 2285 1721 in
2303 1692 2459 1733 peccato

1376 1757 1377 1760 =
1404 1738 1552 1774 mortali
1574 1738 1763 1775 decedens
1783 1738 1852 1774 fert
1871 1750 2000 1774 secum
2019 1737 2255 1774 voluntatem
2275 1737 2460 1775 detestan-

1376 1796 1378 1828 ἑ
1403 1798 1480 1828 tem
1501 1796 1519 1817 η
1549 1791 1717 1828 divinam
1746 1790 1924 1827 iustitiam
1953 1798 2136 1839 quantum
2161 1790 2208 1827 ad
2228 1789 2382 1837 aliquid.
2411 1791 2460 1827 Et

290 1842 340 1898 ad
367 1843 553 1880 rationem
581 1843 840 1892 blasphemiae
860 1845 1020 1893 pertinet
1039 1844 1236 1881 detestatio
1257 1843 1350 1881 divi·
1375 1837 1377 1886 ζ
1404 1843 1614 1880 secundum
1643 1844 1718 1880 hoc
1744 1843 1881 1892 poterit
1909 1843 1942 1879 ei
1966 1841 1979 1864 ⁰
2007 1842 2130 1879 inesse
2158 1842 2404 1891 blasphemia.

334 1974 371 2007 a)
391 1974 560 2000 Detinentur.
577 1988 596 1994 ·
615 1974 749 1999 Tenentur
767 1974 799 2006 G,
819 1974 997 1999 Deterrentur
1015 1974 1061 1999 Pa.

342 2007 368 2042 β)
388 2009 492 2034 merito.
511 2024 527 2028 —
547 2009 675 2034 demerito
694 2010 739 2038 sK,
759 2009 861 2034 meritis
879 2009 926 2034 Pa.

328 2043 372 2078 γ)
387 2046 486 2069 tamen.
502 2057 522 2064 —
538 2045 619 2069 etiam
638 2045 736 2069 addunt
754 2045 800 2069 Pa.

340 2079 368 2112 ὃ)
376 2087 493 2112 poenas.
510 2093 530 2099 —
547 2080 608 2105 Om.
628 2080 656 2104 P.

311 2146 325 2151 Δ,
340 2114 363 2148 ε)
381 2115 427 2140 ad.
443 2128 464 2134 —
481 2115 542 2140 Om.
561 2116 594 2146 H,
613 2115 738 2147 illud‚sx,
757 2114 786 2139 id
804 2122 846 2139 sa.

1452 1973 1477 2006 ζ)
1497 1974 1574 1998 bona.
1592 1987 1610 1992 -
1628 1973 1690 1998 Om.
1709 1973 1760 2005 pC;
1779 1980 1827 2005 pro
1845 1973 1917 1997 mala
1935 1979 2005 2001 vero,
2024 1973 2065 1997 vel
2083 1972 2324 1997 ABCDFGHKLsx
2347 1978 2373 1997 et
2390 1980 2415 2003 a,
2434 1977 2462 1999 et

1401 2009 1430 2039 E,
1448 2016 1501 2033 om.
1520 2016 1570 2041 pK;
1590 2009 1661 2033 mala
1679 2015 1742 2033 uero
1757 2007 1927 2032 demet-ituria
1945 2015 1998 2032 om.
2013 2008 2037 2038 13
2056 2015 2145 2033 vero...
2155 2007 2320 2040 pertinentia
2336 2015 2390 2033 om.
2407 2015 2459 2041 pn;

1402 2044 1431 2068 In
1450 2043 1559 2068 beatis...
1579 2043 1716 2068 meritoria
1734 2051 1787 2068 om.
1806 2043 1856 2067 BF.

1452 2081 1479 2111 η)
1499 2078 1683 2103 detestantem.
1702 2092 1720 2097 -
1738 2077 1889 2103 detestandi
1907 2078 1952 2102 Pa.

1454 2112 1478 2146 θ)
1498 2114 1530 2138 ei.
1547 2127 1567 2133 -
1585 2114 1646 2138 Om.
1665 2114 1693 2138 P.

956 2184 1290 2218 commentam-ia
1310 2184 1561 2217 Oaxfflnalis
1583 2183 1783 2217 Caietam

321 2254 498 2286 u'zrticulo
522 2261 635 2295 quarto
658 2254 802 2285 eiusdem
825 2254 1019 2295 quaestionis
1043 2255 1178 2284 dubium
1203 2254 1349 2290 occurrit,

294 2267 399 2340 1quin
420 2308 459 2329 ex
480 2298 630 2328 omnibus
653 2307 735 2338 quae
761 2298 794 2328 in
823 2299 926 2330 littera
952 2306 1160 2329 numerantur
1182 2308 1248 2328 non
1273 2308 1351 2328 con·

292 2343 430 2377 tunditur
451 2342 485 2374 in
508 2342 663 2373 damnatis
691 2349 779 2373 actus
806 2342 1034 2382 blasphemiae:
1060 2349 1095 2373 ut
1117 2349 1202 2382 patet
1232 2342 1351 2372 discur-

291 2387 391 2429 rendo
414 2396 471 2427 per
493 2386 615 2426 singula
638 2393 670 2416 et
692 2386 802 2416 omnia
819 2386 925 2416 simul.
949 2386 1082 2417 Aversio
1096 2386 1128 2416 in
1145 2386 1255 2427 primis
1269 2386 1351 2416 aiu·
1377 2416 1378 2422 ,

248 2443 251 2452 2
292 2428 377 2463 stitia
396 2430 456 2463 Dei
473 2429 508 2463 in
521 2430 584 2460 hoc
599 2429 693 2470 quods
710 2436 856 2460 amantur
874 2439 955 2470 quae
971 2430 1009 2460 ab
1023 2429 1077 2460 illa
1096 2430 1171 2460 odio
1186 2430 1350 2465 habentur,
1376 2423 1378 2454 i

292 2480 359 2508 non
382 2473 546 2505 constituit
566 2472 811 2514 blasphemiam:
835 2473 978 2513 alioquin
1001 2473 1202 2503 committens
1218 2473 1352 2503 fornica-

292 2518 414 2549 tionem
435 2524 466 2549 et
481 2526 590 2548 amans
606 2517 703 2553 illam,
719 2527 816 2557 quam
838 2517 895 2547 scit
914 2517 991 2548 odio
1006 2516 1113 2547 haberi
1136 2527 1154 2547 a
1170 2517 1250 2554 Deo,
1271 2516 1352 2546 blas-

249 2590 253 2597 <
292 2562 465 2603 phemnret.
491 2562 525 2592 ln
548 2561 610 2591 hoc
633 2561 728 2592 etiam
751 2561 840 2601 quod
860 2561 973 2591 odiunt
995 2570 1132 2601 poenas,
1155 2559 1353 2600 blasphemia

292 2616 367 2640 non?
381 2613 438 2642 est,
463 2611 500 2638 ut
519 2611 623 2645 patet:
649 2605 725 2645 quia
747 2605 860 2636 odium
882 2605 944 2636 hoc
967 2615 986 2635 a
1008 2611 1120 2635 natura
1142 2604 1280 2635 inditum
1295 2610 1351 2635 est.

292 2650 334 2684 In
351 2657 490 2691 utroque
511 2656 619 2680 autem
643 2649 756 2685 simul,
780 2648 855 2689 quia
878 2648 995 2679 scilicet
1017 2659 1122 2679 amare
1145 2655 1271 2688 peccata
1294 2658 1353 2687 pro

293 2693 410 2736 quibus
444 2692 622 2733 puniuntur
652 2699 682 2724 et
705 2693 812 2723 dolere
836 2692 874 2723 de
896 2692 1008 2732 poenis
1039 2693 1126 2722 nulla
1160 2691 1355 2731 blasphemia

259 2763 266 2770 .
291 2742 357 2775 eet,
380 2738 435 2769 sed
458 2729 640 2767 obstinatio.
670 2736 767 2767 Nulla
789 2736 807 2755 '¹‘
834 2746 908 2776 ergo
931 2736 1126 2776 blasphemia
1150 2745 1186 2766 ex
1208 2735 1257 2765 his
1280 2745 1354 2766 con-

291 2781 438 2813 cluditur.
1163 2802 1168 2806 .

346 2826 398 2856 M
420 2826 486 2856 hoe
506 2824 620 2855 dicitur
643 2824 732 2865 quod
756 2833 861 2854 amare
885 2824 1008 2855 malum
1024 2824 1145 2863 culpae,
1163 2830 1193 2853 et
1207 2823 1283 2853 odio
1299 2823 1354 2853 ha-

292 2871 366 2903 bete
386 2870 511 2901 malum
533 2878 666 2908 poenae,
690 2868 845 2908 contingit
866 2868 1044 2908 dupliciter.
1067 2867 1185 2903 Primo,
1201 2867 1354 2899 absolute.

293 2914 335 2944 Et
357 2913 400 2944 sic
422 2919 631 2952 nonspectat
653 2913 693 2942 ad
715 2912 955 2953 blasphemiam,
973 2919 1009 2943 ut
1027 2911 1206 2942 obiiciendo
1224 2910 1354 2941 manife-

294 2962 403 2989 statur.
419 2974 440 2980 -
456 2956 615 2994 Secundo,
630 2955 664 2986 in
679 2955 790 2987 ordine
808 2956 848 2986 ad
862 2956 968 2994 Deum
983 2962 1019 2986 ut
1034 2954 1263 2996 prohibitorem
1279 2954 1354 2985 mali

295 3000 406 3042 culpae
430 3006 461 3031 et
482 2999 670 3031 inflictorem
693 2999 768 3031 mali
791 3010 923 3040 poenae.
950 3000 991 3030 Et
1014 3000 1058 3029 sic
1081 3006 1127 3030 est
1149 2998 1354 3039 blasphemia.

295 3044 458 3082 Quoniam
481 3042 560 3090 nihil
582 3043 670 3074 aliud
691 3049 738 3074 est
761 3053 865 3074 amare
881 3043 964 3074 mala
979 3043 1091 3083 culpae
1106 3049 1142 3073 ut
1164 3042 1322 3083 prohibita
1337 3052 1354 3072 a

1403 2254 1473 2283 Deo
1495 2263 1593 2294 quam
1609 2253 1685 2283 odio
1706 2252 1818 2283 habere
1837 2252 2082 2292 prohibitorem
2107 2259 2138 2282 et
2159 2251 2300 2282 similiter
2314 2253 2390 2283 odio
2406 2253 2460 2283 ha-

1403 2298 1475 2328 bere
1498 2298 1620 2328 malum
1639 2306 1761 2337 poenae
1785 2303 1821 2327 ut
1842 2296 1997 2326 inflictum
2011 2305 2030 2325 a
2044 2295 2125 2333 Deo,
2141 2305 2239 2336 quam
2255 2296 2331 2326 odio
2346 2297 2461 2327 habere

1404 2342 1597 2381 punitorem.
1620 2341 1660 2371 Et
1682 2341 1744 2371 hoc
1766 2340 1865 2370 modo
1888 2339 2022 2371 intendit
2044 2339 2145 2370 littera
2166 2340 2199 2369 in
2223 2340 2378 2371 damnatis
2394 2351 2462 2371 esse

1404 2386 1517 2416 odium
1535 2385 1659 2415 divinae
1681 2384 1826 2415 iustitiae.
1850 2385 1891 2414 Et
1909 2384 1948 2414 ad
1963 2384 2026 2414 hoc
2050 2383 2288 2422 insinuandum,
2306 2394 2371 2415 non
2387 2385 2462 2415 dicit

1404 2430 1547 2460 absolute
1571 2429 1660 2470 quod
1679 2434 1788 2458 amant
1810 2428 1893 2458 mala
1915 2435 1970 2459 aut
1992 2427 2106 2458 odium
2127 2437 2264 2467 poenas,
2288 2429 2343 2458 sed
2366 2429 2459 2459 dicit:

1404 2474 1523 2502 Amant
1545 2482 1583 2502 ea
1601 2482 1665 2512 pro
1691 2471 1804 2512 quibus
1825 2473 2023 2511 puniuntur,
2048 2475 2079 2501 et
2101 2471 2212 2502 odiunt
2233 2481 2357 2511 poenas
2379 2482 2461 2513 quae

1399 2526 1463 2556 pro
1485 2516 1666 2546 huiusmodi
1682 2516 1824 2555 peccatis
1846 2515 2058 2555 infliguntur:
2080 2515 2170 2555 quasi
2187 2514 2318 2545 diceret:
2341 2517 2461 2546 Amant

1400 2561 1528 2599 punita,
1545 2569 1585 2590 ac
1596 2569 1660 2599 per
1680 2559 1739 2589 hoc
1760 2559 1960 2589 detestantur
1974 2560 2158 2598 punitorem
2175 2563 2206 2588 et
2215 2559 2443 2598 prohibitorem
2447 2567 2461 2597 ,⁶

1405 2609 1436 2634 et
1458 2603 1570 2633 odiunt
1592 2603 1726 2642 inflicta,
1750 2612 1790 2632 ac
1807 2612 1869 2642 per
1889 2603 1950 2632 hoc
1971 2602 2171 2642 inflictor-em.

1463 2647 1627 2678 Fundatur
1653 2653 1761 2676 autem
1783 2646 1844 2676 hoc
1867 2655 1962 2686 super
1988 2652 2209 2676 consummata
2237 2647 2461 2677 damnatorum

1406 2691 1568 2722 voluntate
1590 2690 1622 2720 in
1646 2690 1745 2720 malo:
1770 2696 1806 2720 ut
1828 2689 1944 2720 scilicet
1966 2699 2057 2720 amor
2079 2689 2190 2729 culpae
2209 2698 2460 2727 consummatus,

1407 2735 1462 2776 qui
1485 2735 1536 2765 hic
1558 2733 1789 2774 interpretative
1818 2740 1882 2764 erat
1904 2733 2068 2764 detestatio
2091 2733 2307 2773 prohibitoris‚
2331 2734 2374 2764 ibi
2397 2734 2460 2766 iam

1406 2778 1461 2809 fiat
1484 2778 1758 2809 consummatione
1780 2777 1942 2808 detestatio
1959 2777 2116 2813 eiusdem
2140 2783 2171 2807 et
2193 2777 2335 2808 similiter
2349 2778 2461 2810 odium

1407 2822 1483 2853 mali
1506 2832 1636 2862 poenae,
1657 2822 1745 2862 quod
1768 2821 1818 2852 hic
1840 2821 1874 2851 in
1896 2821 2123 2861 impoenitente
2145 2826 2210 2851 erat
2231 2821 2464 2861 interpretative

1410 2866 1573 2897 detestatio
1597 2866 1762 2906 punitoris,
1786 2865 1828 2896 ibi
1844 2865 2118 2896 consummatione
2133 2863 2187 2895 fiat
2201 2864 2364 2896 detestatio
2381 2866 2462 2897 eius-

1410 2911 1499 2946 dem;
1523 2910 1608 2940 iuxta
1630 2910 1792 2940 inductam
1814 2909 1847 2939 in
1864 2908 1966 2940 littera
1979 2909 1996 2927 *
2016 2908 2234 2943 auctoritatem
2258 2919 2295 2940 ex
2316 2911 2413 2950 Apoc.
2433 2917 2465 2941 et

1411 2954 1533 2986 Glossa.
1553 2955 1594 2984 Et
1609 2954 1670 2984 hoc
1694 2954 1792 2984 modo
1808 2953 1973 2993 responsio
1990 2953 2029 2983 ad
2058 2953 2185 2984 tertium
2201 2951 2404 2993 intelligenda
2418 2954 2462 2984 vi·

1408 2999 1515 3029 detur:
1540 3008 1631 3039 quae,
1655 2997 1761 3027 adiuta
1785 3007 1821 3027 ex
1843 2996 2048 3038 responsione
2071 2998 2110 3027 ad
2133 2996 2284 3036 primum,
2299 2997 2463 3029 clariorem

1408 3041 1509 3073 reddit
1531 3042 1709 3083 expositum
1732 3050 1870 3071 sensum.

2490 2921 2498 2928 ³
2513 2919 2569 2946 Arg.
2585 2919 2634 2940 Sed
2647 2925 2702 2940 cou—

2489 2947 2536 2967 tra.
