2892 4056
447 195 520 220 212

497 263 556 298 An
593 272 751 298 TERTIUM
780 273 963 298 DICENDUM
992 260 1098 308 quod
1126 262 1201 297 hoc
1238 262 1344 310 quod
1373 263 1507 311 aliquis

443 314 535 351 velit
566 314 636 350 frui
672 315 776 360 Deo,
810 314 972 362 pertinet
1004 314 1052 350 ad
1086 325 1258 351 amorem
1290 327 1367 363 quo
1401 317 1506 352 Deus

444 374 593 403 amatur
606 379 739 403 amore
757 366 1098 415 concupiscentiae.
1116 367 1237 415 Magis
1253 376 1380 404 autem
1401 381 1505 406 ama-

443 432 528 456 mus
557 421 682 456 Deum
722 432 854 456 amore
884 419 1068 456 amicitiae
1107 431 1223 467 quarn
1253 432 1385 458 amore
1415 434 1503 458 con-

1113 184 1379 230 QUAESTIO
1408 186 1549 233 XXVI,
1579 185 1875 222 ARTICULUS
1904 186 1955 224 IV

1562 263 1833 311 cupiscentiae:
1871 263 1961 311 quia
1989 264 2111 301 maius
2149 273 2205 303 est
2230 267 2268 304 in
2305 280 2345 305 se
2374 269 2520 306 bonum
2548 269 2620 306 Dei

1560 328 1677 364 quam
1697 315 1923 365 participare
1941 329 2149 365 possumus
2168 319 2329 357 fruendo
2348 321 2443 370 ipso.
2465 323 2514 358 Et
2532 322 2620 359 ideo

1559 368 1779 417 simpliciter
1805 369 1924 406 homo
1953 370 2073 418 magis
2102 370 2220 419 diligit
2245 373 2372 410 Deum
2397 385 2441 411 ex
2467 374 2620 412 caritate

1559 433 1674 469 quarn
1704 421 1885 470 seipsum.

1119 506 1449 541 Commentaria
1472 508 1721 541 Garamans
1743 509 1943 542 Caietani

473 589 492 608 N
516 577 647 608 articulo
671 576 763 607 tertio
789 577 923 607 dubium
943 577 1080 608 occurrit
1104 577 1183 608 circa
1203 578 1358 613 rationem
1378 579 1505 609 allatam

446 591 504 652 Iin
534 622 652 656 littera,
677 621 779 658 Quia,
805 620 939 657 scilicet,
965 631 1177 662 unaquaeque
1200 632 1283 662 pars
1309 623 1506 653 naturaliter

435 667 512 706 plus
534 670 622 695 amat
637 665 752 695 bonum
770 674 937 695 commune
952 667 1048 696 totius
1063 676 1158 706 quam
1169 667 1372 706 particulare
1387 667 1502 697 bonum

435 710 616 750 proprium,
635 719 671 738 ex
688 708 806 749 duplici
831 708 941 748 capite.
967 709 1084 746 Primo,
1101 719 1136 740 ex
1153 709 1346 740 naturalibus
1363 718 1393 741 et
1417 720 1503 741 com-

203 761 280 781 ψει-ι.
292 761 308 785 1,
325 767 362 788 qu.
375 767 411 787 Lx,
440 753 600 783 munibus.
625 753 686 783 Sed
709 753 784 794 quia
807 753 883 783 haec
909 753 941 782 in
971 753 1204 784 commentariis
1228 753 1386 794 prioribus
1401 754 1418 773 *
1441 755 1503 784 dis—

202 787 412 835 ffissjfifflssfnem‘
440 807 529 828 cussa
553 803 638 833 sunt,
655 798 732 828 nolo
757 797 915 836 replicare.

494 841 651 876 Secundo,
676 851 713 872 ex
737 841 876 881 partibus
897 841 1043 881 politicis.
1068 841 1243 882 Dupliciter
1259 849 1367 872 autem
1390 842 1502 873 confu-

438 892 521 915 tatur
552 884 628 915 haec
658 886 738 916 ratio
770 895 807 915 ex
830 885 891 915 hoc
915 886 1015 925 capite
1044 896 1062 916 a
1085 886 1255 922 Durando,
1279 886 1313 916 in
1337 887 1378 916 III
1403 887 1502 925 Seni„

438 929 509 959 dist.
531 938 612 965 xxm,
637 940 691 970 qu.
711 940 739 960 2.
765 929 890 966 Primo,
915 930 990 970 quia
1019 929 1211 961 insufficiens
1235 930 1362 971 signum
1386 931 1503 962 amoris

437 972 565 1003 maioris
581 973 713 1004 alicuius
730 973 900 1004 assumitur
920 984 1076 1014 exponere
1091 984 1123 1004 se
1143 974 1309 1005 hominem
1325 975 1421 1005 morti
1443 986 1502 1016 pro

436 1017 503 1047 illo.
527 1017 609 1047 Nam
634 1024 665 1048 et
688 1028 746 1058 pro
767 1017 869 1048 amico
889 1018 1086 1048 laudabiliter
1105 1018 1175 1059 quis
1195 1019 1290 1049 morti
1310 1020 1440 1059 exponit
1455 1028 1501 1050 se:

437 1067 468 1091 et
494 1067 600 1091 tamen
628 1072 694 1092 non
720 1068 887 1102 propterea
914 1062 1014 1102 magis
1041 1062 1142 1102 diligit
1166 1063 1304 1093 amicum
1332 1073 1430 1104 quam
1456 1074 1502 1094 se-

436 1105 553 1145 ipsum,
579 1112 615 1136 ut
638 1113 771 1138 constat.
795 1105 944 1137 Similiter
966 1116 1025 1147 pro
1042 1107 1214 1137 salvatione
1237 1102 1400 1138 bonorum
1423 1115 1501 1138 tem-

436 1149 594 1189 poralium
620 1159 753 1180 suorum
777 1150 907 1190 exponit
930 1150 1001 1191 quis
1017 1160 1049 1181 se
1064 1151 1161 1182 morti
1181 1157 1290 1182 contra
1304 1151 1500 1182 invasorem:

436 1200 466 1223 et
490 1203 555 1223 non
580 1194 679 1234 magis
704 1194 804 1234 diligit
826 1194 889 1225 illa.
1058 1192 1059 1195 ¹

491 1237 648 1274 Secundo,
673 1238 748 1279 quia
771 1238 887 1268 falsum
911 1245 957 1268 est
979 1238 1067 1278 quod
1093 1238 1167 1268 civis
1192 1238 1299 1278 diligat
1321 1238 1422 1278 magis
1443 1239 1500 1268 bo-

435 1291 514 1311 num
539 1292 710 1312 commune
740 1292 838 1323 quam
862 1281 1013 1321 seipsum.
1049 1282 1131 1311 Nam
1156 1289 1211 1312 aut
1239 1282 1274 1312 fit
1304 1282 1499 1322 comparatio

434 1326 551 1356 amoris
576 1327 752 1357 secundum
776 1327 861 1356 bona
884 1326 1026 1356 eiusdem
1046 1326 1191 1362 rationis;
1217 1333 1272 1357 aut
1294 1326 1498 1357 diversarum.

434 1369 465 1400 Si
482 1369 624 1400 eiusdem
640 1370 779 1406 rationis,
798 1369 915 1400 scilicet
930 1371 1054 1400 bonum
1069 1369 1251 1408 honesturn,
1272 1378 1396 1402 constat
1411 1371 1500 1412 quod

434 1413 566 1454 quilibet
595 1415 695 1454 magis
724 1420 809 1444 amat
836 1424 869 1444 se
898 1424 996 1454 quam
1027 1424 1199 1445 commune
1230 1416 1363 1446 bonum.
1401 1415 1499 1452 Quod

433 1465 518 1497 patet
541 1469 578 1488 ex
601 1458 777 1489 contrario:
802 1458 877 1499 quia
901 1458 1000 1498 magis
1024 1459 1117 1489 debet
1140 1459 1216 1490 odio
1240 1459 1354 1490 habere
1377 1459 1500 1490 malum

434 1502 545 1542 culpae
568 1503 601 1532 in
625 1513 657 1533 se
681 1513 779 1543 quam
798 1502 830 1532 in
847 1502 1077 1533 communitate
1101 1503 1199 1533 totius
1219 1504 1338 1544 absque
1354 1514 1397 1534 se.
1421 1522 1443 1527 —
1467 1504 1499 1535 Si

433 1546 625 1577 diversarum
650 1547 820 1583 rationum,
845 1546 961 1577 scilicet
983 1546 1154 1578 honestum
1170 1547 1202 1578 in
1219 1548 1448 1578 communitate
1468 1555 1499 1579 et

433 1591 509 1620 utile
533 1601 587 1620 seu
612 1590 793 1621 delectabile
816 1590 850 1620 in
865 1601 907 1626 se,
931 1597 1017 1627 tunc,
1037 1591 1109 1622 licet
1124 1602 1237 1622 verum
1253 1592 1293 1623 sit
1315 1593 1403 1633 quod
1424 1592 1498 1623 civis

433 1635 532 1674 magis
543 1635 650 1674 diligat
665 1636 789 1666 bonum
803 1644 975 1665 commune
987 1645 1085 1675 quam
1101 1636 1267 1676 proprium
1279 1637 1312 1667 in
1323 1636 1378 1666 tali
1391 1646 1495 1673 sensu,

195 1679 404 1727 {Cffi-vsssstnffia
432 1688 496 1709 non
522 1685 628 1709 tamen
652 1687 699 1711 est
720 1689 832 1710 verum
856 1679 1055 1719 simpliciter:
1081 1680 1165 1720 quia,
1190 1687 1226 1710 ut
1248 1681 1281 1710 in
1305 1681 1348 1711 lx
1363 1681 1497 1711 lichia*

214 1721 218 1726 “
267 1721 272 1727 ’
333 1722 338 1727 ’
380 1721 385 1727 ’
431 1729 533 1763 patet,
558 1730 589 1753 et
617 1723 738 1754 ratione
762 1723 975 1759 convincitur,
1003 1723 1104 1762 magis
1132 1724 1232 1764 diligit
1259 1735 1292 1755 se
1319 1725 1497 1755 secundum

431 1768 552 1798 bonum
566 1767 738 1798 honestum
754 1777 852 1808 quam
865 1768 1041 1798 secundum
1054 1768 1139 1798 bona
1151 1769 1221 1805 alia,
1235 1769 1385 1808 ponendo
1398 1769 1496 1802 vitam

430 1821 489 1852 pro
506 1811 592 1841 bono
605 1811 770 1842 communi
787 1811 836 1841 vel
853 1811 970 1848 amico;
992 1811 1078 1852 eligit
1094 1811 1179 1842 enim
1191 1812 1249 1843 sibi
1261 1813 1322 1853 ipsi
1335 1813 1496 1853 optimum

431 1855 608 1886 secundum
631 1856 798 1886 rationem.

485 1899 524 1930 11.
543 1900 594 1930 Ad
610 1899 800 1931 evidentiam
814 1899 909 1930 huius
932 1899 1160 1931 advertendum
1183 1907 1230 1931 est
1243 1901 1333 1941 quod
1348 1900 1381 1931 in
1395 1900 1496 1932 littera

429 1945 551 1974 Auctor
573 1943 660 1975 affert
683 1945 810 1984 signum
829 1953 951 1974 novum
974 1953 1033 1984 pro
1052 1944 1106 1975 illa
1121 1945 1337 1982 conclusione,
1362 1945 1494 1982 scilicet,

428 1988 512 2019 Pars
538 1993 627 2019 amat
652 1990 757 2030 magis
783 1989 899 2019 bonum
929 1989 1025 2020 totius
1051 1998 1146 2030 quam
1170 1991 1362 2030 proprium:
1395 1997 1427 2020 et
1449 1997 1495 2022 est

429 2032 518 2073 quod
538 2043 748 2074 unaquaeque
761 2042 844 2073 pars
858 2033 952 2063 habet
964 2033 1179 2074 principalem
1196 2034 1435 2065 inclinationem
1451 2034 1496 2065 ad

429 2078 586 2108 actionem
603 2087 800 2108 communem
814 2077 946 2108 utilitati
961 2078 1066 2108 totius.
1080 2077 1269 2118 Experimur
1288 2078 1446 2119 siquidem
1462 2078 1495 2109 in

428 2120 569 2160 partibus
582 2121 769 2152 officialibus
793 2121 935 2160 corporis
959 2122 1048 2161 quod
1073 2122 1241 2163 praecipua
1265 2123 1495 2164 cuiuscumque

429 2165 524 2205 partis
549 2165 630 2196 actio
655 2172 702 2196 est
725 2166 764 2196 ad
788 2175 960 2196 commune
986 2166 1084 2197 totius
1109 2167 1251 2197 bonum:
1282 2173 1319 2198 ut
1345 2174 1431 2207 patet
1457 2167 1495 2198 de

428 2209 552 2240 actione
575 2220 700 2247 manus,
725 2210 823 2250 pedis,
849 2210 945 2246 oculi,
971 2210 1084 2247 cordis,
1107 2210 1240 2252 hepatis,
1265 2211 1419 2248 dentium,
1436 2218 1494 2243 etc.

429 2253 461 2284 Si
477 2264 552 2294 ergo
575 2254 618 2285 ita
637 2264 705 2285 esse
728 2254 761 2284 in
784 2254 925 2294 partibus
941 2254 1136 2286 naturalibus
1153 2256 1394 2295 comprobatur;
1419 2266 1494 2287 cum

429 2305 531 2337 partes
554 2298 701 2338 politicae
725 2299 788 2329 sint
810 2297 854 2328 sic
877 2298 1048 2338 dispositae
1071 2298 1152 2330 sicut
1171 2299 1196 2330 si
1213 2306 1317 2330 essent
1338 2310 1356 2330 a
1372 2306 1494 2338 natura,

190 2348 400 2378 ”Aristonplzysic.
429 2351 467 2372 eo
498 2342 587 2382 quod
609 2352 676 2380 ars,
693 2352 775 2383 quae
798 2341 954 2373 rationem
976 2341 1106 2383 perficit,
1125 2344 1270 2374 imitatur
1292 2349 1443 2375 naturam
1459 2344 1492 2375 *z

191 2374 400 2427 kzfflslfflfjessg
429 2395 627 2427 consequens
651 2393 697 2417 est
719 2393 756 2417 ut
777 2386 907 2417 virtutes
930 2387 1077 2426 politicae
1100 2387 1251 2418 inclinent
1274 2387 1356 2418 cives
1379 2388 1494 2428 princi-

194 2433 226 2448 Π·
428 2430 539 2470 paliter
554 2430 594 2460 ad
608 2431 747 2461 actiones
763 2440 952 2461 communes
975 2441 1034 2471 pro
1050 2432 1138 2462 bono
1157 2432 1269 2468 totius;
1294 2442 1330 2462 ac
1352 2442 1409 2472 per
1431 2432 1494 2464 hoc

429 2475 656 2514 comprobetur
685 2475 774 2516 quod
796 2475 896 2515 magis
920 2482 1031 2516 suapte
1055 2482 1166 2506 natura
1197 2475 1389 2507 inclinantur
1412 2477 1494 2508 cives

429 2518 468 2548 ad
491 2519 666 2549 amandum
689 2528 862 2550 commune
885 2519 1010 2550 bonum
1033 2530 1132 2560 quam
1155 2520 1334 2560 proprium.

483 2563 534 2593 Ad
558 2562 752 2594 obiectiones
780 2569 888 2593 autem
911 2563 1015 2604 primo
1043 2565 1116 2594 loco
1134 2563 1243 2595 allatas
1267 2564 1381 2595 dicitur
1402 2566 1492 2606 quod

428 2606 549 2647 optime
573 2606 686 2638 dicitur
708 2607 797 2648 quod
817 2617 854 2637 ex
873 2607 935 2638 hoc
950 2608 1039 2649 quod
1063 2607 1176 2650 aliquis
1193 2608 1322 2649 exponit
1341 2618 1375 2639 se
1398 2609 1493 2640 morti

427 2661 487 2691 pro
510 2651 630 2692 aliquo,
650 2661 715 2681 non
740 2651 882 2692 sequitur
904 2652 994 2692 quod
1012 2652 1104 2683 illum
1127 2652 1228 2692 magis
1253 2663 1286 2683 se
1310 2659 1403 2684 amet.
1426 2653 1493 2684 Nec

428 2697 550 2726 Auctor
573 2695 635 2726 hoc
663 2695 767 2726 attulit
790 2695 933 2735 signum,
958 2706 1016 2727 nec
1039 2696 1211 2727 somniavit
1233 2697 1339 2728 etiarn.
1371 2697 1432 2728 Sed
1456 2707 1493 2728 ex

428 2739 489 2769 hoc
513 2740 601 2780 quod
626 2739 724 2776 cives,
749 2740 927 2770 secundum
954 2740 1097 2780 politicas
1120 2741 1268 2777 virtutes,
1290 2750 1339 2771 res
1363 2747 1394 2772 et
1423 2750 1492 2772 cor-

427 2793 507 2823 pora
529 2790 692 2824 exponunt
715 2794 774 2824 pro
798 2784 886 2815 bono
911 2785 1093 2822 communi,
1118 2785 1246 2825 signum
1268 2784 1380 2816 habuit
1403 2785 1492 2826 quod

429 2837 499 2867 pars
523 2834 607 2858 amat
630 2828 702 2868 plus
725 2835 832 2859 totum
855 2838 953 2869 quam
977 2839 1019 2860 se.
1044 2829 1132 2860 Haec
1155 2836 1263 2860 autern
1287 2829 1352 2860 duo
1377 2829 1493 2861 distant

429 2871 510 2902 sicut
533 2871 656 2902 caelum
685 2879 715 2903 et
743 2878 833 2903 terra.
858 2890 877 2895 -
901 2873 1056 2910 Quamvis
1087 2873 1182 2904 etiarn
1212 2873 1318 2914 inepte
1347 2872 1492 2904 afferatur

1558 579 1648 619 quod
1663 579 1734 619 quis
1750 580 1880 620 exponit
1893 590 1927 611 se
1943 580 2038 611 morti
2058 590 2116 621 pro
2133 581 2232 612 salute
2246 590 2353 614 rerum
2368 593 2508 614 suarum.
2533 584 2620 621 Quo-

1558 623 1644 653 niam
1667 623 1729 654 hoc
1752 623 1788 654 fit
1810 633 1875 654 non
1899 634 1958 665 pro
1981 624 2053 660 illis,
2078 625 2133 655 sed
2156 634 2214 665 pro
2233 625 2349 666 seipso,
2374 628 2413 658 ad
2437 628 2527 659 cuius
2550 628 2619 659 feli·

1559 667 1684 698 citatem
1707 667 1778 698 illae
1802 677 1850 698 res
1873 675 1947 699 sunt
1971 675 2181 709 opportunae.

1612 711 1663 742 Ad
1688 711 1900 742 obiectionem
1935 720 2041 744 autem
2073 712 2214 744 secundo
2247 713 2320 743 loco
2350 714 2478 744 allatam
2507 715 2621 746 dicitur

1557 755 1646 795 quod
1668 754 1704 786 fit
1718 755 1914 796 comparatio
1930 757 2107 788 secundum
2126 758 2210 787 bona
2226 756 2367 787 eiusdem
2381 758 2522 795 rationis,
2545 769 2620 800 pro-

1557 799 1792 839 portionalitate
1814 807 1920 831 tamen
1943 801 2041 832 totius
2065 808 2095 832 et
2111 801 2206 841 partis
2222 807 2350 832 servata.
2375 801 2437 832 Sed
2459 802 2538 833 illud
2561 804 2619 834 bo-

1556 853 1636 874 num
1658 843 1691 873 in
1715 854 1781 884 quo
1804 843 1839 875 fit
1862 845 2057 885 comparatio
2082 855 2147 876 non
2170 851 2217 876 est
2235 846 2359 876 bonum
2377 846 2560 884 honestum,
2585 855 2620 879 ut

1556 895 1780 927 argumentum
1803 889 1945 926 assumit,
1970 890 2024 919 sed
2048 896 2094 920 est
2117 890 2242 920 bonurn
2257 889 2334 920 utile
2349 890 2400 920 vel
2422 890 2618 922 delectabile:

1555 931 1589 962 in
1611 932 1674 963 hoc
1697 933 1783 963 enim
1805 943 1918 973 genere
1948 933 2162 964 communitas
2186 940 2232 964 est
2255 940 2361 964 toturn
2385 940 2416 964 et
2438 934 2513 965 civis
2536 945 2618 975 pars.

1556 976 1601 1006 Ita
1625 977 1714 1017 quod
1737 977 1871 1008 intendit
1886 979 2008 1008 Auctor
2023 978 2112 1018 quod
2137 978 2213 1018 quia
2228 977 2328 1008 virtus
2347 978 2476 1018 politica
2491 979 2621 1011 inclinat

1555 1020 1656 1050 civem
1675 1021 1714 1051 ad
1733 1021 1937 1061 dispendium
1955 1031 2062 1052 rerum
2078 1021 2268 1052 exteriorum
2282 1022 2333 1052 vel
2348 1022 2430 1053 vitae
2447 1024 2619 1066 corporalis

1553 1074 1613 1104 pro
1637 1065 1736 1095 salute
1759 1065 1949 1106 reipublicae
1972 1066 2005 1096 in
2022 1066 2114 1096 rebus
2129 1066 2178 1096 vel
2194 1067 2227 1096 in
2246 1066 2400 1106 personis,
2425 1066 2552 1107 signum
2567 1067 2621 1098 ha-

1554 1109 1666 1139 bemus
1682 1109 1771 1150 quod
1785 1119 1856 1149 pars
1872 1110 1945 1149 plus
1957 1109 2059 1149 diligit
2073 1116 2179 1141 totum
2195 1120 2293 1151 quam
2311 1111 2457 1151 seipsam.
2474 1112 2515 1142 Et
2529 1114 2620 1154 quod

1553 1152 1612 1183 ista
1635 1152 1675 1183 sit
1696 1153 1830 1183 intentio
1847 1153 1995 1184 Auctoris
2018 1159 2105 1194 patet
2127 1163 2163 1184 ex
2177 1154 2283 1184 Pn'ma
2297 1155 2397 1192 Parte,
2421 1165 2476 1196 qu.
2491 1166 2540 1193 Lx,
2561 1163 2617 1187 art.

1554 1195 1621 1232 ult„
1647 1196 1716 1232 ubi,
1741 1203 1816 1236 post
1839 1197 2021 1237 exemplum
2046 1198 2084 1233 de
2107 1203 2196 1237 parte
2219 1198 2369 1235 naturali,
2393 1199 2557 1240 subiungit
2579 1201 2619 1232 de

1553 1246 1641 1279 parte
1665 1239 1747 1270 civili
1778 1241 1868 1281 quod
1891 1246 1938 1271 est
1961 1242 2096 1272 virtuosi
2119 1242 2197 1272 civis
2219 1246 2255 1272 ut
2284 1251 2318 1273 se
2342 1249 2483 1283 exponat
2506 1245 2619 1276 mortis

1547 1284 1695 1324 periculo
1717 1294 1782 1324 pro
1806 1285 2000 1325 reipublicae
2023 1286 2285 1316 conservatione:
2315 1292 2345 1316 et
2366 1288 2395 1317 si
2417 1288 2510 1318 homo
2538 1295 2620 1320 esset

1554 1328 1715 1358 naturalis
1731 1338 1815 1368 pars
1837 1329 1933 1360 huius
1956 1330 2103 1367 civitatis,
2127 1329 2207 1360 haec
2221 1330 2386 1361 inclinatio
2406 1337 2487 1362 esset
2509 1333 2539 1363 ei
2561 1342 2618 1364 na-

1553 1372 1678 1403 turalis.
1703 1372 1792 1403 Haec
1814 1372 1879 1404 ille.
1903 1373 1996 1404 Unde
2020 1373 2115 1404 habes
2138 1374 2228 1413 quod
2251 1373 2277 1404 si
2300 1374 2400 1405 homo
2425 1382 2506 1406 esset
2529 1383 2619 1408 natu-

1552 1415 1623 1446 ralis
1646 1426 1717 1456 pars
1741 1416 1837 1448 huius
1858 1417 1999 1454 civitatis,
2023 1417 2205 1448 naturaliter
2223 1426 2394 1458 exponeret
2416 1429 2449 1450 se
2464 1421 2561 1452 morti
2583 1427 2620 1452 ut

1551 1467 1668 1497 toturn,
1692 1462 1781 1502 quod
1805 1468 1851 1492 est
1875 1461 1993 1498 civitas,
2008 1461 2136 1498 viveret,
2153 1461 2235 1493 sicut
2250 1472 2364 1493 manus
2381 1464 2549 1504 exponitur
2564 1475 2618 1496 na-

1551 1505 1690 1536 turaliter
1708 1515 1767 1545 pro
1783 1515 1850 1536 esse
1865 1505 1963 1536 totius
1979 1506 2129 1537 hominis.
2149 1506 2284 1538 Constat
2298 1515 2405 1538 autern
2422 1509 2521 1549 quod,
2538 1509 2619 1541 sicut

1551 1559 1619 1580 esse
1641 1559 1756 1580 manus
1782 1557 1812 1580 et
1838 1549 1937 1580 totius
1960 1550 2100 1580 hominis
2124 1550 2267 1581 eiusdem
2290 1558 2364 1582 sunt
2387 1552 2517 1583 rationis
2544 1563 2618 1594 pro—

1550 1593 1779 1635 portionaliter,
1803 1594 1846 1624 ita
1869 1604 1936 1624 esse
1960 1594 2035 1625 civis
2059 1601 2090 1625 et
2113 1595 2256 1626 civitatis.
2578 1631 2583 1633 Α

1606 1637 1647 1668 Et
1662 1637 1868 1669 confirmatur
1883 1637 2048 1669 manifeste
2064 1638 2107 1669 sic
2126 1648 2204 1669 esse.
2229 1638 2313 1677 Quia
2327 1649 2394 1670 non
2409 1638 2446 1672 fit
2459 1640 2512 1672 hic
2526 1648 2617 1675 com-

1550 1682 1672 1721 paratio
1700 1682 1781 1713 inter
1809 1683 1933 1713 bonurn
1957 1682 2034 1713 utile
2058 1689 2093 1713 et⁴
2110 1682 2281 1714 honestum
2295 1706 2302 1720 ‚
2333 1684 2415 1715 sicut
2440 1694 2515 1716 cum
2544 1684 2617 1728 quis

1551 1726 1686 1756 moritur
1708 1736 1767 1767 pro
1791 1727 1909 1757 amico:
1939 1727 1994 1757 sed
2017 1733 2084 1758 tota
2106 1727 2154 1758 vis
2176 1727 2307 1759 rationis
2329 1729 2447 1770 pendet
2469 1738 2507 1760 ex
2528 1738 2617 1763 com-

1549 1770 1714 1810 paratione
1736 1770 1832 1811 partis
1856 1771 1896 1801 ad
1919 1777 2036 1808 toturn,
2060 1771 2135 1812 quia
2158 1781 2247 1811 pars,
2272 1773 2450 1805 secundum
2471 1773 2504 1805 id
2526 1775 2618 1816 quod

1550 1820 1606 1850 est,
1629 1814 1728 1844 totius
1751 1821 1807 1851 est,
1832 1821 1868 1845 ut
1890 1814 2009 1846 ibidem
2032 1821 2128 1855 patet.
2152 1815 2199 1846 Ex
2217 1815 2340 1848 ratione
2359 1827 2434 1858 ergo
2457 1827 2523 1859 qua
2544 1815 2617 1859 pars

1549 1864 1596 1889 est
1618 1857 1694 1888 civis
1717 1858 1866 1899 quilibet,
1899 1859 1991 1890 debet
2013 1858 2111 1890 totius
2135 1859 2267 1891 civitatis
2289 1860 2415 1892 bonum
2441 1860 2618 1903 temporale

1549 1902 1680 1943 proprio
1710 1902 1878 1944 temporali
1906 1904 1994 1934 bono
2023 1913 2229 1944 praeponere.
2262 1903 2338 1935 Non
2361 1912 2469 1937 autem
2491 1906 2616 1939 bom'n'n

1548 1947 1716 1988 proprium
1731 1947 1865 1978 alicuius
1880 1947 1956 1978 civis
1972 1954 2096 1979 tenetur
2112 1958 2171 1979 suo
2190 1958 2397 1989 praeponere.
2420 1950 2463 1981 Et
2483 1950 2550 1982 hoc*
2565 1950 2617 1984 h'ie

1549 1992 1712 2023 docemur.
1746 1992 1839 2023 Unde
1867 1999 1951 2023 extra
1980 1992 2185 2033 propositum
2212 2000 2289 2025 sunt
2316 2003 2399 2035 quae
2428 2004 2488 2035 pro
2511 1993 2616 2028 amia&

1548 2036 1670 2076 agenda
1685 2042 1770 2067 sunt.
1794 2053 1814 2059 -
1838 2035 2024 2068 Verificatur
2046 2043 2153 2068 tamen
2175 2037 2209 2068 in
2232 2037 2400 2078 proposito
2419 2039 2509 2080 quod
2528 2039 2614 2079 civis.

1546 2080 1646 2111 vitam
1665 2080 1798 2111 civitatis
1812 2080 1896 2111 vitae
1915 2080 2062 2121 propriae
2080 2088 2286 2122 anteponens,
2302 2081 2362 2113 sibi
2375 2082 2437 2123 ipsi
2453 2083 2615 2124 optimum

1548 2123 1635 2165 eligit
1657 2125 1835 2155 secundum
1858 2124 2031 2162 rationem,
2065 2131 2095 2156 et
2117 2125 2258 2165 seipsum
2281 2124 2418 2158 maxime
2442 2134 2543 2166 amat,
2567 2134 2615 2170 se·-

1548 2168 1690 2199 cundum
1712 2169 1862 2199 virtutem
1885 2168 2071 2200 excellenter
2093 2179 2238 2210 operans.

1602 2213 1654 2244 111.
1675 2213 1710 2243 In
1722 2212 1929 2253 responsione
1945 2214 1985 2244 ad
2001 2214 2178 2244 secundum
2196 2220 2274 2245 nota
2288 2213 2464 2254 elegantem
2473 2215 2615 2256 glossam

1547 2263 1578 2288 et
1595 2256 1791 2288 intellectum
1809 2257 1895 2288 illius
1913 2257 2157 2298 propositionis:
2180 2258 2328 2289 Amabile
2341 2259 2468 2300 quidem
2485 2260 2613 2299 bonus,

1547 2302 1718 2342 unicuique
1745 2307 1853 2332 autem
1878 2303 2049 2343 proprium
2069 2302 2101 2333 *ι
2132 2302 2222 2343 quod
2248 2303 2324 2344 quia
2354 2313 2421 2334 esse
2447 2304 2615 2345 propriu

1547 2345 1655 2376 multis
1678 2345 1783 2376 modis
1807 2345 1971 2386 contingit,
1995 2347 2253 2388 unumquodque
2276 2347 2400 2379 bonum
2419 2347 2552 2386 alicuius
2574 2358 2614 2382 ω

1546 2389 1646 2420 modo
1677 2399 1743 2431 quo
1768 2396 1814 2420 est
1837 2390 2020 2431 proprium,
2045 2397 2092 2422 est
2114 2391 2298 2422 amandum.
2332 2390 2374 2422 Et
2405 2391 2450 2423 sic
2473 2391 2615 2431 cumsin

1545 2434 1724 2474 proposito,
1749 2433 1916 2474 dupliciter
1932 2434 2094 2475 contingat
2117 2433 2237 2476 aliquid
2253 2444 2320 2466 esse
2335 2435 2460 2467 bonum
2476 2436 2605 2468 alterins

1546 2485 1601 2508 aut
1624 2478 1740 2509 scilicet
1763 2478 1837 2518 quia
1861 2485 1908 2509 est
1930 2485 2060 2519 propter
2083 2479 2201 2520 ipsum,
2225 2485 2282 2510 aut
2303 2489 2321 2510 e
2337 2486 2465 2518 contra;
2487 2481 2578 2513 hm

1545 2522 1645 2553 totius
1663 2529 1711 2553 est
1729 2523 1853 2553 bonum
1875 2523 1974 2563 partis
1991 2533 2059 2554 non
2077 2523 2122 2554 ita
2143 2524 2233 2564 quod
2257 2523 2296 2555 sit
2318 2531 2450 2566 propter
2469 2524 2612 2566 partem,

1546 2567 1602 2597 sed
1620 2576 1637 2597 e
1654 2573 1773 2603 contra,
1793 2567 1884 2607 quod
1901 2566 2021 2598 scilicet
2039 2577 2111 2608 pars
2126 2575 2173 2599 est
2190 2574 2321 2609 propter
2336 2574 2452 2601 totum.
2475 2570 2518 2602 Et
2536 2579 2614 2610 pm·

1545 2617 1652 2651 pterea
1667 2621 1740 2651 pars
1755 2617 1841 2642 amat
1863 2611 1988 2643 bonum
2010 2610 2109 2644 totius
2132 2618 2287 2653 tanquam
2304 2613 2472 2655 proprium
2487 2624 2555 2646 non
2566 2614 2614 2648 ita

1545 2655 1634 2696 quod
1649 2654 1762 2686 referat
1776 2655 1900 2686 bonum
1914 2655 2012 2687 totius
2027 2656 2060 2687 in
2077 2654 2214 2696 seipsam
2229 2663 2362 2697 partem,
2380 2658 2441 2688 sed'
2453 2668 2471 2689 e
2487 2660 2612 2696 contra:

1544 2699 1588 2729 ita
1610 2698 1729 2730 scilicet
1751 2700 1839 2740 quod
1863 2699 1957 2731 refert
1979 2699 2116 2741 seipsam
2138 2700 2171 2731 in
2194 2701 2319 2732 bonum
2341 2701 2451 2733 totius.
2600 2738 2602 2740 ,

1601 2743 1708 2773 Habes
1724 2751 1856 2784 quoque
1870 2754 1907 2774 ex
1922 2743 1985 2775 hoc
1999 2744 2072 2774 loco
2091 2753 2190 2785 quam
2204 2745 2286 2776 bene
2300 2745 2423 2776 dictum
2437 2741 2612 2786 superius*

1545 2786 1594 2823 sit,
1619 2793 1728 2817 contra
1750 2787 1894 2818 Durandi
1917 2788 2126 2828 phantasiam,
2151 2789 2240 2830 quod
2262 2789 2350 2820 Deus
2367 2790 2547 2821 secundum
2562 2797 2611 2822 se·

1544 2830 1652 2871 ipsum
1676 2838 1723 2862 est
1745 2831 1913 2872 proprium
1936 2832 2064 2863 bonum·
2076 2832 2232 2874 cuiusque
2244 2840 2415 2871 creaturae,
2439 2841 2470 2866 et
2492 2834 2611 2876 :pucia-

1544 2874 1614 2905 liter
1635 2874 1865 2908 intellectualis.

1209 2999 1525 3042 ARTICULUS
1555 3001 1829 3051 QUARTUS

606 3079 763 3110 UTRUM
787 3079 917 3111 HOMO
941 3081 999 3111 EX
1023 3081 1244 3113 CARITATE
1268 3081 1399 3113 MAGIS
1422 3082 1595 3114 DEBEAT
1620 3083 1824 3116 DILIGERE
1847 3084 2025 3117 SEIPSUM
2049 3085 2175 3124 QUAM
2201 3084 2433 3121 PROXIMUM

655 3149 731 3180 Infra,
751 3157 795 3182 qu.
814 3157 880 3180 mv,
901 3155 949 3175 art.
967 3150 992 3180 8,
1011 3151 1044 3175 ad
1065 3158 1098 3182 23
1116 3151 1147 3176 111
1167 3151 1250 3181 Sent„
1270 3151 1329 3177 dist.
1347 3160 1413 3183 xxxx,
1433 3158 1479 3178 art.
1500 3152 1530 3184 5;
1551 3154 1593 3179 De
1615 3154 1721 3184 Vir-tut„
1741 3162 1786 3188 qu.
1805 3162 1832 3185 u.
1851 3160 1898 3181 art.
1917 3162 1947 3189 9;
1967 3155 1988 3181 11
2006 3156 2044 3182 ad
2060 3156 2137 3186 nm„
2157 3165 2213 3191 cap.
2230 3165 2268 3190 m,
2286 3158 2345 3185 lect.
2363 3166 2382 3184 ι.

500 3228 525 3243 x!
560 3235 567 3245 r

574 3298 635 3330 xb-

616 3232 621 3244 ι
643 3223 665 3248 n
685 3223 859 3254 QUARTUM
878 3224 930 3249 sic
951 3224 1191 3252 paocam'rua.
1208 3214 1368 3252 Videtur
1385 3214 1491 3263 quod
1546 3223 1587 3252 ut
1606 3228 1720 3265 supra
1738 3216 1758 3238 ³¹⁶
1778 3217 1920 3255 dictum
1945 3225 2011 3255 est.
2042 3219 2120 3256 Sed
2144 3219 2378 3269 quandoque
2401 3221 2521 3258 homo
2541 3222 2608 3259 ha·
2634 3234 2645 3244 ·

643 3265 763 3302 homo
784 3276 829 3301 ex
848 3265 1000 3302 caritate
1029 3279 1108 3303 non
1135 3267 1255 3315 magis
1280 3268 1417 3306 debeat
1437 3268 1491 3304 di·
1546 3269 1610 3305 bet
1628 3269 1846 3318 proximum
1868 3275 1886 3292 ²
1905 3271 2025 3320 magis
2044 3272 2130 3309 Deo
2153 3272 2401 3315 coniunctum
2425 3283 2542 3324 quam
2562 3273 2609 3312 sit

594 3322 615 3365 (1.
643 3317 757 3365 ligere
783 3317 951 3367 seipsum
980 3331 1097 3366 quarn
1126 3320 1356 3368 proximum.
1386 3321 1491 3358 Prin·
1544 3321 1638 3370 ipse.
1682 3323 1784 3370 Ergo
1823 3324 1938 3361 debet
1973 3325 2108 3373 aliquis
2145 3325 2266 3374 magis
2302 3327 2418 3364 talem
2454 3327 2607 3375 diligere

523 3371 579 3406 -’”ε’
603 3362 764 3419 ΧείΡξιΙε
784 3371 884 3408 enim
905 3371 1097 3409 obiectum
1117 3373 1277 3411 caritatis
1296 3381 1353 3411 est
1370 3374 1489 3421 Deus,
1546 3385 1663 3422 quam
1693 3375 1874 3424 seipsum.

482 3483 509 3515 α)
524 3484 692 3515 proximum.
710 3497 729 3503 —
747 3484 808 3509 Om.
828 3484 966 3517 BFLpAK.

2641 2312 2652 2323 ¹⁵
2665 2311 2764 2335 Aslsmt.
2775 2312 2852 2335 mic.

2640 2338 2682 2361 lib.
2691 2337 2754 2366 vm,
2768 2345 2820 2367 cap.
2829 2345 2853 2367 ιι,

2639 2370 2852 2419 renutat

2639 2751 2649 2761 ⁸
2657 2750 2705 2779 Qu.
2713 2757 2771 2776 xvu.
2778 2755 2821 2774 nrt.
2828 2758 2849 2780 5,

2638 2776 2771 2800 Commeat.
2785 2784 2850 2800 num„

2637 2810 2653 2825 v
2665 2809 2718 2832 sqq.
