2892 4056
174 504 184 514 ⁸
199 504 255 531 Cap.
271 511 309 526 xv.

173 820 183 829 ⁸
194 818 241 845 Qu.
257 824 328 845 xxxn,
340 822 382 840 art.

172 852 191 873 5,
207 845 235 866 ad
250 852 273 871 4.

171 1190 181 1200 ¹⁵
189 1190 244 1211 Loc.
251 1190 289 1211 cit.
300 1190 323 1211 in
331 1196 378 1217 arg.

418 210 496 255 264

466 289 526 324 AD
564 299 699 325 ptumum
732 299 830 324 eaeo
868 298 1050 324 memnon
1084 287 1191 334 quod
1223 287 1263 323 in
1294 288 1472 324 omnibus

415 340 524 377 bonis
550 340 707 387 agendis
740 339 909 388 operatio
943 338 1107 375 hominis
1144 351 1223 376 non
1253 347 1307 376 est
1341 341 1474 377 efficax

414 393 483 429 nisi
503 394 599 430 adsit
618 392 796 429 auxilium
818 391 1014 429 divinum:
1045 398 1081 427 et
1107 398 1238 429 tamen
1264 393 1384 429 homo
1410 393 1472 430 de-

413 446 477 482 bet
504 446 625 482 facere
654 445 759 493 quod
778 444 816 480 in
835 456 875 480 se
896 451 961 480 est.
992 445 1102 480 Unde
1122 445 1354 492 Augustinus
1375 445 1473 492 dicit,

411 497 450 534 in
469 498 565 534 libro
586 498 631 534 de
654 498 761 533 Corr.
783 502 820 533 et
840 497 944 533 Grat.
961 496 996 532 *ε
1038 496 1256 534 Nescientes
1283 498 1365 546 quis
1385 509 1474 546 per-

411 551 526 587 tineat
551 551 602 586 ad
621 549 987 597 praedestinatorum
1008 561 1207 586 numerum
1236 556 1273 586 et
1297 551 1380 598 quis
1398 562 1472 587 non

404 603 612 650 pertineat,
647 602 701 637 sic
732 602 839 649 affici
870 603 1045 638 debemus
1073 602 1239 639 caritatis
1265 603 1402 652 affectu
1437 609 1477 639 ut

411 667 539 692 omnes
566 654 723 691 velimus
749 654 875 690 salvos
891 654 996 701 fieri.
1027 655 1076 691 Et
1100 654 1188 692 ideo
1208 655 1389 692 omnibus
1410 655 1475 692 de-

410 709 545 744 bemus
573 708 758 743 fraternae
788 707 1032 743 correctionis
1052 707 1223 744 officium
1252 708 1473 756 impendere

410 761 480 797 sub
510 772 577 808 spe
607 758 724 796 divini
754 758 891 796 auxilii.

461 815 520 849 Au
544 823 734 849 SECUNDUM
759 823 945 849 D1CENDUM
970 812 1089 861 quod,
1120 812 1215 849 sicut
1242 813 1391 861 supra*
1420 813 1474 850 di-

410 873 510 902 ctum
532 872 598 911 est,
629 864 759 901 omnia
786 873 991 914 praecepta
1010 877 1108 913 quae
1128 865 1318 914 pertinent
1337 866 1386 903 ad
1404 866 1474 904 im—

407 918 653 966 pendendum
692 917 848 965 aliquod
880 918 1112 955 beneficium
1145 919 1321 967 proximo
1363 919 1474 956 redu-

408 978 542 1007 cuntur
561 970 610 1007 ad
637 977 884 1019 praeceptum
914 971 961 1008 de
980 971 1234 1009 honoratione
1257 979 1472 1021 parentum.

459 1026 518 1060 AD
547 1035 707 1061 TERTmM
739 1035 924 1061 DICENDUM
958 1025 1062 1073 quod
1097 1025 1281 1062 correctio
1310 1026 1474 1063 fraterna

406 1076 597 1125 tripliciter
615 1076 736 1113 omitti
756 1084 893 1125 potest.
918 1078 1006 1115 Uno
1027 1077 1182 1127 quidem
1203 1077 1335 1123 modo,
1361 1079 1474 1115 meri-

405 1130 516 1166 torie:
530 1130 684 1178 quando
698 1141 742 1166 ex
754 1130 905 1167 caritate
921 1130 1055 1179 aliquis
1072 1131 1347 1168 correctionem
1363 1131 1474 1168 omit-

405 1181 457 1219 tit.
487 1182 588 1219 Dicit
617 1182 718 1219 enirn
747 1183 993 1231 Augustinus,
1023 1184 1060 1220 in
1081 1185 1094 1220 Ι
1115 1185 1161 1220 de
1180 1184 1260 1221 Civ.
1281 1184 1403 1220 Dei*:
1433 1185 1475 1221 Si

402 1241 604 1283 propterea
645 1236 801 1284 quisque
836 1237 1084 1286 obiurgandis
1121 1243 1158 1272 et
1195 1236 1472 1283 corripiendisc

405 1289 505 1325 male
533 1289 730 1338 agentibus
760 1290 906 1337 parcit,
941 1290 1029 1336 quia
1057 1289 1302 1336 opportunius
1330 1294 1473 1337 tempus

405 1341 608 1389 inquiritur
616 1355 630 1385 ,·
665 1341 725 1378 vel
751 1342 888 1378 eisdem
917 1341 1004 1389 ipsis
1031 1342 1162 1378 metuit
1193 1354 1240 1378 ne
1271 1341 1473 1379 deteriores

405 1406 455 1431 ex
480 1396 552 1431 hoc
579 1395 808 1442 efficiantur,
839 1394 899 1431 vel
926 1395 978 1431 ad
1003 1395 1142 1431 bonam
1170 1395 1287 1431 vitam
1307 1399 1342 1430 et
1362 1395 1470 1442 piam

405 1447 628 1484 erudiendos
656 1447 863 1495 impediant
891 1447 986 1484 alios
1013 1448 1186 1495 infirmos
1213 1454 1249 1484 et
1271 1453 1470 1495 premant,

404 1506 516 1549 atque
532 1505 709 1541 avertant
732 1512 756 1536 a
773 1501 881 1547 fide;
907 1512 982 1537 non
1002 1501 1150 1538 videtur
1167 1512 1246 1537 esse
1263 1501 1472 1549 cupiditatis

405 1553 565 1599 occasio,
579 1553 645 1590 sed
661 1553 858 1589 consilium
878 1554 1055 1590 caritatis.
1078 1575 1101 1582 -
1118 1553 1204 1590 Alio
1226 1554 1345 1591 modo
1365 1566 1473 1602 prae-

403 1606 619 1643 termittitur
637 1607 800 1643 fraterna
820 1606 1003 1643 correctio
1024 1619 1111 1643 cum
1131 1614 1289 1655 peccato
1309 1607 1472 1644 mortali:

406 1660 560 1708 quando
589 1659 730 1696 scilicet
744 1659 996 1707 formidatur,
1024 1666 1067 1696 ut
1093 1660 1173 1696 ibi'l
1203 1659 1349 1706 dicitur,
1379 1660 1472 1697 iudi-

404 1713 504 1750 cium
538 1713 646 1762 vulgi
677 1717 713 1748 et
737 1713 864 1749 carnis
896 1713 1127 1749 excruciatio
1154 1713 1216 1749 vel
1238 1713 1472 1761 peremptio;

405 1766 498 1803 dum
526 1773 655 1802 tamen
684 1765 779 1801 haec
807 1765 856 1801 ita
885 1765 1132 1802 dominentur
1149 1765 1186 1801 in
1207 1765 1336 1802 animo
1365 1766 1471 1814 quod

404 1819 590 1855 fraternae
623 1817 765 1854 caritati
798 1825 1094 1866 praeponantur.
1134 1819 1183 1854 Et
1214 1818 1289 1854 hoc
1320 1818 1474 1855 videtur

405 1871 622 1918 contingere
660 1870 816 1918 quando
855 1870 990 1919 aliquis
1022 1871 1232 1919 praesumit
1265 1871 1312 1908 de
1345 1871 1472 1919 aliquo

405 1925 647 1973 delinquente
667 1923 914 1972 probabiliter
933 1925 1039 1973 quod
1059 1930 1190 1973 posset
1218 1936 1307 1960 eum
1336 1936 1358 1961 a
1385 1936 1474 1973 pec-

405 1986 489 2015 eato
514 1977 718 2016 retrahere
743 1984 780 2013 et
798 1984 928 2014 tamen
952 1985 1109 2026 propter
1126 1977 1306 2014 timorem
1323 1978 1387 2014 vel
1411 1989 1475 2014 cu-

404 2031 602 2080 piditatem
622 2030 895 2078 praetermittit.
916 2050 941 2059 -
961 2030 1093 2067 Tertio
1113 2030 1233 2066 modo
1252 2030 1475 2067 huiusmodi

457 2141 483 2174 ζ)
501 2141 687 2172 corripiendis.
706 2155 724 2160 -
742 2141 948 2173 corripientibus
972 2142 1165 2174 ABILpCKxR,
1191 2143 1424 2174 corrumpentibus
1442 2143 1471 2174 1²¹3

404 2184 452 2210 pro
472 2177 656 2209 opportunius,
675 2180 767 2208 aptum
787 2177 816 2206 B,
835 2181 1015 2209 opportunum
1036 2178 1111 2206 PDa,·
1130 2186 1178 2211 pro
1192 2178 1362 2208 erudiendos,
1381 2179 1472 2204 erudi-

405 2215 447 2238 tos
466 2213 498 2243 P;
518 2219 566 2244 pro
584 2212 660 2241 alios,
680 2212 784 2244 aliquos
802 2211 857 2237 PD.

458 2248 485 2279 η)
506 2248 549 2272 ibi.
563 2260 582 2266 —
600 2247 696 2272 ibidem
717 2247 835 2272 ADGsC.

1078 208 1344 255 QUAEsrlo
1374 210 1552 256 xxxm,
1582 208 1878 245 ARTmULUS
1909 210 1941 245 11

1527 287 1684 324 omissio
1709 294 1764 323 est
1788 294 1990 334 peccatum
2008 287 2172 324 veniale:
2207 289 2363 336 quando
2392 289 2506 326 timor
2525 287 2589 325 et⁰

1527 340 1708 388 cupiditas
1727 339 1934 376 tardiorem
1954 339 2096 376 faciunt
2113 340 2312 378 hominem
2332 342 2379 379 ad
2401 342 2590 390 corrigen-

1527 393 1620 429 dum
1641 391 1776 428 delicta
1794 391 1927 439 fratris,
1947 403 2027 428 non
2045 399 2175 429 tamen
2194 393 2244 430 ita
2263 394 2380 442 quod,
2401 394 2431 431 si
2451 394 2485 430 ei
2501 407 2591 431 con-

1527 451 1640 482 staret
1673 443 1778 492 quod
1806 444 1958 481 fratrem
1986 452 2117 493 posset
2144 457 2166 481 a
2192 454 2349 493 peccato
2379 448 2588 493 retrahere,

1524 504 1680 546 propter
1707 497 1886 534 timorem
1905 498 1967 534 vel
1994 497 2237 545 cupiditatem
2265 499 2479 546 dimitteret,
2509 499 2591 548 qui-

1526 552 1597 586 bus
1626 549 1665 586 in
1684 549 1816 586 animo
1835 562 1906 587 suo
1933 550 2136 598 praeponit
2158 551 2351 589 caritatem
2375 553 2589 589 fraternam.

1526 604 1574 639 Et
1602 603 1677 638 hoc
1705 603 1824 639 modo
1858 603 2120 652 quandoque‘
2149 603 2221 640 viri
2254 604 2373 641 sancti
2401 605 2592 652 negligunt

1526 655 1716 702 corrigere
1744 655 2022 704 delinquentes.

1579 709 1637 744 AD
1666 719 1839 750 QUARTUM
1858 710 2043 746 memnon
2071 704 2176 755 quod
2195 707 2288 745 illud
2307 710 2411 757 quod
2433 709 2593 746 debetur

1526 760 1635 797 alicui
1663 760 1935 798 determinatae
1972 769 2007 798 et
2035 767 2158 797 certae
2186 773 2395 809 personae,
2434 762 2515 799 sive
2549 762 2593 798 sit

1525 815 1674 851 bonum
1693 814 1892 862 corporale
1919 813 2001 852 sive
2021 813 2225 862 spirituale,
2255 821 2407 863 oportet
2433 814 2539 862 quod
2558 815 2594 852 ei

1524 866 1797 915 impendamus
1816 878 1895 903 non
1914 874 2156 916 expectantes
2184 867 2289 915 quod
2318 866 2431 904 nobis
2459 878 2593 904 occur-

1526 927 1591 967 rat,
1621 919 1688 956 sed
1718 919 1885 956 debitam
1915 919 2207 956 sollicitudinem
2235 919 2422 958 habentes
2440 927 2483 956 ut
2502 931 2592 956 eum

1525 972 1773 1021 inquiramus.
1802 971 1915 1010 Unde
1943 971 2038 1009 sicut
2065 972 2124 1010 ille
2153 972 2218 1020 qui
2248 972 2362 1010 debet
2386 971 2592 1022 pecuniam

1526 1025 1702 1062 creditori
1726 1025 1839 1062 debet
1862 1037 1951 1062 eum
1980 1025 2170 1074 requirere
2197 1038 2284 1062 cum
2311 1033 2463 1074 tempus
2483 1025 2593 1062 fuerit

1523 1085 1566 1115 ut
1593 1078 1627 1115 ei
1655 1077 1828 1115 debitum
1856 1077 2006 1124 reddat,
2036 1078 2086 1115 ita
2114 1077 2179 1127 qui
2206 1079 2323 1115 habet
2350 1078 2593 1128 spiritualiter

1525 1143 1657 1167 curam
1678 1130 1835 1167 alicuius
1856 1130 1970 1167 debet
1989 1142 2078 1167 eum
2099 1142 2282 1178 quaerere
2307 1132 2356 1168 ad
2386 1132 2460 1168 hoc
2487 1131 2592 1180 quod

1525 1195 1614 1219 eum
1636 1182 1797 1229 corrigat
1824 1182 1871 1219 de
1898 1189 2069 1230 peccato.
2100 1183 2178 1219 Sed
2197 1183 2258 1220 illa
2277 1184 2466 1221 beneficia
2493 1197 2591 1232 quae

1525 1247 1604 1272 non
1637 1235 1823 1271 debentur
1860 1242 1983 1271 certae
2010 1247 2198 1283 personae
2236 1236 2303 1272 sed
2336 1237 2593 1274 communiter

1525 1287 1705 1324 omnibus
1733 1286 1927 1335 proximis,
1957 1287 2038 1324 sive
2066 1287 2140 1324 sint
2169 1288 2381 1336 corporalia
2408 1289 2490 1326 sive
2519 1290 2593 1338 spi-

1525 1341 1683 1388 ritualia,
1704 1352 1782 1377 non
1803 1346 1954 1388 oportet
1976 1351 2047 1376 nos
2071 1351 2254 1389 quaerere
2282 1340 2422 1389 quibus
2442 1341 2592 1391 impen-

1526 1394 1683 1440 damus,
1719 1393 1788 1430 sed
1821 1392 1959 1429 sufficit
1993 1392 2099 1441 quod
2132 1392 2403 1442 impendamus
2435 1393 2490 1432 eis
2527 1394 2593 1443 qui

1525 1446 1636 1484 nobis
1669 1453 1894 1482 occurrunt:
1930 1445 2006 1482 hoc
2040 1445 2143 1482 enim
2181 1445 2291 1495 quasi
2318 1457 2394 1495 pro
2425 1446 2596 1495 quadan

1523 1505 1623 1536 sorte
1650 1499 1872 1535 habendum
1902 1505 1969 1545 est,
1988 1506 2031 1535 ut
2057 1499 2291 1546 Augustinus
2320 1499 2421 1547 dicit,
2448 1499 2489 1537 in
2513 1498 2599 1538 {deff

1524 1554 1633 1590 Doct.
1659 1552 1793 1588 Christ.
1813 1551 1834 1574 ³⁸⁸
1870 1551 1919 1588 Et
1945 1559 2103 1600 propter
2129 1552 2205 1589 hoc
2233 1551 2339 1600 dicit,
2363 1553 2403 1590 in
2422 1552 2520 1590 libro
2548 1553 2630 1590 de·

1531 1606 1639 1643 Verb.
1660 1606 1774 1642 Dom.
1794 1604 1826 1651 ³¹⁸,
1847 1605 1953 1653 quod
1979 1605 2158 1641 admonet
2173 1617 2242 1642 nos
2260 1606 2450 1643 Dominus
2468 1610 2596 1644 noster

1525 1670 1599 1695 non
1629 1658 1826 1707 negligere
1843 1657 2003 1694 invicem
2026 1663 2184 1706 peccata
2204 1664 2346 1705 nostra,
2375 1669 2451 1696 non
2480 1670 2594 1708 quae—

1525 1711 1642 1748 rendo
1670 1711 1761 1759 quid
1785 1710 2050 1758 reprehendas,
2079 1711 2146 1747 sed
2170 1711 2330 1748 videndo
2358 1712 2450 1760 quid
2475 1713 2595 1750 carri·-

1523 1776 1607 1813 gas.
1628 1763 1809 1811 Alioquin
1838 1763 2080 1800 efficeremur
2099 1764 2484 1812 exploratores'vitae
2503 1765 2596 1803 alio-

1525 1828 1631 1854 rum:
1662 1823 1794 1852 contra
1831 1815 1870 1852 id
1905 1816 2010 1864 quod
2045 1815 2184 1853 dicitur
2214 1818 2329 1854 Prov.
2358 1829 2444 1854 xxiv
2466 1817 2502 1855 *ε
2531 1818 2596 1856 Ne

1524 1880 1688 1918 quaeras
1715 1869 1942 1930 impietatem
1979 1869 2017 1906 in
2045 1869 2158 1906 domo
2186 1870 2284 1916 iusti,
2313 1876 2351 1906 et
2374 1882 2450 1908 non
2474 1877 2599 1912 vastes

1525 1923 1692 1971 requiem
1721 1921 1811 1958 eius.
1833 1942 1857 1949 -
1876 1922 1989 1959 Unde
2021 1929 2126 1970 patet
2159 1922 2264 1971 quod
2298 1934 2370 1959 nec
2398 1922 2596 1972 religiosos

1526 1983 1677 2024 oportet
1715 1975 1816 2011 exire
1852 1975 2059 2012 claustrum
2087 1977 2136 2013 ad
2173 1975 2443 2024 corrigendum
2477 1975 2596 2015 deliri-¹

1528 2036 1701 2093 quentes.

1581 2141 1605 2174 θ)
1621 2145 1655 2167 et.
1673 2155 1692 2160 —
1710 2141 1752 2166 vel
1769 2142 1798 2172 P;
1817 2149 1866 2174 pro
1878 2140 1994 2174 faciunt,
2009 2140 2082 2174 facit
2100 2140 2177 2166 PGH.
2555 2149 2557 2152 ⁴

1581 2178 1599 2210 ι)
1619 2177 1786 2210 quandoque.
1804 2190 1823 2195 -
1838 2183 2000 2208 consequens
2019 2179 2059 2201 est
2076 2175 2113 2208 pI,
2136 2179 2326 2208 consequenter
2349 2176 2382 2208 sl,
2401 2180 2451 2210 qne
2468 2185 2513 2210 px.
2531 2178 2596 2211 quta

1525 2221 1569 2245 pn,
1589 2217 1649 2245 post
1666 2211 1754 2237 sancti
1772 2212 1844 2244 ponit
1867 2212 1895 2242 C,
1915 2216 1975 2243 post
1999 2211 2140 2244 negligunt
2163 2216 2265 2243 ponunt
2289 2211 2374 2242 Ian,
2397 2211 2439 2237 hic
2458 2217 2484 2238 et
2501 2213 2595 2246 iterum

1524 2252 1587 2280 post
1604 2247 1747 2280 negligunt
1765 2247 1893 2271 ABFHK.
2559 2248 2562 2257 ’

1083 2317 1416 2350 Commentario»
1437 2317 1688 2351 Cardinalis
1710 2317 1912 2350 Caietam

437 2399 456 2418 N
480 2387 613 2418 articulo
637 2388 788 2423 secundo,
813 2387 845 2417 in
861 2387 1069 2428 responsione
1084 2388 1123 2417 ad
1147 2387 1286 2424 tertium,
1302 2394 1388 2423 nota,
1413 2397 1472 2427 pro

410 2400 594 2462 Itimoratis
627 2431 844 2467 conscientiis,
869 2432 958 2472 quod
988 2431 1119 2472 quando
1152 2431 1305 2462 correctio
1336 2431 1472 2461 fraterna

407 2476 566 2506 omittitur
580 2475 630 2505 vel
646 2481 776 2515 propter
791 2474 950 2506 defectum
967 2476 1044 2515 spei,
1065 2474 1140 2516 quia
1156 2475 1273 2506 scilicet
1289 2485 1354 2506 non
1371 2481 1474 2515 sperat

407 2519 498 2550 illum
522 2530 554 2549 se
571 2519 831 2555 emendaturum;
856 2519 905 2549 vel
927 2526 1058 2560 propter
1079 2525 1259 2559 respectum
1282 2519 1473 2555 humanum,

408 2564 484 2604 quia
506 2564 597 2594 timet
619 2573 659 2593 ne
682 2563 773 2594 illum
797 2562 945 2600 offendat,
969 2563 1019 2594 vel
1042 2563 1117 2604 quia
1141 2563 1232 2594 timet
1254 2573 1294 2593 ne
1309 2569 1474 2603 reputetur

407 2615 708 2648 praesumptuosus;
733 2607 783 2637 vel
806 2614 936 2647 propter
958 2607 1180 2647 ignorantiam,
1209 2607 1284 2648 quia
1317 2617 1383 2637 non
1407 2616 1472 2637 cre-

408 2652 453 2683 dit
480 2662 514 2682 se
536 2651 569 2682 in
600 2652 654 2682 tali
683 2661 757 2682 casu
780 2651 930 2691 obligari3
960 2658 1006 2688 et,
1032 2651 1180 2688 breviter,
1208 2661 1246 2682 ex
1269 2661 1473 2692 quacumque

409 2706 502 2727 causa
525 2695 702 2726 omittatur:
716 2713 734 2719 -
754 2695 779 2726 si
804 2695 864 2726 hoc
888 2696 1025 2727 salvatur
1046 2696 1079 2726 in
1102 2696 1342 2736 praeparatione
1366 2695 1474 2731 animi,

408 2740 526 2771 scilicet
548 2740 646 2781 quod,
672 2739 698 2769 si
721 2740 859 2770 crederet
875 2739 1078 2779 probabiliter
1093 2740 1182 2780 quod
1205 2739 1299 2770 illum
1315 2750 1332 2770 a
1349 2739 1475 2769 mortali

408 2791 538 2824 peccato
563 2783 749 2820 retraheret,
782 2783 892 2814 omnia
925 2790 1134 2824 postponeret
1161 2783 1280 2814 caritati
1303 2783 1473 2820 fraternae,

409 2838 475 2858 non
499 2835 546 2859 est
568 2834 734 2868 peccatum
758 2828 901 2859 mortale.
925 2829 967 2859 Et
981 2828 1060 2859 ratio
1085 2834 1131 2859 est
1153 2827 1229 2868 quia
1250 2827 1284 2857 in
1308 2827 1362 2858 tali
1378 2826 1475 2857 omis-

409 2872 498 2903 sione
521 2882 588 2903 non
603 2872 725 2903 tollitur
746 2872 824 2903 ratio
842 2871 924 2903 finis.
949 2871 1094 2903 Salvatur
1117 2871 1203 2902 enim
1217 2871 1352 2902 intentio
1368 2881 1475 2902 emen-

410 2916 547 2947 dationis
571 2916 682 2953 fratris‚
698 2926 796 2956 quam
819 2916 954 2947 intendit
969 2917 1093 2947 caritas:
1119 2923 1150 2947 et
1165 2915 1306 2946 defectus
1322 2915 1478 2955 contingit

409 2960 442 2990 in
458 2959 525 2990 aliis
538 2960 790 2997 circumstantiis,
806 2967 883 3000 puta
905 2960 1157 2992 consideratione
1182 2959 1346 3000 temporis,
1368 2959 1475 2996 medii,

411 3013 562 3034 occursus
585 3004 635 3034 vel
658 3004 764 3040 debiti,
790 3011 820 3034 et
842 3004 1039 3036 huiusmodi.
1063 3004 1197 3036 Virtutis
1221 3010 1328 3034 autem
1351 3004 1476 3034 bonum

411 3058 478 3078 non
506 3047 628 3078 tollitur
658 3048 903 3079 substantialiter
932 3049 1019 3079 salvo
1050 3050 1138 3080 bono
1162 3049 1252 3089 quod
1279 3054 1326 3079 est
1354 3057 1391 3078 ex
1413 3047 1475 3078 fine

412 3092 498 3123 unde
521 3091 726 3132 specificatur,
744 3092 889 3132 quamvis
912 3092 1035 3123 deficiat
1050 3093 1083 3123 in
1107 3093 1213 3133 aliqua
1232 3091 1476 3128 circumstantia,

412 3143 449 3167 ut
470 3136 504 3166 in
527 3136 630 3166 littera
653 3135 778 3166 dicitur:
804 3143 934 3176 propter
956 3147 1054 3177 quem
1077 3136 1239 3167 defectum
1260 3136 1383 3166 veniale
1406 3146 1478 3176 pec-

414 3186 520 3212 catum
535 3179 716 3210 incurritur.
739 3179 779 3210 Et
801 3179 863 3210 hoc
879 3181 1044 3212 manifeste
1067 3181 1101 3211 in
1123 3181 1182 3211 hac
1197 3180 1406 3221 responsione
1421 3180 1478 3211 do-

414 3234 532 3260 cemur,
557 3224 635 3254 dum
660 3233 756 3264 penes
781 3223 962 3255 dominium
986 3225 1035 3255 vel
1059 3235 1124 3255 non
1150 3224 1331 3256 dominium
1359 3224 1479 3265 passio-

414 3278 495 3298 num
517 3268 550 3298 in
574 3267 682 3298 animo
707 3278 801 3308 supra
825 3268 983 3299 caritatem
1007 3269 1174 3300 fraternam
1197 3268 1373 3299 decernitur
1396 3278 1478 3299 mor-

415 3313 476 3343 tale
499 3312 549 3342 vel
572 3312 704 3342 veniale.

472 3357 508 3386 II.
535 3356 569 3386 In
593 3355 800 3395 responsione
825 3356 864 3385 ad
881 3363 1031 3395 quartum
1054 3357 1179 3387 adverte
1194 3357 1283 3397 quod
1305 3356 1359 3387 illa
1373 3357 1478 3392 verba,

417 3400 468 3430 Ita
493 3401 547 3440 qui
562 3400 655 3430 habet
675 3400 888 3440 spiritualiter
906 3410 1017 3430 curam
1041 3401 1179 3431 alicuius
1193 3401 1283 3432 debet
1297 3410 1369 3431 eum
1385 3410 1478 3440 quae-

418 3453 490 3474 rere
512 3444 555 3474 ad
577 3445 635 3475 hoc
658 3449 693 3475 ut
716 3453 786 3474 eum
811 3445 957 3484 corrigat
979 3444 1018 3474 de
1035 3450 1179 3484 peccato,
1205 3444 1320 3475 habent
1343 3444 1477 3475 dubium

418 3494 548 3527 tangens
570 3488 664 3518 etiam
684 3494 869 3529 sequentem
888 3488 1068 3518 articulum:
1098 3491 1147 3518 An
1161 3489 1289 3529 praelati
1313 3495 1478 3519 teneantur

1520 2397 1671 2428 quaerere
1687 2387 1828 2418 defectus
1840 2387 2052 2423 subditorum,
2066 2393 2198 2427 propter
2210 2393 2418 2427 praeceptum
2430 2389 2602 2421 correction.

1522 2431 1570 2462 nis
1586 2431 1750 2462 fraternae.
1776 2431 1838 2462 Ubi
1854 2438 1930 2461 nota
1945 2431 2035 2472 quod
2058 2441 2123 2461 non
2140 2438 2188 2462 est
2212 2431 2347 2462 dubium
2372 2442 2414 2463 an
2436 2432 2598 2472 praaluns

1522 2482 1666 2506 teneatur
1687 2475 1816 2514 vigilare
1832 2485 1927 2516 super
1942 2484 2070 2515 gregem
2098 2485 2205 2512 suum,
2230 2482 2260 2506 et
2275 2475 2435 2516 inquirere
2461 2476 2488 2507 si
2511 2468 2596 2522 defe-

1522 2526 1591 2550 ctus
1611 2519 1857 2550 committuntur
1880 2529 1897 2549 a
1922 2519 2065 2556 subditis,
2091 2526 2122 2550 et
2145 2519 2299 2559 corrigere
2323 2528 2392 2550 eos:
2422 2519 2485 2551 hoc
2508 2517 2594 2552 enim

1522 2569 1645 2594 constat
1668 2573 1735 2593 esse
1758 2563 1970 2599 verissimum,
1996 2563 2071 2604 quia
2093 2570 2242 2594 tenentur
2264 2564 2303 2594 ad
2320 2563 2383 2595 hoc
2406 2573 2444 2595 ex
2466 2574 2595 2605 praece-

1522 2614 1579 2647 pto
1597 2607 1746 2644 iustitiae,
1770 2617 1869 2648 quam
1893 2606 2083 2647 profitentur
2105 2617 2143 2638 ex
2162 2607 2279 2639 officio.
2309 2608 2371 2639 Sed
2386 2609 2525 2640 dubium
2547 2608 2596 2640 eat

1521 2661 1562 2682 an
1588 2661 1626 2682 ex
1648 2658 1817 2692 praecepto
1843 2651 1979 2683 caritatis
2003 2651 2145 2683 debentis
2170 2652 2401 2684 correctionem
2423 2652 2603 2685 fraternam·

1522 2696 1680 2735 praelatus
1704 2702 1848 2726 teneatur
1871 2696 1911 2726 ad
1933 2696 2163 2737 inquirendum
2186 2696 2300 2728 delicta
2315 2697 2531 2729 subditorum.
2552 2697 2596 2732 Et

1523 2746 1570 2770 est
1593 2739 1674 2770 ratio
1698 2740 1787 2770 dubii
1811 2739 1886 2781 quia
1908 2739 1982 2770 hinc
2011 2740 2114 2771 littera
2146 2740 2220 2771 dicit
2242 2741 2333 2781 quod
2353 2740 2474 2772 habens
2501 2741 2595 2782 spiri-

1523 2783 1653 2814 tualiter
1675 2793 1784 2814 curam
1805 2783 1940 2814 alicuius
1961 2790 2086 2814 tenetur
2104 2783 2389 2824 adinquirendum
2405 2793 2494 2815 eum:
2518 2783 2594 2816 inde

1525 2834 1633 2858 autem
1657 2827 1733 2858 dicit
1755 2827 1844 2870 quod
1868 2834 2073 2869 praeceptum
2097 2828 2136 2858 de
2159 2828 2354 2859 correctione
2381 2828 2518 2860 fraterna
2540 2829 2594 2859 da-

1525 2879 1596 2902 tum
1619 2878 1666 2902 est
1687 2871 1826 2902 cuilibet.
1851 2871 1987 2903 Constat
2002 2878 2110 2902 autern
2131 2872 2221 2913 quod
2243 2872 2426 2903 communia
2443 2872 2594 2905 omnibu·

1525 2923 1693 2956 praecepta
1708 2916 1851 2956 obligant
1866 2916 1905 2946 ad
1923 2926 2113 2947 communen
2133 2916 2284 2947 omnibus
2300 2922 2400 2948 actus.
2423 2917 2466 2948 Et
2481 2917 2531 2948 sic
2539 2923 2599 2949 ωε

1526 2969 1639 2990 ornnes
1663 2967 1718 2991 aut
1741 2960 1868 2991 nullum
1891 2960 2013 3000 obligat
2036 2961 2076 2992 ad
2100 2960 2340 3002 inquirendum.

1582 3004 1635 3034 111.
1659 3004 1711 3034 Ad
1734 3000 1830 3035 huius
1860 3004 2051 3035 evidentiam
2080 3003 2246 3036 sciendum
2269 3011 2318 3036 est
2340 3005 2430 3046 quod
2459 3003 2595 3051 affinitas

1526 3048 1607 3079 inter
1625 3053 1830 3088 praeceptum
1845 3048 2046 3079 correctionis
2059 3048 2212 3080 fraternae
2229 3055 2259 3079 et
2274 3055 2481 3090 praeceptum
2493 3058 2594 3080 corre-

1528 3092 1641 3123 ctionis
1657 3092 1844 3132 praelativae
1858 3099 2003 3133 respectu
2016 3093 2121 3130 huius,
2139 3091 2256 3124 subditi
2271 3092 2379 3134 quoad
2394 3103 2437 3130 se,
2454 3093 2595 3124 obscuri-

1527 3143 1624 3167 tatem
1636 3137 1726 3176 parit.
1741 3136 1901 3167 Praelatus
1913 3136 2008 3173 enim,
2021 3143 2057 3168 ut
2068 3137 2121 3173 sic,
2133 3147 2199 3168 non
2212 3137 2320 3168 solum
2331 3143 2456 3168 tenetur
2467 3136 2509 3168 ad
2519 3146 2596 3178 pm·

1529 3181 1707 3212 curandum
1721 3190 1895 3212 commune
1910 3181 2035 3212 bonum
2060 3181 2240 3212 animarum
2260 3180 2319 3212 sibi
2339 3181 2595 3232 commissarum,

1528 3225 1617 3266 quod
1630 3224 1843 3266 principaliter
1856 3225 2018 3256 intendere
2030 3225 2137 3260 debet;
2150 3227 2206 3256 sed
2222 3225 2317 3256 etiam
2330 3225 2456 3257 bouum
2470 3225 2599 3259 animae

1529 3269 1618 3299 istius
1635 3268 1751 3299 subditi
1767 3269 1827 3300 sui.
1853 3269 1887 3299 In
1904 3269 1995 3300 cuius
2011 3269 2149 3309 signum,
2167 3276 2292 3300 tenetur
2309 3269 2337 3300 ei
2361 3275 2598 3301 sacramentum

1529 3312 1742 3353 poenitentiae
1773 3311 1927 3349 exhibere,
1963 3314 2052 3354 quod
2083 3314 2123 3344 ad
2145 3313 2245 3354 ipsius
2275 3313 2374 3344 solius
2399 3312 2595 3353 spiritualem

1530 3356 1786 3386 emendationem
1800 3356 1844 3387 fit.
1870 3358 1910 3387 Et
1929 3368 2036 3388 rursus
2057 3358 2224 3398 praelatus,
2243 3365 2278 3389 ut
2293 3357 2393 3387 homo
2409 3357 2489 3393 talis,
2506 3364 2594 3387 tene-

1529 3407 1581 3431 tur
1595 3400 1634 3430 ad
1649 3401 1904 3432 emendationem
1920 3401 2022 3432 fratris
2037 3402 2271 3441 procurandam
2286 3411 2342 3441 per
2366 3400 2594 3433 correctionem

1529 3444 1706 3474 fraternam.
1733 3444 1896 3475 Intendere
1921 3455 1995 3485 ergo
2019 3445 2059 3476 ad
2083 3446 2340 3479 emendationem
2367 3443 2513 3485 proximi,
2536 3443 2594 3484 qui

1530 3495 1576 3518 est
1599 3488 1778 3528 principalis
1810 3495 1897 3519 actus
1921 3489 2079 3529 praecepti
2111 3490 2150 3520 de
2174 3489 2366 3520 correctione
2390 3487 2539 3523 fraterna,
2564 3494 2596 3518 et

2619 1545 2702 1593 'Capi
2712 1559 2800 1588 ιἰνιιι.

2619 1616 2832 1668 liz-vhfflz

2621 1669 2685 1697 xvi,
2699 1675 2751 1698 cap.
2766 1676 2781 1693 ι.

2622 1829 2632 1839 ·
2646 1827 2714 1850 Ven-
2728 1833 2757 1856 ¹⁵·
