2892 4056
175 1664 196 1709 {ss
206 1660 279 1708 53³5}-
303 1656 388 1682 CCXL
417 1651 536 1688 stinus
548 1681 557 1698 ,

176 1819 185 1826 ⁸
210 1816 379 1844 ap.va‚al.xvn

177 1883 184 1889 ·
200 1881 251 1900 Art.
268 1877 373 1906 praeced.

176 1923 387 1944 *VideCommenn

272 1951 325 1975 post
345 1951 386 1969 art.

175 1950 387 2004 ffisssszamma.
416 1982 461 2006 eo
483 1970 589 2018 quod
618 1970 824 2019 opponitur
844 1970 1035 2007 dilectioni
1058 1982 1134 2019 qua
1162 1971 1381 2008 naturaliter
1399 1983 1487 2020 pro-

427 215 502 251 282

424 300 565 333 peccato,
590 300 620 323 et
643 301 689 324 est
712 303 805 323 causa
829 293 957 333 peccati.
983 292 1023 321 Et
1038 292 1062 321 si
1087 291 1198 321 novitii
1222 301 1288 322 non
1306 292 1486 331 intelligunt

423 381 503 411 velle
527 381 658 417 malum,
677 381 803 411 effectus
829 380 970 410 eiusdem
993 386 1039 409 est
1062 388 1270 420 quocumque
1292 387 1363 410 actu
1380 380 1397 398 *
1418 390 1484 410 ma-

1068 213 1334 259 QUAESTIO
1363 214 1543 261 XXXIV,
1573 213 1870 250 ARTICULUS
1901 213 1952 250 Vl

1539 292 1608 322 lum
1632 297 1788 331 appetere,
1813 291 1959 331 cogitare,
1977 291 2093 322 facere:
2118 293 2199 324 sicut
2221 294 2349 326 affectus
2369 295 2603 327 inobedientiae

183 355 192 363 ·
218 353 395 380 quomodocum-
425 336 630 368 differentiam
659 338 749 373 hanc,
776 337 937 367 advertant
966 335 1071 375 quod,
1097 345 1171 365 cum
1198 335 1326 366 affectus
1358 336 1423 366 odii
1447 336 1485 366 sit
1540 342 1586 365 est
1601 342 1803 365 contemnere
1819 342 2034 375 praeceptum,
2052 335 2178 367 effectus
2201 344 2309 369 autem
2328 346 2375 370 est
2395 339 2603 381 quomodoli-

182 386 228 407 que
242 382 317 400 actum
332 380 371 400 Pn.

1539 380 1591 410 bet
1614 389 1680 408 non
1704 388 1825 409 servare
1848 386 2063 420 praeceptum,
2088 386 2119 410 et
2142 380 2184 411 sic
2208 381 2246 412 de
2270 382 2349 414 aliis.

1201 510 1555 553 ARTICULUS
1595 510 1826 552 SEXTUS

1016 602 1203 632 UTRUM
1237 601 1404 633 ODIUM
1436 602 1670 633 ORIATUR
1701 602 1765 633 Ex
1796 603 2001 634 1NV1D1A

1086 680 1162 711 Infra,
1182 689 1227 713 qu.
1246 688 1334 712 eLvm,
1354 686 1401 706 art.
1421 689 1446 714 7,
1466 682 1497 705 ad
1519 688 1547 711 25
1570 681 1612 705 De
1629 681 1713 710 Mam,
1733 689 1780 714 qu.
1797 690 1821 713 x,
1841 687 1887 707 art.
1909 682 1932 707 3.

631 763 652 788 D
682 762 822 787 SEXTUM
850 762 903 787 Sic
932 762 1173 788 PRocnmi-UR.
1202 751 1363 788 Videtur
1383 752 1486 800 quod

449 802 496 864 &v
793 815 871 840 non
897 803 1044 862 ’oriatur
1072 817 1118 840 ex
1146 805 1301 842 invidia.
1342 805 1487 842 Invidia

435 859 566 941 ‘³522
580 862 741 946 [52¹5ss
771 857 1337 948 egdiffssinffioessassffiiifir
1356 858 1487 948 253?

419 961 526 1008 stitia,
557 962 625 998 sed
652 962 780 1010 potius
809 975 829 998 e
860 975 1070 1000 converso:
1100 964 1295 1001 tristamur
1315 964 1416 1002 enim
1440 966 1487 1002 de

417 1014 630 1062 praesentia
659 1016 849 1052 malorum
877 1028 975 1064 quae
1005 1017 1170 1054 odimus.
1221 1019 1324 1066 Ergo
1355 1018 1486 1055 odium

418 1080 496 1104 non
525 1067 644 1104 oritur
673 1080 718 1104 ex
747 1067 904 1106 invidia.

471 1132 506 1157 2.
529 1121 765 1168 PRAETEREA,
795 1122 928 1159 odium
949 1122 1141 1160 dilectioni
1161 1124 1380 1172 opponitur.
1411 1124 1488 1160 Sed

418 1173 566 1210 dilectio
603 1174 764 1222 proximi
794 1176 953 1212 refertur
981 1176 1029 1212 ad
1059 1176 1302 1213 dilectionem
1330 1176 1417 1222 Dei,
1446 1183 1488 1212 ut

225 1241 335 1283 gogfvgat
356 1240 389 1281 ἐρ
417 1238 532 1275 supra
552 1227 571 1246 *
600 1227 774 1264 habitum
803 1235 869 1265 est.
899 1229 1002 1276 Ergo
1024 1229 1211 1265 etodium
1237 1229 1402 1277 proximi
1430 1241 1486 1265 re—

417 1280 534 1316 fertur
549 1279 598 1316 ad
618 1280 750 1317 odium
770 1281 854 1317 Dei.
876 1281 953 1318 Sed
973 1281 1106 1318 odium
1127 1281 1199 1319 Dei
1216 1294 1294 1318 non
1311 1289 1489 1318 causatur

418 1345 463 1369 ex
481 1332 643 1370 invidia:
674 1345 752 1369 non
773 1333 875 1370 enim
905 1333 1123 1370 invidemus
1152 1334 1210 1371 his
1231 1335 1295 1382 qui
1320 1335 1487 1371 maxime

417 1398 438 1422 a
467 1386 578 1422 nobis
607 1386 761 1432 distant,
790 1387 858 1423 sed
886 1387 944 1423 his
973 1387 1037 1435 qui
1065 1387 1270 1435 propinqui
1297 1387 1486 1435 videntur,

179 1447 257 1496 {,C³.‘³'
277 1453 306 1472 x,
328 1451 390 1472 n·¹›
416 1446 456 1474 ut
492 1445 596 1487 patet
631 1451 700 1487 per
728 1439 1030 1488 Philosophum,
1060 1440 1099 1476 in
1129 1442 1160 1476 11
1189 1441 1297 1477 Rhet.
1318 1442 1339 1464 *
1384 1442 1486 1488 Ergo

418 1491 551 1529 odium
580 1503 659 1529 non
688 1500 865 1529 causatur
894 1505 939 1529 ex
966 1492 1122 1530 invidia.

473 1546 507 1582 3.
537 1546 780 1592 PRAETEREA,
817 1545 930 1582 unius
969 1545 1128 1582 effectus
1163 1558 1242 1583 una
1275 1554 1331 1584 est
1359 1559 1486 1584 causa.

418 1598 496 1635 Sed
533 1597 667 1635 odium
706 1606 882 1635 causatur
910 1611 954 1635 ex
983 1599 1056 1636 ira:
1096 1599 1185 1636 dicit
1222 1600 1323 1637 enim
1357 1602 1488 1648 Augu-

596 1651 634 1687 in
663 1652 815 1701 Regula
834 1652 866 1699 ³⁸,
896 1651 1002 1700 quod
1029 1652 1089 1689 ira
1118 1653 1251 1689 crescit
1277 1654 1315 1690 in
1344 1654 1486 1691 odium.

418 1705 508 1741 Non
539 1716 628 1751 ergo
659 1712 835 1741 causatur
863 1705 996 1742 odium
1027 1717 1072 1741 ex
1101 1705 1256 1743 invidia.

470 1757 544 1794 SED
560 1768 707 1794 CONTRA
717 1769 784 1794 13s·r
794 1757 899 1806 quod
915 1757 1124 1805 Gregorius
1140 1758 1240 1805 dicit,
1256 1759 1382 1795 XXXI
1397 1760 1487 1795 Mo-

382 1831 387 1839 ‚
415 1810 486 1847 ral.
503 1810 534 1857 ²¹⁴,
565 1811 670 1858 quod
701 1811 748 1847 de
777 1810 923 1847 invidia
952 1811 1071 1848 oritur
1099 1811 1244 1849 odium.

469 1864 695 1900 Responnsso
724 1875 910 1900 DICENDUM
936 1864 1052 1912 quod,
1082 1864 1179 1901 sicut
1208 1865 1351 1902 dictum
1381 1871 1436 1900 est
1453 1864 1485 1911 ²⁸,

415 1917 547 1954 odium
563 1916 729 1965 proximi
749 1924 805 1953 est
823 1916 1001 1954 ultimum
1015 1917 1054 1954 in
1073 1929 1279 1966 progressu
1293 1917 1440 1966 peccati
1454 1917 1485 1964 ³⁸,

414 2023 539 2060 ximus
560 2023 731 2071 diligitur.
763 2023 880 2070 Quod
900 2031 1028 2060 autem
1048 2023 1183 2072 aliquis
1203 2024 1356 2061 recedat
1374 2024 1422 2061 ab
1440 2036 1486 2060 eo

415 2077 520 2126 quod
545 2084 600 2113 est
624 2077 806 2123 naturale,
828 2076 1008 2125 contingit
1034 2089 1080 2113 ex
1104 2078 1179 2114 hoc
1199 2077 1306 2127 quod
1329 2077 1488 2114 intendit

414 2130 533 2167 vitare
554 2130 696 2178 aliquid
717 2130 821 2178 quod
842 2137 897 2166 est
916 2129 1135 2166 naturaliter
1153 2128 1388 2178 fugiendum.
1410 2131 1488 2167 Na-

414 2183 583 2230 turaliter
601 2191 731 2220 autem
756 2194 872 2220 omne
892 2183 1032 2219 animal
1056 2183 1149 2231 fugit
1167 2184 1367 2231 tristitiam,
1393 2184 1488 2221 sicut

417 2245 452 2273 et
480 2236 623 2285 appetit
656 2236 968 2282 delectationem;
1007 2236 1103 2273 sicut
1129 2245 1233 2284 patet
1264 2249 1334 2286 per
1361 2237 1488 2274 Philo-

177 2294 390 2340 spiissli‘ssssilffiilif
416 2291 600 2339 sophum,
630 2289 668 2325 in
695 2290 765 2326 VII
785 2289 806 2311 '¹‘
834 2296 871 2326 et
897 2290 932 2325 X
951 2288 991 2310 *⁸²
1017 2290 1139 2326 Ethic.
1187 2291 1237 2327 Et
1268 2290 1356 2327 ideo
1391 2290 1488 2327 sicut

178 2346 389 2372 ⁸·cap.u‚n.i,2.-

176 2374 200 2394 S.
211 2373 256 2393 Tin.
273 2374 323 2393 lect.
338 2377 361 2392 ιι.

417 2355 462 2380 ex
483 2342 732 2380 delectatione
759 2349 936 2379 causatur
955 2354 1077 2390 amor,
1097 2342 1147 2378 ita
1168 2355 1212 2380 ex
1232 2342 1377 2380 tristitia
1401 2355 1488 2380 cau-

416 2403 520 2433 satur
535 2395 686 2432 odium:
704 2395 798 2432 sicut
813 2395 916 2432 enim
932 2400 950 2416 ‘²
965 2407 1173 2432 movemur
1187 2396 1235 2434 ad
1252 2396 1486 2444 diligendum

417 2462 463 2486 ea
491 2461 590 2498 quae
619 2461 690 2485 nos
719 2448 926 2495 delectant,
957 2448 1183 2497 inquantum
1222 2461 1267 2485 ex
1299 2450 1375 2485 hoc
1402 2449 1486 2497 ipso

417 2502 654 2551 accipiuntur
688 2502 759 2538 sub
788 2501 934 2538 ratione
967 2501 1079 2546 boni;
1121 2502 1172 2538 ita
1204 2514 1411 2538 movemur
1438 2502 1487 2539 ad

418 2555 627 2592 odiendum
658 2566 702 2590 ea
722 2566 819 2603 quae
846 2566 915 2590 nos
936 2554 1168 2601 contristant,
1188 2554 1415 2603 inquantum
1442 2567 1487 2592 ex

416 2610 491 2646 hoc
519 2608 602 2657 ipso
623 2607 858 2656 accipiuntur
877 2608 947 2644 sub
969 2607 1113 2644 ratione
1133 2607 1235 2644 mali.
1266 2609 1377 2646 Unde
1398 2620 1485 2645 curn

417 2661 560 2699 invidia
580 2661 625 2698 sit
643 2660 787 2697 tristitia
808 2661 855 2697 de
875 2661 980 2697 bono
1000 2661 1174 2709 proximi,
1195 2661 1365 2709 sequitur
1382 2662 1487 2709 quod

418 2716 565 2752 bonum
585 2713 748 2763 proximi
772 2714 952 2750 reddatur
971 2714 1083 2751 nobis
1107 2714 1299 2751 odiosum.
1329 2715 1377 2751 Et
1397 2714 1486 2751 inde

420 2776 475 2806 est
502 2767 608 2816 quod
637 2779 682 2803 ex
710 2766 852 2804 invidia
881 2767 1000 2804 oritur
1028 2767 1174 2804 odium.

472 2881 499 2914 α)
520 2881 601 2906 enim.
621 2894 638 2899 ·-
656 2889 723 2913 ergo
743 2881 790 2905 Pa.

472 2915 497 2949 β)
517 2916 720 2948 apprehensiva.
739 2930 758 2934 -
776 2916 966 2948 reprehensiva
985 2915 1125 2948 ABHpr.

1592 754 1650 788 AD
1679 764 1816 790 PRlMUM
1849 764 1947 790 ERGO
1977 764 2162 790 DICENDUM
2191 751 2296 800 quod
2330 751 2419 800 quia
2446 753 2507 790 vis
2541 766 2606 803 ap·

1539 805 1707 853 petitiva,
1737 806 1833 842 sicut
1861 813 1898 842 et
1916 805 2195 855 apprehensiva
2214 803 2241 852 β,
2271 804 2476 842 reflectitur
2493 818 2608 855 super

1539 870 1630 894 suos
1658 865 1775 905 actus,
1806 859 1975 907 sequitur
1993 859 2098 907 quod
2123 858 2162 895 in
2181 857 2349 894 motibus
2377 858 2606 906 appetitivae

1538 911 1685 948 virtutis
1718 911 1764 948 sit
1791 912 1983 962 quaedam
2013 908 2217 948 circulatio.
2248 911 2470 948 Secundum
2498 911 2610 959 igitur

1539 964 1709 1013 primum
1741 977 1965 1014 processum
2003 964 2198 1014 appetitivi
2227 971 2372 1011 motus,
2402 974 2447 999 ex
2475 975 2608 1001 amore

1539 1017 1785 1066 consequitur
1812 1018 2061 1065 desiderium,
2091 1029 2137 1054 ex
2163 1029 2242 1066 quo
2271 1016 2517 1065 consequitur
2545 1018 2609 1055 de-

1539 1070 1706 1117 lectatio,
1736 1083 1824 1107 cum
1858 1071 1942 1119 quis
1975 1077 2204 1108 consecutus
2236 1070 2347 1107 fuerit
2374 1070 2480 1118 quod
2508 1070 2609 1108 ‚desi-

1541 1123 1709 1159 derabat.
1749 1124 1798 1159 Et
1817 1123 1914 1171 -quia
1949 1124 2023 1160 hoc
2051 1123 2178 1172 ipsum
2208 1125 2312 1171 quod
2348 1130 2403 1159 est
2431 1123 2609 1160 delectari

1539 1175 1577 1212 in
1606 1177 1710 1212 bono
1739 1182 1868 1212 amato
1901 1176 2017 1212 habet
2044 1175 2239 1224 quandam
2273 1175 2460 1212 rationem
2494 1176 2606 1224 boni,

1539 1228 1710 1276 sequitur
1729 1228 1834 1276 quod
1862 1227 2062 1265 delectatio
2087 1236 2216 1264 causet
2243 1240 2431 1265 amorem.
2474 1228 2524 1266 Et
2550 1241 2608 1268 se-

1540 1280 1711 1318 cundum
1736 1280 1900 1317 eandem
1930 1281 2116 1318 rationem
2143 1280 2315 1329 sequitur
2333 1281 2439 1328 quod
2465 1282 2610 1321 tristitia

1540 1341 1671 1371 causet
1698 1333 1845 1370 odium.

1593 1388 1652 1423 AD
1681 1397 1872 1424 SECUNDUM
1900 1397 2086 1423 DICENDUM
2115 1385 2220 1434 quod
2251 1385 2324 1422 alia
2347 1385 2447 1422 ratio
2477 1392 2535 1422 est
2558 1385 2608 1424 de

1540 1439 1742 1476 dilectione
1775 1447 1812 1476 et
1839 1439 1942 1476 odio.
1972 1439 2075 1475 Nam
2097 1438 2305 1475 dilectionis
2333 1439 2527 1476 obiectum
2548 1446 2611 1476 est

1539 1493 1704 1540 bonum,
1733 1492 1840 1542 quod
1869 1504 1891 1529 a
1919 1493 2004 1529 Deo
2033 1492 2072 1528 in
2101 1498 2292 1528 creaturas
2321 1491 2534 1530 derivaturz
2571 1499 2611 1537 et

1539 1546 1626 1583 ideo
1653 1545 1802 1583 dilectio
1831 1557 1901 1594 per
1928 1545 2032 1594 prius
2061 1552 2117 1581 est
2144 1544 2228 1591 Dei,
2259 1552 2295 1582 et
2321 1556 2391 1594 per
2417 1545 2609 1594 posterius

1541 1607 1597 1637 est
1614 1599 1791 1648 proximi.
1818 1599 1896 1636 Sed
1916 1598 2048 1635 odium
2070 1605 2127 1635 est
2144 1597 2245 1645 mali,
2271 1598 2378 1645 quod
2396 1610 2476 1635 non
2494 1599 2621 1643 habet*

1539 1654 1669 1689 locum
1698 1652 1737 1688 in
1756 1651 1840 1700 ipso
1860 1652 1958 1698 Deo,
1988 1651 2057 1688 sed
2084 1651 2124 1687 in
2149 1651 2230 1687 eius
2259 1651 2476 1688 effectibus:
2505 1651 2609 1689 unde

1539 1706 1653 1742 etiarn
1674 1717 1789 1754 supra
1810 1706 1829 1724 '¹‘
1859 1704 2002 1741 dictum
2023 1705 2202 1752 estquod
2221 1704 2328 1741 Deus
2348 1716 2428 1741 non
2447 1705 2609 1742 habetur
2634 1715 2644 1726 ⁸

1538 1759 1628 1796 odio
1645 1758 1716 1795 nisi
1729 1758 1957 1806 inquantum
1976 1756 2275 1805 apprehenditur
2289 1757 2502 1795 seeundum
2517 1768 2608 1795 suos

1539 1811 1708 1848 effectus.
1730 1811 1779 1847 Et
1793 1811 1879 1847 ideo
1895 1822 1965 1859 per
1977 1810 2081 1858 prius
2098 1809 2301 1847 estodium
2315 1810 2480 1859 proximi
2491 1823 2608 1860 quam

1539 1865 1671 1902 odium
1699 1863 1784 1901 Dei.
1815 1864 1938 1910 Unde,
1964 1875 2054 1900 cum
2078 1862 2222 1900 invidia
2247 1863 2297 1900 ad
2320 1863 2540 1912 proximum
2563 1864 2611 1902 sit

1539 1925 1662 1955 mater
1679 1922 1695 1946 Ὺ
1723 1917 1802 1954 odii
1830 1917 1934 1966 quod
1955 1924 2012 1953 est
2035 1916 2084 1953 ad
2111 1915 2345 1964 proximum,
2365 1917 2409 1954 fit
2427 1929 2502 1966 per
2520 1929 2611 1956 con-

1538 1983 1704 2019 sequens
1733 1982 1847 2007 causa
1875 1969 1953 2007 odii
1983 1970 2089 2018 quod
2117 1977 2173 2006 est
2199 1969 2239 2006 in
2267 1970 2408 2006 Deum.

1590 2026 1650 2061 An
1669 2035 1830 2060 TERTIUM
1859 2033 2046 2060 manDUM
2075 2023 2181 2071 quod
2217 2022 2309 2059 nihil
2345 2022 2525 2072 prohibet
2551 2034 2610 2060 se-

1540 2078 1711 2115 cundum
1733 2076 1903 2114 diversas
1929 2075 2092 2113 rationes
2111 2075 2252 2124 aliquid
2276 2075 2364 2113 oriri
2383 2088 2428 2114 ex
2449 2075 2610 2115 diversis

1541 2131 1676 2167 causis.
1720 2131 1769 2166 Et
1797 2130 2010 2166 secundum
2038 2129 2114 2165 hoc
2142 2127 2271 2164 odium
2304 2136 2429 2177 potest
2454 2128 2545 2166 oriri
2569 2137 2611 2167 et

1540 2196 1585 2220 ex
1612 2183 1668 2220 ira
1701 2190 1737 2219 et
1765 2195 1810 2219 ex
1837 2182 1992 2220 invidia.
2039 2181 2228 2218 Directius
2256 2189 2386 2218 tamen
2418 2182 2536 2219 oritur
2564 2194 2610 2220 ex

1538 2236 1695 2283 invidia,
1716 2248 1786 2285 per
1804 2247 1921 2285 quam
1941 2235 2067 2284 ipsum
2089 2235 2235 2271 bonum
2254 2235 2419 2284 proximi
2441 2235 2610 2277 redditur

1539 2289 1795 2327 contristabile
1825 2296 1861 2325 et
1887 2301 1957 2337 per
1986 2299 2226 2336 consequens
2260 2287 2414 2325 odibile.
2458 2289 2536 2326 Sed
2565 2293 2609 2330 e&

1538 2343 1594 2380 ira
1609 2343 1727 2379 oritur
1741 2342 1874 2379 odium
1896 2342 2108 2378 secundum
2129 2341 2327 2390 quoddam
2347 2343 2608 2389 augmentum.

1540 2397 1643 2433 Nam
1663 2395 1788 2444 primo
1818 2407 1886 2443 per
1904 2395 2000 2431 iram
2030 2393 2245 2442 appetimus
2270 2394 2417 2433 malum
2445 2395 2610 2444 proximi

1539 2449 1751 2486 secundum
1793 2447 1989 2496 quandam
2033 2458 2254 2484 mensuram
2271 2476 2280 2494 ,
2317 2454 2434 2496 prout
2468 2447 2610 2486 scilicet

1538 2503 1654 2540 habet
1674 2500 1863 2537 rationem
1881 2500 2095 2537 vindictae:
2124 2507 2258 2548 postea
2277 2508 2406 2537 autem
2429 2513 2503 2550 per
2518 2514 2609 2542 eon-

1538 2555 1751 2592 tinuitatem
1789 2553 1865 2590 irae
1897 2552 2120 2602 pervenitur
2151 2554 2200 2591 ad
2236 2554 2312 2590 hoc
2343 2553 2450 2602 quod
2485 2556 2606 2597 homo

1539 2609 1687 2645 malum
1707 2606 1871 2656 proximi
1898 2607 2071 2644 absolute
2092 2606 2294 2653 desideret,
2315 2606 2420 2656 quod
2447 2607 2610 2656 pertinet

1540 2661 1588 2698 ad
1617 2661 1804 2698 rationem
1838 2660 1928 2697 odii.
1976 2659 2088 2698 Unde
2126 2667 2229 2708 patet
2256 2660 2362 2708 quod
2398 2660 2533 2699 odium
2559 2673 2608 2701 ex

1540 2714 1682 2751 invidia
1719 2721 1896 2750 causatur
1932 2713 2141 2749 formaliter
2172 2714 2383 2750 secundum
2421 2714 2607 2752 rationem

1539 2766 1699 2812 obiecti;
1729 2778 1775 2802 ex
1803 2766 1858 2802 ira
1887 2773 2016 2802 autem
2045 2765 2281 2814 dispositive.

1591 2880 1617 2913 γ)
1638 2882 1734 2905 mater.
1752 2893 1771 2897 -
1788 2886 1870 2904 causa
1889 2879 1958 2912 PpC.

1096 2993 1428 3026 Commentariun.
1451 2992 1701 3026 Cardinalis
1723 2993 1925 3026 Caietani

450 3076 470 3095 N
494 3065 626 3096 articulo
651 3071 737 3095 sexto
759 3065 892 3095 dubium
913 3065 1058 3101 occurrit,
1075 3064 1230 3106 quoniam
1249 3070 1414 3095 contextus
1437 3063 1486 3094 lit-

423 3077 534 3140 Iterae
557 3109 704 3139 dissonus
727 3108 859 3140 videtur.
898 3106 1062 3139 Fundatur
1086 3109 1244 3150 siquidem
1267 3108 1373 3149 primo
1397 3115 1486 3138 ortus

420 3154 486 3184 odii
503 3163 597 3193 super
612 3153 686 3192 fuga
701 3152 851 3183 tristitiae.
869 3153 990 3184 Deinde
1005 3153 1137 3184 insertur
1152 3153 1240 3194 quod
1257 3152 1368 3183 odium
1384 3153 1484 3183 oritur

421 3208 457 3229 ex
480 3190 655 3238 praesentia
682 3196 838 3233 tristitiae,
876 3207 957 3238 quae
981 3204 1027 3228 est
1056 3197 1190 3228 invidia:
1222 3207 1296 3228 cum
1326 3196 1484 3227 debuisset

421 3248 651 3282 consequenter
673 3241 779 3271 inferri
803 3242 891 3282 quod
915 3251 951 3271 ex
975 3241 1049 3282 fuga
1071 3241 1213 3272 tristitiae
1236 3247 1423 3272 nasceretur.

473 3286 524 3316 Ad
547 3286 608 3317 hoc
625 3285 737 3316 dicitur
752 3285 841 3326 quod
865 3292 1028 3316 contextus
1051 3286 1170 3317 litterae
1194 3285 1345 3321 formalis,
1362 3284 1484 3316 subtilis

421 3340 456 3361 ac
475 3330 596 3370 optime
616 3339 776 3361 consonus
795 3336 850 3360 est.
876 3329 961 3360 Cum
977 3330 1061 3360 enirn
1081 3336 1246 3370 peccatum
1264 3329 1340 3366 odii,
1360 3329 1398 3360 de
1418 3339 1483 3369 quo

421 3381 468 3405 est
486 3384 601 3411 sermo,
622 3374 661 3405 sit
681 3373 884 3405 essentialiter
899 3381 986 3404 actus
1003 3373 1140 3405 refutans
1163 3375 1287 3405 bonum
1306 3373 1395 3414 quod
1413 3383 1485 3403 vere

423 3425 468 3449 est
490 3419 628 3455 bonum;
661 3426 691 3449 et
713 3419 837 3449 bonum
866 3424 901 3448 ut
925 3418 967 3448 sic
996 3428 1061 3448 non
1085 3418 1123 3449 sit
1146 3418 1326 3449 refutabile:
1359 3424 1485 3458 oportet

422 3463 462 3492 ad
485 3463 545 3493 hoc
569 3469 605 3494 ut
620 3469 707 3494 actus
723 3461 920 3493 refutationis
943 3469 1085 3502 respectu
1102 3462 1179 3492 boni
1194 3462 1380 3498 inveniatur,
1396 3461 1484 3502 quod

422 3507 545 3537 bonurn
567 3507 678 3537 induat
707 3506 862 3537 rationem
891 3505 1023 3537 alicuius
1053 3506 1241 3542 refutabilis,
1266 3513 1302 3536 ut
1330 3506 1373 3537 sic
1396 3512 1484 3536 actus

1536 3064 1612 3102 odii,
1629 3065 1760 3096 tendens
1789 3065 1823 3095 in
1845 3064 1934 3106 illam
1956 3064 2123 3101 rationem,
2139 3072 2283 3105 penetret
2305 3066 2344 3096 ad
2366 3066 2489 3097 bonum
2512 3066 2605 3098 vesti-

1536 3116 1606 3139 tum
1621 3109 1674 3140 illa
1694 3108 1824 3140 ratione.
1849 3109 1890 3140 Et
1905 3108 1979 3150 quia
2002 3109 2114 3139 odium
2138 3110 2209 3146 tale,
2225 3109 2342 3141 scilicet
2363 3120 2436 3142 vere
2454 3110 2542 3148 boni,
2556 3117 2606 3142 eet

1536 3153 1626 3183 valde
1647 3153 1787 3184 alienum
1811 3164 1828 3183 a
1852 3153 2000 3189 naturali;
2027 3163 2225 3194 consequens
2250 3161 2296 3185 est
2319 3161 2355 3185 ut
2376 3154 2456 3186 ratio
2480 3164 2547 3196 qua
2566 3153 2604 3188 fit

1536 3197 1699 3228 refutabile
1715 3197 1754 3229 sit
1777 3197 1817 3228 de
1839 3207 1952 3228 eorum
1973 3197 2082 3228 ordine
2099 3208 2181 3239 quae
2204 3199 2296 3229 valde
2314 3198 2490 3230 refutantur
2511 3209 2530 3229 a
2549 3209 2603 3230 na-

1526 3248 1615 3278 ·tura,
1631 3248 1666 3272 ut
1680 3241 1725 3272 sic
1739 3242 1830 3272 valde
1846 3251 1939 3272 exosa
1957 3242 2052 3273 vestis
2066 3243 2176 3274 reddat
2191 3253 2324 3274 exosum
2338 3242 2498 3279 vestitum,
2514 3243 2603 3284 quod
2648 3278 2649 3283 ¹

1537 3286 1662 3316 nudum
1683 3292 1764 3317 esset
1785 3286 1926 3317 multum
1949 3287 2093 3318 amabile.
2117 3286 2206 3318 Talis
2229 3294 2336 3318 autem
2357 3287 2436 3318 ratio
2453 3294 2500 3318 est
2521 3286 2602 3318 ratio

1537 3329 1627 3369 peior
1650 3330 1771 3361 ratione
1801 3330 2028 3367 contristantis;
2053 3341 2151 3372 quarn
2181 3338 2307 3362 constat
2336 3341 2403 3363 esse
2426 3331 2546 3362 malam
2565 3330 2600 3367 *,

1537 3373 1611 3414 quia
1627 3374 1815 3405 contristans
1829 3374 1987 3406 tristitiam
2009 3375 2246 3416 ingerit,·quam
2265 3375 2448 3406 naturaliter
2462 3375 2602 3406 multum
2642 3379 2645 3382 ”

1538 3417 1686 3458 fugimus.
1713 3417 1883 3449 obiectum
1897 3418 1993 3459 igitur
2008 3419 2084 3456 odii,
2109 3419 2226 3451 scilicet
2248 3429 2320 3450 vere
2334 3420 2468 3455 bonum,
2484 3419 2524 3449 ad
2539 3418 2602 3449 hoc

1538 3468 1574 3492 ut
1596 3461 1659 3492 odii
1684 3461 1845 3492 obiectum
1870 3463 1918 3499 sit,
1942 3463 2099 3494 rationem
2122 3463 2217 3494 tristis
2239 3463 2344 3494 induit
2365 3463 2464 3503 primi,
2487 3469 2524 3494 ut
2546 3462 2599 3499 sie,

1538 3505 1768 3540 deteriorando.
1791 3506 1903 3537 induat
1925 3507 2081 3538 rationem
2104 3507 2179 3538 mali
2201 3507 2356 3544 absolute,
2379 3514 2410 3538 et
2434 3506 2478 3537 sic
2501 3506 2600 3546 magis

2629 3340 2738 3362 ’mal-m
2752 3340 2776 3362 P.
