2892 4056
83 1005 96 1018 ⁸
106 1001 175 1024 Vere.
188 1008 208 1029 a,
222 1008 244 1031 3.

972 183 1238 230 QUAESTIO
1267 182 1444 230 XXXVI,
1473 182 1769 220 ARTICULUS
1799 183 1830 218 11

314 259 496 295 butionem:
519 259 666 299 quamvis
684 259 798 290 tristari
821 260 860 290 de
882 259 1068 290 huiusmodi
1086 259 1174 290 bono
1197 258 1318 299 indigni
1342 264 1378 289 ut

315 304 369 340 aie,
393 303 603 334 abstrahendo
627 313 645 333 a
669 303 774 334 divina
802 303 1013 344 providentia,
1038 303 1138 343 magis
1170 303 1246 334 boni
1279 311 1377 344 quam

315 346 392 379 mali
414 346 571 378 rationem
593 347 722 383 habeat;
746 347 827 379 sicut
841 345 963 381 'tristari
986 347 1025 378 de
1047 354 1193 384 monstro
1217 353 1248 378 et
1271 347 1310 377 de
1324 346 1377 376 ha-

315 391 463 423 bentibus
478 390 617 431 speciem
631 391 718 421 mali.
739 391 867 422 infitiari
883 391 1040 432 siquidem
1057 401 1152 422 nemo
1169 397 1274 431 potest
1288 390 1376 431 quin,

316 442 352 467 ut
375 435 496 466 dictum
512 441 568 471 est.
592 435 769 466 secundum
785 435 944 466 humanae
965 434 1196 466 distributionis
1210 434 1376 470 rationem,

316 479 403 519 apud
425 487 524 519 quam
546 478 733 510 huiusmodi
756 480 842 510 bona
864 478 1049 510 distribuere
1071 478 1208 518 indignis
1222 478 1377 510 iniustum

316 529 372 559 est,
402 522 512 554 iniusti
538 523 695 554 rationem
725 523 853 559 habeat,
877 533 912 554 ac
935 532 991 562 per
1014 522 1094 558 hoc,
1127 522 1303 553 secundum
1333 532 1376 559 se,

315 567 479 608 quandam
501 566 577 596 mali
599 567 738 607 speciem
760 566 921 598 mentibus
935 565 1083 596 humanis
1097 565 1227 605 ingerat.
1252 567 1327 604 Quo
1342 565 1378 597 fit

316 617 353 642 ut
374 610 497 642 nullam
520 611 640 650 peccati
662 611 819 642 rationem
839 610 965 641 videam
988 610 1118 649 quando
1138 609 1253 650 aliquis
1275 610 1376 641 trista-

315 661 368 686 tur
390 655 429 684 de
445 655 652 695 prosperitate
667 654 788 695 indigni
810 653 887 695 quia
901 661 948 684 est
970 653 1130 693 indignus,
1149 653 1174 684 si
1191 663 1256 684 non
1273 661 1377 685 exten-

317 698 363 728 dit
385 707 418 728 se
441 698 563 729 tristitia
585 699 626 728 ad
647 698 733 730 idem
755 699 879 730 bonum
892 697 1085 738 inquantum
1112 703 1159 728 est
1181 707 1199 727 a
1221 697 1291 728 Deo
1315 698 1378 729 dis-

315 742 480 774 tributum.
504 742 652 774 Extendit
673 742 831 784 siquidem
858 750 892 772 se
919 741 960 771 ad
983 741 1044 772 hoc
1067 741 1198 782 quando
1229 742 1378 782 simplici-

315 793 363 818 ter
378 786 516 818 tristatur
529 787 569 818 de
585 787 672 818 bono
686 785 822 826 indigni:
846 794 912 816 non
927 795 960 816 se
974 784 1112 816 extendit
1125 791 1233 815 autem
1247 787 1377 826 quando

316 830 456 861 tristatur
486 831 526 861 de
555 831 643 861 bono
671 829 794 870 indigni
821 829 867 860 sic
895 836 932 860 ut
962 829 1158 868 complaceat
1185 835 1290 860 tamen
1318 830 1378 860 sibi

316 874 500 914 simpliciter
522 874 628 905 divina
651 873 842 905 distributio.
865 873 1080 903 Veruntamen
1099 872 1174 912 quia
1193 872 1378 904 huiusmodi

317 918 439 949 tristitia
469 918 646 948 secundum
675 917 754 959 quid
783 922 872 957 parat
899 916 984 946 viam
1013 916 1154 946 tristitiae
1183 916 1376 957 simpliciter,

316 971 399 1003 quae
421 968 469 994 est
486 962 579 998 mala,
597 961 671 992 ideo
690 961 786 992 etiam
801 960 939 991 cavenda
956 960 1090 996 videtur,
1105 960 1195 1000 quasi
1210 960 1377 1000 dispositio

317 1007 357 1037 ad
371 1006 505 1038 malum.
530 1005 622 1037 Unde
633 1011 664 1036 et
678 1005 712 1036 in
726 1004 855 1036 Psalmo
873 1013 955 1034 axxn
965 1004 984 1023 '⁸‘
1001 1003 1042 1034 ad
1055 1004 1117 1035 hoc
1133 1004 1312 1044 periculum
1330 1005 1377 1036 in-

316 1050 512 1082 sinuandum
529 1049 591 1080 dici
604 1049 744 1080 videtur:
769 1049 838 1079 Mei
859 1053 967 1080 autem
977 1057 1063 1088 pene
1085 1049 1161 1079 moti
1173 1053 1250 1078 sunt
1265 1049 1376 1088 pedes,

312 1103 398 1136 pene
419 1092 515 1134 effusi
532 1098 615 1125 sunt
631 1102 766 1134 gressus
793 1093 872 1130 mei,
897 1093 972 1133 quia
994 1092 1097 1133 zelavi
1117 1101 1215 1132 super
1235 1093 1378 1134 iniquos,

311 1146 427 1180 paoem
437 1142 644 1178 peccatorum
659 1137 778 1169 videns.
805 1136 871 1167 Nec
886 1136 949 1168 hoc
964 1135 1107 1167 dissonat
1121 1146 1139 1166 a
1154 1136 1298 1168 doctrina
1311 1139 1378 1168 Au-

312 1181 427 1214 eteris:
451 1181 553 1213 immo
573 1190 610 1212 ex
631 1181 701 1221 ipsa
724 1180 906 1216 deducitur,
931 1190 990 1220 pro
1015 1186 1137 1221 quanto
1157 1187 1285 1212 excusat
1306 1182 1379 1212 Ari-

311 1276 349 1303 ει
362 1269 519 1301 rationem
532 1269 662 1309 „peceati
677 1269 814 1309 assignat
836 1278 874 1299 ex
896 1269 1016 1300 ratione
1039 1269 1215 1300 eorundem
1237 1276 1274 1300 ut
1297 1270 1380 1302 ordi-

264 1338 284 1341 .-
294 1318 467 1346 ⁴astutorum
482 1314 522 1344 ad
545 1320 703 1344 aeternam
717 1313 899 1344 felicitatem
918 1322 955 1343 ex
978 1313 1084 1343 divina
1097 1313 1306 1353 providentia.

74 1731 140 1753 1.,’,ῑι
155 1726 181 1746 ιι
199 1726 262 1748 ..λ’-τ]
280 1727 284 1731 “

75 1753 262 1774 <emon-0211„

92 1916 138 1927 !'¹.¹
163 1922 176 1927 ,ι
199 1915 231 1925 ,ἶι

77 1934 232 1958 ⁴1=.⁴ra,l.l·

82 2058 294 2087 ’Δῆμε-ωσι,

83 2084 216 2108 Con-ent.
228 2091 294 2108 aum.

82 2117 102 2135 ¹¹
115 2117 169 2141 ⁸¹1⁴!-

90 3390 101 3400 ⁸
131 3389 167 3411 De
194 3389 301 3414 Invidia,

91 3421 131 3443 qa.
137 3421 163 3441 n,
171 3416 274 3438 conclus.
281 3421 301 3438 a.

91 3493 302 3520 ’..,thin

91 3526 302 3548 eap.‚.xrnr,4,5.

371 1358 414 1390 Et
435 1367 474 1389 ex
494 1357 544 1388 his
564 1364 650 1398 patet
672 1357 791 1388 solutio
813 1357 1023 1388 obiectorum.
1048 1357 1132 1388 Nam
1154 1358 1278 1388 bonum
1299 1357 1380 1388 indi—

315 1401 373 1442 μὶ
392 1402 536 1433 dissonat
557 1408 593 1432 ut
607 1408 798 1433 monstrum.
817 1418 839 1425 -
858 1401 900 1432 Et
921 1407 968 1432 est
982 1401 1103 1442 aliquid
1125 1411 1279 1442 magnum
1294 1402 1380 1442 apud

314 1446 471 1487 iustitiam
491 1446 679 1477 humanam.
693 1462 716 1469 -
730 1446 772 1477 Et
795 1445 933 1476 ordinari
955 1455 974 1477 a
996 1445 1067 1476 Deo
1089 1445 1129 1476 ad
1152 1446 1380 1478 correctionem

316 1490 367 1523 vel
389 1490 644 1526 damuationem,
672 1489 745 1520 licet
765 1489 901 1525 accidat,
931 1488 1012 1520 idest
1041 1489 1082 1520 sit
1109 1496 1193 1520 extra
1221 1490 1380 1521 rationem

315 1533 486 1569 formalem
515 1533 592 1565 boni
620 1533 742 1572 indigni
771 1533 950 1564 secundum
973 1541 1020 1569 se,
1043 1543 1111 1563 non
1132 1539 1240 1564 tamen
1269 1534 1382 1565 accidit

316 1576 422 1614 eidem
443 1577 639 1618 simpliciter,
661 1584 758 1617 prout
780 1583 837 1608 est.
860 1576 902 1608 Et
914 1585 1034 1613 rursus,
1048 1576 1122 1608 licet
1143 1577 1263 1608 accidat
1283 1577 1330 1607 illi
1346 1585 1382 1609 ut

317 1622 476 1663 quaedam
490 1631 541 1652 res
554 1627 611 1658 eat,
627 1630 696 1652 non
710 1627 817 1652 tamen
829 1620 953 1652 decidit
974 1620 1004 1652 ei
1019 1626 1056 1652 ut
1069 1619 1118 1652 fit:
1141 1621 1298 1662 quoniam
1313 1631 1380 1652 non

314 1665 433 1701 accidit
452 1666 481 1697 ei
503 1666 594 1706 quod
612 1671 664 1696 eat
685 1664 752 1695 fieri
775 1674 872 1705 agens
894 1671 926 1695 et
942 1663 1029 1695 finis.
1053 1663 1095 1696 Et
1113 1672 1283 1705 propterea
1307 1666 1382 1696 huic

313 1708 408 1752 quod
428 1717 478 1742 est
497 1710 584 1740 bona
604 1708 792 1740 huiusmodi
814 1708 951 1748 indignis
972 1708 1117 1740 distribui
1140 1718 1208 1740 non
1230 1709 1342 1741 accidit
1364 1720 1383 1740 a

315 1763 385 1796 guo
407 1759 440 1786 et
462 1760 593 1795 propter
614 1753 704 1794 quid,
727 1753 814 1784 unde
836 1753 974 1784 sumitur
996 1753 1077 1784 ratio
1099 1753 1175 1784 iusti
1196 1754 1247 1784 vel
1273 1754 1383 1786 iniusti

314 1797 459 1835 malis,
480 1798 572 1839 quod
592 1797 627 1828 in
649 1797 836 1837 operatione
860 1796 1014 1828 consistit.

345 1840 487 1875 111.1n
509 1842 625 1873 eodem
648 1841 790 1872 secundo
813 1840 947 1872 articulo
970 1841 1166 1892 quaestionis
1189 1841 1383 1881 trigesimae-

315 1863 433 1924 sextae,
457 1886 538 1918 cirea
559 1886 702 1926 primum
723 1885 861 1916 modum
882 1885 1034 1922 tristitiae,
1053 1885 1110 1926 qui
1133 1892 1180 1916 est
1201 1885 1324 1917 timoris
1340 1886 1385 1916 af-

317 1930 420 1962 fectus
442 1936 475 1961 et
496 1929 635 1966 effectus,
657 1929 824 1970 diligenter
846 1935 878 1959 et
899 1936 990 1960 caute
1012 1930 1145 1960 observa
1167 1930 1259 1970 quod
1278 1930 1313 1960 in
1335 1930 1385 1961 lit—

317 1980 385 2007 tera
407 1983 475 2005 non
497 1973 610 2006 dicitur
628 1973 814 2005 huiusmodi
837 1973 994 2004 tristitiam
1016 1983 1084 2005 esse
1103 1974 1237 2010 bonam;
1261 1975 1316 2005 sed
1339 1974 1385 2005 di-

319 2018 401 2050 citur
406 2018 506 2059 quod
520 2028 584 2049 non
600 2023 647 2049 est
662 2018 796 2055 invidia,
812 2024 844 2049 et
853 2018 943 2059 quod
956 2023 1064 2058 potest
1077 2027 1145 2050 esse
1158 2019 1230 2048 sine
1238 2024 1383 2058 peccato.

316 2062 360 2095 Et
375 2062 518 2103 primum
540 2063 659 2093 horum
673 2062 868 2093 declaratum
890 2068 938 2092 est
950 2062 979 2093 *.
1001 2062 1187 2093 Secundum
1205 2069 1314 2093 autem
1336 2063 1385 2093 in-

317 2106 427 2145 sinuat
445 2106 536 2147 quod
551 2113 665 2146 potest
687 2106 783 2137 etiam
805 2115 873 2136 esse
892 2116 967 2137 cum
981 2098 1317 2146 peccato.1udicanda
1340 2114 1387 2138 est

316 2159 406 2189 euim
418 2150 604 2182 huiusmodi
619 2150 742 2181 tristitia
759 2150 938 2181 secundum
949 2151 1072 2190 regulas
1088 2150 1223 2182 timoris.
1234 2151 1318 2182 Nam
1330 2151 1387 2182 sic·

319 2193 466 2235 uttimor
482 2201 589 2235 potest
604 2203 672 2225 esse
687 2204 763 2226 cum
782 2200 912 2234 peccato
941 2201 973 2225 et
989 2194 1058 2225 sine
1072 2202 1213 2235 peccato,
1227 2194 1271 2226 ita
1287 2202 1319 2226 et
1333 2195 1385 2226 tri-

320 2238 405 2270 stitia
419 2248 502 2280 quae
517 2238 667 2270 timorem
688 2238 842 2280 sequitur.
866 2238 932 2276 Qui
948 2239 1034 2269 enim
1049 2239 1140 2270 timet
1162 2238 1256 2269 bonis
1272 2249 1312 2270 ne
1327 2249 1386 2280 op-

321 2283 509 2324 primantur,
525 2290 581 2314 aut
594 2282 731 2314 iustitiae
745 2283 796 2313 vel
811 2282 911 2313 cultui
928 2282 1037 2313 divino
1053 2293 1093 2313 ne
1109 2283 1322 2319 conculcetur,
1343 2284 1386 2314 ob

321 2327 509 2368 potentiam,
525 2326 659 2363 divitias,
675 2333 744 2363 etc„
765 2333 795 2357 et
809 2334 977 2367 propterea
992 2327 1130 2358 tristatur
1146 2328 1185 2357 de
1200 2328 1342 2368 potentia
1357 2334 1388 2358 et

323 2371 438 2402 divitiis
454 2371 597 2406 alicuius,
610 2371 636 2400 si
651 2371 733 2401 clara
745 2377 791 2402 est
800 2371 985 2401 huiusmodi
998 2372 1158 2402 malorum
1169 2372 1306 2412 sequela,
1320 2381 1386 2402 non

321 2415 440 2456 peccat.
464 2415 567 2446 Cuius
586 2415 714 2454 signum
733 2421 780 2445 est
799 2415 898 2455 quod,
921 2415 947 2445 si
969 2415 1098 2446 haberet
1119 2422 1309 2456 potestatem
1325 2416 1387 2457 pri-

321 2459 416 2490 vandi
431 2459 523 2490 illum
545 2458 731 2490 huiusmodi
748 2459 889 2499 potentia
905 2465 936 2489 et
958 2458 1083 2494 divitiis,
1101 2459 1181 2489 bene
1195 2458 1310 2489 faceret
1326 2459 1387 2499 pri-

321 2503 429 2534 vando
443 2503 546 2534 illum.
560 2500 595 2534 vSi
611 2510 719 2534 autem
733 2502 846 2543 aliquis
856 2502 947 2533 timet
961 2512 999 2533 ex
1014 2502 1141 2533 alterius
1153 2503 1295 2542 potentia
1304 2503 1388 2534 laedi

323 2547 415 2584 iuste,
438 2548 490 2578 vel
512 2557 578 2578 non
601 2547 727 2582 iniuste,
752 2553 783 2577 et
805 2547 876 2577 ideo
901 2547 939 2576 de
961 2546 1045 2577 illius
1069 2546 1211 2586 potentia
1238 2546 1386 2583 tristatur,

323 2598 442 2634 peccat.
462 2591 627 2629 Quoniam
642 2591 828 2621 huiusmodi
845 2591 940 2621 timor
956 2600 1022 2621 non
1038 2591 1131 2621 debet
1145 2591 1303 2621 inta'ntum
1315 2601 1388 2631 pro-

323 2636 411 2677 gredi
430 2642 466 2667 ut
488 2636 570 2666 nolit
587 2636 712 2666 bonum
734 2635 877 2666 alterius:
902 2635 956 2665 sed
975 2642 1023 2665 sat
1046 2641 1092 2665 est
1110 2635 1198 2675 quod
1222 2634 1315 2665 liceat
1329 2634 1388 2665 sibi

321 2680 436 2713 fimare
459 2680 581 2712 malum
604 2679 782 2720 proprium.
810 2679 913 2710 Cuius
936 2679 1063 2719 signum
1087 2686 1135 2710 est
1155 2679 1261 2720 quod,
1286 2678 1312 2708 si
1334 2679 1388 2709 ha-

319 2725 412 2765 beret
440 2731 628 2765 potestatem
661 2723 804 2765 privandi
827 2723 920 2754 illum
942 2723 996 2754 tali
1027 2722 1185 2765 potentia,
1216 2733 1282 2752 non
1304 2722 1389 2754 licite

323 2765 455 2821 'propter
476 2767 538 2798 hoc
556 2767 692 2809 privaret
713 2766 821 2798 illum:
845 2767 955 2797 eadem
980 2766 1138 2808 siquidem
1162 2766 1282 2798 ratione
1301 2774 1389 2798 actus

323 2812 464 2849 interior,
484 2818 515 2843 et
529 2811 662 2843 exterior
676 2811 734 2842 sibi
750 2812 956 2852 respondens,
972 2818 1019 2843 est
1030 2812 1135 2842 bonus
1149 2810 1198 2841 vel
1214 2811 1328 2841 malus.
1343 2810 1389 2842 Si-

322 2854 442 2888 'miter
465 2856 491 2886 si
506 2855 694 2896 ambiguum
717 2862 764 2886 est
783 2865 823 2886 an
839 2855 952 2896 aliquis
972 2855 1113 2895 potentia
1129 2855 1179 2885 vel
1201 2854 1316 2885 divitiis
1336 2854 1390 2885 ab·

324 2906 432 2932 utetur
453 2900 487 2930 in
503 2900 631 2931 alterius
653 2900 818 2936 damnum,
834 2899 980 2940 quamvis
994 2899 1077 2930 licite
1092 2899 1202 2930 timeat
1223 2906 1254 2929 et
1271 2906 1390 2937 caveat,

323 2954 393 2977 non
414 2951 521 2976 tamen
552 2944 636 2975 licite
659 2944 799 2975 tristatur
826 2944 970 2975 absolute
993 2944 1032 2974 de
1055 2943 1140 2974 illius
1168 2943 1312 2983 potenn'a
1340 2944 1391 2974 vel

325 2988 459 3021 divitiis:
482 2987 563 3020 sicut
577 2997 635 3019 nec
658 2988 743 3020 licite
765 2995 874 3028 posset
888 2995 1056 3028 propterea
1078 2987 1170 3019 illum
1185 2987 1309 3029 privare
1330 2997 1390 3028 po-

325 3032 436 3063 testate
458 3031 508 3062 vel
530 3028 656 3063 divitiis.
685 3031 777 3063 Unde
801 3031 914 3073 collige
936 3031 1024 3073 quod
1054 3031 1240 3062 huiusmodi
1267 3030 1390 3062 timoris

326 3075 465 3112 affectus,
481 3081 513 3106 et
534 3074 663 3106 effectus
685 3075 741 3116 qui
765 3081 813 3106 est
827 3075 941 3107 tristari
956 3075 996 3106 de
1018 3076 1106 3107 bono
1122 3074 1259 3117 proximi
1279 3082 1315 3106 ut
1330 3084 1390 3106 no-

327 3120 408 3156 civo,
426 3119 515 3150 freno
539 3126 609 3159 eget
630 3127 731 3150 rectae
754 3119 884 3150 rationis
905 3119 1096 3150 conferentis
1114 3119 1297 3161 qualitatem
1314 3119 1390 3150 mali

310 3172 404 3196 ‚mae
426 3170 549 3199 causae,
572 3170 605 3194 et
634 3163 857 3204 praeponentis
887 3164 1122 3204 praeponenda,
1147 3170 1184 3194 ut
1197 3163 1322 3194 tristitia
1351 3163 1390 3194 de

326 3209 416 3239 bono
438 3217 483 3239 ea
497 3214 605 3239 sancta
627 3217 683 3239 seu
707 3213 790 3238 recta
813 3207 1020 3240 detestatione
1042 3208 1119 3240 mali
1141 3208 1318 3239 excusanda
1339 3207 1388 3239 sit.

382 3251 495 3285 1.v.1n
514 3252 628 3282 eodem
643 3252 784 3283 secundo
807 3251 951 3288 articulo,
967 3252 1047 3293 circa
1063 3253 1241 3283 secundum
1253 3252 1390 3283 modum

326 3290 486 3333 tristitiae,
510 3295 572 3326 hoc
602 3302 650 3326 est
671 3295 776 3326 zelum
800 3305 855 3326 seu
880 3285 1144 3334 aemulationem,
1173 3306 1247 3327 cum
1276 3295 1391 3327 dicitur

327 3339 418 3381 quod
439 3341 471 3370 si
492 3345 540 3371 est
561 3339 601 3370 de
623 3339 714 3370 bonis
736 3339 984 3381 temporalibu5‚
1003 3345 1111 3380 potest
1132 3349 1202 3372 esse
1223 3349 1294 3372 eum
1301 3349 1389 3414 ἄω-

327 3389 410 3421 cato,
436 3387 466 3414 et
487 3383 558 3414 sine
574 3389 725 3424 peccato,
747 3383 900 3416 Martinus
923 3384 1062 3415 occurrit
1075 3384 1093 3404 *
1115 3383 1238 3415 dicens:
1269 3398 1283 3412 ι
1335 3393 1389 3415 aec

327 3428 476 3459 Thomae
505 3427 616 3468 opinio
643 3428 767 3458 videtur
789 3428 867 3458 mihi
896 3428 1108 3459 contradicere
1131 3428 1307 3465 Aristoteli,
1334 3428 1389 3469 qui

329 3471 545 3503 universaliter
567 3471 659 3512 ponit
681 3473 787 3502 zelum
810 3481 877 3502 esse
900 3472 973 3503 boni
995 3474 1113 3510 moris,
1138 3480 1169 3504 et
1191 3473 1283 3513 ponit
1309 3479 1389 3503 tem-

329 3516 449 3557 poralia
471 3516 553 3547 inter
575 3517 660 3547 bona
682 3516 824 3547 zelabilia
838 3515 856 3535 *
874 3529 902 3547 v.

2412 183 2485 229 295

1484 260 1536 291 Ad
1557 260 1619 291 hoc
1643 260 1756 290 dicitur
1778 260 1868 300 quod
1889 259 1922 290 in
1946 259 2036 290 nullo
2067 258 2289 290 contradicitur
2318 258 2489 290 Aristoteli.

1429 304 1593 341 Quoniam
1616 304 1786 335 aemulatio
1809 303 2034 344 temporalium
2057 303 2227 343 regulanda
2251 309 2296 333 est
2315 303 2491 332 secundum

1429 348 1552 387 regulas
1565 348 1709 378 desiderii
1725 348 1960 388 temporalium.
1978 348 2018 378 Et
2033 347 2114 378 sicut
2125 346 2299 377 desiderare
2315 347 2399 377 bona
2415 354 2491 376 tem-

1429 391 1551 432 poralia
1573 391 1756 432 simpliciter
1770 399 1801 423 et
1819 392 1964 422 absolute
1979 391 2106 422 nullum
2121 391 2242 421 malum
2259 397 2315 427 est,
2331 391 2386 421 sed
2401 398 2491 421 natu-

1430 435 1502 466 ralis
1514 445 1549 466 ac
1564 436 1668 466 bonus
1685 436 1826 472 affectus,
1839 436 1994 476 quoniam
2010 435 2059 466 his
2073 435 2172 466 homo
2189 435 2324 474 indigen
2341 434 2383 465 ita
2397 434 2490 465 tristi-

1430 479 1473 510 tia
1491 479 1531 509 de
1547 489 1586 510 eo
1605 480 1693 520 quod
1714 487 1760 510 est
1782 490 1848 510 non
1873 480 1986 510 habere
2009 479 2196 520 temporalia
2218 479 2298 509 nihil
2326 478 2412 514 mali,
2437 479 2491 508 sed

1429 523 1607 554 naturalem
1623 523 1771 554 affectum
1787 524 1901 554 rationi
1917 533 2100 554 consonum
2115 524 2278 564 importat.
2302 523 2364 554 Sed
2380 532 2492 563 quem-

1430 567 1608 598 admodum
1624 578 1698 598 cum
1721 568 1808 598 bono
1834 568 1979 598 absolute
1998 568 2160 598 desiderio
2189 567 2416 607 temporalium
2432 573 2493 597 stat

1429 612 1519 652 quod
1543 612 1583 642 ad
1606 611 1668 642 hoc
1691 612 1781 652 quod
1804 612 1996 642 desiderium
2011 611 2029 631 *
2052 612 2084 642 ἱιι
2108 612 2170 643 hoc
2193 611 2325 642 homine
2348 618 2491 652 respectu

1430 655 1542 686 talium
1565 656 1790 695 temporalium
1814 666 1899 686 nunc
1922 656 1962 687 sit
1983 663 2119 692 rectum,
2142 655 2348 696 requiruntur
2369 655 2492 696 aliquae

1431 699 1640 736 conditiones,
1661 706 1738 740 puta
1759 700 1848 740 quod
1873 707 2028 740 congruat
2050 700 2109 730 sibi
2132 698 2213 741 (non
2237 699 2322 730 enim
2346 699 2493 739 congruit

1432 743 1559 774 cuilibet
1574 744 1803 784 quodcumque
1819 745 1941 774 bonum
1962 742 2165 786 temporale);
2189 744 2232 775 ita
2245 744 2264 763 ²⁸
2281 743 2404 775 tristitia
2419 743 2494 784 quia

1432 797 1499 818 non
1528 787 1630 818 habeo
1660 797 1745 818 nunc
1768 788 1829 818 tale
1851 788 2023 828 temporale
2052 789 2175 818 bonum
2199 795 2269 828 eget
2290 787 2395 829 aliqua
2419 797 2494 818 con-

1432 831 1561 867 ditione,
1579 831 1646 862 sine
1665 842 1729 872 qua
1747 839 1794 862 est
1817 832 1899 862 mala
1915 832 2084 868 moraliter,
2104 839 2135 863 et
2150 842 2224 862 cum
2241 842 2304 872 qua
2328 839 2374 862 est
2397 833 2492 862 bona.

1432 874 1464 905 Si
1487 874 1573 905 enim
1597 875 1738 915 plebeius
1768 875 1867 906 idiota
1895 876 2034 906 tristatur
2055 876 2130 917 quia
2153 886 2218 906 non
2242 883 2288 906 est
2310 886 2377 911 rex,
2401 875 2495 907 tristi-

1431 918 1474 948 tia
1496 917 1555 949 ista
1586 929 1652 949 non
1675 926 1723 949 est
1745 919 1919 950 secundum
1950 927 2068 950 rectam
2091 920 2258 950 rationem.
2289 920 2330 950 Et
2352 926 2494 960 propter-

1432 971 1468 992 ea
1492 962 1609 992 mirum
1639 970 1686 993 est
1719 963 1757 993 de
1781 963 1917 994 Martino
1949 973 2014 994 non
2043 964 2169 995 vidente
2191 963 2327 994 infinitas
2357 964 2495 994 aemula-

1431 1005 1535 1036 tiones
1564 1006 1789 1046 temporalium
1819 1017 1914 1046 posse
1946 1017 2013 1038 esse
2042 1008 2157 1043 malas,
2187 1007 2389 1039 consideratis
2420 1018 2495 1038 con-

1431 1049 1606 1080 ditionibus
1636 1060 1844 1089 personarum
1875 1057 1906 1081 et
1927 1051 2106 1087 bonorum,
2131 1059 2188 1082 etc.
2219 1052 2316 1082 Recta
2346 1061 2420 1091 ergo
2448 1059 2495 1082 est

1431 1093 1580 1123 Auctoris
1595 1093 1751 1130 doctrina;
1776 1104 1833 1124 nec
1849 1095 2036 1126 contradicit
2051 1095 2212 1126 Aristoteli
2235 1105 2310 1126 sane
2324 1095 2494 1127 intellecto.

1432 1137 1528 1168 Scivit
1551 1137 1735 1169 Aristoteles
1758 1138 1846 1179 quod
1869 1139 2040 1169 aemulatio
2069 1139 2312 1170 ambitiosorum
2335 1146 2365 1170 et
2388 1150 2496 1170 avaro-

382 1225 410 1257 el
696 1225 716 1256 b
1007 1225 1047 1255 ah
1226 1225 1247 1254 d
1404 1217 1406 1236 ἶ
1432 1191 1506 1212 rum
1528 1188 1559 1212 et
1581 1181 1788 1222 indignorum
1803 1189 1938 1215 non.est
1956 1183 2032 1213 boni
2053 1183 2166 1214 moris:
2191 1184 2246 1214 sed
2269 1184 2375 1214 dicens
2389 1194 2496 1214 aemu-

311 1232 382 1258 etot
410 1234 464 1257 em
486 1235 524 1256 ex
551 1225 673 1257 ratione
717 1233 858 1256 enorum
880 1231 1006 1265 tempor
1050 1233 1106 1255 um
1127 1233 1225 1255 secun
1249 1234 1306 1256 um
1328 1236 1378 1262 se,

1430 1225 1584 1256 lationem
1601 1236 1668 1256 esse
1687 1226 1764 1257 boni
1787 1227 1895 1262 moris,
1910 1227 2113 1267 intelligebat,
2129 1234 2257 1258 servata
2266 1229 2475 1268 proportione
2484 1236 2497 1266 ;

1433 1270 1474 1300 ob
1499 1269 1590 1301 cuius
1607 1270 1767 1302 defectum
1781 1272 1903 1302 Auctor
1922 1271 1996 1302 dicit
2019 1272 2214 1312 quandoque
2230 1281 2297 1302 esse
2320 1279 2495 1312 peccatum.

1489 1314 1528 1345 V.
1553 1314 1588 1344 In
1611 1315 1727 1345 eodem
1750 1315 1891 1346 secundo
1921 1315 2070 1352 articulo,
2094 1316 2174 1346 circa
2204 1316 2331 1346 tertium
2361 1317 2497 1347 modurn

1433 1358 1590 1394 tristitiae,
1615 1358 1733 1389 scilicet
1755 1359 1910 1390 nemesim
1939 1369 1994 1390 seu
2018 1359 2279 1400 indignationem,
2302 1360 2417 1391 iterum
2440 1361 2497 1391 du—

1434 1402 1523 1433 bium
1547 1402 1683 1433 occurrit
1705 1413 1743 1433 ex
1765 1403 1901 1434 Martino
1923 1403 1950 1439 *‚
1975 1404 2098 1435 noviter
2120 1404 2189 1434 viso
2208 1411 2282 1444 post
2304 1404 2449 1444 superius
2463 1405 2497 1424 *⁴³

1406 1469 1408 1476 ,
1434 1446 1558 1487 scripta.
1591 1446 1710 1477 Nititur
1732 1446 1890 1487 siquidem
1919 1447 2025 1487 primo
2050 1449 2183 1488 probare
2206 1449 2295 1489 quod
2323 1448 2533 1499 indignatio·

1434 1500 1500 1521 non
1523 1497 1570 1521 est
1584 1498 1764 1531 peccatum;
1790 1491 1903 1521 deinde
1926 1492 2057 1528 solvere,
2075 1500 2110 1523 ut
2134 1493 2216 1528 dicit,
2240 1492 2377 1523 rationes
2400 1493 2499 1523 sancti

1435 1535 1582 1566 Thomae
1605 1535 1645 1565 ad
1668 1535 1866 1575 oppositum.
1901 1536 2018 1566 Probat
2054 1537 2403 1576 ergo-indignationem
2433 1547 2498 1567 non

1435 1588 1502 1610 esse
1524 1585 1702 1618 peccatum,
1719 1579 1834 1618 primo,
1854 1580 2039 1610 auctoritate
2053 1580 2230 1610 Aristotelis
2245 1581 2271 1610 *.
2297 1598 2317 1603 -
2341 1581 2498 1617 Secundo,

1434 1623 1556 1654 ratione
1579 1623 1770 1654 Aristotelis:
1795 1623 1935 1654 Tristitia
1952 1624 1990 1654 de
2006 1624 2091 1654 malo
2114 1624 2235 1664 indigni
2258 1631 2304 1655 est
2318 1625 2499 1655 laudabilis:

1435 1676 1511 1707 ergo
1533 1667 1656 1698 tristitia
1669 1668 1709 1699 de
1732 1668 1820 1698 bono
1834 1667 1956 1707 indigni
1979 1675 2027 1699 est
2041 1669 2207 1699 laudabilis
2221 1669 2248 1699 *.
2272 1686 2293 1692 -
2309 1669 2429 1705 Tertio,
2447 1669 2499 1700 tri-

1435 1711 1518 1742 stitia
1541 1712 1580 1742 de
1604 1721 1642 1742 eo
1662 1713 1761 1752 quod,
1785 1712 1810 1742 si
1833 1711 1866 1742 in
1891 1712 2038 1743 facultate
2061 1722 2132 1743 mea
2155 1720 2244 1749 esset,
2261 1722 2392 1752 possem
2407 1714 2500 1744 ratio-

1437 1755 1582 1786 nabiliter
1603 1755 1774 1795 impedire,
1799 1763 1845 1787 est
1868 1756 1962 1787 bona.
1994 1757 2056 1787 Sed
2078 1757 2126 1787 vir
2152 1757 2256 1787 bonus
2281 1763 2311 1787 et
2333 1757 2449 1793 iustus,
2474 1758 2500 1788 si

1436 1801 1469 1830 in
1493 1799 1640 1830 facultate
1663 1809 1720 1830 sua
1736 1806 1826 1836 esset,
1844 1807 1952 1839 posset
1973 1800 2140 1840 indignum
2157 1802 2196 1831 ab
2220 1801 2415 1832 assecutione
2431 1802 2501 1832 talis

1437 1843 1514 1874 boni
1537 1843 1691 1884 impedire
1713 1843 1954 1875 rationabiliter:
1978 1845 2094 1881 immo,
2120 1852 2155 1876 ut
2177 1845 2310 1882 videtur,
2334 1845 2361 1875 si
2383 1855 2500 1885 coope-

1437 1894 1567 1923 raretur,
1591 1894 1747 1928 peccaret;
1771 1887 1852 1918 sicut
1875 1889 2033 1928 praelatus
2055 1896 2164 1929 peccat
2188 1889 2380 1920 conferendo
2404 1890 2500 1920 bene-

1436 1931 1546 1963 ficium
1560 1932 1693 1971 indigno
1710 1932 1853 1963 scienter.
1869 1932 1966 1972 Ergo.
1983 1951 2003 1955 -
2021 1934 2155 1971 Quarto,
2171 1933 2219 1964 vir
2230 1934 2335 1964 bonus
2347 1940 2378 1964 et
2399 1933 2501 1964 iustus

1438 1976 1495 2008 scit
1519 1976 1607 2017 quod
1631 1976 1790 2007 affluentia
1809 1975 1996 2008 huiusmodi
2019 1978 2181 2008 bonorum
2200 1977 2413 2009 communiter
2428 1977 2503 2008 facit

1439 2065 1478 2096 de
1501 2064 1709 2104 prosperitate
1732 2065 1948 2105 indignorum.
1965 2083 1986 2088 —
2005 2079 2020 2094 ‹
2038 2066 2079 2097 Et
2101 2066 2174 2096 ideo
2193 2078 2221 2102 »,
2237 2066 2350 2106 inquit,
2374 2078 2388 2094 c
2404 2066 2503 2096 miror

1439 2108 1628 2149 opinionem
1643 2109 1790 2140 Thomae
1805 2109 1837 2139 in
1856 2109 1915 2140 hac
1931 2116 2018 2150 parte
2034 2110 2108 2142 satis
2123 2117 2229 2150 aperte
2244 2111 2501 2150 reprehendentis

1439 2153 1641 2184 Aristotelem
1664 2153 1740 2194 quia
1763 2153 1972 2185 consideravit
1994 2154 2048 2184 illa
2071 2154 2155 2184 bona
2177 2154 2365 2194 temporalia
2388 2164 2499 2185 secun-

1440 2198 1518 2228 dum
1542 2207 1586 2228 se.
1620 2197 1661 2228 Et
1685 2197 1772 2228 addit
1798 2197 1942 2228 Thomas
1969 2199 2051 2229 hanc
2078 2198 2234 2229 tristitiam
2263 2208 2330 2229 esse
2353 2198 2386 2229 in
2417 2209 2502 2229 sacra

1439 2241 1599 2282 Scriptura
1621 2241 1824 2281 prohibitam.
1849 2242 1947 2280 Quod
1963 2252 2030 2273 non
2045 2249 2158 2282 reputo
2180 2252 2307 2279 verum;
2331 2249 2366 2273 ut
2385 2243 2503 2282 patebit

1439 2286 1663 2327 respondendo
1687 2286 1726 2315 ad
1751 2295 1786 2315 ea
1809 2286 1926 2326 quibus
1948 2286 2010 2317 hoc
2032 2287 2140 2326 ipsum
2167 2287 2300 2326 probare
2323 2294 2456 2317 conatur
2472 2299 2500 2317 »-

1500 2329 1596 2360 Affert
1610 2330 1705 2369 igitur
1720 2330 1860 2360 secundo
1876 2330 1903 2367 *‚
1920 2337 1956 2361 ut
1970 2331 2054 2367 dicit,
2071 2331 2216 2361 Thomae
2233 2330 2378 2361 rationes.
2399 2331 2503 2361 Prima

1440 2381 1503 2404 est:
1526 2374 1617 2404 Bona
1631 2374 1830 2413 temporalia,
1846 2382 2027 2415 comparata
2043 2375 2184 2410 aeternis,
2196 2385 2290 2415 parva
2310 2382 2394 2405 sunt.
2418 2375 2502 2414 Ergo

1439 2428 1506 2449 non
1530 2418 1623 2449 debet
1644 2418 1692 2448 vir
1714 2418 1816 2448 iustus
1839 2419 1952 2449 tristari
1976 2419 2001 2449 si
2021 2420 2136 2457 adsunt
2158 2419 2305 2458 indignis.
2322 2436 2343 2442 -
2357 2419 2502 2450 Secunda

1441 2468 1500 2493 est:
1525 2462 1614 2492 Bona
1629 2463 1816 2502 temporalia
1832 2463 2024 2502 proveniunt
2042 2463 2179 2503 indignis
2198 2473 2235 2493 ex
2249 2464 2330 2493 iusta
2346 2464 2404 2493 Dei
2420 2464 2503 2494 ordi-

1441 2506 1570 2537 natione
1593 2505 1791 2545 disponentis
1814 2516 1851 2536 ea
1873 2507 1913 2536 ad
1938 2507 2166 2538 correctionem
2190 2508 2239 2537 vel
2266 2507 2503 2538 damnationem

1442 2559 1564 2580 eorum.
1589 2549 1674 2588 Ergo
1693 2549 1740 2579 vir
1755 2549 1858 2580 iustus
1882 2561 1946 2580 non
1964 2552 2058 2582 debet
2080 2551 2118 2581 de
2135 2551 2195 2581 hoc
2219 2551 2341 2582 tristari.
2363 2569 2381 2574 -
2396 2552 2503 2582 Tertia

1442 2603 1480 2624 ex
1502 2593 1688 2624 auctoritate
1717 2594 1847 2624 Psalmi:
1880 2595 1958 2625 Noli
1986 2596 2148 2625 aemulari
2175 2596 2207 2624 in
2238 2596 2502 2636 malignantibus,

1443 2647 1545 2678 neque
1566 2637 1722 2678 zelaveris
1745 2644 1802 2668 etc.
1818 2655 1839 2660 -
1857 2638 1977 2675 Quarta
2000 2649 2037 2669 ex
2061 2639 2245 2669 auctoritate
2262 2639 2394 2669 Psalmi:
2418 2641 2504 2670 Pene

1442 2681 1539 2722 effusi
1560 2686 1636 2712 sunt
1656 2691 1791 2722 gressus
1814 2683 1886 2719 mei,
1902 2684 1978 2723 quia
2000 2683 2103 2724 zelavi
2125 2693 2223 2723 super
2238 2685 2375 2724 iniquos,
2386 2693 2501 2724 pacem

1437 2730 1644 2766 peccatorum
1669 2725 1787 2756 videns.

1498 2769 1540 2800 Et
1561 2769 1601 2800 ad
1619 2769 1756 2808 primam
1776 2769 1851 2800 dicit
1870 2770 2015 2809 negando
2036 2770 2306 2812 consequentiam.
2325 2771 2413 2802 Tum
2429 2771 2504 2812 quia

1442 2813 1528 2844 bona
1551 2813 1739 2854 temporalia
1763 2820 1837 2844 sunt
1859 2823 1973 2854 magna
1997 2814 2150 2845 absolute.
2175 2815 2263 2845 Tum
2286 2815 2377 2856 quia,
2402 2825 2503 2856 quan-

1442 2864 1654 2898 tumcumque
1677 2868 1784 2897 parva,
1808 2857 1870 2888 illis
1893 2865 1999 2888 tamen
2023 2858 2098 2888 mali
2120 2858 2240 2899 indigni
2265 2866 2295 2890 et
2317 2859 2394 2889 boni
2418 2859 2504 2899 digni

1443 2908 1527 2932 sunt.
1541 2919 1561 2925 -
1574 2902 1624 2932 Ad
1639 2901 1822 2938 secundam,
1839 2909 1932 2942 negat
1947 2902 2089 2933 similiter
2106 2903 2284 2943 sequelam:
2300 2903 2375 2943 quia
2391 2903 2430 2933 de
2446 2903 2503 2933 mi-

1443 2945 1531 2978 seriis
1554 2955 1744 2986 pauperum,
1760 2946 1906 2987 quamvis
1930 2946 2091 2977 ordinatae
2114 2947 2176 2978 sint
2195 2947 2276 2978 iuste
2300 2958 2318 2977 a
2339 2948 2504 2983 Deo,1au-

1444 2989 1587 3020 dabiliter
1616 2990 1777 3020 tristamur
1808 2990 2001 3021 miserentes.
2024 3008 2046 3014 —
2070 2991 2120 3021 Ad
2150 2991 2272 3022 tertiam
2301 2998 2332 3022 et
2359 2998 2505 3032 quartam

1444 3034 1519 3065 dicit
1541 3035 1630 3076 quod
1653 3034 1760 3075 zelare
1784 3034 1827 3064 ibi
1851 3034 1988 3065 sumitur
2010 3044 2068 3075 pro
2092 3036 2230 3066 imitari:
2260 3045 2296 3066 ac
2324 3035 2350 3066 si
2373 3036 2503 3066 diceret:

1443 3078 1495 3109 Ne
1509 3078 1644 3108 imiteris
1650 3077 1814 3119 facientes
1828 3079 2047 3120 iniquitatem5
2065 3085 2096 3109 et
2111 3079 2262 3116 similiter,
2282 3080 2395 3110 Zelavi
2408 3090 2506 3120 super

1443 3123 1579 3163 iniquos,
1604 3122 1666 3152 hoc
1689 3129 1751 3153 est:
1782 3122 1874 3153 Volui
1895 3121 2018 3153 imitar-i
2039 3124 2173 3164 iniquos.
2199 3123 2257 3154 Vel
2281 3125 2504 3163 exponendum

1443 3173 1491 3197 est
1513 3166 1552 3196 de
1575 3165 1697 3197 tristitia
1721 3167 1907 3197 absorbente
1930 3173 1961 3197 et
1983 3167 2172 3203 involvente,
2190 3167 2230 3198 ita
2254 3168 2343 3207 quod
2372 3168 2506 3207 impellit

1443 3211 1484 3241 ad
1506 3211 1702 3251 sequendam
1725 3210 1871 3242 semitam
1901 3218 2104 3252 peccatorum
2133 3211 2332 3242 affluentium
2355 3212 2387 3242 in
2411 3212 2504 3242 bonis

1443 3254 1684 3294 temporalibus.

1499 3299 1552 3329 vl.
1577 3299 1628 3329 Ad
1651 3298 1727 3329 haec
1751 3299 1974 3339 respondendo
1998 3309 2063 3330 non
2082 3306 2210 3339 oportet
2231 3299 2292 3330 alia
2310 3299 2410 3330 iacere
2433 3299 2504 3330 fun-

1443 3342 1602 3374 damenta.
1627 3341 1688 3372 Sed
1712 3352 1749 3372 ex
1763 3342 1850 3382 prius
1865 3342 1884 3362 *
1898 3343 2010 3383 positis
2029 3343 2068 3373 ad
2093 3343 2310 3374 auctoritatem
2326 3342 2503 3374 Aristotelis

1444 3393 1529 3427 patet
1553 3386 1718 3426 responsio
1742 3386 1774 3416 in
1798 3386 1909 3417 littera.

1499 3431 1550 3461 Ad
1573 3431 1728 3461 rationem
1753 3431 1893 3461 secundo
1917 3431 2092 3470 allegatam,
2113 3438 2243 3470 negatur
2258 3431 2398 3471 sequela:
2422 3441 2503 3471 quo-

1414 3510 1416 3515 .
1444 3474 1530 3505 niam
1554 3485 1619 3505 non
1644 3482 1690 3505 est
1713 3475 1823 3505 eadem
1846 3475 2016 3515 utrobique
2040 3475 2128 3505 ratio.

1498 3519 1548 3549 Ad
1571 3519 1709 3555 tertium,
1735 3526 1866 3558 negatur
1888 3519 2002 3549 minor.
2032 3519 2119 3549 Tum
2147 3518 2220 3558 quia
2249 3528 2305 3549 nec
2336 3528 2421 3558 reges
2446 3529 2503 3549 nec

2518 610 2672 632 ‘deciderim
2678 615 2730 633 ante

2519 637 2552 658 ad
2559 638 2602 659 hoc
2610 644 2664 665 pon.
2673 638 2727 659 Pas.

2519 743 2648 792 {dgdpssf
2668 744 2731 772 ΨΜ

2524 1401 2598 1428 Qu.
2611 1401 2662 1427 cit..
2677 1407 2734 1423 con-

2524 1426 2580 1449 clus.
2595 1434 2615 1456 3.

2536 1454 2629 1475 ·.Num
2643 1461 2657 1479 ι,
2674 1460 2697 1476 ιι.

2527 1586 2536 1594 ·
2550 1585 2615 1606 anet.
2637 1585 2676 1606 ιῑυ.
2701 1584 2734 1611 ιι,

2527 1618 2576 1638 cap.
2593 1617 2624 1636 rx,
2640 1618 2662 1632 n.
2678 1617 2694 1633 ι.

2527 1674 2536 1682 ·
2551 1671 2617 1698 1bid.,
2632 1677 2654 1692 n.
2670 1677 2690 1693 2.

2530 2332 2539 2342 ⁶
2549 2331 2604 2352 Loc.
2615 2336 2681 2358 prox.
2690 2331 2728 2352 cit.
2735 2348 2740 2357 ,

2530 2358 2737 2386 contraconclus.3.

2531 3348 2540 3357 ⁸
2555 3347 2626 3368 Num.
2642 3353 2666 3368 ιι.
