2892 4056
18 1043 22 1046 ·
82 1038 92 1048 ·
107 1036 156 1065 Qu·
169 1043 194 1076 {⁷
215 1041 295 1064 πω,
319 1042 434 1079 supra
452 1030 472 1052 ’¹‘
500 1031 641 1067 dictum
657 1039 722 1068 est.
754 1033 855 1079 Ergo
874 1033 972 1069 fides
990 1044 1068 1069 non
1090 1040 1144 1069 est
1164 1033 1304 1069 fructus
1323 1032 1380 1069 in·
1405 1029 1407 1070 Ξ

17 1607 19 1610 ⁴
77 1634 83 1637 -
101 1623 209 1659 vif-*⁴3
222 1632 234 1641 -x
316 1611 483 1660 cipaliter
497 1612 663 1650 ordinari
682 1613 732 1655 ad
751 1613 1015 1650 certitudinem
1035 1612 1137 1659 fidei,
1154 1624 1252 1660 quae
1271 1612 1379 1660 poni-

988 149 1253 194 QUAESTIO
1282 148 1385 194 VIII,
1414 148 1707 185 ARTICULUS
1737 149 1821 184 VIII
2436 151 2484 197 73

1099 267 1412 310 ARTICULUS
1442 268 1713 310 OCTAVUS

704 359 858 390 UTRUM
883 360 924 390 IN
948 360 1188 392 FRUCTIBUS
1211 360 1332 391 FinEs
1354 359 1639 392 RESPONDEAT
1662 361 1784 392 DONo
1811 361 2108 391 lNTELLECTUS

1147 437 1176 461 111
1197 437 1279 466 Sent„
1299 437 1357 461 dist.
1376 443 1456 467 xxxxv,
1476 444 1519 468 qu.
1540 444 1556 467 1,
1576 441 1623 460 art.
1646 436 1667 460 5.

359 523 414 554 »92
441 547 443 551 ,
503 529 508 536 s
534 517 556 542 D
577 517 748 543 ocrAvuM
767 519 819 544 s1c
839 518 1076 543 PRocssmrua.
1098 508 1254 545 Videtur
1273 507 1377 556 quod
1404 510 1406 518 ¹

350 552 403 611 ’ξιξ
465 566 508 615 13
533 558 571 594 in
600 558 781 596 fructibus
810 559 905 596 fides
929 571 1007 595 non
1027 561 1255 608 respondeat
1275 561 1377 597 dono

358 627 458 658 ν,
477 609 751 648 intellectus.
786 612 996 648 Intellectus
1026 612 1127 648 enirn
1158 621 1212 649 est
1239 614 1379 649 fructus

376 639 474 695 (32³²)
489 655 520 698 K
533 664 642 700 fidei:
663 663 797 701 dicitur
815 664 916 700 enim
935 664 1051 700 Isaiae
1066 665 1166 701 V11*:
1194 666 1282 702 Nisi
1299 677 1378 701 cre·
1404 654 1406 669 ’

322 716 504 761 dideritis,
534 729 608 753 non
637 717 863 766 intelligetis,
893 717 1106 753 secundum
1142 717 1254 754 aliam
1287 717 1379 763 litte-

83 769 294 824 :uszpmginmn-
322 780 403 805 ram
422 768 453 815 ³⁸,
481 769 548 804 ubi
567 781 637 805 nos
656 769 861 806 habemus:
892 769 934 804 Si
951 781 1024 805 non
1045 770 1282 815 credideritis,
1304 782 1378 806 non

315 822 593 869 permanebitis.
614 822 704 858 Non
720 833 809 868 ergo
824 821 921 858 fides
937 828 991 857 est
1005 822 1145 858 fructus
1159 822 1378 859 intellectus.

376 885 410 910 2.
431 875 662 920 PRAETEREA,
682 874 787 922 prius
815 886 893 910 non
914 881 968 910 est
987 874 1128 911 fructus
1147 875 1377 923 posterioris.
1405 879 1406 925 ζ

322 926 398 963 Sed
426 926 522 963 fides
541 926 692 963 videtur
711 938 792 963 esse
815 926 919 974 prior
937 926 1146 964 intellectu:
1175 927 1264 975 quia
1282 927 1379 964 fides
1405 930 1406 977 J

321 985 376 1015 est
410 978 698 1015 fundamentum
733 979 846 1016 totius
881 979 1081 1027 spiritualis
1118 979 1301 1026 aedificii,
1338 988 1380 1017 ut

81 1068 130 1092 ιιι-ι.
149 1069 179 1090 4,
193 1053 217 1085 i·
237 1063 294 1090 11¹⁶,

81 1094 202 1118 qua-xm,
215 1093 258 1112 m·
270 1095 292 1117 ²,
318 1083 498 1120 tellectus.

81 1115 291 1168 fftf’fft'dssn'
375 1136 409 1172 3.
439 1136 671 1183 ΡΚΑΕΤΕΚΕΑ,
700 1138 808 1186 plura
836 1145 923 1173 sunt
951 1138 1053 1175 dona
1079 1137 1303 1186 pertinentia
1331 1138 1379 1174 ad

318 1188 547 1225 Intellectum
575 1201 691 1238 quam
719 1189 945 1239 pertinentia
973 1191 1022 1227 ad
1050 1191 1272 1239 appetitum.
1303 1191 1379 1227 Sed

316 1240 414 1279 inter
440 1242 584 1290 fructus
609 1242 764 1291 ponitur
789 1250 936 1280 tantum
964 1255 1084 1280 unum
1112 1243 1303 1292 pertinens
1331 1243 1379 1280 ad

311 1293 562 1342 intellectum,
582 1295 723 1333 scilicet
744 1296 862 1333 fides:
891 1297 1020 1333 omnia
1046 1309 1140 1334 vero
1168 1296 1241 1333 alia
1268 1296 1380 1344 perti-

317 1355 411 1385 nent
436 1348 486 1385 ad
505 1349 725 1397 appetitum.
756 1350 857 1397 Ergo
878 1350 974 1386 fides
992 1361 1071 1386 non
1090 1349 1211 1397 magis
1229 1349 1380 1386 videtur

318 1401 549 1450 toepondere
578 1402 781 1439 intellectui
809 1414 924 1450 quam
953 1402 1159 1450 sapientiae
1177 1402 1240 1438 vel
1260 1401 1379 1438 scien-

318 1454 391 1491 tiae
423 1466 491 1490 seu
521 1455 704 1498 consilio.⁵

370 1506 446 1543 SED
467 1518 613 1543 CONTRA
626 1519 692 1544 EST
707 1507 811 1556 quod
830 1507 918 1544 finis
936 1506 1235 1554 uniuscuiusque
1251 1506 1305 1542 rei
1326 1513 1380 1542 est
1406 1515 1407 1554 ᾗ

316 1558 459 1596 fructus
487 1559 580 1596 eius.
611 1560 689 1597 Sed
716 1561 863 1597 donum
886 1560 1093 1597 intellectus
1115 1559 1261 1596 videtur
1278 1559 1379 1607 prin—

76 1648 228 1721 {wi
315 1672 377 1702 tur
394 1665 552 1703 fructus:
573 1666 663 1704 dicit
682 1666 784 1703 enim
805 1667 942 1703 Glossa
954 1667 985 1712 ⁸,
1001 1666 1054 1702 ad
1074 1665 1157 1702 Gal.
1172 1665 1379 1713 v²¹'*‚q¹10d

170 1719 197 1756 ἶ
254 1720 256 1723 “
315 1717 414 1756 sudes
441 1731 541 1767 quae
570 1727 626 1757 est
652 1720 796 1757 fructus
820 1727 876 1756 est
893 1725 911 1741 ‘²
937 1720 983 1756 de
1001 1719 1244 1756 invisibilibus
1272 1719 1379 1755 certi-
1405 1754 1406 1761 ,

316 1772 416 1809 tudo.
446 1773 548 1820 Ergo
576 1772 614 1809 in
642 1773 824 1810 fructibus
851 1772 950 1809 fides
969 1773 1176 1820 respondet
1205 1772 1308 1808 dono
1328 1772 1380 1807 in-

317 1825 499 1862 tellectus.
585 1822 587 1824 ’

80 1884 289 1914 mmmm-m,-
370 1879 597 1915 Rsssponnzo
620 1890 803 1915 DICENDUM
822 1878 940 1926 quod,
956 1878 1051 1915 sicut
1069 1890 1184 1926 supra
1197 1878 1217 1898 *
1236 1877 1378 1914 dictum

317 1938 389 1978 est,
418 1943 507 1968 cum
536 1931 583 1969 de
612 1932 795 1969 fructibus
827 1939 1020 1979 ageretur,
1050 1931 1192 1968 fructus
1221 1930 1380 1979 Spiritus
1405 1929 1406 1962 I

1433 507 1524 544 dum
1553 508 1628 543 hoc
1660 519 1749 554 ergo
1786 508 1876 545 doni
1904 510 1965 545 vel
1993 509 2138 546 virtutis
2170 509 2398 557 perficientis
2427 512 2490 547 ali-

1433 572 1548 608 quam
1588 560 1797 608 potentiam
1834 568 1958 609 potest
1997 562 2116 610 accipi
2154 563 2290 610 duplex
2328 563 2488 600 fructus:

1431 625 1530 649 unus
1550 612 1705 661 quidem
1724 613 1916 661 pertinens
1941 615 1989 651 ad
2009 627 2117 651 suam
2136 615 2367 663 potentiam3
2397 616 2490 652 alius

1432 673 1559 702 autem
1581 666 1686 713 quasi
1706 666 1872 713 ultimus,
1892 666 2083 714 pertinens
2103 667 2151 704 ad
2169 668 2418 705 voluntatem.
2443 669 2491 706 Et

1405 759 1406 764 ¹
1432 719 1642 754 secundum
1670 719 1746 754 hoc
1775 719 1978 755 dicendum
2008 727 2064 756 est
2091 720 2195 768 quod
2223 721 2326 756 dono
2352 720 2492 757 intelle-

1404 765 1406 814 Ῑ
1434 778 1514 806 ctus
1543 771 1746 818 respondet
1778 783 1848 818 pro
1876 772 2032 820 proprio
2070 773 2191 808 fructu
2219 773 2333 819 fides,
2362 773 2458 810 idest
2477 772 2490 795 δ

1432 823 1521 859 fidei
1551 823 1755 859 certitudo:
1786 824 1852 860 sed
1880 836 1949 871 pro
1978 824 2109 860 ultimo
2138 825 2258 860 fructu
2288 827 2492 873 respondet

1434 875 1467 911 ei
1494 875 1685 922 gaudium,
1715 876 1819 923 quod
1847 877 2007 923 pertinet
2035 878 2084 913 ad
2110 877 2357 914 voluntatem.

1486 929 1544 963 Αι)
1568 939 1705 964 PRIMUM
1730 939 1828 964 ERGO
1861 940 2043 965 DICENDUM
2068 929 2173 976 quod
2200 929 2408 966 intellectus
2437 938 2492 966 est

1433 979 1574 1016 fructus
1606 979 1695 1015 fidei
1715 992 1812 1027 quae
1838 988 1893 1016 est
1911 981 2041 1017 virtus.
2073 981 2134 1017 Sic
2163 989 2288 1018 autern
2319 995 2396 1018 non
2431 995 2491 1019 ac-

1434 1032 1566 1080 cipitur
1585 1032 1681 1068 fides
1702 1044 1789 1069 cum
1810 1033 1944 1069 dicitur
1963 1034 2124 1070 fructus:
2150 1035 2215 1070 sed
2234 1047 2304 1082 pro
2325 1037 2490 1083 quadam

1405 1129 1407 1135 Α
1433 1084 1654 1121 certitudine
1673 1085 1774 1131 fidei,
1795 1086 1844 1122 ad
1868 1098 1983 1132 quam
2013 1087 2132 1123 homo
2151 1088 2325 1134 pervenit
2339 1100 2406 1135 per
2424 1089 2491 1124 do—

1433 1149 1525 1174 num
1554 1137 1774 1174 intellectus.

1486 1192 1545 1227 An
1573 1202 1764 1228 SECUNDUM
1791 1202 1975 1228 mcenmm
2003 1191 2108 1240 quod
2140 1192 2235 1228 fides
2264 1204 2341 1228 non
2369 1200 2492 1240 potest

1406 1243 1692 1282 ,universaliter
1727 1243 1957 1292 praecedere
1994 1243 2246 1281 intellectum:
2275 1257 2354 1281 non
2392 1245 2491 1282 enim

1433 1303 1562 1344 posset
1590 1296 1708 1332 homo
1730 1296 1909 1333 assentire
1934 1297 2125 1334 credendo
2146 1297 2333 1345 aliquibus
2351 1309 2491 1346 propo—

1433 1348 1510 1385 sitis
1538 1348 1609 1384 nisi
1637 1361 1682 1385 ea
1711 1349 1918 1396 aliqualiter
1946 1349 2176 1397 intelligeret.
2208 1351 2285 1387 Sed
2312 1351 2491 1398 perfectio

1433 1401 1641 1437 intellectus
1670 1401 1912 1449 consequitur
1939 1403 2056 1439 fidem
2083 1414 2180 1451 quae
2201 1411 2256 1439 est
2274 1403 2414 1439 virtus:
2444 1405 2492 1441 ad

1434 1465 1550 1501 quam
1586 1453 1741 1501 quidem
1779 1454 1988 1490 intellectus
2024 1455 2295 1502 perfectionem
2325 1456 2492 1503 sequitur

1434 1506 1625 1553 quaedam
1654 1506 1743 1542 fidei
1772 1507 1969 1543 certitudo,
1998 1546 2000 1548 ,

1485 1561 1545 1595 An
1565 1570 1724 1595 TERTIUM
1739 1570 1923 1596 DICENDUM
1939 1559 2044 1607 quod
2063 1559 2286 1607 cognitionis
2306 1560 2492 1608 practicae

1434 1612 1575 1648 fructus
1595 1623 1674 1648 non
1691 1619 1817 1660 potest
1836 1625 1918 1649 esse
1939 1612 1976 1648 in
1996 1612 2098 1660 ipsa:
2119 1613 2207 1660 quia
2226 1612 2307 1649 talis
2327 1613 2491 1660 cognitio

1433 1676 1511 1701 non
1540 1664 1655 1700 scitur
1681 1672 1838 1713 propter
1857 1678 1909 1711 se,
1930 1665 1997 1702 sed
2016 1673 2173 1713 propter
2191 1665 2303 1702 aliud.
2334 1667 2410 1703 Sed
2430 1679 2492 1703 co-

1433 1717 1547 1766 gnitio
1567 1718 1798 1765 speculativa
1825 1719 1940 1755 habet
1959 1718 2120 1754 fructum
2140 1719 2178 1755 in
2199 1719 2334 1767 seipsa,
2355 1719 2494 1756 scilicet

1434 1770 1696 1807 certitudinem
1731 1783 1863 1807 eorum
1896 1783 2062 1820 quorum
2092 1779 2157 1808 est.
2196 1772 2245 1808 Et
2272 1771 2358 1808 ideo
2388 1772 2491 1808 dono

1433 1823 1590 1870 consilii,
1611 1824 1716 1871 quod
1745 1823 1907 1872 pertinet
1929 1825 2053 1860 solum
2074 1824 2122 1861 ad
2138 1818 2346 1872 practicam
2367 1825 2492 1872 cogni-

1405 1883 1407 1913 ξ
1432 1877 1589 1923 tionem,
1620 1889 1698 1913 non
1728 1877 1934 1925 respondet
1954 1876 2087 1924 aliquis
2106 1878 2248 1914 fructus
2275 1877 2452 1926 proprius
2466 1883 2490 1913 ².

1433 1930 1554 1966 Donis
1583 1936 1710 1966 autem
1740 1930 1965 1978 sapientiae,
1995 1929 2203 1966 intellectus
2233 1937 2268 1966 et
2295 1930 2491 1977 scientiae,

177 1987 192 2022 β
317 1984 493 2022 dicuntur
510 1985 700 2033 quaedam
719 1983 734 2014 β
761 1985 894 2022 ultima
914 1993 950 2022 et
969 1983 1204 2022 delectabilia
1222 1996 1321 2031 quae
1340 1983 1378 2020 in
1433 1995 1532 2031 quae
1560 1990 1721 2030 possunt
1740 1983 1854 2020 etiam
1874 1983 1922 2020 ad
1941 1983 2215 2031 speculativam
2237 1983 2491 2030 cognitionem

316 2037 428 2075 nobis
455 2039 686 2086 proveniunt
709 2049 755 2074 ex
772 2037 909 2075 virtute
929 2038 1090 2086 Spiritus
1119 2037 1258 2074 Sancti.
1287 2036 1379 2074 Ulti-
1404 2050 1405 2075 ζ
1431 2035 1631 2084 pertinere,
1662 2036 1865 2084 respondet
1893 2037 2017 2072 solum
2048 2048 2147 2073 unus
2175 2037 2327 2082 fructus,
2349 2037 2414 2084 qui
2438 2044 2493 2073 est

175 2101 192 2128 τ
313 2102 422 2128 mum
450 2098 580 2128 autem
619 2090 839 2128 delectabile
862 2097 878 2120 Υ
906 2092 1022 2128 habet
1050 2090 1235 2128 rationem
1272 2090 1377 2136 finis,
1403 2085 1406 2120 ἕ
1433 2088 1616 2125 certitudo
1637 2087 1877 2136 significata‘
1905 2089 2060 2126 nornine
2080 2089 2182 2126 fidei.
2211 2090 2342 2126 Plures
2363 2097 2490 2126 autem

314 2143 382 2193 qui
415 2151 471 2180 est
501 2145 697 2193 proprium
729 2144 923 2182 obiectum
949 2143 1166 2182 voluntatis.
1204 2144 1254 2180 Et
1289 2142 1377 2180 ideo
1403 2123 1405 2156 4
1432 2142 1573 2179 fructus
1601 2149 1796 2190 ponuntur
1823 2142 2053 2190 pertinentes
2082 2142 2130 2180 ad
2155 2150 2302 2190 partem
2323 2142 2491 2191 appetiti-

315 2249 355 2287 in
381 2251 578 2288 voluntate
611 2251 658 2288 sit
694 2251 986 2299 quodammodo
1023 2252 1165 2287 fructus
1201 2249 1376 2286 omnium
1402 2262 1403 2290 I
1431 2260 1529 2296 quae
1545 2253 1562 2275 η
1582 2248 1807 2296 importatur
1829 2248 1868 2284 in
1887 2249 2046 2286 nomine
2069 2249 2222 2294 fructus,
2243 2248 2362 2295 magis
2380 2248 2492 2296 perti-
2616 2267 2632 2290 η

314 2204 465 2247 oportet
485 2198 598 2246 ,quod
626 2198 664 2235 id
692 2199 798 2246 quod
826 2206 881 2236 est
903 2198 1080 2236 ultimum
1101 2205 1138 2234 et
1155 2196 1376 2234 delectabile
1402 2185 1405 2243 J
1431 2207 1534 2242 vam,
1563 2195 1670 2243 quia,
1701 2195 1795 2231 sicut
1828 2194 1904 2231 iam
1924 2195 1943 2216 '¹‘
1972 2195 2116 2232 dictum
2151 2202 2224 2241 est,
2259 2195 2352 2231 ratio
2385 2195 2490 2241 finis,
2522 2205 2689 2232 ·1ncorpore-

314 2302 477 2340 aliorum
495 2315 594 2352 quae
622 2304 811 2352 pertinent
823 2306 870 2342 ad
892 2305 982 2342 alias
1000 2304 1201 2353 potentias.
1232 2304 1376 2340 Secun-
1401 2297 1403 2344 I

370 2416 397 2448 α)
416 2423 484 2448 quae
501 2419 542 2441 est
553 2416 662 2450 fructus
685 2420 733 2442 est.
751 2430 770 2436 -
787 2420 826 2442 est
843 2424 912 2449 quae
934 2420 974 2442 est
989 2418 1099 2450 fruetus
1122 2417 1288 2449 AEFGLpC,
1308 2423 1376 2448 quae

314 2454 355 2477 est
367 2451 476 2486 fructus
494 2451 568 2484 HpK,
580 2455 621 2477 est
637 2459 706 2484 quae
717 2456 757 2477 est
766 2454 879 2486 fructus
897 2456 924 2478 et
937 2453 988 2482 Pa,·
1006 2453 1118 2484 primum
1135 2455 1174 2477 est
1193 2453 1213 2476 Β
1232 2451 1303 2483 ponit
1317 2456 1376 2475 ante

315 2487 456 2515 certitudo,
476 2492 535 2519 post
551 2486 636 2516 lsCK3
655 2487 746 2512 dscit...
765 2488 870 2517 fructus
888 2491 928 2512 est
945 2495 998 2512 om.
1018 2487 1050 2512 D.

256 2526 259 2528 “
368 2520 396 2555 β)
415 2522 555 2556 quaedam.
572 2535 592 2542 -
609 2523 672 2548 Om.
692 2522 750 2548 Pla.

369 2558 396 2591 γ)
415 2558 575 2583 delectabile.
593 2571 612 2576 -
629 2561 656 2583 et
674 2558 826 2583 delectabile
846 2558 874 2582 P.
1402 2547 1405 2585 1

1430 2309 1494 2338 net
1521 2302 1570 2338 ad
1597 2301 1678 2338 vim
1707 2300 1954 2349 appetitivam
1984 2314 2100 2350 quam
2128 2301 2405 2338 intellectivam.

1484 2413 1510 2446 ὃ)
1529 2414 1607 2440 idest.
1625 2428 1642 2433 -
1660 2414 1760 2439 scilicet
1779 2415 1806 2439 P.

1481 2450 1503 2481 ε)
1516 2450 1626 2483 fructus
1641 2450 1779 2480 proprius.
1798 2463 1815 2467 —
1827 2450 1937 2482 fructus
1951 2450 2065 2482 proprie
2084 2451 2112 2478 L,
2129 2450 2240 2482 proprie
2252 2451 2362 2483 fructus
2388 2450 2474 2474 ceteri.

1482 2484 1509 2516 ζ)
1527 2484 1688 2516 significata.
1708 2499 1726 2502 —
1745 2484 1926 2516 significativa
1944 2492 1970 2514 ιι,
1989 2485 2098 2517 signata
2116 2486 2161 2509 Pa.

1482 2519 1510 2550 η)
1528 2526 1605 2551 quae.
1623 2533 1642 2538 -
1663 2520 1735 2551 quod
1753 2519 1785 2549 K,
1805 2520 1850 2550 qui
1869 2520 1896 2544 Ρ.

989 2629 1318 2661 Commeat-‚aria
1341 2625 1590 2657 cardinalis
1613 2624 1813 2657 Caietam

344 2708 365 2729 N
389 2698 526 2740 septimo
549 2706 655 2730 autern
673 2707 702 2730 et
718 2706 830 2730 octavo
845 2699 981 2730 articulis
1005 2699 1084 2730 nihil
1105 2698 1305 2729 scribendum
1321 2707 1372 2727 oc·
1400 2737 1401 2740 Ἴ

318 2710 441 2774 Icurrit
455 2742 515 2773 nisi
531 2743 620 2783 quod
644 2743 754 2774 novitii
774 2750 910 2780 caveant,
926 2744 958 2774 in
983 2743 1189 2783 responsione
1205 2742 1244 2772 ad
1263 2751 1373 2771 secun·
1401 2775 1402 2778 Ἰ

312 2786 393 2818 dm
416 2787 518 2818 octavi
540 2787 678 2824 articuli,
704 2788 743 2818 ab
767 2797 870 2818 errore
893 2788 1082 2818 incurrendo
1107 2797 1163 2827 per
1185 2786 1238 2816 illa
1259 2787 1372 2816 verba:
1401 2803 1402 2818 ι

312 2830 409 2862 Fides
423 2829 488 2862 non
498 2836 603 2871 potest
618 2833 846 2863 universaliter
853 2832 1048 2872 praecedere
1064 2832 1269 2862 intellectum.
1292 2830 1375 2861 Nam
1401 2829 1403 2863 ἶ

313 2874 341 2905 εἰ
363 2884 420 2914 per
442 2874 637 2906 intellectum
663 2876 714 2906 hic
736 2876 945 2915 intelligerent
968 2876 1091 2907 donum
1119 2875 1305 2911 intellectus,
1330 2885 1375 2906 er-

314 2925 432 2949 rarent:
453 2919 607 2960 quoniam
621 2918 699 2951 fides
714 2919 872 2960 praecedit
890 2927 921 2951 et
936 2927 1055 2957 natura,
1073 2927 1103 2951 et
1118 2927 1261 2959 ternpore
1276 2930 1375 2960 quan-

315 2962 431 3003 doque,
445 2963 567 2993 donum
583 2963 768 3002 intellectus,
781 2965 820 2994 ad
837 2965 925 3005 quod
940 2975 1006 2995 non
1018 2971 1137 3005 spectat
1148 2964 1376 3005 quodcumque
1401 2958 1403 3016 I

314 3005 495 3046 intelligere,
520 3007 574 3037 sed
597 3007 817 3039 intellectionis
839 3008 1000 3048 perfectio,
1024 3008 1135 3039 saltem
1163 3015 1304 3048 respectu
1328 3009 1375 3039 ul-
1402 3018 1403 3049 j

1426 2695 1495 2725 timi
1518 2694 1599 2730 finis,
1620 2705 1701 2735 quae
1725 2702 1771 2725 est
1789 2695 1917 2736 propria
1939 2689 1987 2725 his
2007 2695 2062 2736 qui
2085 2703 2158 2726 sunt
2176 2696 2208 2726 in
2223 2696 2330 2736 gratia,
2355 2703 2390 2727 ut
2406 2703 2491 2736 patet

1428 2749 1464 2769 ex
1487 2738 1577 2770 dictis
1599 2737 1624 2769 *.
1650 2739 1711 2769 Sed
1742 2739 1885 2779 intelligit
1908 2742 2029 2770 Auctor
2056 2750 2112 2780 per
2132 2740 2328 2771 intellectum
2360 2750 2491 2770 omnem
2519 2753 2527 2761 ·

1427 2789 1535 2814 actum
1557 2783 1750 2823 percipiendi
1773 2784 1830 2823 qui
1854 2790 1946 2814 natus
1970 2791 2016 2814 est
2043 2783 2148 2824 perfici
2172 2794 2228 2824 per
2255 2784 2378 2814 donum
2400 2784 2490 2816 intel-

1427 2827 1543 2858 lectus:
1568 2834 1599 2858 et
1621 2827 1694 2858 ideo
1711 2828 1861 2867 apposuit
1882 2828 1914 2868 ly
1929 2829 2164 2859 universaliter.
2188 2829 2308 2858 Natum
2331 2828 2490 2869 siquidem

1402 2884 1403 2909 ῃ
1429 2878 1475 2902 est
1497 2871 1672 2902 intellectus
1697 2872 1820 2902 donum
1849 2871 1996 2911 perficere
2021 2882 2151 2902 omnem
2182 2872 2416 2913 perceptionem
2443 2872 2489 2902 in-

1402 2922 1403 2925 ’
1429 2915 1616 2946 teuectivam
1645 2922 1838 2956 spectantem
1868 2916 1907 2946 ad
1930 2915 2042 2952 fidem,
2067 2916 2131 2946 sive
2160 2916 2212 2946 illa
2234 2917 2398 2956 praecedat
2426 2917 2490 2946 sive

1430 2960 1640 3000 subsequatur
1664 2960 1786 2990 donum
1810 2960 1995 2991 intellectus.

820 3188 875 3190 m-
890 3188 1190 3192 *dmm-.—-„..
1201 3171 1588 3211 ...ψῃῇξοξζε-,ῃ-
1647 3191 1650 3192 γ
1718 3191 1721 3192 γ
1747 3191 1775 3193 -
1823 3192 1840 3193 ff
1875 3192 1946 3194 fi*
1957 3192 1978 3194 c.

458 3493 566 3516 summa
586 3491 686 3516 Tutor.
707 3492 737 3516 D.
753 3491 865 3516 Tnoms
885 3491 917 3516 Τ.
937 3493 967 3516 V.

2316 3503 2344 3519 10
