<?xml version="1.0" encoding="UTF-8"?>
<!DOCTYPE html PUBLIC "-//W3C//DTD XHTML 1.0 Transitional//EN"
    "http://www.w3.org/TR/xhtml1/DTD/xhtml1-transitional.dtd">
<html xmlns="http://www.w3.org/1999/xhtml" xml:lang="en" lang="en">
 <head>
  <title>
</title>
<meta http-equiv="Content-Type" content="text/html;charset=utf-8" />
  <meta name='ocr-system' content='tesseract 3.04.00' />
  <meta name='ocr-capabilities' content='ocr_page ocr_carea ocr_par ocr_line ocrx_word'/>
</head>
<body>
  <div class='ocr_page' id='page_1' title='image "./operaomniaiussui08thom_0044.png"; bbox 0 0 2892 4056; ppageno 0'>
   <div class='ocr_carea' id='block_1_1' title="bbox 416 176 462 202">
    <p class='ocr_par' dir='ltr' id='par_1_1' title="bbox 416 176 462 202">
     <span class='ocr_line' id='line_1_1' title="bbox 416 176 462 202; baseline 0.022 -1"><span class='ocrx_word' id='word_1_1' title='bbox 416 176 462 202; x_wconf 84' lang='lat' dir='ltr'><em>XL</em></span> 
     </span>
    </p>
   </div>
   <div class='ocr_carea' id='block_1_2' title="bbox 413 241 1472 1078">
    <p class='ocr_par' dir='ltr' id='par_1_2' title="bbox 413 241 1472 1078">
     <span class='ocr_line' id='line_1_2' title="bbox 506 241 1469 285; baseline 0 -11"><span class='ocrx_word' id='word_1_2' title='bbox 506 254 536 274; x_wconf 90' lang='lat' dir='ltr'><em>n.</em></span> <span class='ocrx_word' id='word_1_3' title='bbox 560 255 622 280; x_wconf 82' lang='lat' dir='ltr'><em>vm,</em></span> <span class='ocrx_word' id='word_1_4' title='bbox 639 245 660 274; x_wconf 92' lang='lat' dir='ltr'><em>l.</em></span> <span class='ocrx_word' id='word_1_5' title='bbox 681 246 708 280; x_wconf 88' lang='grc'><em>5,</em></span> <span class='ocrx_word' id='word_1_6' title='bbox 726 254 783 284; x_wconf 93' lang='lat' dir='ltr'><em>pro</em></span> <span class='ocrx_word' id='word_1_7' title='bbox 800 245 978 275; x_wconf 88' lang='lat' dir='ltr'><em>Aristotelis</em></span> <span class='ocrx_word' id='word_1_8' title='bbox 995 243 1045 285; x_wconf 85' lang='lat' dir='ltr'><em>(ex</em></span> <span class='ocrx_word' id='word_1_9' title='bbox 1058 241 1165 285; x_wconf 64' lang='lat' dir='ltr'><em>med),</em></span> <span class='ocrx_word' id='word_1_10' title='bbox 1179 243 1218 273; x_wconf 83' lang='lat' dir='ltr'><em>ab</em></span> <span class='ocrx_word' id='word_1_11' title='bbox 1237 244 1406 274; x_wconf 84' lang='lat' dir='ltr'><em>Aristotele</em></span> <span class='ocrx_word' id='word_1_12' title='bbox 1421 255 1469 275; x_wconf 79' lang='lat' dir='ltr'><em>AB.</em></span> 
     </span>
     <span class='ocr_line' id='line_1_3' title="bbox 415 285 1470 329; baseline 0.001 -12"><span class='ocrx_word' id='word_1_13' title='bbox 415 289 494 318; x_wconf 72' lang='lat' dir='ltr'><em>Am.</em></span> <span class='ocrx_word' id='word_1_14' title='bbox 522 298 549 324; x_wconf 89' lang='lat'><em>2,</em></span> <span class='ocrx_word' id='word_1_15' title='bbox 574 298 605 318; x_wconf 89' lang='lat' dir='ltr'><em>n.</em></span> <span class='ocrx_word' id='word_1_16' title='bbox 635 299 660 324; x_wconf 94' lang='lat'><em>1,</em></span> <span class='ocrx_word' id='word_1_17' title='bbox 684 288 704 318; x_wconf 94' lang='lat' dir='ltr'><em>l.</em></span> <span class='ocrx_word' id='word_1_18' title='bbox 736 298 782 324; x_wconf 92' lang='lat'><em>10,</em></span> <span class='ocrx_word' id='word_1_19' title='bbox 800 294 830 318; x_wconf 92' lang='lat' dir='ltr'><em>et</em></span> <span class='ocrx_word' id='word_1_20' title='bbox 853 299 917 318; x_wconf 90' lang='lat' dir='ltr'><em>om.</em></span> <span class='ocrx_word' id='word_1_21' title='bbox 935 289 999 318; x_wconf 71' lang='lat' dir='ltr'><em>PDE</em></span> <span class='ocrx_word' id='word_1_22' title='bbox 1017 286 1067 329; x_wconf 87' lang='lat' dir='ltr'><em>(ex</em></span> <span class='ocrx_word' id='word_1_23' title='bbox 1084 285 1192 328; x_wconf 86' lang='lat' dir='ltr'><strong>med.).</strong></span> <span class='ocrx_word' id='word_1_24' title='bbox 1209 304 1230 309; x_wconf 94' lang='lat'><em>-</em></span> <span class='ocrx_word' id='word_1_25' title='bbox 1247 287 1316 318; x_wconf 85' lang='lat' dir='ltr'><em>Lin.</em></span> <span class='ocrx_word' id='word_1_26' title='bbox 1344 298 1394 324; x_wconf 90' lang='lat'><em>22,</em></span> <span class='ocrx_word' id='word_1_27' title='bbox 1412 298 1470 328; x_wconf 91' lang='lat' dir='ltr'><em>pro</em></span> 
     </span>
     <span class='ocr_line' id='line_1_4' title="bbox 591 330 1179 372; baseline -0.003 -10"><span class='ocrx_word' id='word_1_28' title='bbox 591 334 630 370; x_wconf 91' lang='lat' dir='ltr'><em>si,</em></span> <span class='ocrx_word' id='word_1_29' title='bbox 649 339 678 363; x_wconf 85' lang='lat' dir='ltr'><em>et</em></span> <span class='ocrx_word' id='word_1_30' title='bbox 702 341 731 361; x_wconf 88' lang='lat' dir='ltr'><strong>n.</strong></span> <span class='ocrx_word' id='word_1_31' title='bbox 748 342 779 368; x_wconf 90' lang='lat'><em>11,</em></span> <span class='ocrx_word' id='word_1_32' title='bbox 796 332 815 362; x_wconf 88' lang='lat' dir='ltr'><em>l.</em></span> <span class='ocrx_word' id='word_1_33' title='bbox 839 343 863 368; x_wconf 86' lang='lat'><em>1,</em></span> <span class='ocrx_word' id='word_1_34' title='bbox 879 342 937 372; x_wconf 91' lang='lat' dir='ltr'><em>pro</em></span> <span class='ocrx_word' id='word_1_35' title='bbox 961 333 1052 368; x_wconf 90' lang='lat' dir='ltr'><em>sicut,</em></span> <span class='ocrx_word' id='word_1_36' title='bbox 1076 333 1122 362; x_wconf 86' lang='lat' dir='ltr'><em>sic</em></span> <span class='ocrx_word' id='word_1_37' title='bbox 1144 330 1179 361; x_wconf 88' lang='lat' dir='ltr'><em>P.</em></span> 
     </span>
     <span class='ocr_line' id='line_1_5' title="bbox 504 373 1470 418; baseline 0.002 -13"><span class='ocrx_word' id='word_1_38' title='bbox 504 386 534 405; x_wconf 91' lang='lat' dir='ltr'><em>n.</em></span> <span class='ocrx_word' id='word_1_39' title='bbox 552 386 584 412; x_wconf 88' lang='lat'><em>11,</em></span> <span class='ocrx_word' id='word_1_40' title='bbox 595 376 615 406; x_wconf 93' lang='lat'><em>1.</em></span> <span class='ocrx_word' id='word_1_41' title='bbox 630 387 639 405; x_wconf 91' lang='lat'>1</span> <span class='ocrx_word' id='word_1_42' title='bbox 648 376 677 411; x_wconf 92' lang='lat'><em>8,</em></span> <span class='ocrx_word' id='word_1_43' title='bbox 687 385 744 415; x_wconf 85' lang='lat' dir='ltr'><em>pro</em></span> <span class='ocrx_word' id='word_1_44' title='bbox 758 375 982 411; x_wconf 87' lang='lat' dir='ltr'><em>misericordis,</em></span> <span class='ocrx_word' id='word_1_45' title='bbox 993 375 1211 406; x_wconf 81' lang='lat' dir='ltr'><em>misericordia</em></span> <span class='ocrx_word' id='word_1_46' title='bbox 1224 375 1289 405; x_wconf 67' lang='lat' dir='ltr'><em>Pon</em></span> <span class='ocrx_word' id='word_1_47' title='bbox 1302 373 1354 417; x_wconf 85' lang='lat' dir='ltr'><em>(ex</em></span> <span class='ocrx_word' id='word_1_48' title='bbox 1361 374 1470 418; x_wconf 87' lang='lat' dir='ltr'><em>med.).</em></span> 
     </span>
     <span class='ocr_line' id='line_1_6' title="bbox 542 417 1448 462; baseline 0.001 -12"><span class='ocrx_word' id='word_1_49' title='bbox 542 431 556 446; x_wconf 63' lang='grc' dir='ltr'><strong>ι</strong></span> <span class='ocrx_word' id='word_1_50' title='bbox 595 430 627 459; x_wconf 90' lang='lat' dir='ltr'><em>p.</em></span> <span class='ocrx_word' id='word_1_51' title='bbox 654 420 726 459; x_wconf 86' lang='lat'><em>295,</em></span> <span class='ocrx_word' id='word_1_52' title='bbox 744 419 763 450; x_wconf 90' lang='grc'><em>1.</em></span> <span class='ocrx_word' id='word_1_53' title='bbox 791 429 840 455; x_wconf 87' lang='grc' dir='ltr'><em>2ο,</em></span> <span class='ocrx_word' id='word_1_54' title='bbox 859 424 889 449; x_wconf 87' lang='lat' dir='ltr'><em>et</em></span> <span class='ocrx_word' id='word_1_55' title='bbox 911 426 982 448; x_wconf 89' lang='lat' dir='ltr'><em>ante</em></span> <span class='ocrx_word' id='word_1_56' title='bbox 994 429 1076 458; x_wconf 86' lang='lat' dir='ltr'><em>pene</em></span> <span class='ocrx_word' id='word_1_57' title='bbox 1100 419 1170 449; x_wconf 80' lang='lat' dir='ltr'><em>add.</em></span> <span class='ocrx_word' id='word_1_58' title='bbox 1188 419 1253 448; x_wconf 75' lang='lat' dir='ltr'><em>Pon:</em></span> <span class='ocrx_word' id='word_1_59' title='bbox 1269 417 1320 461; x_wconf 85' lang='lat' dir='ltr'><em>(ex</em></span> <span class='ocrx_word' id='word_1_60' title='bbox 1339 418 1448 462; x_wconf 87' lang='lat' dir='ltr'><em>med.).</em></span> 
     </span>
     <span class='ocr_line' id='line_1_7' title="bbox 503 463 1470 505; baseline 0.001 -12"><span class='ocrx_word' id='word_1_61' title='bbox 503 474 534 494; x_wconf 90' lang='lat' dir='ltr'><em>n.</em></span> <span class='ocrx_word' id='word_1_62' title='bbox 559 474 599 499; x_wconf 81' lang='grc' dir='ltr'><em>ιν,</em></span> <span class='ocrx_word' id='word_1_63' title='bbox 618 464 677 494; x_wconf 90' lang='lat' dir='ltr'><strong>col.</strong></span> <span class='ocrx_word' id='word_1_64' title='bbox 698 472 726 498; x_wconf 89' lang='lat'><em>2,</em></span> <span class='ocrx_word' id='word_1_65' title='bbox 744 463 763 493; x_wconf 93' lang='lat'><em>1.</em></span> <span class='ocrx_word' id='word_1_66' title='bbox 783 474 812 503; x_wconf 85' lang='lat'><em>9,</em></span> <span class='ocrx_word' id='word_1_67' title='bbox 829 463 1020 493; x_wconf 86' lang='lat' dir='ltr'><em>desiderium</em></span> <span class='ocrx_word' id='word_1_68' title='bbox 1037 470 1108 493; x_wconf 88' lang='lat' dir='ltr'><em>ante</em></span> <span class='ocrx_word' id='word_1_69' title='bbox 1125 463 1168 493; x_wconf 87' lang='lat' dir='ltr'><em>ad</em></span> <span class='ocrx_word' id='word_1_70' title='bbox 1182 463 1241 505; x_wconf 85' lang='lat' dir='ltr'><em>hoc</em></span> <span class='ocrx_word' id='word_1_71' title='bbox 1256 472 1332 503; x_wconf 89' lang='lat' dir='ltr'><strong>pon.</strong></span> <span class='ocrx_word' id='word_1_72' title='bbox 1350 464 1470 500; x_wconf 53' lang='lat' dir='ltr'><em>funum</em></span> 
     </span>
     <span class='ocr_line' id='line_1_8' title="bbox 592 507 1297 547; baseline 0 -10"><span class='ocrx_word' id='word_1_73' title='bbox 592 515 622 538; x_wconf 89' lang='lat' dir='ltr'><em>et</em></span> <span class='ocrx_word' id='word_1_74' title='bbox 638 507 657 537; x_wconf 92' lang='lat'><em>1.</em></span> <span class='ocrx_word' id='word_1_75' title='bbox 681 516 728 542; x_wconf 86' lang='grc' dir='ltr'><em>ι2,</em></span> <span class='ocrx_word' id='word_1_76' title='bbox 745 514 815 537; x_wconf 83' lang='lat' dir='ltr'><em>ante</em></span> <span class='ocrx_word' id='word_1_77' title='bbox 838 508 966 537; x_wconf 84' lang='lat' dir='ltr'><em>tristitia</em></span> <span class='ocrx_word' id='word_1_78' title='bbox 990 507 1059 537; x_wconf 85' lang='lat' dir='ltr'><em>add.</em></span> <span class='ocrx_word' id='word_1_79' title='bbox 1073 507 1116 537; x_wconf 83' lang='lat' dir='ltr'><em>ad</em></span> <span class='ocrx_word' id='word_1_80' title='bbox 1131 507 1190 537; x_wconf 86' lang='lat' dir='ltr'><em>hoc</em></span> <span class='ocrx_word' id='word_1_81' title='bbox 1204 507 1297 547; x_wconf 87' lang='lat' dir='ltr'><em>quod.</em></span> 
     </span>
     <span class='ocr_line' id='line_1_9' title="bbox 502 550 1469 590; baseline 0.002 -10"><span class='ocrx_word' id='word_1_82' title='bbox 502 560 532 581; x_wconf 91' lang='grc' dir='ltr'><em>ιι.</em></span> <span class='ocrx_word' id='word_1_83' title='bbox 557 561 592 586; x_wconf 90' lang='lat' dir='ltr'><em>v,</em></span> <span class='ocrx_word' id='word_1_84' title='bbox 617 551 637 581; x_wconf 93' lang='grc'><em>1.</em></span> <span class='ocrx_word' id='word_1_85' title='bbox 664 562 682 590; x_wconf 90' lang='lat'><strong>9</strong></span> <span class='ocrx_word' id='word_1_86' title='bbox 707 561 724 580; x_wconf 84' lang='lat' dir='ltr'><em>a</em></span> <span class='ocrx_word' id='word_1_87' title='bbox 748 550 818 586; x_wconf 89' lang='lat' dir='ltr'><em>fin.,</em></span> <span class='ocrx_word' id='word_1_88' title='bbox 845 561 901 590; x_wconf 90' lang='lat' dir='ltr'><em>pro</em></span> <span class='ocrx_word' id='word_1_89' title='bbox 928 551 1112 587; x_wconf 87' lang='lat' dir='ltr'><em>secundam,</em></span> <span class='ocrx_word' id='word_1_90' title='bbox 1135 550 1327 588; x_wconf 88' lang='lat' dir='ltr'><em>secundum,</em></span> <span class='ocrx_word' id='word_1_91' title='bbox 1353 557 1383 581; x_wconf 91' lang='lat' dir='ltr'><em>et</em></span> <span class='ocrx_word' id='word_1_92' title='bbox 1404 551 1426 581; x_wconf 99' lang='grc'><em>1.</em></span> <span class='ocrx_word' id='word_1_93' title='bbox 1451 553 1469 582; x_wconf 95' lang='grc'>6</span> 
     </span>
     <span class='ocr_line' id='line_1_10' title="bbox 591 593 965 634; baseline 0 -10"><span class='ocrx_word' id='word_1_94' title='bbox 591 604 607 624; x_wconf 84' lang='lat' dir='ltr'><em>a</em></span> <span class='ocrx_word' id='word_1_95' title='bbox 630 593 695 630; x_wconf 92' lang='lat' dir='ltr'><em>fin.,</em></span> <span class='ocrx_word' id='word_1_96' title='bbox 720 604 778 634; x_wconf 88' lang='lat' dir='ltr'><em>pro</em></span> <span class='ocrx_word' id='word_1_97' title='bbox 801 595 838 630; x_wconf 90' lang='lat' dir='ltr'><em>si,</em></span> <span class='ocrx_word' id='word_1_98' title='bbox 863 596 910 625; x_wconf 87' lang='lat' dir='ltr'><em>sic</em></span> <span class='ocrx_word' id='word_1_99' title='bbox 932 595 965 624; x_wconf 91' lang='lat' dir='ltr'><em>P.</em></span> 
     </span>
     <span class='ocr_line' id='line_1_11' title="bbox 502 638 1471 678; baseline 0.003 -11"><span class='ocrx_word' id='word_1_100' title='bbox 502 647 532 668; x_wconf 90' lang='lat' dir='ltr'><em>n.</em></span> <span class='ocrx_word' id='word_1_101' title='bbox 557 648 597 674; x_wconf 84' lang='lat' dir='ltr'><em>VI,</em></span> <span class='ocrx_word' id='word_1_102' title='bbox 622 649 653 678; x_wconf 90' lang='lat' dir='ltr'><em>p.</em></span> <span class='ocrx_word' id='word_1_103' title='bbox 681 639 753 678; x_wconf 86' lang='lat'><em>296,</em></span> <span class='ocrx_word' id='word_1_104' title='bbox 778 638 797 668; x_wconf 83' lang='lat'><em>1.</em></span> <span class='ocrx_word' id='word_1_105' title='bbox 823 648 852 678; x_wconf 90' lang='lat'><em>7,</em></span> <span class='ocrx_word' id='word_1_106' title='bbox 878 648 935 678; x_wconf 91' lang='lat' dir='ltr'><em>pro</em></span> <span class='ocrx_word' id='word_1_107' title='bbox 967 638 1165 676; x_wconf 90' lang='lat' dir='ltr'><em>lucraretur,</em></span> <span class='ocrx_word' id='word_1_108' title='bbox 1191 639 1415 677; x_wconf 88' lang='lat' dir='ltr'><em>lucrarentur,</em></span> <span class='ocrx_word' id='word_1_109' title='bbox 1441 647 1471 670; x_wconf 84' lang='lat' dir='ltr'><em>et</em></span> 
     </span>
     <span class='ocr_line' id='line_1_12' title="bbox 590 682 1278 722; baseline 0.001 -11"><span class='ocrx_word' id='word_1_110' title='bbox 590 682 695 712; x_wconf 83' lang='lat' dir='ltr'><em>statim</em></span> <span class='ocrx_word' id='word_1_111' title='bbox 719 691 777 721; x_wconf 90' lang='lat' dir='ltr'><em>pro</em></span> <span class='ocrx_word' id='word_1_112' title='bbox 799 687 1019 722; x_wconf 85' lang='lat' dir='ltr'><em>sequerentur,</em></span> <span class='ocrx_word' id='word_1_113' title='bbox 1036 688 1222 722; x_wconf 87' lang='lat' dir='ltr'><em>sequeretur</em></span> <span class='ocrx_word' id='word_1_114' title='bbox 1244 682 1278 712; x_wconf 87' lang='lat' dir='ltr'><em>P.</em></span> 
     </span>
     <span class='ocr_line' id='line_1_13' title="bbox 413 725 1409 765; baseline 0.004 -12"><span class='ocrx_word' id='word_1_115' title='bbox 413 726 491 754; x_wconf 81' lang='lat' dir='ltr'><strong>ART.</strong></span> <span class='ocrx_word' id='word_1_116' title='bbox 520 725 546 760; x_wconf 84' lang='lat'><em>3,</em></span> <span class='ocrx_word' id='word_1_117' title='bbox 572 735 601 756; x_wconf 88' lang='lat' dir='ltr'><em>n.</em></span> <span class='ocrx_word' id='word_1_118' title='bbox 632 737 656 762; x_wconf 91' lang='lat'><em>1,</em></span> <span class='ocrx_word' id='word_1_119' title='bbox 681 726 701 756; x_wconf 94' lang='grc'><em>1.</em></span> <span class='ocrx_word' id='word_1_120' title='bbox 733 727 779 762; x_wconf 89' lang='grc' dir='ltr'><em>ι3,</em></span> <span class='ocrx_word' id='word_1_121' title='bbox 805 736 863 765; x_wconf 88' lang='lat' dir='ltr'><em>pro</em></span> <span class='ocrx_word' id='word_1_122' title='bbox 886 727 1107 763; x_wconf 87' lang='lat' dir='ltr'><em>communicat,</em></span> <span class='ocrx_word' id='word_1_123' title='bbox 1124 728 1358 757; x_wconf 88' lang='lat' dir='ltr'><em>communicant</em></span> <span class='ocrx_word' id='word_1_124' title='bbox 1380 737 1409 757; x_wconf 82' lang='lat' dir='ltr'><em>A.</em></span> 
     </span>
     <span class='ocr_line' id='line_1_14' title="bbox 522 768 1470 813; baseline 0.002 -14"><span class='ocrx_word' id='word_1_125' title='bbox 522 768 563 799; x_wconf 93' lang='lat' dir='ltr'><em>ib.</em></span> <span class='ocrx_word' id='word_1_126' title='bbox 610 769 631 799; x_wconf 88' lang='lat' dir='ltr'><em>l.</em></span> <span class='ocrx_word' id='word_1_127' title='bbox 654 781 701 811; x_wconf 91' lang='lat'><em>17,</em></span> <span class='ocrx_word' id='word_1_128' title='bbox 718 779 777 809; x_wconf 91' lang='lat' dir='ltr'><em>pro</em></span> <span class='ocrx_word' id='word_1_129' title='bbox 794 771 974 807; x_wconf 83' lang='lat' dir='ltr'><em>excitativo,</em></span> <span class='ocrx_word' id='word_1_130' title='bbox 991 771 1196 801; x_wconf 85' lang='lat' dir='ltr'><em>exercitativo</em></span> <span class='ocrx_word' id='word_1_131' title='bbox 1212 771 1277 800; x_wconf 71' lang='lat' dir='ltr'><em>PDE</em></span> <span class='ocrx_word' id='word_1_132' title='bbox 1295 769 1345 813; x_wconf 82' lang='lat' dir='ltr'><em>(ex</em></span> <span class='ocrx_word' id='word_1_133' title='bbox 1360 769 1470 813; x_wconf 89' lang='lat' dir='ltr'><em>med.).</em></span> 
     </span>
     <span class='ocr_line' id='line_1_15' title="bbox 538 813 1430 857; baseline 0.002 -14"><span class='ocrx_word' id='word_1_134' title='bbox 538 824 553 839; x_wconf 64' lang='grc' dir='ltr'><strong>ι</strong></span> <span class='ocrx_word' id='word_1_135' title='bbox 612 814 633 844; x_wconf 90' lang='lat'><em>1.</em></span> <span class='ocrx_word' id='word_1_136' title='bbox 660 823 710 850; x_wconf 92' lang='grc'><em>22,</em></span> <span class='ocrx_word' id='word_1_137' title='bbox 735 823 793 854; x_wconf 88' lang='lat' dir='ltr'><em>pro</em></span> <span class='ocrx_word' id='word_1_138' title='bbox 821 813 990 853; x_wconf 86' lang='lat' dir='ltr'><em>Quoniam,</em></span> <span class='ocrx_word' id='word_1_139' title='bbox 1006 815 1134 854; x_wconf 87' lang='lat' dir='ltr'><em>quando</em></span> <span class='ocrx_word' id='word_1_140' title='bbox 1156 815 1222 844; x_wconf 74' lang='lat' dir='ltr'><em>PDE</em></span> <span class='ocrx_word' id='word_1_141' title='bbox 1245 813 1297 856; x_wconf 82' lang='lat' dir='ltr'><em>(ex</em></span> <span class='ocrx_word' id='word_1_142' title='bbox 1320 813 1430 857; x_wconf 89' lang='lat' dir='ltr'><em>med.).</em></span> 
     </span>
     <span class='ocr_line' id='line_1_16' title="bbox 500 857 1367 899; baseline 0.002 -12"><span class='ocrx_word' id='word_1_143' title='bbox 500 866 531 887; x_wconf 92' lang='lat' dir='ltr'><em>n.</em></span> <span class='ocrx_word' id='word_1_144' title='bbox 555 867 587 892; x_wconf 88' lang='lat'><em>11,</em></span> <span class='ocrx_word' id='word_1_145' title='bbox 611 857 632 888; x_wconf 92' lang='lat'><em>1.</em></span> <span class='ocrx_word' id='word_1_146' title='bbox 656 867 678 897; x_wconf 90' lang='lat'>4</span> <span class='ocrx_word' id='word_1_147' title='bbox 701 868 719 888; x_wconf 83' lang='lat' dir='ltr'><em>a</em></span> <span class='ocrx_word' id='word_1_148' title='bbox 741 857 806 893; x_wconf 68' lang='lat' dir='ltr'><em>fin„</em></span> <span class='ocrx_word' id='word_1_149' title='bbox 831 859 863 888; x_wconf 91' lang='lat' dir='ltr'><em>in</em></span> <span class='ocrx_word' id='word_1_150' title='bbox 887 865 959 889; x_wconf 82' lang='lat' dir='ltr'><em>ante</em></span> <span class='ocrx_word' id='word_1_151' title='bbox 981 864 1175 899; x_wconf 84' lang='lat' dir='ltr'><em>argumento</em></span> <span class='ocrx_word' id='word_1_152' title='bbox 1197 859 1267 889; x_wconf 90' lang='lat' dir='ltr'><em>add.</em></span> <span class='ocrx_word' id='word_1_153' title='bbox 1292 859 1367 890; x_wconf 60' lang='lat' dir='ltr'><em>sz.</em></span> 
     </span>
     <span class='ocr_line' id='line_1_17' title="bbox 501 901 1082 943; baseline 0.005 -13"><span class='ocrx_word' id='word_1_154' title='bbox 501 910 531 931; x_wconf 89' lang='lat' dir='ltr'><em>n.</em></span> <span class='ocrx_word' id='word_1_155' title='bbox 555 911 577 930; x_wconf 82' lang='lat'><em>11</em></span> <span class='ocrx_word' id='word_1_156' title='bbox 591 901 648 939; x_wconf 86' lang='lat' dir='ltr'><em>bis,</em></span> <span class='ocrx_word' id='word_1_157' title='bbox 671 902 691 932; x_wconf 94' lang='lat' dir='ltr'><em>l.</em></span> <span class='ocrx_word' id='word_1_158' title='bbox 717 902 746 938; x_wconf 91' lang='lat'><em>8,</em></span> <span class='ocrx_word' id='word_1_159' title='bbox 771 912 830 942; x_wconf 88' lang='lat' dir='ltr'><em>pro</em></span> <span class='ocrx_word' id='word_1_160' title='bbox 853 912 927 942; x_wconf 87' lang='lat' dir='ltr'><em>qua,</em></span> <span class='ocrx_word' id='word_1_161' title='bbox 951 904 1026 943; x_wconf 86' lang='lat' dir='ltr'><em>quia</em></span> <span class='ocrx_word' id='word_1_162' title='bbox 1049 903 1082 933; x_wconf 92' lang='lat' dir='ltr'><em>P.</em></span> 
     </span>
     <span class='ocr_line' id='line_1_18' title="bbox 501 945 1206 986; baseline 0.004 -12"><span class='ocrx_word' id='word_1_163' title='bbox 501 954 531 975; x_wconf 91' lang='lat' dir='ltr'><em>n.</em></span> <span class='ocrx_word' id='word_1_164' title='bbox 555 955 606 981; x_wconf 61' lang='grc' dir='ltr'>ιιι,</span> <span class='ocrx_word' id='word_1_165' title='bbox 623 945 645 976; x_wconf 92' lang='grc'><em>1.</em></span> <span class='ocrx_word' id='word_1_166' title='bbox 669 955 700 985; x_wconf 92' lang='lat'><em>4,</em></span> <span class='ocrx_word' id='word_1_167' title='bbox 725 956 783 986; x_wconf 87' lang='lat' dir='ltr'><em>pro</em></span> <span class='ocrx_word' id='word_1_168' title='bbox 807 947 927 984; x_wconf 85' lang='lat' dir='ltr'><em>odium,</em></span> <span class='ocrx_word' id='word_1_169' title='bbox 952 947 1105 978; x_wconf 86' lang='lat' dir='ltr'><em>obiectum</em></span> <span class='ocrx_word' id='word_1_170' title='bbox 1129 947 1206 977; x_wconf 70' lang='lat' dir='ltr'><strong>PDE.</strong></span> 
     </span>
     <span class='ocr_line' id='line_1_19' title="bbox 538 990 1472 1031; baseline 0.003 -12"><span class='ocrx_word' id='word_1_171' title='bbox 538 1000 553 1014; x_wconf 64' lang='lat'>²</span> <span class='ocrx_word' id='word_1_172' title='bbox 625 990 684 1020; x_wconf 90' lang='lat' dir='ltr'><strong>col.</strong></span> <span class='ocrx_word' id='word_1_173' title='bbox 711 1000 739 1026; x_wconf 89' lang='lat'><em>2,</em></span> <span class='ocrx_word' id='word_1_174' title='bbox 763 990 784 1021; x_wconf 90' lang='lat'><em>1.</em></span> <span class='ocrx_word' id='word_1_175' title='bbox 805 997 921 1030; x_wconf 69' lang='lat' dir='ltr'><em>antep„</em></span> <span class='ocrx_word' id='word_1_176' title='bbox 939 1001 996 1030; x_wconf 83' lang='lat' dir='ltr'><em>pro</em></span> <span class='ocrx_word' id='word_1_177' title='bbox 1021 991 1266 1031; x_wconf 84' lang='lat' dir='ltr'><em>quaestionibus,</em></span> <span class='ocrx_word' id='word_1_178' title='bbox 1289 993 1472 1031; x_wconf 87' lang='lat' dir='ltr'><em>quaestione</em></span> 
     </span>
     <span class='ocr_line' id='line_1_20' title="bbox 588 1031 1470 1078; baseline 0.003 -14"><span class='ocrx_word' id='word_1_179' title='bbox 588 1031 653 1074; x_wconf 89' lang='lat' dir='ltr'><em>(qu.</em></span> <span class='ocrx_word' id='word_1_180' title='bbox 670 1044 701 1070; x_wconf 86' lang='lat' dir='ltr'><em>n,</em></span> <span class='ocrx_word' id='word_1_181' title='bbox 716 1044 744 1074; x_wconf 93' lang='lat' dir='ltr'><em>q.</em></span> <span class='ocrx_word' id='word_1_182' title='bbox 762 1032 805 1076; x_wconf 71' lang='grc' dir='ltr'><em>Ε),</em></span> <span class='ocrx_word' id='word_1_183' title='bbox 823 1041 853 1065; x_wconf 87' lang='lat' dir='ltr'><em>et</em></span> <span class='ocrx_word' id='word_1_184' title='bbox 869 1045 944 1065; x_wconf 86' lang='lat' dir='ltr'><em>mox</em></span> <span class='ocrx_word' id='word_1_185' title='bbox 960 1045 1018 1075; x_wconf 88' lang='lat' dir='ltr'><em>pro</em></span> <span class='ocrx_word' id='word_1_186' title='bbox 1042 1036 1086 1072; x_wconf 88' lang='lat' dir='ltr'><em>in,</em></span> <span class='ocrx_word' id='word_1_187' title='bbox 1105 1041 1135 1066; x_wconf 90' lang='lat' dir='ltr'><em>et</em></span> <span class='ocrx_word' id='word_1_188' title='bbox 1151 1037 1182 1065; x_wconf 93' lang='lat' dir='ltr'><em>in</em></span> <span class='ocrx_word' id='word_1_189' title='bbox 1199 1035 1265 1065; x_wconf 70' lang='lat' dir='ltr'><em>PDE</em></span> <span class='ocrx_word' id='word_1_190' title='bbox 1286 1034 1336 1077; x_wconf 84' lang='lat' dir='ltr'><em>(ex</em></span> <span class='ocrx_word' id='word_1_191' title='bbox 1359 1034 1470 1078; x_wconf 87' lang='lat' dir='ltr'><em>med.).</em></span> 
     </span>
    </p>
   </div>
   <div class='ocr_carea' id='block_1_3' title="bbox 795 1104 1087 1141">
    <p class='ocr_par' dir='ltr' id='par_1_3' title="bbox 795 1104 1087 1141">
     <span class='ocr_line' id='line_1_21' title="bbox 795 1104 1087 1141; baseline 0.003 -7"><span class='ocrx_word' id='word_1_192' title='bbox 795 1104 954 1141; x_wconf 74' lang='lat' dir='ltr'><em>QUAEsno</em></span> <span class='ocrx_word' id='word_1_193' title='bbox 977 1115 1087 1136; x_wconf 83' lang='lat' dir='ltr'><strong>xxxvn.</strong></span> 
     </span>
    </p>
   </div>
   <div class='ocr_carea' id='block_1_4' title="bbox 411 1175 1298 1260">
    <p class='ocr_par' dir='ltr' id='par_1_4' title="bbox 411 1175 1298 1260">
     <span class='ocr_line' id='line_1_22' title="bbox 411 1175 1088 1215; baseline 0.003 -11"><span class='ocrx_word' id='word_1_194' title='bbox 411 1176 489 1204; x_wconf 78' lang='lat' dir='ltr'><strong>ART.</strong></span> <span class='ocrx_word' id='word_1_195' title='bbox 520 1185 544 1210; x_wconf 93' lang='lat'><em>1,</em></span> <span class='ocrx_word' id='word_1_196' title='bbox 570 1185 600 1206; x_wconf 91' lang='lat' dir='ltr'><em>n.</em></span> <span class='ocrx_word' id='word_1_197' title='bbox 625 1185 657 1212; x_wconf 89' lang='lat'><em>11,</em></span> <span class='ocrx_word' id='word_1_198' title='bbox 681 1175 701 1206; x_wconf 90' lang='grc'><em>1.</em></span> <span class='ocrx_word' id='word_1_199' title='bbox 729 1185 757 1212; x_wconf 89' lang='grc'><em>2,</em></span> <span class='ocrx_word' id='word_1_200' title='bbox 783 1185 841 1215; x_wconf 91' lang='lat' dir='ltr'><em>pro</em></span> <span class='ocrx_word' id='word_1_201' title='bbox 865 1186 915 1213; x_wconf 85' lang='lat' dir='ltr'><em>ex,</em></span> <span class='ocrx_word' id='word_1_202' title='bbox 942 1181 971 1206; x_wconf 92' lang='lat' dir='ltr'><em>et</em></span> <span class='ocrx_word' id='word_1_203' title='bbox 993 1176 1088 1206; x_wconf 72' lang='lat' dir='ltr'><strong>Pssmz.</strong></span> 
     </span>
     <span class='ocr_line' id='line_1_23' title="bbox 411 1218 1298 1260; baseline 0.002 -12"><span class='ocrx_word' id='word_1_204' title='bbox 411 1220 489 1249; x_wconf 69' lang='grc' dir='ltr'><strong>ΛΒΤ.</strong></span> <span class='ocrx_word' id='word_1_205' title='bbox 515 1228 544 1255; x_wconf 88' lang='grc'><em>2,</em></span> <span class='ocrx_word' id='word_1_206' title='bbox 568 1219 589 1250; x_wconf 91' lang='lat' dir='ltr'><em>l.</em></span> <span class='ocrx_word' id='word_1_207' title='bbox 615 1220 633 1249; x_wconf 88' lang='lat'><strong>6</strong></span> <span class='ocrx_word' id='word_1_208' title='bbox 659 1229 676 1249; x_wconf 87' lang='lat' dir='ltr'><em>a</em></span> <span class='ocrx_word' id='word_1_209' title='bbox 698 1218 763 1256; x_wconf 69' lang='lat' dir='ltr'><em>fin„</em></span> <span class='ocrx_word' id='word_1_210' title='bbox 788 1230 847 1260; x_wconf 90' lang='lat' dir='ltr'><em>pro</em></span> <span class='ocrx_word' id='word_1_211' title='bbox 870 1220 1026 1257; x_wconf 82' lang='lat' dir='ltr'><em>XXXVI,</em></span> <span class='ocrx_word' id='word_1_212' title='bbox 1049 1220 1165 1251; x_wconf 90' lang='lat' dir='ltr'><em>XCVI</em></span> <span class='ocrx_word' id='word_1_213' title='bbox 1183 1221 1298 1251; x_wconf 74' lang='lat' dir='ltr'><strong>PABDE.</strong></span> 
     </span>
    </p>
   </div>
   <div class='ocr_carea' id='block_1_5' title="bbox 788 1292 1092 1329">
    <p class='ocr_par' dir='ltr' id='par_1_5' title="bbox 788 1292 1092 1329">
     <span class='ocr_line' id='line_1_24' title="bbox 788 1292 1092 1329; baseline 0.007 -8"><span class='ocrx_word' id='word_1_214' title='bbox 788 1292 947 1329; x_wconf 77' lang='lat' dir='ltr'><em>QUAESTxo</em></span> <span class='ocrx_word' id='word_1_215' title='bbox 971 1302 1092 1323; x_wconf 84' lang='lat' dir='ltr'><strong>xxxvm.</strong></span> 
     </span>
    </p>
   </div>
   <div class='ocr_carea' id='block_1_6' title="bbox 410 1357 1175 1443">
    <p class='ocr_par' dir='ltr' id='par_1_6' title="bbox 410 1357 1175 1443">
     <span class='ocr_line' id='line_1_25' title="bbox 410 1357 1175 1396; baseline 0.001 -10"><span class='ocrx_word' id='word_1_216' title='bbox 410 1358 488 1386; x_wconf 79' lang='lat' dir='ltr'><strong>ART.</strong></span> <span class='ocrx_word' id='word_1_217' title='bbox 520 1367 544 1391; x_wconf 92' lang='lat'><em>1,</em></span> <span class='ocrx_word' id='word_1_218' title='bbox 569 1357 590 1386; x_wconf 88' lang='lat'><em>1.</em></span> <span class='ocrx_word' id='word_1_219' title='bbox 621 1367 645 1392; x_wconf 93' lang='lat'><em>1,</em></span> <span class='ocrx_word' id='word_1_220' title='bbox 671 1357 987 1396; x_wconf 86' lang='lat' dir='ltr'><em>trigesimaeoctavae</em></span> <span class='ocrx_word' id='word_1_221' title='bbox 1009 1366 1073 1387; x_wconf 87' lang='lat' dir='ltr'><strong>orn.</strong></span> <span class='ocrx_word' id='word_1_222' title='bbox 1099 1357 1175 1388; x_wconf 73' lang='lat' dir='ltr'><strong>PDE.</strong></span> 
     </span>
     <span class='ocr_line' id='line_1_26' title="bbox 520 1398 1153 1443; baseline 0.003 -13"><span class='ocrx_word' id='word_1_223' title='bbox 520 1401 540 1430; x_wconf 96' lang='grc'><em>1.</em></span> <span class='ocrx_word' id='word_1_224' title='bbox 571 1401 618 1436; x_wconf 87' lang='lat'><em>16,</em></span> <span class='ocrx_word' id='word_1_225' title='bbox 643 1410 701 1440; x_wconf 88' lang='lat' dir='ltr'><em>pro</em></span> <span class='ocrx_word' id='word_1_226' title='bbox 724 1399 778 1437; x_wconf 87' lang='lat' dir='ltr'><em>Et,</em></span> <span class='ocrx_word' id='word_1_227' title='bbox 803 1400 857 1431; x_wconf 87' lang='lat' dir='ltr'><em>Ex</em></span> <span class='ocrx_word' id='word_1_228' title='bbox 881 1401 945 1430; x_wconf 75' lang='lat' dir='ltr'><em>PDE</em></span> <span class='ocrx_word' id='word_1_229' title='bbox 970 1398 1020 1443; x_wconf 84' lang='lat' dir='ltr'><em>(ex</em></span> <span class='ocrx_word' id='word_1_230' title='bbox 1045 1399 1153 1443; x_wconf 85' lang='lat' dir='ltr'><strong>med.).</strong></span> 
     </span>
    </p>
   </div>
   <div class='ocr_carea' id='block_1_7' title="bbox 522 1444 1424 1486">
    <p class='ocr_par' dir='ltr' id='par_1_7' title="bbox 522 1444 1424 1486">
     <span class='ocr_line' id='line_1_27' title="bbox 522 1444 1424 1486; baseline 0.004 -12"><span class='ocrx_word' id='word_1_231' title='bbox 522 1444 580 1474; x_wconf 78' lang='lat' dir='ltr'><strong>col.</strong></span> <span class='ocrx_word' id='word_1_232' title='bbox 607 1454 637 1482; x_wconf 88' lang='lat'><em>2,</em></span> <span class='ocrx_word' id='word_1_233' title='bbox 661 1444 681 1475; x_wconf 90' lang='lat'><em>1.</em></span> <span class='ocrx_word' id='word_1_234' title='bbox 709 1453 737 1480; x_wconf 88' lang='grc'><em>2,</em></span> <span class='ocrx_word' id='word_1_235' title='bbox 762 1454 820 1484; x_wconf 88' lang='lat' dir='ltr'><em>pro</em></span> <span class='ocrx_word' id='word_1_236' title='bbox 845 1444 1125 1485; x_wconf 75' lang='lat' dir='ltr'><em>imperfectionem,</em></span> <span class='ocrx_word' id='word_1_237' title='bbox 1135 1446 1365 1486; x_wconf 83' lang='lat' dir='ltr'><em>perfectionem</em></span> <span class='ocrx_word' id='word_1_238' title='bbox 1389 1448 1424 1478; x_wconf 90' lang='lat' dir='ltr'><em>P.</em></span> 
     </span>
    </p>
   </div>
   <div class='ocr_carea' id='block_1_8' title="bbox 798 1520 1082 1557">
    <p class='ocr_par' dir='ltr' id='par_1_8' title="bbox 798 1520 1082 1557">
     <span class='ocr_line' id='line_1_28' title="bbox 798 1520 1082 1557; baseline 0.007 -7"><span class='ocrx_word' id='word_1_239' title='bbox 798 1520 958 1557; x_wconf 71' lang='lat' dir='ltr'><em>QUAEsno</em></span> <span class='ocrx_word' id='word_1_240' title='bbox 982 1531 1082 1552; x_wconf 72' lang='lat' dir='ltr'><strong>xxxix.</strong></span> 
     </span>
    </p>
   </div>
   <div class='ocr_carea' id='block_1_9' title="bbox 410 1590 1469 2027">
    <p class='ocr_par' dir='ltr' id='par_1_9' title="bbox 410 1590 1469 2027">
     <span class='ocr_line' id='line_1_29' title="bbox 410 1590 1469 1636; baseline 0.003 -14"><span class='ocrx_word' id='word_1_241' title='bbox 410 1594 489 1622; x_wconf 67' lang='grc' dir='ltr'><strong>Αιιτ.</strong></span> <span class='ocrx_word' id='word_1_242' title='bbox 518 1602 544 1627; x_wconf 92' lang='lat'><em>1,</em></span> <span class='ocrx_word' id='word_1_243' title='bbox 562 1602 593 1622; x_wconf 89' lang='lat' dir='ltr'><em>n.</em></span> <span class='ocrx_word' id='word_1_244' title='bbox 617 1602 642 1626; x_wconf 91' lang='lat'><em>1,</em></span> <span class='ocrx_word' id='word_1_245' title='bbox 659 1591 679 1621; x_wconf 91' lang='lat'><em>1.</em></span> <span class='ocrx_word' id='word_1_246' title='bbox 698 1600 720 1630; x_wconf 91' lang='lat'><strong>4</strong></span> <span class='ocrx_word' id='word_1_247' title='bbox 735 1590 833 1632; x_wconf 49' lang='lat' dir='ltr'><strong>a‚fin.‚</strong></span> <span class='ocrx_word' id='word_1_248' title='bbox 851 1601 908 1631; x_wconf 91' lang='lat' dir='ltr'><em>pro</em></span> <span class='ocrx_word' id='word_1_249' title='bbox 920 1597 1039 1631; x_wconf 79' lang='lat' dir='ltr'><em>posset,</em></span> <span class='ocrx_word' id='word_1_250' title='bbox 1053 1598 1184 1632; x_wconf 84' lang='lat' dir='ltr'><em>possent</em></span> <span class='ocrx_word' id='word_1_251' title='bbox 1200 1593 1245 1623; x_wconf 81' lang='lat' dir='ltr'><em>Pn</em></span> <span class='ocrx_word' id='word_1_252' title='bbox 1262 1591 1314 1635; x_wconf 84' lang='lat' dir='ltr'><em>(ex</em></span> <span class='ocrx_word' id='word_1_253' title='bbox 1325 1592 1435 1636; x_wconf 86' lang='lat' dir='ltr'><strong>med.).</strong></span> <span class='ocrx_word' id='word_1_254' title='bbox 1448 1613 1469 1617; x_wconf 98' lang='lat'><em>-</em></span> 
     </span>
     <span class='ocr_line' id='line_1_30' title="bbox 586 1635 1077 1674; baseline 0 -8"><span class='ocrx_word' id='word_1_255' title='bbox 586 1635 662 1666; x_wconf 85' lang='lat' dir='ltr'><em>Mox</em></span> <span class='ocrx_word' id='word_1_256' title='bbox 685 1645 744 1674; x_wconf 88' lang='lat' dir='ltr'><em>pro</em></span> <span class='ocrx_word' id='word_1_257' title='bbox 767 1635 899 1672; x_wconf 86' lang='lat' dir='ltr'><em>saeculi,</em></span> <span class='ocrx_word' id='word_1_258' title='bbox 916 1636 1027 1666; x_wconf 89' lang='lat' dir='ltr'><em>servili</em></span> <span class='ocrx_word' id='word_1_259' title='bbox 1049 1646 1077 1667; x_wconf 93' lang='lat' dir='ltr'><em>A.</em></span> 
     </span>
     <span class='ocr_line' id='line_1_31' title="bbox 499 1679 1165 1719; baseline 0.002 -10"><span class='ocrx_word' id='word_1_260' title='bbox 499 1689 528 1709; x_wconf 89' lang='lat' dir='ltr'><em>n.</em></span> <span class='ocrx_word' id='word_1_261' title='bbox 554 1689 595 1715; x_wconf 90' lang='lat'><em>11,</em></span> <span class='ocrx_word' id='word_1_262' title='bbox 620 1679 640 1709; x_wconf 89' lang='lat'><em>1.</em></span> <span class='ocrx_word' id='word_1_263' title='bbox 668 1680 696 1715; x_wconf 94' lang='lat'><em>5,</em></span> <span class='ocrx_word' id='word_1_264' title='bbox 721 1689 778 1718; x_wconf 90' lang='lat' dir='ltr'><em>pro</em></span> <span class='ocrx_word' id='word_1_265' title='bbox 802 1679 932 1719; x_wconf 88' lang='lat' dir='ltr'><em>aliquid,</em></span> <span class='ocrx_word' id='word_1_266' title='bbox 952 1680 1068 1719; x_wconf 82' lang='lat' dir='ltr'><em>aliquis</em></span> <span class='ocrx_word' id='word_1_267' title='bbox 1090 1680 1165 1710; x_wconf 74' lang='lat' dir='ltr'><em>sz.</em></span> 
     </span>
     <span class='ocr_line' id='line_1_32' title="bbox 622 1723 1391 1765; baseline 0.005 -12"><span class='ocrx_word' id='word_1_268' title='bbox 622 1724 642 1754; x_wconf 92' lang='lat' dir='ltr'><em>l.</em></span> <span class='ocrx_word' id='word_1_269' title='bbox 674 1724 720 1758; x_wconf 84' lang='lat'><em>13,</em></span> <span class='ocrx_word' id='word_1_270' title='bbox 741 1733 799 1762; x_wconf 90' lang='lat' dir='ltr'><em>pro</em></span> <span class='ocrx_word' id='word_1_271' title='bbox 823 1723 1086 1763; x_wconf 85' lang='lat' dir='ltr'><em>theologicarum,</em></span> <span class='ocrx_word' id='word_1_272' title='bbox 1103 1725 1325 1765; x_wconf 72' lang='lat' dir='ltr'><em>theologorum</em></span> <span class='ocrx_word' id='word_1_273' title='bbox 1342 1737 1391 1757; x_wconf 80' lang='lat' dir='ltr'><em>AB.</em></span> 
     </span>
     <span class='ocr_line' id='line_1_33' title="bbox 617 1765 1401 1809; baseline 0.006 -13"><span class='ocrx_word' id='word_1_274' title='bbox 617 1767 637 1797; x_wconf 93' lang='lat'><em>1.</em></span> <span class='ocrx_word' id='word_1_275' title='bbox 666 1768 681 1797; x_wconf 82' lang='lat'>3</span> <span class='ocrx_word' id='word_1_276' title='bbox 707 1777 724 1797; x_wconf 87' lang='lat' dir='ltr'><em>a</em></span> <span class='ocrx_word' id='word_1_277' title='bbox 747 1765 800 1797; x_wconf 91' lang='lat' dir='ltr'><strong>fin.</strong></span> <span class='ocrx_word' id='word_1_278' title='bbox 826 1767 897 1802; x_wconf 93' lang='lat' dir='ltr'><em>col.,</em></span> <span class='ocrx_word' id='word_1_279' title='bbox 923 1772 953 1797; x_wconf 95' lang='lat' dir='ltr'><em>et</em></span> <span class='ocrx_word' id='word_1_280' title='bbox 976 1775 1046 1798; x_wconf 84' lang='lat' dir='ltr'><em>ante</em></span> <span class='ocrx_word' id='word_1_281' title='bbox 1070 1768 1214 1799; x_wconf 87' lang='lat' dir='ltr'><em>Ecclesia</em></span> <span class='ocrx_word' id='word_1_282' title='bbox 1230 1770 1300 1809; x_wconf 57' lang='lat' dir='ltr'><em>add.</em></span> <span class='ocrx_word' id='word_1_283' title='bbox 1325 1771 1401 1801; x_wconf 76' lang='lat' dir='ltr'><strong>PDE.</strong></span> 
     </span>
     <span class='ocr_line' id='line_1_34' title="bbox 498 1811 1174 1851; baseline 0.003 -10"><span class='ocrx_word' id='word_1_284' title='bbox 498 1822 528 1843; x_wconf 90' lang='lat' dir='ltr'><em>n.</em></span> <span class='ocrx_word' id='word_1_285' title='bbox 553 1822 596 1847; x_wconf 90' lang='lat'><em>111,</em></span> <span class='ocrx_word' id='word_1_286' title='bbox 620 1811 640 1842; x_wconf 96' lang='grc'><em>1.</em></span> <span class='ocrx_word' id='word_1_287' title='bbox 671 1821 718 1847; x_wconf 91' lang='grc' dir='ltr'><em>ιι,</em></span> <span class='ocrx_word' id='word_1_288' title='bbox 743 1821 802 1851; x_wconf 90' lang='lat' dir='ltr'><em>pro</em></span> <span class='ocrx_word' id='word_1_289' title='bbox 825 1816 943 1847; x_wconf 87' lang='lat' dir='ltr'><em>autern,</em></span> <span class='ocrx_word' id='word_1_290' title='bbox 961 1812 1055 1841; x_wconf 90' lang='lat' dir='ltr'><em>etiam</em></span> <span class='ocrx_word' id='word_1_291' title='bbox 1079 1812 1174 1843; x_wconf 62' lang='lat' dir='ltr'><strong>anz.</strong></span> 
     </span>
     <span class='ocr_line' id='line_1_35' title="bbox 498 1855 1469 1895; baseline 0.003 -9"><span class='ocrx_word' id='word_1_292' title='bbox 498 1866 529 1886; x_wconf 90' lang='lat' dir='ltr'><em>n.</em></span> <span class='ocrx_word' id='word_1_293' title='bbox 553 1866 594 1891; x_wconf 72' lang='lat' dir='ltr'><em>w,</em></span> <span class='ocrx_word' id='word_1_294' title='bbox 618 1855 638 1886; x_wconf 94' lang='lat' dir='ltr'><em>l.</em></span> <span class='ocrx_word' id='word_1_295' title='bbox 663 1855 720 1886; x_wconf 92' lang='lat' dir='ltr'><em>ult.</em></span> <span class='ocrx_word' id='word_1_296' title='bbox 746 1855 822 1892; x_wconf 90' lang='lat' dir='ltr'><em>col.,</em></span> <span class='ocrx_word' id='word_1_297' title='bbox 847 1865 905 1895; x_wconf 90' lang='lat' dir='ltr'><em>pro</em></span> <span class='ocrx_word' id='word_1_298' title='bbox 930 1865 946 1886; x_wconf 89' lang='lat' dir='ltr'><em>e</em></span> <span class='ocrx_word' id='word_1_299' title='bbox 969 1865 1120 1887; x_wconf 90' lang='lat' dir='ltr'><em>converso</em></span> <span class='ocrx_word' id='word_1_300' title='bbox 1128 1879 1139 1894; x_wconf 87' lang='lat'><em>‚</em></span> <span class='ocrx_word' id='word_1_301' title='bbox 1165 1867 1182 1887; x_wconf 93' lang='lat' dir='ltr'><em>e</em></span> <span class='ocrx_word' id='word_1_302' title='bbox 1211 1860 1374 1889; x_wconf 89' lang='lat' dir='ltr'><em>contrario</em></span> <span class='ocrx_word' id='word_1_303' title='bbox 1403 1859 1469 1889; x_wconf 75' lang='lat' dir='ltr'><strong>Por.</strong></span> 
     </span>
     <span class='ocr_line' id='line_1_36' title="bbox 589 1897 771 1942; baseline 0.005 -13"><span class='ocrx_word' id='word_1_304' title='bbox 589 1897 639 1942; x_wconf 85' lang='lat' dir='ltr'><em>(ex</em></span> <span class='ocrx_word' id='word_1_305' title='bbox 663 1897 771 1940; x_wconf 87' lang='lat' dir='ltr'><em>med.).</em></span> 
     </span>
     <span class='ocr_line' id='line_1_37' title="bbox 536 1943 1422 1989; baseline 0.007 -18"><span class='ocrx_word' id='word_1_306' title='bbox 536 1957 551 1971; x_wconf 83' lang='lat'>»</span> <span class='ocrx_word' id='word_1_307' title='bbox 601 1943 660 1974; x_wconf 90' lang='lat' dir='ltr'><strong>col.</strong></span> <span class='ocrx_word' id='word_1_308' title='bbox 687 1953 715 1979; x_wconf 92' lang='lat'><em>2,</em></span> <span class='ocrx_word' id='word_1_309' title='bbox 740 1943 760 1973; x_wconf 93' lang='lat'><em>1.</em></span> <span class='ocrx_word' id='word_1_310' title='bbox 791 1943 844 1979; x_wconf 91' lang='lat'><em>18,</em></span> <span class='ocrx_word' id='word_1_311' title='bbox 870 1953 927 1982; x_wconf 88' lang='lat' dir='ltr'><em>pro</em></span> <span class='ocrx_word' id='word_1_312' title='bbox 952 1949 1042 1981; x_wconf 90' lang='lat' dir='ltr'><em>esset,</em></span> <span class='ocrx_word' id='word_1_313' title='bbox 1061 1953 1128 1974; x_wconf 88' lang='lat' dir='ltr'><em>esse</em></span> <span class='ocrx_word' id='word_1_314' title='bbox 1151 1945 1215 1975; x_wconf 70' lang='lat' dir='ltr'><em>PDE</em></span> <span class='ocrx_word' id='word_1_315' title='bbox 1239 1943 1291 1988; x_wconf 86' lang='lat' dir='ltr'><em>(ex</em></span> <span class='ocrx_word' id='word_1_316' title='bbox 1314 1945 1422 1989; x_wconf 84' lang='lat' dir='ltr'><strong>med.).</strong></span> 
     </span>
     <span class='ocr_line' id='line_1_38' title="bbox 657 1987 1167 2027; baseline 0.006 -11"><span class='ocrx_word' id='word_1_317' title='bbox 657 2001 672 2015; x_wconf 66' lang='lat'><em>⁷&gt;</em></span> <span class='ocrx_word' id='word_1_318' title='bbox 725 1987 745 2018; x_wconf 90' lang='lat' dir='ltr'><em>l.</em></span> <span class='ocrx_word' id='word_1_319' title='bbox 770 1997 853 2027; x_wconf 69' lang='lat' dir='ltr'><em>pen„</em></span> <span class='ocrx_word' id='word_1_320' title='bbox 878 1997 979 2027; x_wconf 87' lang='lat' dir='ltr'><em>neque</em></span> <span class='ocrx_word' id='word_1_321' title='bbox 1002 1998 1068 2019; x_wconf 88' lang='lat' dir='ltr'><strong>om.</strong></span> <span class='ocrx_word' id='word_1_322' title='bbox 1091 1989 1167 2019; x_wconf 70' lang='lat' dir='ltr'><em>sz.</em></span> 
     </span>
    </p>
   </div>
   <div class='ocr_carea' id='block_1_10' title="bbox 499 2032 1043 2144">
    <p class='ocr_par' dir='ltr' id='par_1_10' title="bbox 499 2032 1043 2144">
     <span class='ocr_line' id='line_1_39' title="bbox 499 2032 962 2071; baseline 0 -10"><span class='ocrx_word' id='word_1_323' title='bbox 499 2042 529 2062; x_wconf 92' lang='lat' dir='ltr'><em>n.</em></span> <span class='ocrx_word' id='word_1_324' title='bbox 553 2042 616 2068; x_wconf 84' lang='lat' dir='ltr'><em>vm,</em></span> <span class='ocrx_word' id='word_1_325' title='bbox 641 2032 662 2062; x_wconf 94' lang='grc'><em>1.</em></span> <span class='ocrx_word' id='word_1_326' title='bbox 687 2041 769 2071; x_wconf 66' lang='lat' dir='ltr'><em>pen„</em></span> <span class='ocrx_word' id='word_1_327' title='bbox 795 2042 814 2061; x_wconf 95' lang='lat' dir='ltr'><em>a</em></span> <span class='ocrx_word' id='word_1_328' title='bbox 838 2042 903 2062; x_wconf 89' lang='lat' dir='ltr'><strong>om.</strong></span> <span class='ocrx_word' id='word_1_329' title='bbox 929 2032 962 2062; x_wconf 88' lang='lat' dir='ltr'><em>P.</em></span> 
     </span>
     <span class='ocr_line' id='line_1_40' title="bbox 813 2108 1043 2144; baseline 0.009 -7"><span class='ocrx_word' id='word_1_330' title='bbox 813 2108 971 2144; x_wconf 75' lang='lat' dir='ltr'><em>QUAEsTxo</em></span> <span class='ocrx_word' id='word_1_331' title='bbox 995 2119 1043 2139; x_wconf 73' lang='grc' dir='ltr'><strong>ιιι..</strong></span> 
     </span>
    </p>
   </div>
   <div class='ocr_carea' id='block_1_11' title="bbox 409 2182 1469 2664">
    <p class='ocr_par' dir='ltr' id='par_1_11' title="bbox 409 2182 1469 2664">
     <span class='ocr_line' id='line_1_41' title="bbox 409 2182 1203 2220; baseline 0.004 -7"><span class='ocrx_word' id='word_1_332' title='bbox 409 2185 488 2214; x_wconf 68' lang='lat' dir='ltr'><em>Am.</em></span> <span class='ocrx_word' id='word_1_333' title='bbox 518 2194 544 2219; x_wconf 90' lang='lat'><em>1,</em></span> <span class='ocrx_word' id='word_1_334' title='bbox 568 2194 598 2214; x_wconf 92' lang='lat' dir='ltr'><em>n.</em></span> <span class='ocrx_word' id='word_1_335' title='bbox 623 2194 654 2219; x_wconf 91' lang='lat'><em>11,</em></span> <span class='ocrx_word' id='word_1_336' title='bbox 679 2183 700 2213; x_wconf 93' lang='lat' dir='ltr'><em>l.</em></span> <span class='ocrx_word' id='word_1_337' title='bbox 729 2184 744 2213; x_wconf 83' lang='lat'>3</span> <span class='ocrx_word' id='word_1_338' title='bbox 769 2193 787 2213; x_wconf 84' lang='lat' dir='ltr'><em>a</em></span> <span class='ocrx_word' id='word_1_339' title='bbox 809 2182 862 2214; x_wconf 93' lang='lat' dir='ltr'><strong>fin.</strong></span> <span class='ocrx_word' id='word_1_340' title='bbox 888 2184 959 2220; x_wconf 87' lang='lat' dir='ltr'><em>col.,</em></span> <span class='ocrx_word' id='word_1_341' title='bbox 985 2185 1016 2214; x_wconf 91' lang='lat' dir='ltr'><em>vi</em></span> <span class='ocrx_word' id='word_1_342' title='bbox 1038 2194 1103 2215; x_wconf 87' lang='lat' dir='ltr'><em>om.</em></span> <span class='ocrx_word' id='word_1_343' title='bbox 1128 2186 1203 2216; x_wconf 74' lang='lat' dir='ltr'><strong>PDE.</strong></span> 
     </span>
     <span class='ocr_line' id='line_1_42' title="bbox 519 2227 1468 2269; baseline 0.004 -11"><span class='ocrx_word' id='word_1_344' title='bbox 519 2228 561 2258; x_wconf 89' lang='lat' dir='ltr'><em>ib.</em></span> <span class='ocrx_word' id='word_1_345' title='bbox 608 2227 667 2257; x_wconf 90' lang='lat' dir='ltr'><strong>col.</strong></span> <span class='ocrx_word' id='word_1_346' title='bbox 694 2237 723 2263; x_wconf 88' lang='lat'><em>2,</em></span> <span class='ocrx_word' id='word_1_347' title='bbox 747 2227 768 2258; x_wconf 92' lang='lat' dir='ltr'><em>l.</em></span> <span class='ocrx_word' id='word_1_348' title='bbox 795 2237 849 2267; x_wconf 88' lang='lat'><em>24,</em></span> <span class='ocrx_word' id='word_1_349' title='bbox 874 2237 932 2269; x_wconf 88' lang='lat' dir='ltr'><em>pro</em></span> <span class='ocrx_word' id='word_1_350' title='bbox 963 2230 1158 2267; x_wconf 87' lang='lat' dir='ltr'><em>auctoritas,</em></span> <span class='ocrx_word' id='word_1_351' title='bbox 1183 2232 1373 2262; x_wconf 89' lang='lat' dir='ltr'><em>auctoritate</em></span> <span class='ocrx_word' id='word_1_352' title='bbox 1402 2232 1468 2262; x_wconf 76' lang='lat' dir='ltr'>sz</span> 
     </span>
     <span class='ocr_line' id='line_1_43' title="bbox 601 2271 881 2302; baseline 0.007 -1"><span class='ocrx_word' id='word_1_353' title='bbox 601 2281 638 2301; x_wconf 80' lang='lat' dir='ltr'><em>ex</em></span> <span class='ocrx_word' id='word_1_354' title='bbox 661 2271 743 2302; x_wconf 89' lang='lat' dir='ltr'><em>med.</em></span> <span class='ocrx_word' id='word_1_355' title='bbox 762 2295 768 2302; x_wconf 92' lang='lat'><em>.</em></span> <span class='ocrx_word' id='word_1_356' title='bbox 879 2273 881 2275; x_wconf 72' lang='grc'><strong>’</strong></span> 
     </span>
     <span class='ocr_line' id='line_1_44' title="bbox 537 2269 1467 2361; baseline 0.006 -17"><span class='ocrx_word' id='word_1_357' title='bbox 537 2327 552 2343; x_wconf 81' lang='lat'><strong>»</strong></span> <span class='ocrx_word' id='word_1_358' title='bbox 586 2269 721 2351; x_wconf 70' lang='lat' dir='ltr'><em>(col.&#39;2,</em></span> <span class='ocrx_word' id='word_1_359' title='bbox 745 2270 765 2345; x_wconf 73' lang='lat'><em>1).</em></span> <span class='ocrx_word' id='word_1_360' title='bbox 786 2325 835 2356; x_wconf 86' lang='lat'><em>27,</em></span> <span class='ocrx_word' id='word_1_361' title='bbox 854 2325 912 2355; x_wconf 89' lang='lat' dir='ltr'><em>pro</em></span> <span class='ocrx_word' id='word_1_362' title='bbox 935 2317 997 2353; x_wconf 92' lang='lat' dir='ltr'><em>sui,</em></span> <span class='ocrx_word' id='word_1_363' title='bbox 1014 2318 1190 2356; x_wconf 84' lang='lat' dir='ltr'><em>superioris</em></span> <span class='ocrx_word' id='word_1_364' title='bbox 1209 2317 1274 2348; x_wconf 67' lang='lat' dir='ltr'><em>Pon</em></span> <span class='ocrx_word' id='word_1_365' title='bbox 1291 2317 1342 2361; x_wconf 88' lang='lat' dir='ltr'><em>(ex</em></span> <span class='ocrx_word' id='word_1_366' title='bbox 1358 2318 1467 2361; x_wconf 87' lang='lat' dir='ltr'><em>med.).</em></span> 
     </span>
     <span class='ocr_line' id='line_1_45' title="bbox 744 2359 1468 2403; baseline 0.007 -14"><span class='ocrx_word' id='word_1_367' title='bbox 744 2359 764 2389; x_wconf 92' lang='lat' dir='ltr'><em>l.</em></span> <span class='ocrx_word' id='word_1_368' title='bbox 788 2360 837 2395; x_wconf 83' lang='lat'><em>35,</em></span> <span class='ocrx_word' id='word_1_369' title='bbox 855 2369 913 2398; x_wconf 86' lang='lat' dir='ltr'><em>pro</em></span> <span class='ocrx_word' id='word_1_370' title='bbox 931 2365 976 2396; x_wconf 90' lang='lat' dir='ltr'><em>ut,</em></span> <span class='ocrx_word' id='word_1_371' title='bbox 993 2370 1013 2390; x_wconf 88' lang='lat' dir='ltr'><em>a</em></span> <span class='ocrx_word' id='word_1_372' title='bbox 1030 2371 1059 2390; x_wconf 93' lang='lat' dir='ltr'><em>A.</em></span> <span class='ocrx_word' id='word_1_373' title='bbox 1077 2379 1097 2383; x_wconf 94' lang='lat'><em>-</em></span> <span class='ocrx_word' id='word_1_374' title='bbox 1114 2361 1233 2392; x_wconf 84' lang='lat' dir='ltr'><em>Eadem</em></span> <span class='ocrx_word' id='word_1_375' title='bbox 1256 2373 1287 2402; x_wconf 90' lang='lat' dir='ltr'><em>p.</em></span> <span class='ocrx_word' id='word_1_376' title='bbox 1308 2364 1419 2403; x_wconf 88' lang='lat'><em>314,1.</em></span> <span class='ocrx_word' id='word_1_377' title='bbox 1436 2373 1468 2403; x_wconf 91' lang='lat'><em>4,</em></span> 
     </span>
     <span class='ocr_line' id='line_1_46' title="bbox 587 2404 783 2443; baseline 0 -10"><span class='ocrx_word' id='word_1_378' title='bbox 587 2413 646 2443; x_wconf 90' lang='lat' dir='ltr'><em>pro</em></span> <span class='ocrx_word' id='word_1_379' title='bbox 670 2404 713 2440; x_wconf 89' lang='lat' dir='ltr'><em>in,</em></span> <span class='ocrx_word' id='word_1_380' title='bbox 739 2408 783 2433; x_wconf 92' lang='lat' dir='ltr'><em>ut.</em></span> 
     </span>
     <span class='ocr_line' id='line_1_47' title="bbox 499 2447 1469 2494; baseline 0.006 -17"><span class='ocrx_word' id='word_1_381' title='bbox 499 2457 529 2478; x_wconf 94' lang='lat' dir='ltr'><em>n.</em></span> <span class='ocrx_word' id='word_1_382' title='bbox 553 2457 599 2483; x_wconf 91' lang='lat'><em>111,</em></span> <span class='ocrx_word' id='word_1_383' title='bbox 623 2447 644 2478; x_wconf 91' lang='lat'><em>1.</em></span> <span class='ocrx_word' id='word_1_384' title='bbox 672 2449 699 2483; x_wconf 94' lang='lat'><em>5,</em></span> <span class='ocrx_word' id='word_1_385' title='bbox 724 2457 781 2487; x_wconf 91' lang='lat' dir='ltr'><em>pro</em></span> <span class='ocrx_word' id='word_1_386' title='bbox 806 2447 849 2477; x_wconf 91' lang='lat' dir='ltr'><em>ad</em></span> <span class='ocrx_word' id='word_1_387' title='bbox 875 2457 984 2487; x_wconf 89' lang='lat' dir='ltr'><em>quem,</em></span> <span class='ocrx_word' id='word_1_388' title='bbox 1009 2449 1064 2488; x_wconf 86' lang='lat' dir='ltr'><em>qui</em></span> <span class='ocrx_word' id='word_1_389' title='bbox 1085 2449 1129 2479; x_wconf 89' lang='lat' dir='ltr'><em>ad</em></span> <span class='ocrx_word' id='word_1_390' title='bbox 1152 2450 1216 2480; x_wconf 74' lang='lat' dir='ltr'><em>Pon</em></span> <span class='ocrx_word' id='word_1_391' title='bbox 1241 2448 1291 2492; x_wconf 89' lang='lat' dir='ltr'><em>(ex</em></span> <span class='ocrx_word' id='word_1_392' title='bbox 1315 2451 1424 2494; x_wconf 84' lang='lat' dir='ltr'><strong>med.).</strong></span> <span class='ocrx_word' id='word_1_393' title='bbox 1448 2471 1469 2476; x_wconf 89' lang='lat'>—</span> 
     </span>
     <span class='ocr_line' id='line_1_48' title="bbox 587 2489 1405 2537; baseline 0.006 -15"><span class='ocrx_word' id='word_1_394' title='bbox 587 2491 657 2522; x_wconf 90' lang='lat' dir='ltr'><em>Lin.</em></span> <span class='ocrx_word' id='word_1_395' title='bbox 677 2492 726 2527; x_wconf 84' lang='lat'><em>30,</em></span> <span class='ocrx_word' id='word_1_396' title='bbox 744 2500 802 2531; x_wconf 90' lang='lat' dir='ltr'><em>pro</em></span> <span class='ocrx_word' id='word_1_397' title='bbox 825 2491 874 2521; x_wconf 87' lang='lat' dir='ltr'><em>his</em></span> <span class='ocrx_word' id='word_1_398' title='bbox 897 2489 971 2533; x_wconf 88' lang='lat' dir='ltr'><em>(hiis</em></span> <span class='ocrx_word' id='word_1_399' title='bbox 993 2490 1057 2534; x_wconf 78' lang='lat' dir='ltr'><em>AB),</em></span> <span class='ocrx_word' id='word_1_400' title='bbox 1074 2493 1113 2523; x_wconf 86' lang='lat' dir='ltr'><em>iis</em></span> <span class='ocrx_word' id='word_1_401' title='bbox 1135 2494 1200 2524; x_wconf 69' lang='lat' dir='ltr'>sz</span> <span class='ocrx_word' id='word_1_402' title='bbox 1224 2493 1274 2537; x_wconf 84' lang='lat' dir='ltr'><em>(ex</em></span> <span class='ocrx_word' id='word_1_403' title='bbox 1297 2494 1405 2537; x_wconf 87' lang='lat' dir='ltr'><em>med.).</em></span> 
     </span>
     <span class='ocr_line' id='line_1_49' title="bbox 498 2535 1119 2576; baseline 0.002 -11"><span class='ocrx_word' id='word_1_404' title='bbox 498 2546 528 2566; x_wconf 87' lang='lat' dir='ltr'><strong>n.</strong></span> <span class='ocrx_word' id='word_1_405' title='bbox 553 2546 594 2571; x_wconf 93' lang='lat' dir='ltr'><em>1v,</em></span> <span class='ocrx_word' id='word_1_406' title='bbox 618 2535 639 2566; x_wconf 91' lang='lat'><em>1.</em></span> <span class='ocrx_word' id='word_1_407' title='bbox 664 2545 694 2574; x_wconf 93' lang='lat'><em>4,</em></span> <span class='ocrx_word' id='word_1_408' title='bbox 721 2545 778 2575; x_wconf 91' lang='lat' dir='ltr'><em>pro</em></span> <span class='ocrx_word' id='word_1_409' title='bbox 802 2536 926 2575; x_wconf 85' lang='lat' dir='ltr'><em>accipit,</em></span> <span class='ocrx_word' id='word_1_410' title='bbox 947 2537 1067 2576; x_wconf 81' lang='lat' dir='ltr'><em>accepit</em></span> <span class='ocrx_word' id='word_1_411' title='bbox 1089 2547 1119 2567; x_wconf 87' lang='lat' dir='ltr'><em>A.</em></span> 
     </span>
     <span class='ocr_line' id='line_1_50' title="bbox 514 2579 1469 2619; baseline 0.007 -9"><span class='ocrx_word' id='word_1_412' title='bbox 514 2589 542 2616; x_wconf 92' lang='lat'><em>2,</em></span> <span class='ocrx_word' id='word_1_413' title='bbox 568 2589 598 2610; x_wconf 89' lang='lat' dir='ltr'><em>n.</em></span> <span class='ocrx_word' id='word_1_414' title='bbox 630 2590 654 2616; x_wconf 85' lang='lat'><em>1,</em></span> <span class='ocrx_word' id='word_1_415' title='bbox 680 2579 739 2609; x_wconf 91' lang='lat' dir='ltr'><strong>col.</strong></span> <span class='ocrx_word' id='word_1_416' title='bbox 767 2589 794 2615; x_wconf 85' lang='lat'><em>2,</em></span> <span class='ocrx_word' id='word_1_417' title='bbox 819 2579 840 2609; x_wconf 92' lang='grc'><em>1.</em></span> <span class='ocrx_word' id='word_1_418' title='bbox 868 2588 896 2615; x_wconf 87' lang='grc'><em>2,</em></span> <span class='ocrx_word' id='word_1_419' title='bbox 922 2590 980 2619; x_wconf 91' lang='lat' dir='ltr'><em>pro</em></span> <span class='ocrx_word' id='word_1_420' title='bbox 1004 2581 1168 2619; x_wconf 83' lang='lat' dir='ltr'><em>evertitur,</em></span> <span class='ocrx_word' id='word_1_421' title='bbox 1194 2588 1358 2615; x_wconf 80' lang='lat' dir='ltr'><em>evertatur</em></span> <span class='ocrx_word' id='word_1_422' title='bbox 1379 2596 1429 2617; x_wconf 74' lang='lat' dir='ltr'><em>DE.</em></span> <span class='ocrx_word' id='word_1_423' title='bbox 1448 2604 1469 2609; x_wconf 96' lang='lat'><em>-</em></span> 
     </span>
     <span class='ocr_line' id='line_1_51' title="bbox 585 2623 1199 2664; baseline 0.005 -11"><span class='ocrx_word' id='word_1_424' title='bbox 585 2623 654 2654; x_wconf 85' lang='lat' dir='ltr'><strong>Lin.</strong></span> <span class='ocrx_word' id='word_1_425' title='bbox 678 2632 709 2662; x_wconf 88' lang='lat'><em>4,</em></span> <span class='ocrx_word' id='word_1_426' title='bbox 734 2633 792 2663; x_wconf 90' lang='lat' dir='ltr'><em>pro</em></span> <span class='ocrx_word' id='word_1_427' title='bbox 810 2628 920 2663; x_wconf 85' lang='lat' dir='ltr'><em>parta,</em></span> <span class='ocrx_word' id='word_1_428' title='bbox 940 2629 1060 2664; x_wconf 84' lang='lat' dir='ltr'><em>parata</em></span> <span class='ocrx_word' id='word_1_429' title='bbox 1084 2625 1199 2656; x_wconf 72' lang='lat' dir='ltr'><strong>PAnmz.</strong></span> 
     </span>
    </p>
   </div>
   <div class='ocr_carea' id='block_1_12' title="bbox 409 2581 486 2611">
    <p class='ocr_par' dir='ltr' id='par_1_12' title="bbox 409 2581 486 2611">
     <span class='ocr_line' id='line_1_52' title="bbox 409 2581 486 2611; baseline -0.026 0"><span class='ocrx_word' id='word_1_430' title='bbox 409 2581 486 2611; x_wconf 80' lang='lat' dir='ltr'><strong>ART.</strong></span> 
     </span>
    </p>
   </div>
   <div class='ocr_carea' id='block_1_13' title="bbox 407 2667 1443 2846">
    <p class='ocr_par' dir='ltr' id='par_1_13' title="bbox 496 2667 1301 2751">
     <span class='ocr_line' id='line_1_53' title="bbox 518 2667 1301 2707; baseline 0.005 -9"><span class='ocrx_word' id='word_1_431' title='bbox 518 2667 559 2698; x_wconf 92' lang='lat' dir='ltr'><em>ib.</em></span> <span class='ocrx_word' id='word_1_432' title='bbox 607 2678 638 2707; x_wconf 91' lang='lat' dir='ltr'><em>p.</em></span> <span class='ocrx_word' id='word_1_433' title='bbox 666 2668 738 2703; x_wconf 84' lang='lat'><em>316,</em></span> <span class='ocrx_word' id='word_1_434' title='bbox 763 2667 782 2698; x_wconf 90' lang='lat' dir='ltr'><em>l.</em></span> <span class='ocrx_word' id='word_1_435' title='bbox 813 2678 859 2702; x_wconf 86' lang='lat'><em>11,</em></span> <span class='ocrx_word' id='word_1_436' title='bbox 885 2678 943 2707; x_wconf 92' lang='lat' dir='ltr'><em>pro</em></span> <span class='ocrx_word' id='word_1_437' title='bbox 968 2668 1104 2706; x_wconf 88' lang='lat' dir='ltr'><em>videtur,</em></span> <span class='ocrx_word' id='word_1_438' title='bbox 1126 2670 1246 2701; x_wconf 87' lang='lat' dir='ltr'><em>videret</em></span> <span class='ocrx_word' id='word_1_439' title='bbox 1268 2672 1301 2702; x_wconf 91' lang='lat' dir='ltr'><em>P.</em></span> 
     </span>
     <span class='ocr_line' id='line_1_54' title="bbox 496 2712 1290 2751; baseline 0.005 -10"><span class='ocrx_word' id='word_1_440' title='bbox 496 2721 526 2742; x_wconf 91' lang='lat' dir='ltr'><em>n.</em></span> <span class='ocrx_word' id='word_1_441' title='bbox 551 2722 583 2748; x_wconf 91' lang='lat'><em>11,</em></span> <span class='ocrx_word' id='word_1_442' title='bbox 608 2712 628 2742; x_wconf 95' lang='lat' dir='ltr'><em>l.</em></span> <span class='ocrx_word' id='word_1_443' title='bbox 653 2721 736 2751; x_wconf 66' lang='lat' dir='ltr'><em>pen„</em></span> <span class='ocrx_word' id='word_1_444' title='bbox 762 2721 820 2751; x_wconf 89' lang='lat' dir='ltr'><em>pro</em></span> <span class='ocrx_word' id='word_1_445' title='bbox 845 2712 1005 2749; x_wconf 85' lang='lat' dir='ltr'><em>luxurias,</em></span> <span class='ocrx_word' id='word_1_446' title='bbox 1026 2713 1190 2744; x_wconf 91' lang='lat' dir='ltr'><em>luxuriam</em></span> <span class='ocrx_word' id='word_1_447' title='bbox 1215 2714 1290 2746; x_wconf 72' lang='lat' dir='ltr'><strong>PDE.</strong></span> 
     </span>
    </p>

    <p class='ocr_par' dir='ltr' id='par_1_14' title="bbox 407 2756 1443 2846">
     <span class='ocr_line' id='line_1_55' title="bbox 407 2756 1404 2802; baseline 0.005 -16"><span class='ocrx_word' id='word_1_448' title='bbox 407 2758 485 2787; x_wconf 71' lang='lat' dir='ltr'><em>Am.</em></span> <span class='ocrx_word' id='word_1_449' title='bbox 509 2765 540 2795; x_wconf 87' lang='lat'><em>4,</em></span> <span class='ocrx_word' id='word_1_450' title='bbox 566 2766 595 2787; x_wconf 91' lang='lat' dir='ltr'><em>n.</em></span> <span class='ocrx_word' id='word_1_451' title='bbox 620 2766 662 2792; x_wconf 87' lang='lat' dir='ltr'><em>m,</em></span> <span class='ocrx_word' id='word_1_452' title='bbox 687 2756 707 2786; x_wconf 94' lang='grc'><em>1.</em></span> <span class='ocrx_word' id='word_1_453' title='bbox 736 2756 762 2791; x_wconf 90' lang='grc'><em>3,</em></span> <span class='ocrx_word' id='word_1_454' title='bbox 788 2765 846 2796; x_wconf 87' lang='lat' dir='ltr'><em>pro</em></span> <span class='ocrx_word' id='word_1_455' title='bbox 871 2761 970 2793; x_wconf 88' lang='lat' dir='ltr'><em>tanto,</em></span> <span class='ocrx_word' id='word_1_456' title='bbox 988 2762 1120 2787; x_wconf 85' lang='lat' dir='ltr'><em>causato</em></span> <span class='ocrx_word' id='word_1_457' title='bbox 1137 2757 1201 2787; x_wconf 71' lang='lat' dir='ltr'><em>PDE</em></span> <span class='ocrx_word' id='word_1_458' title='bbox 1220 2757 1270 2799; x_wconf 87' lang='lat' dir='ltr'><em>(ex</em></span> <span class='ocrx_word' id='word_1_459' title='bbox 1293 2759 1404 2802; x_wconf 91' lang='lat' dir='ltr'><em>med.).</em></span> 
     </span>
     <span class='ocr_line' id='line_1_56' title="bbox 497 2800 1443 2846; baseline 0.006 -16"><span class='ocrx_word' id='word_1_460' title='bbox 497 2810 527 2830; x_wconf 90' lang='lat' dir='ltr'><em>n.</em></span> <span class='ocrx_word' id='word_1_461' title='bbox 550 2810 593 2836; x_wconf 89' lang='lat'><em>111,</em></span> <span class='ocrx_word' id='word_1_462' title='bbox 619 2800 639 2830; x_wconf 85' lang='lat'><em>1.</em></span> <span class='ocrx_word' id='word_1_463' title='bbox 665 2810 747 2840; x_wconf 66' lang='lat' dir='ltr'><em>pen„</em></span> <span class='ocrx_word' id='word_1_464' title='bbox 772 2805 802 2830; x_wconf 90' lang='lat' dir='ltr'><em>et</em></span> <span class='ocrx_word' id='word_1_465' title='bbox 825 2806 896 2830; x_wconf 79' lang='lat' dir='ltr'><em>ante</em></span> <span class='ocrx_word' id='word_1_466' title='bbox 919 2800 1100 2831; x_wconf 90' lang='lat' dir='ltr'><em>huiusmodi</em></span> <span class='ocrx_word' id='word_1_467' title='bbox 1123 2811 1188 2832; x_wconf 89' lang='lat' dir='ltr'><strong>om.</strong></span> <span class='ocrx_word' id='word_1_468' title='bbox 1213 2803 1236 2832; x_wconf 90' lang='lat' dir='ltr'><strong>P</strong></span> <span class='ocrx_word' id='word_1_469' title='bbox 1261 2802 1311 2845; x_wconf 85' lang='lat' dir='ltr'><em>(ex</em></span> <span class='ocrx_word' id='word_1_470' title='bbox 1335 2803 1443 2846; x_wconf 85' lang='lat' dir='ltr'><em>med.).</em></span> 
     </span>
    </p>
   </div>
   <div class='ocr_carea' id='block_1_14' title="bbox 815 2876 1056 2913">
    <p class='ocr_par' dir='ltr' id='par_1_15' title="bbox 815 2876 1056 2913">
     <span class='ocr_line' id='line_1_57' title="bbox 815 2876 1056 2913; baseline 0.008 -7"><span class='ocrx_word' id='word_1_471' title='bbox 815 2876 973 2913; x_wconf 69' lang='lat' dir='ltr'><em>QUAEs‘mo</em></span> <span class='ocrx_word' id='word_1_472' title='bbox 997 2887 1056 2908; x_wconf 75' lang='lat' dir='ltr'><em>xm.</em></span> 
     </span>
    </p>
   </div>
   <div class='ocr_carea' id='block_1_15' title="bbox 408 2945 1467 3030">
    <p class='ocr_par' dir='ltr' id='par_1_16' title="bbox 408 2945 1467 3030">
     <span class='ocr_line' id='line_1_58' title="bbox 408 2945 1467 2992; baseline 0.007 -16"><span class='ocrx_word' id='word_1_473' title='bbox 408 2947 486 2976; x_wconf 74' lang='lat' dir='ltr'><em>Am.</em></span> <span class='ocrx_word' id='word_1_474' title='bbox 512 2954 540 2981; x_wconf 93' lang='grc'>2,</span> <span class='ocrx_word' id='word_1_475' title='bbox 565 2945 585 2975; x_wconf 88' lang='lat' dir='ltr'><em>l.</em></span> <span class='ocrx_word' id='word_1_476' title='bbox 613 2946 640 2980; x_wconf 91' lang='lat'><em>5,</em></span> <span class='ocrx_word' id='word_1_477' title='bbox 657 2955 715 2985; x_wconf 84' lang='lat' dir='ltr'><em>pro</em></span> <span class='ocrx_word' id='word_1_478' title='bbox 732 2947 943 2986; x_wconf 85' lang='lat' dir='ltr'><em>cognitionem</em></span> <span class='ocrx_word' id='word_1_479' title='bbox 962 2952 991 2977; x_wconf 90' lang='lat' dir='ltr'><em>et</em></span> <span class='ocrx_word' id='word_1_480' title='bbox 1008 2950 1268 2989; x_wconf 82' lang='lat' dir='ltr'><em>repugnantiam,</em></span> <span class='ocrx_word' id='word_1_481' title='bbox 1287 2953 1467 2992; x_wconf 83' lang='lat' dir='ltr'><em>cognitione</em></span> 
     </span>
     <span class='ocr_line' id='line_1_59' title="bbox 585 2991 953 3030; baseline 0.008 -12"><span class='ocrx_word' id='word_1_482' title='bbox 585 2994 615 3019; x_wconf 91' lang='lat' dir='ltr'><em>et</em></span> <span class='ocrx_word' id='word_1_483' title='bbox 637 2991 854 3030; x_wconf 79' lang='lat' dir='ltr'><em>repugnantia</em></span> <span class='ocrx_word' id='word_1_484' title='bbox 877 2991 953 3021; x_wconf 69' lang='lat' dir='ltr'><strong>Pon.</strong></span> 
     </span>
    </p>
   </div>
   <div class='ocr_carea' id='block_1_16' title="bbox 563 3032 1466 3117">
    <p class='ocr_par' dir='ltr' id='par_1_17' title="bbox 563 3032 1466 3117">
     <span class='ocr_line' id='line_1_60' title="bbox 563 3032 1466 3078; baseline 0.009 -16"><span class='ocrx_word' id='word_1_485' title='bbox 563 3032 622 3063; x_wconf 90' lang='lat' dir='ltr'><strong>col.</strong></span> <span class='ocrx_word' id='word_1_486' title='bbox 649 3043 677 3069; x_wconf 89' lang='lat'><em>2,</em></span> <span class='ocrx_word' id='word_1_487' title='bbox 702 3033 723 3063; x_wconf 94' lang='lat' dir='ltr'><em>l.</em></span> <span class='ocrx_word' id='word_1_488' title='bbox 748 3034 778 3070; x_wconf 97' lang='lat'><em>6,</em></span> <span class='ocrx_word' id='word_1_489' title='bbox 795 3044 854 3073; x_wconf 88' lang='lat' dir='ltr'><em>pro</em></span> <span class='ocrx_word' id='word_1_490' title='bbox 877 3035 935 3064; x_wconf 90' lang='lat' dir='ltr'><em>Est</em></span> <span class='ocrx_word' id='word_1_491' title='bbox 950 3035 1115 3075; x_wconf 82' lang='lat' dir='ltr'><em>siquidem,</em></span> <span class='ocrx_word' id='word_1_492' title='bbox 1136 3037 1179 3067; x_wconf 87' lang='lat' dir='ltr'><em>Et</em></span> <span class='ocrx_word' id='word_1_493' title='bbox 1200 3038 1354 3078; x_wconf 82' lang='lat' dir='ltr'><em>siquidem</em></span> <span class='ocrx_word' id='word_1_494' title='bbox 1377 3050 1405 3076; x_wconf 71' lang='grc' dir='ltr'><em>ιι,</em></span> <span class='ocrx_word' id='word_1_495' title='bbox 1423 3040 1466 3070; x_wconf 87' lang='lat' dir='ltr'><em>Et</em></span> 
     </span>
     <span class='ocr_line' id='line_1_61' title="bbox 583 3077 857 3117; baseline 0.007 -11"><span class='ocrx_word' id='word_1_496' title='bbox 583 3077 612 3107; x_wconf 89' lang='lat' dir='ltr'><em>si</em></span> <span class='ocrx_word' id='word_1_497' title='bbox 633 3077 758 3117; x_wconf 88' lang='lat' dir='ltr'><em>quidem</em></span> <span class='ocrx_word' id='word_1_498' title='bbox 783 3078 857 3108; x_wconf 70' lang='lat' dir='ltr'><em>sz.</em></span> 
     </span>
    </p>
   </div>
   <div class='ocr_carea' id='block_1_17' title="bbox 811 3147 1064 3183">
    <p class='ocr_par' dir='ltr' id='par_1_18' title="bbox 811 3147 1064 3183">
     <span class='ocr_line' id='line_1_62' title="bbox 811 3147 1064 3183; baseline 0.012 -7"><span class='ocrx_word' id='word_1_499' title='bbox 811 3147 970 3183; x_wconf 74' lang='lat' dir='ltr'><em>QUAEsno</em></span> <span class='ocrx_word' id='word_1_500' title='bbox 994 3159 1064 3180; x_wconf 76' lang='lat' dir='ltr'><em>xm.</em></span> 
     </span>
    </p>
   </div>
   <div class='ocr_carea' id='block_1_18' title="bbox 407 3215 1117 3255">
    <p class='ocr_par' dir='ltr' id='par_1_19' title="bbox 407 3215 1117 3255">
     <span class='ocr_line' id='line_1_63' title="bbox 407 3215 1117 3255; baseline 0.007 -11"><span class='ocrx_word' id='word_1_501' title='bbox 407 3216 484 3245; x_wconf 83' lang='lat' dir='ltr'><strong>ART.</strong></span> <span class='ocrx_word' id='word_1_502' title='bbox 515 3225 540 3251; x_wconf 83' lang='lat'><em>1,</em></span> <span class='ocrx_word' id='word_1_503' title='bbox 565 3215 585 3245; x_wconf 92' lang='grc'><em>1.</em></span> <span class='ocrx_word' id='word_1_504' title='bbox 610 3224 640 3254; x_wconf 90' lang='lat'><em>4,</em></span> <span class='ocrx_word' id='word_1_505' title='bbox 664 3224 723 3255; x_wconf 85' lang='lat' dir='ltr'><em>pro</em></span> <span class='ocrx_word' id='word_1_506' title='bbox 746 3215 872 3253; x_wconf 85' lang='lat' dir='ltr'><em>XXXI,</em></span> <span class='ocrx_word' id='word_1_507' title='bbox 897 3217 985 3247; x_wconf 89' lang='lat' dir='ltr'><em>XXI</em></span> <span class='ocrx_word' id='word_1_508' title='bbox 1003 3219 1117 3250; x_wconf 72' lang='lat' dir='ltr'><strong>PABDE.</strong></span> 
     </span>
    </p>
   </div>
   <div class='ocr_carea' id='block_1_19' title="bbox 406 3259 1464 3340">
    <p class='ocr_par' dir='ltr' id='par_1_20' title="bbox 406 3259 1464 3340">
     <span class='ocr_line' id='line_1_64' title="bbox 406 3259 1464 3306; baseline 0.008 -18"><span class='ocrx_word' id='word_1_509' title='bbox 406 3261 484 3289; x_wconf 70' lang='lat' dir='ltr'><strong>Am.</strong></span> <span class='ocrx_word' id='word_1_510' title='bbox 512 3268 539 3295; x_wconf 91' lang='lat'><em>2,</em></span> <span class='ocrx_word' id='word_1_511' title='bbox 565 3268 595 3289; x_wconf 89' lang='lat' dir='ltr'><em>n.</em></span> <span class='ocrx_word' id='word_1_512' title='bbox 619 3269 650 3295; x_wconf 87' lang='grc' dir='ltr'><em>ιι,</em></span> <span class='ocrx_word' id='word_1_513' title='bbox 674 3259 695 3289; x_wconf 86' lang='lat'><em>1.</em></span> <span class='ocrx_word' id='word_1_514' title='bbox 724 3260 751 3295; x_wconf 90' lang='grc'>5,</span> <span class='ocrx_word' id='word_1_515' title='bbox 776 3270 834 3299; x_wconf 88' lang='lat' dir='ltr'><em>pro</em></span> <span class='ocrx_word' id='word_1_516' title='bbox 865 3261 990 3298; x_wconf 87' lang='lat' dir='ltr'><em>orbem,</em></span> <span class='ocrx_word' id='word_1_517' title='bbox 1019 3263 1127 3293; x_wconf 82' lang='lat' dir='ltr'><em>urbem</em></span> <span class='ocrx_word' id='word_1_518' title='bbox 1152 3264 1246 3295; x_wconf 73' lang='lat' dir='ltr'><strong>anz.</strong></span> <span class='ocrx_word' id='word_1_519' title='bbox 1263 3282 1284 3287; x_wconf 92' lang='lat'><em>-</em></span> <span class='ocrx_word' id='word_1_520' title='bbox 1301 3265 1375 3296; x_wconf 88' lang='lat' dir='ltr'><em>Mox</em></span> <span class='ocrx_word' id='word_1_521' title='bbox 1405 3276 1464 3306; x_wconf 88' lang='lat' dir='ltr'><em>pro</em></span> 
     </span>
     <span class='ocr_line' id='line_1_65' title="bbox 584 3304 924 3340; baseline 0.006 -7"><span class='ocrx_word' id='word_1_522' title='bbox 584 3304 670 3340; x_wconf 90' lang='lat' dir='ltr'><em>rixa,</em></span> <span class='ocrx_word' id='word_1_523' title='bbox 695 3304 786 3334; x_wconf 82' lang='lat' dir='ltr'><em>rixas</em></span> <span class='ocrx_word' id='word_1_524' title='bbox 809 3304 924 3335; x_wconf 72' lang='lat' dir='ltr'><strong>PABDE.</strong></span> 
     </span>
    </p>
   </div>
   <div class='ocr_carea' id='block_1_20' title="bbox 805 3376 1069 3413">
    <p class='ocr_par' dir='ltr' id='par_1_21' title="bbox 805 3376 1069 3413">
     <span class='ocr_line' id='line_1_66' title="bbox 805 3376 1069 3413; baseline 0.008 -7"><span class='ocrx_word' id='word_1_525' title='bbox 805 3376 963 3413; x_wconf 72' lang='lat' dir='ltr'><em>QUAnsno</em></span> <span class='ocrx_word' id='word_1_526' title='bbox 988 3387 1069 3408; x_wconf 82' lang='lat' dir='ltr'><em>me.</em></span> 
     </span>
    </p>
   </div>
   <div class='ocr_carea' id='block_1_21' title="bbox 407 3442 1463 3518">
    <p class='ocr_par' dir='ltr' id='par_1_22' title="bbox 407 3442 1463 3518">
     <span class='ocr_line' id='line_1_67' title="bbox 407 3442 1463 3516; baseline 0.01 -46"><span class='ocrx_word' id='word_1_527' title='bbox 407 3442 484 3471; x_wconf 82' lang='lat' dir='ltr'><strong>ART.</strong></span> <span class='ocrx_word' id='word_1_528' title='bbox 515 3452 539 3477; x_wconf 86' lang='lat'><em>1,</em></span> <span class='ocrx_word' id='word_1_529' title='bbox 564 3443 695 3516; x_wconf 65' lang='lat' dir='ltr'><strong>n&#39;·¹’pl&#39;</strong></span> <span class='ocrx_word' id='word_1_530' title='bbox 727 3445 761 3473; x_wconf 77' lang='lat'><em>13</em></span> <span class='ocrx_word' id='word_1_531' title='bbox 787 3454 844 3485; x_wconf 63' lang='lat' dir='ltr'><em>sq„</em></span> <span class='ocrx_word' id='word_1_532' title='bbox 862 3455 919 3484; x_wconf 91' lang='lat' dir='ltr'><em>pro</em></span> <span class='ocrx_word' id='word_1_533' title='bbox 944 3447 1049 3486; x_wconf 82' lang='lat' dir='ltr'><em>operis</em></span> <span class='ocrx_word' id='word_1_534' title='bbox 1068 3447 1214 3485; x_wconf 86' lang='lat' dir='ltr'><em>conditio,</em></span> <span class='ocrx_word' id='word_1_535' title='bbox 1232 3449 1368 3480; x_wconf 88' lang='lat' dir='ltr'><em>conditio</em></span> <span class='ocrx_word' id='word_1_536' title='bbox 1391 3460 1463 3491; x_wconf 82' lang='lat' dir='ltr'><em>ope-</em></span> 
     </span>
     <span class='ocr_line' id='line_1_68' title="bbox 583 3496 726 3518; baseline 0.014 -2"><span class='ocrx_word' id='word_1_537' title='bbox 583 3496 629 3517; x_wconf 80' lang='lat' dir='ltr'><em>ris</em></span> <span class='ocrx_word' id='word_1_538' title='bbox 676 3497 726 3518; x_wconf 76' lang='lat' dir='ltr'><em>DE.</em></span> 
     </span>
    </p>
   </div>
   <div class='ocr_carea' id='block_1_22' title="bbox 1496 564 1502 1800">
    <p class='ocr_par' dir='ltr' id='par_1_23' title="bbox 1496 564 1502 1800">
     <span class='ocr_line' id='line_1_69' title="bbox 1496 564 1502 1800; baseline 0 0"><span class='ocrx_word' id='word_1_539' title='bbox 1496 564 1502 1800; x_wconf 95' lang='lat' dir='ltr'><em> </em></span> 
     </span>
    </p>
   </div>
   <div class='ocr_carea' id='block_1_23' title="bbox 1525 245 2587 812">
    <p class='ocr_par' dir='ltr' id='par_1_24' title="bbox 1636 245 2103 280">
     <span class='ocr_line' id='line_1_70' title="bbox 1636 245 2103 280; baseline 0.004 -5"><span class='ocrx_word' id='word_1_540' title='bbox 1636 245 1677 275; x_wconf 91' lang='lat' dir='ltr'><em>ib.</em></span> <span class='ocrx_word' id='word_1_541' title='bbox 1724 246 1744 276; x_wconf 93' lang='grc'><em>1.</em></span> <span class='ocrx_word' id='word_1_542' title='bbox 1770 246 1837 280; x_wconf 72' lang='lat' dir='ltr'><em>ult„</em></span> <span class='ocrx_word' id='word_1_543' title='bbox 1861 247 1958 276; x_wconf 89' lang='lat' dir='ltr'><em>simul</em></span> <span class='ocrx_word' id='word_1_544' title='bbox 1981 256 2045 277; x_wconf 89' lang='lat' dir='ltr'><em>om.</em></span> <span class='ocrx_word' id='word_1_545' title='bbox 2070 247 2103 277; x_wconf 90' lang='lat' dir='ltr'><strong>P.</strong></span> 
     </span>
    </p>

    <p class='ocr_par' dir='ltr' id='par_1_25' title="bbox 1614 289 2583 376">
     <span class='ocr_line' id='line_1_71' title="bbox 1614 289 2583 333; baseline 0.007 -15"><span class='ocrx_word' id='word_1_546' title='bbox 1614 299 1645 319; x_wconf 90' lang='lat' dir='ltr'><em>n.</em></span> <span class='ocrx_word' id='word_1_547' title='bbox 1669 299 1701 324; x_wconf 91' lang='lat'><em>11,</em></span> <span class='ocrx_word' id='word_1_548' title='bbox 1725 289 1745 318; x_wconf 94' lang='lat' dir='ltr'><em>l.</em></span> <span class='ocrx_word' id='word_1_549' title='bbox 1772 289 1800 325; x_wconf 85' lang='lat'><em>8,</em></span> <span class='ocrx_word' id='word_1_550' title='bbox 1822 299 1880 329; x_wconf 94' lang='lat' dir='ltr'><em>pro</em></span> <span class='ocrx_word' id='word_1_551' title='bbox 1903 290 2037 327; x_wconf 84' lang='lat' dir='ltr'><em>directe,</em></span> <span class='ocrx_word' id='word_1_552' title='bbox 2062 295 2146 321; x_wconf 89' lang='lat' dir='ltr'><em>recte</em></span> <span class='ocrx_word' id='word_1_553' title='bbox 2169 291 2282 323; x_wconf 67' lang='lat' dir='ltr'><strong>PAnnss.</strong></span> <span class='ocrx_word' id='word_1_554' title='bbox 2300 311 2320 316; x_wconf 93' lang='lat'><em>-</em></span> <span class='ocrx_word' id='word_1_555' title='bbox 2338 293 2411 324; x_wconf 91' lang='lat' dir='ltr'><strong>Col.</strong></span> <span class='ocrx_word' id='word_1_556' title='bbox 2439 294 2504 330; x_wconf 91' lang='lat'><em>2,1.</em></span> <span class='ocrx_word' id='word_1_557' title='bbox 2535 304 2583 333; x_wconf 87' lang='lat'><em>14,</em></span> 
     </span>
     <span class='ocr_line' id='line_1_72' title="bbox 1682 333 2486 376; baseline 0.007 -14"><span class='ocrx_word' id='word_1_558' title='bbox 1682 343 1761 373; x_wconf 55' lang='lat' dir='ltr'><em>‘pro</em></span> <span class='ocrx_word' id='word_1_559' title='bbox 1786 335 1980 364; x_wconf 88' lang='lat' dir='ltr'><em>occasionem</em></span> <span class='ocrx_word' id='word_1_560' title='bbox 2006 333 2056 375; x_wconf 89' lang='lat' dir='ltr'><em>(ex</em></span> <span class='ocrx_word' id='word_1_561' title='bbox 2079 333 2188 376; x_wconf 82' lang='lat' dir='ltr'><em>med.),</em></span> <span class='ocrx_word' id='word_1_562' title='bbox 2212 338 2334 367; x_wconf 86' lang='lat' dir='ltr'><em>occasio</em></span> <span class='ocrx_word' id='word_1_563' title='bbox 2359 348 2416 368; x_wconf 87' lang='lat' dir='ltr'><em>nec</em></span> <span class='ocrx_word' id='word_1_564' title='bbox 2437 348 2486 368; x_wconf 78' lang='lat' dir='ltr'><em>AB.</em></span> 
     </span>
    </p>

    <p class='ocr_par' dir='ltr' id='par_1_26' title="bbox 1615 378 2586 461">
     <span class='ocr_line' id='line_1_73' title="bbox 1615 378 2586 418; baseline 0.006 -12"><span class='ocrx_word' id='word_1_565' title='bbox 1615 387 1645 407; x_wconf 91' lang='lat' dir='ltr'><em>n.</em></span> <span class='ocrx_word' id='word_1_566' title='bbox 1670 387 1713 413; x_wconf 94' lang='lat'><em>111,</em></span> <span class='ocrx_word' id='word_1_567' title='bbox 1739 388 1768 416; x_wconf 93' lang='lat' dir='ltr'><em>p.</em></span> <span class='ocrx_word' id='word_1_568' title='bbox 1795 378 1866 416; x_wconf 88' lang='lat'><strong>324,</strong></span> <span class='ocrx_word' id='word_1_569' title='bbox 1883 378 1903 407; x_wconf 94' lang='lat'><em>1.</em></span> <span class='ocrx_word' id='word_1_570' title='bbox 1934 388 1959 414; x_wconf 92' lang='lat'><em>1,</em></span> <span class='ocrx_word' id='word_1_571' title='bbox 1977 387 2036 418; x_wconf 90' lang='lat' dir='ltr'><em>pro</em></span> <span class='ocrx_word' id='word_1_572' title='bbox 2061 378 2244 417; x_wconf 87' lang='lat' dir='ltr'><em>laedantur,</em></span> <span class='ocrx_word' id='word_1_573' title='bbox 2261 381 2410 412; x_wconf 83' lang='lat' dir='ltr'><em>laedatur</em></span> <span class='ocrx_word' id='word_1_574' title='bbox 2426 391 2456 412; x_wconf 91' lang='lat' dir='ltr'><em>A.</em></span> <span class='ocrx_word' id='word_1_575' title='bbox 2473 399 2493 404; x_wconf 96' lang='lat'><em>-</em></span> <span class='ocrx_word' id='word_1_576' title='bbox 2511 382 2586 412; x_wconf 85' lang='lat' dir='ltr'><em>Mox</em></span> 
     </span>
     <span class='ocr_line' id='line_1_74' title="bbox 1702 422 2031 461; baseline 0.006 -11"><span class='ocrx_word' id='word_1_577' title='bbox 1702 431 1760 461; x_wconf 91' lang='lat' dir='ltr'><em>pro</em></span> <span class='ocrx_word' id='word_1_578' title='bbox 1786 431 1837 459; x_wconf 85' lang='lat' dir='ltr'><em>ex,</em></span> <span class='ocrx_word' id='word_1_579' title='bbox 1862 427 1892 451; x_wconf 92' lang='lat' dir='ltr'><em>et</em></span> <span class='ocrx_word' id='word_1_580' title='bbox 1915 422 2031 452; x_wconf 73' lang='lat' dir='ltr'><strong>PABDE.</strong></span> 
     </span>
    </p>

    <p class='ocr_par' dir='ltr' id='par_1_27' title="bbox 1525 465 2428 550">
     <span class='ocr_line' id='line_1_75' title="bbox 1653 465 2428 507; baseline 0.006 -13"><span class='ocrx_word' id='word_1_581' title='bbox 1653 477 1668 491; x_wconf 63' lang='lat'><em>³&gt;</em></span> <span class='ocrx_word' id='word_1_582' title='bbox 1739 476 1770 504; x_wconf 88' lang='lat' dir='ltr'><em>p.</em></span> <span class='ocrx_word' id='word_1_583' title='bbox 1799 466 1870 504; x_wconf 85' lang='lat'><em>324,</em></span> <span class='ocrx_word' id='word_1_584' title='bbox 1896 465 1955 495; x_wconf 90' lang='lat' dir='ltr'><strong>col.</strong></span> <span class='ocrx_word' id='word_1_585' title='bbox 1983 476 2012 503; x_wconf 91' lang='grc'>2,</span> <span class='ocrx_word' id='word_1_586' title='bbox 2037 465 2058 495; x_wconf 88' lang='lat' dir='ltr'><em>l.</em></span> <span class='ocrx_word' id='word_1_587' title='bbox 2084 465 2113 502; x_wconf 87' lang='lat'><em>8,</em></span> <span class='ocrx_word' id='word_1_588' title='bbox 2138 475 2196 505; x_wconf 86' lang='lat' dir='ltr'><em>pro</em></span> <span class='ocrx_word' id='word_1_589' title='bbox 2209 467 2264 507; x_wconf 86' lang='lat' dir='ltr'><em>fit,</em></span> <span class='ocrx_word' id='word_1_590' title='bbox 2289 468 2331 498; x_wconf 91' lang='lat' dir='ltr'><em>sit</em></span> <span class='ocrx_word' id='word_1_591' title='bbox 2352 468 2428 499; x_wconf 72' lang='lat' dir='ltr'><strong>Pon.</strong></span> 
     </span>
     <span class='ocr_line' id='line_1_76' title="bbox 1525 507 2121 550; baseline 0.003 -13"><span class='ocrx_word' id='word_1_592' title='bbox 1525 510 1604 538; x_wconf 69' lang='lat' dir='ltr'><em>Am.</em></span> <span class='ocrx_word' id='word_1_593' title='bbox 1630 507 1660 544; x_wconf 91' lang='lat'><em>8,</em></span> <span class='ocrx_word' id='word_1_594' title='bbox 1684 519 1716 539; x_wconf 90' lang='lat' dir='ltr'><em>n.</em></span> <span class='ocrx_word' id='word_1_595' title='bbox 1747 520 1771 545; x_wconf 95' lang='lat'><em>1,</em></span> <span class='ocrx_word' id='word_1_596' title='bbox 1795 509 1816 540; x_wconf 92' lang='lat'><em>1.</em></span> <span class='ocrx_word' id='word_1_597' title='bbox 1843 519 1871 546; x_wconf 76' lang='lat'><em>2,</em></span> <span class='ocrx_word' id='word_1_598' title='bbox 1895 510 1979 550; x_wconf 87' lang='lat' dir='ltr'><em>quod</em></span> <span class='ocrx_word' id='word_1_599' title='bbox 2002 520 2068 540; x_wconf 88' lang='lat' dir='ltr'><em>om.</em></span> <span class='ocrx_word' id='word_1_600' title='bbox 2092 520 2121 540; x_wconf 88' lang='lat' dir='ltr'><em>A.</em></span> 
     </span>
    </p>

    <p class='ocr_par' dir='ltr' id='par_1_28' title="bbox 1635 551 2587 770">
     <span class='ocr_line' id='line_1_77' title="bbox 1635 551 2586 598; baseline 0.004 -16"><span class='ocrx_word' id='word_1_601' title='bbox 1635 551 1676 582; x_wconf 90' lang='lat' dir='ltr'><em>ib.</em></span> <span class='ocrx_word' id='word_1_602' title='bbox 1719 553 1739 583; x_wconf 85' lang='lat'><em>1.</em></span> <span class='ocrx_word' id='word_1_603' title='bbox 1759 555 1798 583; x_wconf 88' lang='grc'><em>23</em></span> <span class='ocrx_word' id='word_1_604' title='bbox 1818 563 1874 593; x_wconf 69' lang='lat' dir='ltr'><em>sq„</em></span> <span class='ocrx_word' id='word_1_605' title='bbox 1892 563 1959 594; x_wconf 81' lang='lat' dir='ltr'><em>cap.</em></span> <span class='ocrx_word' id='word_1_606' title='bbox 1978 560 2051 593; x_wconf 89' lang='lat' dir='ltr'><em>post</em></span> <span class='ocrx_word' id='word_1_607' title='bbox 2072 553 2158 583; x_wconf 89' lang='lat' dir='ltr'><em>XVI</em></span> <span class='ocrx_word' id='word_1_608' title='bbox 2176 554 2248 584; x_wconf 86' lang='lat' dir='ltr'><em>add.</em></span> <span class='ocrx_word' id='word_1_609' title='bbox 2264 555 2329 584; x_wconf 72' lang='lat' dir='ltr'><em>pm:</em></span> <span class='ocrx_word' id='word_1_610' title='bbox 2346 553 2400 597; x_wconf 88' lang='lat' dir='ltr'><em>(ex</em></span> <span class='ocrx_word' id='word_1_611' title='bbox 2415 554 2530 598; x_wconf 87' lang='lat' dir='ltr'><em>med.);</em></span> <span class='ocrx_word' id='word_1_612' title='bbox 2555 562 2586 586; x_wconf 89' lang='lat' dir='ltr'><em>et</em></span> 
     </span>
     <span class='ocr_line' id='line_1_78' title="bbox 1702 595 2587 640; baseline 0.003 -13"><span class='ocrx_word' id='word_1_613' title='bbox 1702 604 1776 636; x_wconf 87' lang='lat' dir='ltr'><em>post</em></span> <span class='ocrx_word' id='word_1_614' title='bbox 1805 597 1966 628; x_wconf 89' lang='lat' dir='ltr'><em>caelorum</em></span> <span class='ocrx_word' id='word_1_615' title='bbox 1997 597 2067 628; x_wconf 85' lang='lat' dir='ltr'><em>add.</em></span> <span class='ocrx_word' id='word_1_616' title='bbox 2093 595 2152 639; x_wconf 84' lang='lat' dir='ltr'><em>(ex</em></span> <span class='ocrx_word' id='word_1_617' title='bbox 2176 596 2280 640; x_wconf 85' lang='lat' dir='ltr'><em>med.)</em></span> <span class='ocrx_word' id='word_1_618' title='bbox 2311 604 2342 629; x_wconf 91' lang='lat' dir='ltr'><em>et</em></span> <span class='ocrx_word' id='word_1_619' title='bbox 2369 600 2587 640; x_wconf 85' lang='lat' dir='ltr'><em>quodcumque</em></span> 
     </span>
     <span class='ocr_line' id='line_1_79' title="bbox 1702 641 2585 682; baseline 0.005 -12"><span class='ocrx_word' id='word_1_620' title='bbox 1702 641 1857 681; x_wconf 83' lang='lat' dir='ltr'><em>ligaveris</em></span> <span class='ocrx_word' id='word_1_621' title='bbox 1878 651 1976 681; x_wconf 78' lang='lat' dir='ltr'><em>super</em></span> <span class='ocrx_word' id='word_1_622' title='bbox 1991 647 2110 672; x_wconf 90' lang='lat' dir='ltr'><em>terram</em></span> <span class='ocrx_word' id='word_1_623' title='bbox 2135 643 2195 672; x_wconf 91' lang='lat' dir='ltr'><em>erit</em></span> <span class='ocrx_word' id='word_1_624' title='bbox 2217 642 2353 682; x_wconf 83' lang='lat' dir='ltr'><em>ligatum</em></span> <span class='ocrx_word' id='word_1_625' title='bbox 2371 648 2401 673; x_wconf 86' lang='lat' dir='ltr'><em>et</em></span> <span class='ocrx_word' id='word_1_626' title='bbox 2423 644 2455 673; x_wconf 91' lang='lat' dir='ltr'><em>in</em></span> <span class='ocrx_word' id='word_1_627' title='bbox 2479 644 2585 682; x_wconf 85' lang='lat' dir='ltr'><em>caelis,</em></span> 
     </span>
     <span class='ocr_line' id='line_1_80' title="bbox 1703 685 2586 726; baseline 0.002 -11"><span class='ocrx_word' id='word_1_628' title='bbox 1703 689 1733 714; x_wconf 87' lang='lat' dir='ltr'><em>et</em></span> <span class='ocrx_word' id='word_1_629' title='bbox 1754 685 1971 726; x_wconf 89' lang='lat' dir='ltr'><em>quodcumque</em></span> <span class='ocrx_word' id='word_1_630' title='bbox 1998 686 2132 716; x_wconf 88' lang='lat' dir='ltr'><em>solveris</em></span> <span class='ocrx_word' id='word_1_631' title='bbox 2153 695 2251 725; x_wconf 83' lang='lat' dir='ltr'><em>super</em></span> <span class='ocrx_word' id='word_1_632' title='bbox 2273 691 2393 716; x_wconf 87' lang='lat' dir='ltr'><em>terram</em></span> <span class='ocrx_word' id='word_1_633' title='bbox 2417 688 2478 717; x_wconf 88' lang='lat' dir='ltr'><em>erit</em></span> <span class='ocrx_word' id='word_1_634' title='bbox 2499 687 2586 717; x_wconf 91' lang='lat' dir='ltr'><em>solu-</em></span> 
     </span>
     <span class='ocr_line' id='line_1_81' title="bbox 1702 729 2541 770; baseline 0.004 -12"><span class='ocrx_word' id='word_1_635' title='bbox 1702 733 1768 758; x_wconf 92' lang='lat' dir='ltr'><em>tum</em></span> <span class='ocrx_word' id='word_1_636' title='bbox 1788 734 1818 759; x_wconf 90' lang='lat' dir='ltr'><em>et</em></span> <span class='ocrx_word' id='word_1_637' title='bbox 1841 730 1873 759; x_wconf 91' lang='lat' dir='ltr'><em>in</em></span> <span class='ocrx_word' id='word_1_638' title='bbox 1897 729 2003 760; x_wconf 88' lang='lat' dir='ltr'><em>caelis.</em></span> <span class='ocrx_word' id='word_1_639' title='bbox 2030 729 2144 761; x_wconf 86' lang='lat' dir='ltr'><em>Claves</em></span> <span class='ocrx_word' id='word_1_640' title='bbox 2163 731 2258 770; x_wconf 85' lang='lat' dir='ltr'><em>regni</em></span> <span class='ocrx_word' id='word_1_641' title='bbox 2281 730 2441 760; x_wconf 86' lang='lat' dir='ltr'><em>caelorum</em></span> <span class='ocrx_word' id='word_1_642' title='bbox 2457 730 2541 761; x_wconf 83' lang='lat' dir='ltr'><em>dicit.</em></span> 
     </span>
    </p>

    <p class='ocr_par' dir='ltr' id='par_1_29' title="bbox 1614 772 2312 812">
     <span class='ocr_line' id='line_1_82' title="bbox 1614 772 2312 812; baseline 0.004 -11"><span class='ocrx_word' id='word_1_643' title='bbox 1614 781 1645 801; x_wconf 88' lang='lat' dir='ltr'><strong>n.</strong></span> <span class='ocrx_word' id='word_1_644' title='bbox 1668 782 1700 807; x_wconf 91' lang='lat'><em>11,</em></span> <span class='ocrx_word' id='word_1_645' title='bbox 1725 772 1745 802; x_wconf 93' lang='lat' dir='ltr'><em>l.</em></span> <span class='ocrx_word' id='word_1_646' title='bbox 1774 773 1801 806; x_wconf 91' lang='lat'><em>5,</em></span> <span class='ocrx_word' id='word_1_647' title='bbox 1826 782 1884 812; x_wconf 89' lang='lat' dir='ltr'><em>pro</em></span> <span class='ocrx_word' id='word_1_648' title='bbox 1909 779 2032 810; x_wconf 88' lang='lat' dir='ltr'><em>vexent,</em></span> <span class='ocrx_word' id='word_1_649' title='bbox 2059 779 2215 804; x_wconf 80' lang='lat' dir='ltr'><em>vexentur</em></span> <span class='ocrx_word' id='word_1_650' title='bbox 2237 774 2312 804; x_wconf 74' lang='lat' dir='ltr'><strong>PDE.</strong></span> 
     </span>
    </p>
   </div>
   <div class='ocr_carea' id='block_1_24' title="bbox 1923 866 2186 903">
    <p class='ocr_par' dir='ltr' id='par_1_30' title="bbox 1923 866 2186 903">
     <span class='ocr_line' id='line_1_83' title="bbox 1923 866 2186 903; baseline 0.011 -8"><span class='ocrx_word' id='word_1_651' title='bbox 1923 866 2083 903; x_wconf 73' lang='lat' dir='ltr'><em>QUAEsno</em></span> <span class='ocrx_word' id='word_1_652' title='bbox 2106 878 2186 898; x_wconf 70' lang='grc' dir='ltr'><strong>κων.</strong></span> 
     </span>
    </p>
   </div>
   <div class='ocr_carea' id='block_1_25' title="bbox 1526 947 2584 1338">
    <p class='ocr_par' dir='ltr' id='par_1_31' title="bbox 1526 947 2584 1338">
     <span class='ocr_line' id='line_1_84' title="bbox 1526 947 2168 988; baseline 0.005 -12"><span class='ocrx_word' id='word_1_653' title='bbox 1526 949 1604 980; x_wconf 71' lang='lat' dir='ltr'>ART-</span> <span class='ocrx_word' id='word_1_654' title='bbox 1633 957 1659 983; x_wconf 87' lang='lat'><em>1,</em></span> <span class='ocrx_word' id='word_1_655' title='bbox 1684 947 1743 977; x_wconf 87' lang='lat' dir='ltr'><strong>col.</strong></span> <span class='ocrx_word' id='word_1_656' title='bbox 1770 957 1800 985; x_wconf 88' lang='lat'><em>2,</em></span> <span class='ocrx_word' id='word_1_657' title='bbox 1824 948 1844 979; x_wconf 85' lang='lat' dir='ltr'><em>l.</em></span> <span class='ocrx_word' id='word_1_658' title='bbox 1875 958 1900 980; x_wconf 83' lang='grc' dir='ltr'><em>ι,</em></span> <span class='ocrx_word' id='word_1_659' title='bbox 1925 957 1983 988; x_wconf 91' lang='lat' dir='ltr'><em>pro</em></span> <span class='ocrx_word' id='word_1_660' title='bbox 2006 957 2051 986; x_wconf 88' lang='lat' dir='ltr'><em>se,</em></span> <span class='ocrx_word' id='word_1_661' title='bbox 2076 958 2113 979; x_wconf 90' lang='lat' dir='ltr'><em>re</em></span> <span class='ocrx_word' id='word_1_662' title='bbox 2135 949 2168 986; x_wconf 81' lang='lat' dir='ltr'><em>P.</em></span> 
     </span>
     <span class='ocr_line' id='line_1_85' title="bbox 1526 990 2483 1036; baseline 0.004 -16"><span class='ocrx_word' id='word_1_663' title='bbox 1526 992 1604 1021; x_wconf 79' lang='lat' dir='ltr'><strong>ART.</strong></span> <span class='ocrx_word' id='word_1_664' title='bbox 1631 990 1660 1027; x_wconf 93' lang='lat'><em>8,</em></span> <span class='ocrx_word' id='word_1_665' title='bbox 1686 1000 1717 1021; x_wconf 91' lang='lat' dir='ltr'><em>n.</em></span> <span class='ocrx_word' id='word_1_666' title='bbox 1741 1001 1784 1027; x_wconf 87' lang='lat'><em>111,</em></span> <span class='ocrx_word' id='word_1_667' title='bbox 1808 991 1829 1022; x_wconf 91' lang='lat' dir='ltr'><em>l.</em></span> <span class='ocrx_word' id='word_1_668' title='bbox 1852 992 1869 1021; x_wconf 92' lang='lat'><em>6</em></span> <span class='ocrx_word' id='word_1_669' title='bbox 1895 1002 1912 1021; x_wconf 88' lang='lat' dir='ltr'><em>a</em></span> <span class='ocrx_word' id='word_1_670' title='bbox 1935 991 2001 1027; x_wconf 65' lang='lat' dir='ltr'><em>fin„</em></span> <span class='ocrx_word' id='word_1_671' title='bbox 2025 1002 2083 1032; x_wconf 90' lang='lat' dir='ltr'><em>pro</em></span> <span class='ocrx_word' id='word_1_672' title='bbox 2106 993 2171 1030; x_wconf 92' lang='lat' dir='ltr'><em>Ex,</em></span> <span class='ocrx_word' id='word_1_673' title='bbox 2187 993 2230 1024; x_wconf 90' lang='lat' dir='ltr'><em>Et</em></span> <span class='ocrx_word' id='word_1_674' title='bbox 2252 994 2276 1023; x_wconf 93' lang='lat' dir='ltr'><strong>P</strong></span> <span class='ocrx_word' id='word_1_675' title='bbox 2301 992 2352 1035; x_wconf 85' lang='lat' dir='ltr'><em>(ex</em></span> <span class='ocrx_word' id='word_1_676' title='bbox 2375 991 2483 1036; x_wconf 87' lang='lat' dir='ltr'><strong>med.).</strong></span> 
     </span>
     <span class='ocr_line' id='line_1_86' title="bbox 1615 1035 2422 1076; baseline 0.005 -12"><span class='ocrx_word' id='word_1_677' title='bbox 1615 1044 1646 1065; x_wconf 92' lang='lat' dir='ltr'><em>n.</em></span> <span class='ocrx_word' id='word_1_678' title='bbox 1671 1045 1712 1070; x_wconf 80' lang='grc' dir='ltr'><em>ιν,</em></span> <span class='ocrx_word' id='word_1_679' title='bbox 1736 1035 1755 1065; x_wconf 92' lang='lat' dir='ltr'><em>l.</em></span> <span class='ocrx_word' id='word_1_680' title='bbox 1781 1045 1811 1076; x_wconf 93' lang='lat'><em>7,</em></span> <span class='ocrx_word' id='word_1_681' title='bbox 1836 1045 1894 1075; x_wconf 92' lang='lat' dir='ltr'><em>pro</em></span> <span class='ocrx_word' id='word_1_682' title='bbox 1917 1036 2038 1073; x_wconf 85' lang='lat' dir='ltr'><em>debeat,</em></span> <span class='ocrx_word' id='word_1_683' title='bbox 2062 1037 2177 1067; x_wconf 88' lang='lat' dir='ltr'><em>habeat</em></span> <span class='ocrx_word' id='word_1_684' title='bbox 2199 1037 2233 1073; x_wconf 87' lang='lat' dir='ltr'><em>P,</em></span> <span class='ocrx_word' id='word_1_685' title='bbox 2258 1038 2350 1068; x_wconf 80' lang='lat' dir='ltr'><em>habet</em></span> <span class='ocrx_word' id='word_1_686' title='bbox 2372 1047 2422 1068; x_wconf 76' lang='lat' dir='ltr'><em>DE.</em></span> 
     </span>
     <span class='ocr_line' id='line_1_87' title="bbox 1654 1079 2471 1167; baseline 0.005 -59"><span class='ocrx_word' id='word_1_687' title='bbox 1654 1091 1667 1105; x_wconf 75' lang='lat'><em>&gt;-</em></span> <span class='ocrx_word' id='word_1_688' title='bbox 1722 1089 1753 1118; x_wconf 89' lang='lat' dir='ltr'><em>p.</em></span> <span class='ocrx_word' id='word_1_689' title='bbox 1780 1079 1852 1115; x_wconf 84' lang='lat'><em>338,</em></span> <span class='ocrx_word' id='word_1_690' title='bbox 1876 1079 1897 1110; x_wconf 94' lang='lat' dir='ltr'><em>l.</em></span> <span class='ocrx_word' id='word_1_691' title='bbox 1923 1079 1952 1115; x_wconf 91' lang='lat'><em>8,</em></span> <span class='ocrx_word' id='word_1_692' title='bbox 1978 1089 2035 1119; x_wconf 87' lang='lat' dir='ltr'><em>pro</em></span> <span class='ocrx_word' id='word_1_693' title='bbox 2059 1081 2109 1118; x_wconf 86' lang='lat' dir='ltr'><em>ab,</em></span> <span class='ocrx_word' id='word_1_694' title='bbox 2133 1081 2177 1111; x_wconf 88' lang='lat' dir='ltr'><em>ad</em></span> <span class='ocrx_word' id='word_1_695' title='bbox 2198 1081 2263 1111; x_wconf 66' lang='lat' dir='ltr'>sz</span> <span class='ocrx_word' id='word_1_696' title='bbox 2303 1091 2339 1112; x_wconf 84' lang='lat' dir='ltr'><em>ex</em></span> <span class='ocrx_word' id='word_1_697' title='bbox 2361 1080 2471 1167; x_wconf 48' lang='lat' dir='ltr'><em>medg.</em></span> 
     </span>
     <span class='ocr_line' id='line_1_88' title="bbox 1615 1123 2474 1159; baseline 0.005 -7"><span class='ocrx_word' id='word_1_698' title='bbox 1615 1132 1645 1152; x_wconf 88' lang='lat' dir='ltr'><em>n.</em></span> <span class='ocrx_word' id='word_1_699' title='bbox 1669 1132 1698 1158; x_wconf 88' lang='lat' dir='ltr'><em>v,</em></span> <span class='ocrx_word' id='word_1_700' title='bbox 1722 1123 1745 1153; x_wconf 90' lang='lat' dir='ltr'><em>l.</em></span> <span class='ocrx_word' id='word_1_701' title='bbox 1769 1123 1836 1159; x_wconf 90' lang='lat' dir='ltr'><em>ult.,</em></span> <span class='ocrx_word' id='word_1_702' title='bbox 1861 1128 1891 1153; x_wconf 90' lang='lat' dir='ltr'><em>et</em></span> <span class='ocrx_word' id='word_1_703' title='bbox 1915 1129 1986 1153; x_wconf 84' lang='lat' dir='ltr'><em>ante</em></span> <span class='ocrx_word' id='word_1_704' title='bbox 2010 1133 2086 1154; x_wconf 88' lang='lat' dir='ltr'><em>vera</em></span> <span class='ocrx_word' id='word_1_705' title='bbox 2110 1134 2175 1154; x_wconf 89' lang='lat' dir='ltr'><em>om.</em></span> <span class='ocrx_word' id='word_1_706' title='bbox 2199 1125 2265 1155; x_wconf 72' lang='lat' dir='ltr'><em>PDE</em></span> <span class='ocrx_word' id='word_1_707' title='bbox 2304 1135 2341 1157; x_wconf 85' lang='lat' dir='ltr'><em>ex</em></span> <span class='ocrx_word' id='word_1_708' title='bbox 2364 1126 2446 1156; x_wconf 89' lang='lat' dir='ltr'><em>med.</em></span> <span class='ocrx_word' id='word_1_709' title='bbox 2467 1149 2474 1156; x_wconf 94' lang='lat'><em>.</em></span> 
     </span>
     <span class='ocr_line' id='line_1_89' title="bbox 1614 1166 2584 1209; baseline 0.002 -11"><span class='ocrx_word' id='word_1_710' title='bbox 1614 1175 1645 1198; x_wconf 80' lang='lat'><em>11.</em></span> <span class='ocrx_word' id='word_1_711' title='bbox 1669 1176 1721 1202; x_wconf 86' lang='lat' dir='ltr'><em>vn,</em></span> <span class='ocrx_word' id='word_1_712' title='bbox 1746 1166 1766 1196; x_wconf 92' lang='lat' dir='ltr'><em>l.</em></span> <span class='ocrx_word' id='word_1_713' title='bbox 1792 1177 1821 1207; x_wconf 90' lang='lat'><em>7,</em></span> <span class='ocrx_word' id='word_1_714' title='bbox 1846 1168 1900 1206; x_wconf 91' lang='lat' dir='ltr'><em>qui</em></span> <span class='ocrx_word' id='word_1_715' title='bbox 1923 1177 1988 1198; x_wconf 89' lang='lat' dir='ltr'><strong>om.</strong></span> <span class='ocrx_word' id='word_1_716' title='bbox 2008 1168 2083 1198; x_wconf 70' lang='lat' dir='ltr'><strong>PDE.</strong></span> <span class='ocrx_word' id='word_1_717' title='bbox 2100 1185 2121 1190; x_wconf 98' lang='lat'>-</span> <span class='ocrx_word' id='word_1_718' title='bbox 2138 1168 2276 1199; x_wconf 79' lang='lat' dir='ltr'><em>Eaedem</em></span> <span class='ocrx_word' id='word_1_719' title='bbox 2296 1169 2400 1200; x_wconf 85' lang='lat' dir='ltr'><em>statim</em></span> <span class='ocrx_word' id='word_1_720' title='bbox 2417 1179 2474 1209; x_wconf 92' lang='lat' dir='ltr'><em>pro</em></span> <span class='ocrx_word' id='word_1_721' title='bbox 2491 1169 2584 1206; x_wconf 83' lang='lat' dir='ltr'><em>alter,</em></span> 
     </span>
     <span class='ocr_line' id='line_1_90' title="bbox 1703 1208 1992 1252; baseline 0.003 -13"><span class='ocrx_word' id='word_1_722' title='bbox 1703 1210 1798 1239; x_wconf 88' lang='lat' dir='ltr'><em>alteri</em></span> <span class='ocrx_word' id='word_1_723' title='bbox 1821 1209 1871 1250; x_wconf 88' lang='lat' dir='ltr'><em>(ex</em></span> <span class='ocrx_word' id='word_1_724' title='bbox 1895 1208 1992 1252; x_wconf 86' lang='lat' dir='ltr'><em>med).</em></span> 
     </span>
     <span class='ocr_line' id='line_1_91' title="bbox 1654 1252 2332 1293; baseline 0.007 -12"><span class='ocrx_word' id='word_1_725' title='bbox 1654 1265 1668 1280; x_wconf 78' lang='grc'>»</span> <span class='ocrx_word' id='word_1_726' title='bbox 1739 1253 1760 1284; x_wconf 90' lang='grc'><em>1.</em></span> <span class='ocrx_word' id='word_1_727' title='bbox 1785 1263 1806 1292; x_wconf 88' lang='lat'><strong>4</strong></span> <span class='ocrx_word' id='word_1_728' title='bbox 1829 1263 1847 1283; x_wconf 87' lang='lat' dir='ltr'><em>a</em></span> <span class='ocrx_word' id='word_1_729' title='bbox 1870 1252 1934 1290; x_wconf 89' lang='lat' dir='ltr'><em>fin.,</em></span> <span class='ocrx_word' id='word_1_730' title='bbox 1959 1263 2018 1293; x_wconf 89' lang='lat' dir='ltr'><em>pro</em></span> <span class='ocrx_word' id='word_1_731' title='bbox 2041 1263 2121 1292; x_wconf 90' lang='lat' dir='ltr'><em>esse,</em></span> <span class='ocrx_word' id='word_1_732' title='bbox 2139 1256 2233 1286; x_wconf 84' lang='lat' dir='ltr'><em>etiam</em></span> <span class='ocrx_word' id='word_1_733' title='bbox 2258 1256 2332 1287; x_wconf 74' lang='lat' dir='ltr'><em>sz.</em></span> 
     </span>
     <span class='ocr_line' id='line_1_92' title="bbox 1740 1297 2262 1338; baseline 0.006 -12"><span class='ocrx_word' id='word_1_734' title='bbox 1740 1297 1761 1327; x_wconf 90' lang='lat'><em>1.</em></span> <span class='ocrx_word' id='word_1_735' title='bbox 1786 1304 1901 1337; x_wconf 83' lang='lat' dir='ltr'><em>antep.,</em></span> <span class='ocrx_word' id='word_1_736' title='bbox 1926 1307 1984 1337; x_wconf 91' lang='lat' dir='ltr'><em>pro</em></span> <span class='ocrx_word' id='word_1_737' title='bbox 1997 1297 2100 1338; x_wconf 88' lang='lat' dir='ltr'><em>facis,</em></span> <span class='ocrx_word' id='word_1_738' title='bbox 2115 1297 2205 1338; x_wconf 87' lang='lat' dir='ltr'><em>facit</em></span> <span class='ocrx_word' id='word_1_739' title='bbox 2228 1299 2262 1329; x_wconf 90' lang='lat' dir='ltr'><em>P.</em></span> 
     </span>
    </p>
   </div>
   <div class='ocr_carea' id='block_1_26' title="bbox 1921 1379 2173 1415">
    <p class='ocr_par' dir='ltr' id='par_1_32' title="bbox 1921 1379 2173 1415">
     <span class='ocr_line' id='line_1_93' title="bbox 1921 1379 2173 1415; baseline 0.008 -7"><span class='ocrx_word' id='word_1_740' title='bbox 1921 1379 2080 1415; x_wconf 69' lang='lat' dir='ltr'><em>QUAzsno</em></span> <span class='ocrx_word' id='word_1_741' title='bbox 2104 1390 2173 1410; x_wconf 76' lang='lat' dir='ltr'><em>va.</em></span> 
     </span>
    </p>
   </div>
   <div class='ocr_carea' id='block_1_27' title="bbox 1525 1455 2587 1705">
    <p class='ocr_par' dir='ltr' id='par_1_33' title="bbox 1525 1455 2587 1705">
     <span class='ocr_line' id='line_1_94' title="bbox 1525 1455 2584 1503; baseline 0.007 -18"><span class='ocrx_word' id='word_1_742' title='bbox 1525 1457 1603 1494; x_wconf 72' lang='grc' dir='ltr'><strong>Αιιτ.</strong></span> <span class='ocrx_word' id='word_1_743' title='bbox 1634 1465 1659 1491; x_wconf 88' lang='grc' dir='ltr'><em>ι,</em></span> <span class='ocrx_word' id='word_1_744' title='bbox 1684 1465 1714 1485; x_wconf 92' lang='lat' dir='ltr'><em>n.</em></span> <span class='ocrx_word' id='word_1_745' title='bbox 1738 1465 1758 1490; x_wconf 92' lang='lat'><em>1,</em></span> <span class='ocrx_word' id='word_1_746' title='bbox 1783 1455 1803 1485; x_wconf 90' lang='lat' dir='ltr'><em>l.</em></span> <span class='ocrx_word' id='word_1_747' title='bbox 1832 1455 1859 1491; x_wconf 90' lang='grc'>5,</span> <span class='ocrx_word' id='word_1_748' title='bbox 1883 1464 1942 1495; x_wconf 87' lang='lat' dir='ltr'><em>pro</em></span> <span class='ocrx_word' id='word_1_749' title='bbox 1965 1457 2122 1496; x_wconf 80' lang='lat' dir='ltr'><em>seipsam,</em></span> <span class='ocrx_word' id='word_1_750' title='bbox 2146 1458 2283 1497; x_wconf 83' lang='lat' dir='ltr'><em>seipsum</em></span> <span class='ocrx_word' id='word_1_751' title='bbox 2307 1458 2374 1488; x_wconf 69' lang='lat' dir='ltr'><em>Pon</em></span> <span class='ocrx_word' id='word_1_752' title='bbox 2397 1457 2448 1501; x_wconf 87' lang='lat' dir='ltr'><em>(ex</em></span> <span class='ocrx_word' id='word_1_753' title='bbox 2471 1459 2584 1503; x_wconf 87' lang='lat' dir='ltr'><em>med.).</em></span> 
     </span>
     <span class='ocr_line' id='line_1_95' title="bbox 1614 1498 2587 1545; baseline 0.008 -18"><span class='ocrx_word' id='word_1_754' title='bbox 1614 1509 1646 1529; x_wconf 91' lang='lat' dir='ltr'><em>n.</em></span> <span class='ocrx_word' id='word_1_755' title='bbox 1670 1509 1702 1535; x_wconf 94' lang='lat'><em>11,</em></span> <span class='ocrx_word' id='word_1_756' title='bbox 1727 1498 1787 1529; x_wconf 91' lang='lat' dir='ltr'><strong>col.</strong></span> <span class='ocrx_word' id='word_1_757' title='bbox 1814 1508 1842 1533; x_wconf 90' lang='lat'><em>2,</em></span> <span class='ocrx_word' id='word_1_758' title='bbox 1866 1498 1887 1529; x_wconf 90' lang='grc'><em>1.</em></span> <span class='ocrx_word' id='word_1_759' title='bbox 1916 1500 1943 1534; x_wconf 86' lang='grc'><em>3,</em></span> <span class='ocrx_word' id='word_1_760' title='bbox 1968 1509 2026 1539; x_wconf 87' lang='lat' dir='ltr'><em>pro</em></span> <span class='ocrx_word' id='word_1_761' title='bbox 2051 1501 2134 1540; x_wconf 84' lang='lat' dir='ltr'><em>ipsa,</em></span> <span class='ocrx_word' id='word_1_762' title='bbox 2160 1511 2258 1532; x_wconf 89' lang='lat' dir='ltr'><em>causa</em></span> <span class='ocrx_word' id='word_1_763' title='bbox 2281 1503 2347 1532; x_wconf 73' lang='lat' dir='ltr'><em>Pon</em></span> <span class='ocrx_word' id='word_1_764' title='bbox 2370 1502 2490 1545; x_wconf 79' lang='lat' dir='ltr'><em>(marg.</em></span> <span class='ocrx_word' id='word_1_765' title='bbox 2514 1515 2532 1534; x_wconf 81' lang='lat' dir='ltr'>B</span> <span class='ocrx_word' id='word_1_766' title='bbox 2556 1511 2587 1536; x_wconf 92' lang='lat' dir='ltr'><em>et</em></span> 
     </span>
     <span class='ocr_line' id='line_1_96' title="bbox 1703 1543 2160 1587; baseline 0.009 -16"><span class='ocrx_word' id='word_1_767' title='bbox 1703 1552 1812 1582; x_wconf 84' lang='lat' dir='ltr'><em>margo</em></span> <span class='ocrx_word' id='word_1_768' title='bbox 1838 1543 1938 1573; x_wconf 88' lang='lat' dir='ltr'><em>med.:</em></span> <span class='ocrx_word' id='word_1_769' title='bbox 1963 1544 2013 1574; x_wconf 87' lang='lat' dir='ltr'><em>vel</em></span> <span class='ocrx_word' id='word_1_770' title='bbox 2035 1543 2160 1587; x_wconf 88' lang='lat' dir='ltr'><em>causa).</em></span> 
     </span>
     <span class='ocr_line' id='line_1_97' title="bbox 1525 1587 2584 1627; baseline 0.007 -11"><span class='ocrx_word' id='word_1_771' title='bbox 1525 1589 1603 1617; x_wconf 71' lang='lat' dir='ltr'><strong>ART.</strong></span> <span class='ocrx_word' id='word_1_772' title='bbox 1631 1588 1659 1623; x_wconf 89' lang='lat'><em>5,</em></span> <span class='ocrx_word' id='word_1_773' title='bbox 1684 1587 1744 1617; x_wconf 89' lang='lat' dir='ltr'><strong>col.</strong></span> <span class='ocrx_word' id='word_1_774' title='bbox 1771 1596 1799 1622; x_wconf 92' lang='lat'><em>2,</em></span> <span class='ocrx_word' id='word_1_775' title='bbox 1824 1587 1845 1617; x_wconf 92' lang='grc'><em>1.</em></span> <span class='ocrx_word' id='word_1_776' title='bbox 1873 1587 1900 1622; x_wconf 89' lang='grc'><em>5,</em></span> <span class='ocrx_word' id='word_1_777' title='bbox 1927 1596 1984 1627; x_wconf 92' lang='lat' dir='ltr'><em>pro</em></span> <span class='ocrx_word' id='word_1_778' title='bbox 2009 1588 2236 1627; x_wconf 85' lang='lat' dir='ltr'><em>reducendum,</em></span> <span class='ocrx_word' id='word_1_779' title='bbox 2254 1590 2450 1622; x_wconf 82' lang='lat' dir='ltr'><em>reducendos</em></span> <span class='ocrx_word' id='word_1_780' title='bbox 2471 1592 2549 1623; x_wconf 74' lang='lat' dir='ltr'><strong>Pon.</strong></span> <span class='ocrx_word' id='word_1_781' title='bbox 2567 1610 2584 1616; x_wconf 89' lang='lat'><em>—</em></span> 
     </span>
     <span class='ocr_line' id='line_1_98' title="bbox 1700 1630 2584 1672; baseline 0.008 -12"><span class='ocrx_word' id='word_1_782' title='bbox 1700 1630 1770 1661; x_wconf 89' lang='lat' dir='ltr'><em>Lin.</em></span> <span class='ocrx_word' id='word_1_783' title='bbox 1797 1630 1863 1666; x_wconf 91' lang='lat' dir='ltr'><strong>ult.‚</strong></span> <span class='ocrx_word' id='word_1_784' title='bbox 1889 1640 1947 1670; x_wconf 91' lang='lat' dir='ltr'><em>pro</em></span> <span class='ocrx_word' id='word_1_785' title='bbox 1971 1633 2111 1662; x_wconf 89' lang='lat' dir='ltr'><em>occurrit</em></span> <span class='ocrx_word' id='word_1_786' title='bbox 2136 1633 2357 1672; x_wconf 86' lang='lat' dir='ltr'><em>scribendum,</em></span> <span class='ocrx_word' id='word_1_787' title='bbox 2381 1635 2584 1667; x_wconf 84' lang='lat' dir='ltr'><em>scribendum</em></span> 
     </span>
     <span class='ocr_line' id='line_1_99' title="bbox 1701 1675 1940 1705; baseline -0.004 0"><span class='ocrx_word' id='word_1_788' title='bbox 1701 1675 1843 1705; x_wconf 85' lang='lat' dir='ltr'><em>occurrit</em></span> <span class='ocrx_word' id='word_1_789' title='bbox 1865 1675 1940 1705; x_wconf 64' lang='lat' dir='ltr'><em>sz.</em></span> 
     </span>
    </p>
   </div>
   <div class='ocr_carea' id='block_1_28' title="bbox 1917 1751 2193 1788">
    <p class='ocr_par' dir='ltr' id='par_1_34' title="bbox 1917 1751 2193 1788">
     <span class='ocr_line' id='line_1_100' title="bbox 1917 1751 2193 1788; baseline 0.007 -8"><span class='ocrx_word' id='word_1_790' title='bbox 1917 1751 2077 1788; x_wconf 68' lang='lat' dir='ltr'><em>QUAzs‘no</em></span> <span class='ocrx_word' id='word_1_791' title='bbox 2101 1762 2193 1783; x_wconf 83' lang='lat' dir='ltr'><em>van.</em></span> 
     </span>
    </p>
   </div>
   <div class='ocr_carea' id='block_1_29' title="bbox 1523 1827 2336 1867">
    <p class='ocr_par' dir='ltr' id='par_1_35' title="bbox 1523 1827 2336 1867">
     <span class='ocr_line' id='line_1_101' title="bbox 1523 1827 2336 1867; baseline 0.005 -9"><span class='ocrx_word' id='word_1_792' title='bbox 1523 1830 1602 1858; x_wconf 84' lang='lat' dir='ltr'><strong>ART.</strong></span> <span class='ocrx_word' id='word_1_793' title='bbox 1632 1838 1658 1863; x_wconf 88' lang='lat'><em>1,</em></span> <span class='ocrx_word' id='word_1_794' title='bbox 1682 1827 1702 1858; x_wconf 92' lang='lat' dir='ltr'><em>l.</em></span> <span class='ocrx_word' id='word_1_795' title='bbox 1733 1837 1780 1864; x_wconf 90' lang='lat'><em>10,</em></span> <span class='ocrx_word' id='word_1_796' title='bbox 1805 1837 1863 1867; x_wconf 91' lang='lat' dir='ltr'><em>pro</em></span> <span class='ocrx_word' id='word_1_797' title='bbox 1888 1828 2080 1866; x_wconf 84' lang='lat' dir='ltr'><em>extrinseca,</em></span> <span class='ocrx_word' id='word_1_798' title='bbox 2106 1830 2278 1861; x_wconf 89' lang='lat' dir='ltr'><em>intrinseca</em></span> <span class='ocrx_word' id='word_1_799' title='bbox 2302 1831 2336 1862; x_wconf 88' lang='lat' dir='ltr'><em>P.</em></span> 
     </span>
    </p>
   </div>
   <div class='ocr_carea' id='block_1_30' title="bbox 1523 1871 2652 1921">
    <p class='ocr_par' dir='ltr' id='par_1_36' title="bbox 1523 1871 2652 1921">
     <span class='ocr_line' id='line_1_102' title="bbox 1523 1871 2652 1921; baseline 0.007 -19"><span class='ocrx_word' id='word_1_800' title='bbox 1523 1875 1601 1902; x_wconf 84' lang='lat' dir='ltr'><strong>ART.</strong></span> <span class='ocrx_word' id='word_1_801' title='bbox 1629 1881 1658 1908; x_wconf 91' lang='lat'><em>2,</em></span> <span class='ocrx_word' id='word_1_802' title='bbox 1672 1881 1702 1901; x_wconf 89' lang='lat' dir='ltr'><em>n.</em></span> <span class='ocrx_word' id='word_1_803' title='bbox 1723 1882 1748 1907; x_wconf 92' lang='lat'><em>1,</em></span> <span class='ocrx_word' id='word_1_804' title='bbox 1759 1871 1779 1902; x_wconf 97' lang='lat' dir='ltr'><em>l.</em></span> <span class='ocrx_word' id='word_1_805' title='bbox 1799 1882 1808 1901; x_wconf 88' lang='grc' dir='ltr'><strong>ι</strong></span> <span class='ocrx_word' id='word_1_806' title='bbox 1821 1882 1846 1908; x_wconf 88' lang='grc' dir='ltr'><em>ι,</em></span> <span class='ocrx_word' id='word_1_807' title='bbox 1858 1881 1916 1911; x_wconf 87' lang='lat' dir='ltr'><em>pro</em></span> <span class='ocrx_word' id='word_1_808' title='bbox 1928 1873 2134 1913; x_wconf 86' lang='lat' dir='ltr'><em>geometrica,</em></span> <span class='ocrx_word' id='word_1_809' title='bbox 2143 1876 2320 1914; x_wconf 83' lang='lat' dir='ltr'><em>geometria</em></span> <span class='ocrx_word' id='word_1_810' title='bbox 2333 1876 2398 1906; x_wconf 72' lang='lat' dir='ltr'><em>Pon</em></span> <span class='ocrx_word' id='word_1_811' title='bbox 2412 1874 2463 1919; x_wconf 86' lang='lat' dir='ltr'><em>(ex</em></span> <span class='ocrx_word' id='word_1_812' title='bbox 2475 1876 2585 1921; x_wconf 86' lang='lat' dir='ltr'><em>med.).</em></span> <span class='ocrx_word' id='word_1_813' title='bbox 2642 1890 2652 1900; x_wconf 87' lang='lat'><strong>·</strong></span> 
     </span>
    </p>
   </div>
   <div class='ocr_carea' id='block_1_31' title="bbox 1523 1915 2590 2973">
    <p class='ocr_par' dir='ltr' id='par_1_37' title="bbox 1523 1915 2590 2973">
     <span class='ocr_line' id='line_1_103' title="bbox 1612 1915 2587 1957; baseline 0.007 -12"><span class='ocrx_word' id='word_1_814' title='bbox 1612 1925 1643 1946; x_wconf 89' lang='lat' dir='ltr'><em>n.</em></span> <span class='ocrx_word' id='word_1_815' title='bbox 1668 1925 1700 1951; x_wconf 93' lang='lat'><em>11,</em></span> <span class='ocrx_word' id='word_1_816' title='bbox 1727 1915 1786 1946; x_wconf 91' lang='lat' dir='ltr'><strong>col.</strong></span> <span class='ocrx_word' id='word_1_817' title='bbox 1813 1925 1848 1951; x_wconf 92' lang='lat'><em>2,</em></span> <span class='ocrx_word' id='word_1_818' title='bbox 1872 1915 1892 1946; x_wconf 95' lang='lat' dir='ltr'><em>l.</em></span> <span class='ocrx_word' id='word_1_819' title='bbox 1919 1926 1955 1956; x_wconf 90' lang='lat'><strong>9,</strong></span> <span class='ocrx_word' id='word_1_820' title='bbox 1980 1926 2038 1956; x_wconf 88' lang='lat' dir='ltr'><em>pro</em></span> <span class='ocrx_word' id='word_1_821' title='bbox 2069 1917 2272 1957; x_wconf 83' lang='lat' dir='ltr'><em>extenditur,</em></span> <span class='ocrx_word' id='word_1_822' title='bbox 2297 1920 2490 1951; x_wconf 87' lang='lat' dir='ltr'><em>extendatur</em></span> <span class='ocrx_word' id='word_1_823' title='bbox 2520 1922 2587 1952; x_wconf 66' lang='lat' dir='ltr'><em>Pmr.</em></span> 
     </span>
     <span class='ocr_line' id='line_1_104' title="bbox 1717 1960 1887 1991; baseline 0.012 -2"><span class='ocrx_word' id='word_1_824' title='bbox 1717 1969 1754 1989; x_wconf 81' lang='lat' dir='ltr'><em>ex</em></span> <span class='ocrx_word' id='word_1_825' title='bbox 1777 1960 1860 1990; x_wconf 86' lang='lat' dir='ltr'><em>med.</em></span> <span class='ocrx_word' id='word_1_826' title='bbox 1880 1983 1887 1991; x_wconf 87' lang='lat'><em>.</em></span> 
     </span>
     <span class='ocr_line' id='line_1_105' title="bbox 1523 1957 2488 2047; baseline 0.005 -13"><span class='ocrx_word' id='word_1_827' title='bbox 1523 2006 1603 2035; x_wconf 77' lang='lat' dir='ltr'><strong>ART.</strong></span> <span class='ocrx_word' id='word_1_828' title='bbox 1631 2004 1658 2040; x_wconf 91' lang='grc'><em>3,</em></span> <span class='ocrx_word' id='word_1_829' title='bbox 1683 1957 1715 2034; x_wconf 76' lang='lat' dir='ltr'><em>n(.</em></span> <span class='ocrx_word' id='word_1_830' title='bbox 1746 2014 1772 2042; x_wconf 89' lang='lat'><em>1,</em></span> <span class='ocrx_word' id='word_1_831' title='bbox 1795 2004 1816 2034; x_wconf 89' lang='lat'><em>1.</em></span> <span class='ocrx_word' id='word_1_832' title='bbox 1844 1957 1876 2044; x_wconf 53' lang='lat'><em>9?</em></span> <span class='ocrx_word' id='word_1_833' title='bbox 1897 2013 1956 2043; x_wconf 90' lang='lat' dir='ltr'><em>pro</em></span> <span class='ocrx_word' id='word_1_834' title='bbox 1980 2003 2135 2044; x_wconf 89' lang='lat' dir='ltr'><em>confesse,</em></span> <span class='ocrx_word' id='word_1_835' title='bbox 2160 2005 2370 2047; x_wconf 85' lang='lat' dir='ltr'><em>conformiter</em></span> <span class='ocrx_word' id='word_1_836' title='bbox 2392 2008 2488 2039; x_wconf 67' lang='lat' dir='ltr'><strong>Pana.</strong></span> 
     </span>
     <span class='ocr_line' id='line_1_106' title="bbox 1612 2047 2588 2090; baseline 0.007 -12"><span class='ocrx_word' id='word_1_837' title='bbox 1612 2057 1643 2078; x_wconf 91' lang='lat' dir='ltr'><em>n.</em></span> <span class='ocrx_word' id='word_1_838' title='bbox 1667 2057 1710 2084; x_wconf 80' lang='grc' dir='ltr'>ιιι,</span> <span class='ocrx_word' id='word_1_839' title='bbox 1735 2047 1755 2078; x_wconf 91' lang='lat' dir='ltr'><strong>l.</strong></span> <span class='ocrx_word' id='word_1_840' title='bbox 1781 2058 1811 2089; x_wconf 93' lang='lat'><em>7,</em></span> <span class='ocrx_word' id='word_1_841' title='bbox 1829 2048 1894 2078; x_wconf 71' lang='lat' dir='ltr'><em>PDE</em></span> <span class='ocrx_word' id='word_1_842' title='bbox 1918 2057 1955 2077; x_wconf 83' lang='lat' dir='ltr'><em>ex</em></span> <span class='ocrx_word' id='word_1_843' title='bbox 1975 2048 2058 2078; x_wconf 89' lang='lat' dir='ltr'><em>med.</em></span> <span class='ocrx_word' id='word_1_844' title='bbox 2079 2049 2150 2079; x_wconf 86' lang='lat' dir='ltr'><em>add.</em></span> <span class='ocrx_word' id='word_1_845' title='bbox 2169 2054 2199 2079; x_wconf 93' lang='lat' dir='ltr'><em>et</em></span> <span class='ocrx_word' id='word_1_846' title='bbox 2221 2056 2292 2081; x_wconf 84' lang='lat' dir='ltr'><em>ante</em></span> <span class='ocrx_word' id='word_1_847' title='bbox 2314 2052 2457 2090; x_wconf 85' lang='lat' dir='ltr'><em>scientia,</em></span> <span class='ocrx_word' id='word_1_848' title='bbox 2475 2062 2540 2084; x_wconf 83' lang='lat' dir='ltr'><em>om.</em></span> <span class='ocrx_word' id='word_1_849' title='bbox 2557 2058 2588 2084; x_wconf 90' lang='lat' dir='ltr'><em>et</em></span> 
     </span>
     <span class='ocr_line' id='line_1_107' title="bbox 1701 2091 2586 2132; baseline 0.008 -11"><span class='ocrx_word' id='word_1_850' title='bbox 1701 2098 1773 2122; x_wconf 82' lang='lat' dir='ltr'><em>ante</em></span> <span class='ocrx_word' id='word_1_851' title='bbox 1797 2093 1849 2129; x_wconf 89' lang='lat' dir='ltr'><em>in,</em></span> <span class='ocrx_word' id='word_1_852' title='bbox 1874 2091 1945 2122; x_wconf 82' lang='lat' dir='ltr'><em>add.</em></span> <span class='ocrx_word' id='word_1_853' title='bbox 1964 2102 2005 2122; x_wconf 89' lang='lat' dir='ltr'><em>ex</em></span> <span class='ocrx_word' id='word_1_854' title='bbox 2027 2099 2098 2122; x_wconf 81' lang='lat' dir='ltr'><em>ante</em></span> <span class='ocrx_word' id='word_1_855' title='bbox 2121 2093 2247 2132; x_wconf 88' lang='lat' dir='ltr'><em>habitu,</em></span> <span class='ocrx_word' id='word_1_856' title='bbox 2273 2101 2304 2125; x_wconf 82' lang='lat' dir='ltr'><em>et</em></span> <span class='ocrx_word' id='word_1_857' title='bbox 2326 2094 2346 2125; x_wconf 93' lang='lat' dir='ltr'><em>l.</em></span> <span class='ocrx_word' id='word_1_858' title='bbox 2378 2106 2424 2132; x_wconf 90' lang='lat'><em>11,</em></span> <span class='ocrx_word' id='word_1_859' title='bbox 2450 2107 2515 2128; x_wconf 87' lang='lat' dir='ltr'><em>om.</em></span> <span class='ocrx_word' id='word_1_860' title='bbox 2542 2098 2586 2129; x_wconf 90' lang='lat' dir='ltr'><em>in.</em></span> 
     </span>
     <span class='ocr_line' id='line_1_108' title="bbox 1523 2135 2587 2182; baseline 0.006 -16"><span class='ocrx_word' id='word_1_861' title='bbox 1523 2138 1602 2166; x_wconf 78' lang='lat' dir='ltr'><strong>ART.</strong></span> <span class='ocrx_word' id='word_1_862' title='bbox 1626 2144 1658 2174; x_wconf 93' lang='lat'><em>4,</em></span> <span class='ocrx_word' id='word_1_863' title='bbox 1681 2135 1702 2165; x_wconf 89' lang='lat'><em>1.</em></span> <span class='ocrx_word' id='word_1_864' title='bbox 1721 2136 1750 2171; x_wconf 88' lang='lat'><em>6,</em></span> <span class='ocrx_word' id='word_1_865' title='bbox 1769 2146 1826 2175; x_wconf 93' lang='lat' dir='ltr'><em>pro</em></span> <span class='ocrx_word' id='word_1_866' title='bbox 1843 2137 1930 2176; x_wconf 87' lang='lat' dir='ltr'><em>quia,</em></span> <span class='ocrx_word' id='word_1_867' title='bbox 1948 2145 2012 2176; x_wconf 91' lang='lat' dir='ltr'><em>qua</em></span> <span class='ocrx_word' id='word_1_868' title='bbox 2027 2136 2103 2166; x_wconf 74' lang='lat' dir='ltr'><strong>Pnn.</strong></span> <span class='ocrx_word' id='word_1_869' title='bbox 2120 2154 2141 2160; x_wconf 89' lang='lat'><em>-—</em></span> <span class='ocrx_word' id='word_1_870' title='bbox 2157 2137 2297 2168; x_wconf 84' lang='lat' dir='ltr'><em>Eaedem</em></span> <span class='ocrx_word' id='word_1_871' title='bbox 2313 2149 2389 2170; x_wconf 87' lang='lat' dir='ltr'><em>mox</em></span> <span class='ocrx_word' id='word_1_872' title='bbox 2403 2148 2478 2179; x_wconf 90' lang='lat' dir='ltr'><em>post</em></span> <span class='ocrx_word' id='word_1_873' title='bbox 2492 2151 2587 2182; x_wconf 79' lang='lat' dir='ltr'><em>prae-</em></span> 
     </span>
     <span class='ocr_line' id='line_1_109' title="bbox 1702 2180 2590 2220; baseline 0.003 -11"><span class='ocrx_word' id='word_1_874' title='bbox 1702 2181 1822 2220; x_wconf 83' lang='lat' dir='ltr'><em>ceptiva</em></span> <span class='ocrx_word' id='word_1_875' title='bbox 1846 2180 1917 2210; x_wconf 87' lang='lat' dir='ltr'><em>add.</em></span> <span class='ocrx_word' id='word_1_876' title='bbox 1942 2185 1998 2210; x_wconf 91' lang='lat' dir='ltr'><em>est.</em></span> <span class='ocrx_word' id='word_1_877' title='bbox 2587 2195 2590 2199; x_wconf 63' lang='lat'><strong><em>¹</em></strong></span> 
     </span>
     <span class='ocr_line' id='line_1_110' title="bbox 1523 2223 2584 2272; baseline 0.008 -19"><span class='ocrx_word' id='word_1_878' title='bbox 1523 2226 1602 2254; x_wconf 73' lang='grc' dir='ltr'><strong>Αιιτ.</strong></span> <span class='ocrx_word' id='word_1_879' title='bbox 1628 2223 1659 2262; x_wconf 87' lang='grc'><em>6,</em></span> <span class='ocrx_word' id='word_1_880' title='bbox 1676 2232 1707 2253; x_wconf 90' lang='lat' dir='ltr'><em>n.</em></span> <span class='ocrx_word' id='word_1_881' title='bbox 1723 2233 1763 2260; x_wconf 80' lang='lat' dir='ltr'><em>xv,</em></span> <span class='ocrx_word' id='word_1_882' title='bbox 1776 2223 1797 2253; x_wconf 93' lang='lat' dir='ltr'><em>l.</em></span> <span class='ocrx_word' id='word_1_883' title='bbox 1817 2223 1864 2259; x_wconf 89' lang='lat'><em>18,</em></span> <span class='ocrx_word' id='word_1_884' title='bbox 1881 2233 1940 2263; x_wconf 85' lang='lat' dir='ltr'><em>pro</em></span> <span class='ocrx_word' id='word_1_885' title='bbox 1951 2229 2131 2263; x_wconf 85' lang='lat' dir='ltr'><em>ponuntur,</em></span> <span class='ocrx_word' id='word_1_886' title='bbox 2145 2231 2312 2265; x_wconf 84' lang='lat' dir='ltr'><em>ponantur</em></span> <span class='ocrx_word' id='word_1_887' title='bbox 2326 2227 2392 2257; x_wconf 67' lang='grc' dir='ltr'><em>ΡΜ</em></span> <span class='ocrx_word' id='word_1_888' title='bbox 2410 2226 2461 2272; x_wconf 82' lang='lat' dir='ltr'><em>(ex</em></span> <span class='ocrx_word' id='word_1_889' title='bbox 2474 2227 2584 2272; x_wconf 70' lang='lat' dir='ltr'><em>med.).</em></span> 
     </span>
     <span class='ocr_line' id='line_1_111' title="bbox 1612 2267 2587 2309; baseline 0.008 -13"><span class='ocrx_word' id='word_1_890' title='bbox 1612 2277 1643 2297; x_wconf 88' lang='lat' dir='ltr'><em>n.</em></span> <span class='ocrx_word' id='word_1_891' title='bbox 1668 2277 1697 2303; x_wconf 87' lang='lat' dir='ltr'><em>v,</em></span> <span class='ocrx_word' id='word_1_892' title='bbox 1722 2267 1742 2298; x_wconf 90' lang='lat'><em>1.</em></span> <span class='ocrx_word' id='word_1_893' title='bbox 1768 2278 1786 2308; x_wconf 97' lang='lat'><em>7</em></span> <span class='ocrx_word' id='word_1_894' title='bbox 1812 2278 1829 2297; x_wconf 88' lang='lat' dir='ltr'><em>a</em></span> <span class='ocrx_word' id='word_1_895' title='bbox 1852 2267 1906 2298; x_wconf 89' lang='lat' dir='ltr'><em>fin.</em></span> <span class='ocrx_word' id='word_1_896' title='bbox 1932 2268 2010 2304; x_wconf 87' lang='lat' dir='ltr'><em>col.,</em></span> <span class='ocrx_word' id='word_1_897' title='bbox 2035 2277 2094 2308; x_wconf 89' lang='lat' dir='ltr'><em>pro</em></span> <span class='ocrx_word' id='word_1_898' title='bbox 2122 2270 2327 2309; x_wconf 82' lang='lat' dir='ltr'><em>simpliciter,</em></span> <span class='ocrx_word' id='word_1_899' title='bbox 2351 2272 2499 2303; x_wconf 89' lang='lat' dir='ltr'><em>similiter</em></span> <span class='ocrx_word' id='word_1_900' title='bbox 2520 2274 2587 2304; x_wconf 72' lang='lat' dir='ltr'><em>Pm:</em></span> 
     </span>
     <span class='ocr_line' id='line_1_112' title="bbox 1717 2312 2154 2342; baseline 0.007 -1"><span class='ocrx_word' id='word_1_901' title='bbox 1717 2321 1753 2342; x_wconf 85' lang='lat' dir='ltr'><em>ex</em></span> <span class='ocrx_word' id='word_1_902' title='bbox 1776 2312 1859 2342; x_wconf 90' lang='lat' dir='ltr'><em>med.</em></span> <span class='ocrx_word' id='word_1_903' title='bbox 1878 2334 1886 2342; x_wconf 88' lang='lat'><em>.</em></span> <span class='ocrx_word' id='word_1_904' title='bbox 2148 2322 2154 2325; x_wconf 86' lang='lat'>·</span> 
     </span>
     <span class='ocr_line' id='line_1_113' title="bbox 1652 2310 2586 2403; baseline 0.011 -21"><span class='ocrx_word' id='word_1_905' title='bbox 1652 2368 1665 2382; x_wconf 79' lang='lat'><strong>»</strong></span> <span class='ocrx_word' id='word_1_906' title='bbox 1702 2310 1735 2387; x_wconf 69' lang='lat' dir='ltr'><em>(l.</em></span> <span class='ocrx_word' id='word_1_907' title='bbox 1752 2356 1767 2386; x_wconf 86' lang='lat'>3</span> <span class='ocrx_word' id='word_1_908' title='bbox 1785 2366 1803 2386; x_wconf 85' lang='lat' dir='ltr'><em>a</em></span> <span class='ocrx_word' id='word_1_909' title='bbox 1817 2310 1874 2386; x_wconf 52' lang='lat' dir='ltr'><em>fin?</em></span> <span class='ocrx_word' id='word_1_910' title='bbox 1886 2356 1957 2391; x_wconf 91' lang='lat' dir='ltr'><em>col.,</em></span> <span class='ocrx_word' id='word_1_911' title='bbox 1970 2365 2029 2396; x_wconf 89' lang='lat' dir='ltr'><em>pro</em></span> <span class='ocrx_word' id='word_1_912' title='bbox 2044 2356 2180 2394; x_wconf 83' lang='lat' dir='ltr'><em>artibus,</em></span> <span class='ocrx_word' id='word_1_913' title='bbox 2193 2358 2316 2388; x_wconf 81' lang='lat' dir='ltr'><em>actibus</em></span> <span class='ocrx_word' id='word_1_914' title='bbox 2330 2359 2396 2389; x_wconf 73' lang='lat' dir='ltr'><em>Pnn</em></span> <span class='ocrx_word' id='word_1_915' title='bbox 2413 2358 2464 2401; x_wconf 85' lang='lat' dir='ltr'><em>(ex</em></span> <span class='ocrx_word' id='word_1_916' title='bbox 2475 2359 2586 2403; x_wconf 79' lang='lat' dir='ltr'><em>med.).</em></span> 
     </span>
     <span class='ocr_line' id='line_1_114' title="bbox 1652 2399 2587 2444; baseline 0.009 -16"><span class='ocrx_word' id='word_1_917' title='bbox 1652 2411 1666 2426; x_wconf 67' lang='grc' dir='ltr'><strong>ι</strong></span> <span class='ocrx_word' id='word_1_918' title='bbox 1717 2410 1748 2439; x_wconf 90' lang='lat' dir='ltr'><em>p.</em></span> <span class='ocrx_word' id='word_1_919' title='bbox 1770 2401 1842 2434; x_wconf 84' lang='lat'><em>355,</em></span> <span class='ocrx_word' id='word_1_920' title='bbox 1867 2399 1926 2430; x_wconf 91' lang='lat' dir='ltr'><strong>col.</strong></span> <span class='ocrx_word' id='word_1_921' title='bbox 1957 2410 1982 2435; x_wconf 88' lang='lat'><em>1,</em></span> <span class='ocrx_word' id='word_1_922' title='bbox 2004 2400 2023 2430; x_wconf 92' lang='grc'><em>1.</em></span> <span class='ocrx_word' id='word_1_923' title='bbox 2049 2400 2116 2436; x_wconf 92' lang='lat' dir='ltr'><em>ult.,</em></span> <span class='ocrx_word' id='word_1_924' title='bbox 2141 2411 2200 2440; x_wconf 92' lang='lat' dir='ltr'><em>pro</em></span> <span class='ocrx_word' id='word_1_925' title='bbox 2217 2402 2427 2442; x_wconf 79' lang='lat' dir='ltr'><em>prudentiae,</em></span> <span class='ocrx_word' id='word_1_926' title='bbox 2443 2405 2587 2444; x_wconf 79' lang='lat' dir='ltr'><em>pruden-</em></span> 
     </span>
     <span class='ocr_line' id='line_1_115' title="bbox 1718 2445 1849 2474; baseline -0.008 0"><span class='ocrx_word' id='word_1_927' title='bbox 1718 2445 1794 2474; x_wconf 86' lang='lat' dir='ltr'><em>tiam</em></span> <span class='ocrx_word' id='word_1_928' title='bbox 1819 2454 1849 2473; x_wconf 88' lang='lat' dir='ltr'><em>A.</em></span> 
     </span>
     <span class='ocr_line' id='line_1_116' title="bbox 1653 2487 2475 2531; baseline 0.007 -15"><span class='ocrx_word' id='word_1_929' title='bbox 1653 2500 1668 2515; x_wconf 83' lang='lat'><strong>»</strong></span> <span class='ocrx_word' id='word_1_930' title='bbox 1717 2499 1748 2528; x_wconf 90' lang='lat' dir='ltr'><em>p.</em></span> <span class='ocrx_word' id='word_1_931' title='bbox 1777 2489 1848 2524; x_wconf 87' lang='lat'><strong>355,</strong></span> <span class='ocrx_word' id='word_1_932' title='bbox 1871 2487 1930 2518; x_wconf 92' lang='lat' dir='ltr'><strong>col.</strong></span> <span class='ocrx_word' id='word_1_933' title='bbox 1956 2497 1984 2523; x_wconf 88' lang='lat'><em>2,</em></span> <span class='ocrx_word' id='word_1_934' title='bbox 2003 2488 2023 2518; x_wconf 93' lang='lat' dir='ltr'><em>l.</em></span> <span class='ocrx_word' id='word_1_935' title='bbox 2043 2489 2077 2524; x_wconf 90' lang='lat'><em>5,</em></span> <span class='ocrx_word' id='word_1_936' title='bbox 2102 2498 2161 2529; x_wconf 87' lang='lat' dir='ltr'><em>pro</em></span> <span class='ocrx_word' id='word_1_937' title='bbox 2184 2490 2270 2530; x_wconf 90' lang='lat' dir='ltr'><em>quia,</em></span> <span class='ocrx_word' id='word_1_938' title='bbox 2292 2491 2376 2531; x_wconf 87' lang='lat' dir='ltr'><em>quod</em></span> <span class='ocrx_word' id='word_1_939' title='bbox 2398 2492 2475 2522; x_wconf 69' lang='lat' dir='ltr'><em>sz.</em></span> 
     </span>
     <span class='ocr_line' id='line_1_117' title="bbox 1652 2532 2587 2574; baseline 0.01 -16"><span class='ocrx_word' id='word_1_940' title='bbox 1652 2543 1667 2559; x_wconf 82' lang='lat'><strong>»</strong></span> <span class='ocrx_word' id='word_1_941' title='bbox 1780 2543 1794 2558; x_wconf 76' lang='lat'><strong>»</strong></span> <span class='ocrx_word' id='word_1_942' title='bbox 1912 2543 1926 2558; x_wconf 85' lang='lat'><strong>»</strong></span> <span class='ocrx_word' id='word_1_943' title='bbox 2003 2532 2024 2562; x_wconf 91' lang='lat' dir='ltr'><em>l.</em></span> <span class='ocrx_word' id='word_1_944' title='bbox 2053 2533 2068 2562; x_wconf 85' lang='lat'><strong>3</strong></span> <span class='ocrx_word' id='word_1_945' title='bbox 2101 2542 2119 2562; x_wconf 86' lang='lat' dir='ltr'><em>a</em></span> <span class='ocrx_word' id='word_1_946' title='bbox 2148 2532 2217 2569; x_wconf 90' lang='lat' dir='ltr'><em>fin.,</em></span> <span class='ocrx_word' id='word_1_947' title='bbox 2241 2543 2300 2574; x_wconf 89' lang='lat' dir='ltr'><em>pro</em></span> <span class='ocrx_word' id='word_1_948' title='bbox 2330 2544 2348 2564; x_wconf 90' lang='lat' dir='ltr'><em>e</em></span> <span class='ocrx_word' id='word_1_949' title='bbox 2376 2545 2545 2572; x_wconf 89' lang='lat' dir='ltr'><em>converso,</em></span> <span class='ocrx_word' id='word_1_950' title='bbox 2569 2545 2587 2567; x_wconf 90' lang='lat' dir='ltr'><em>e</em></span> 
     </span>
     <span class='ocr_line' id='line_1_118' title="bbox 1702 2574 2161 2618; baseline 0.002 -12"><span class='ocrx_word' id='word_1_951' title='bbox 1702 2576 1865 2606; x_wconf 85' lang='lat' dir='ltr'><em>contrario</em></span> <span class='ocrx_word' id='word_1_952' title='bbox 1888 2575 1953 2605; x_wconf 70' lang='lat' dir='ltr'><strong><em>sz</em></strong></span> <span class='ocrx_word' id='word_1_953' title='bbox 1978 2574 2028 2617; x_wconf 84' lang='lat' dir='ltr'><em>(ex</em></span> <span class='ocrx_word' id='word_1_954' title='bbox 2051 2574 2161 2618; x_wconf 87' lang='lat' dir='ltr'><em>med.).</em></span> 
     </span>
     <span class='ocr_line' id='line_1_119' title="bbox 1523 2619 2245 2661; baseline 0.001 -11"><span class='ocrx_word' id='word_1_955' title='bbox 1523 2621 1602 2650; x_wconf 69' lang='lat' dir='ltr'><em>Am.</em></span> <span class='ocrx_word' id='word_1_956' title='bbox 1628 2630 1658 2661; x_wconf 93' lang='lat'><em>7,</em></span> <span class='ocrx_word' id='word_1_957' title='bbox 1682 2629 1713 2650; x_wconf 91' lang='lat' dir='ltr'><em>n.</em></span> <span class='ocrx_word' id='word_1_958' title='bbox 1744 2630 1768 2655; x_wconf 89' lang='grc' dir='ltr'><em>ι,</em></span> <span class='ocrx_word' id='word_1_959' title='bbox 1793 2619 1813 2650; x_wconf 92' lang='grc'><em>1.</em></span> <span class='ocrx_word' id='word_1_960' title='bbox 1840 2629 1858 2658; x_wconf 89' lang='lat'>9</span> <span class='ocrx_word' id='word_1_961' title='bbox 1893 2628 1952 2659; x_wconf 88' lang='lat' dir='ltr'><em>pro</em></span> <span class='ocrx_word' id='word_1_962' title='bbox 1975 2619 2064 2657; x_wconf 87' lang='lat' dir='ltr'><em>haec,</em></span> <span class='ocrx_word' id='word_1_963' title='bbox 2089 2620 2148 2650; x_wconf 80' lang='lat' dir='ltr'><em>hoc</em></span> <span class='ocrx_word' id='word_1_964' title='bbox 2170 2620 2245 2651; x_wconf 70' lang='lat' dir='ltr'><strong>Pon.</strong></span> 
     </span>
     <span class='ocr_line' id='line_1_120' title="bbox 1633 2663 2210 2705; baseline 0.002 -12"><span class='ocrx_word' id='word_1_965' title='bbox 1633 2663 1674 2693; x_wconf 93' lang='lat' dir='ltr'><em>ib.</em></span> <span class='ocrx_word' id='word_1_966' title='bbox 1700 2663 1759 2705; x_wconf 51' lang='lat' dir='ltr'><em>col„</em></span> <span class='ocrx_word' id='word_1_967' title='bbox 1787 2672 1817 2700; x_wconf 92' lang='lat'><em>2,</em></span> <span class='ocrx_word' id='word_1_968' title='bbox 1841 2663 1861 2693; x_wconf 90' lang='lat' dir='ltr'><em>l.</em></span> <span class='ocrx_word' id='word_1_969' title='bbox 1892 2672 1939 2694; x_wconf 83' lang='lat'><em>11.</em></span> <span class='ocrx_word' id='word_1_970' title='bbox 1965 2664 2022 2693; x_wconf 88' lang='lat' dir='ltr'><em>uni</em></span> <span class='ocrx_word' id='word_1_971' title='bbox 2044 2673 2109 2694; x_wconf 87' lang='lat' dir='ltr'><em>om.</em></span> <span class='ocrx_word' id='word_1_972' title='bbox 2134 2664 2210 2695; x_wconf 72' lang='lat' dir='ltr'><strong>Pon.</strong></span> 
     </span>
     <span class='ocr_line' id='line_1_121' title="bbox 1649 2705 2366 2747; baseline 0.008 -13"><span class='ocrx_word' id='word_1_973' title='bbox 1649 2719 1664 2734; x_wconf 66' lang='grc' dir='ltr'><em>ι»</em></span> <span class='ocrx_word' id='word_1_974' title='bbox 1721 2717 1752 2746; x_wconf 90' lang='lat' dir='ltr'><em>p.</em></span> <span class='ocrx_word' id='word_1_975' title='bbox 1780 2706 1852 2742; x_wconf 90' lang='grc'>356,</span> <span class='ocrx_word' id='word_1_976' title='bbox 1876 2705 1907 2739; x_wconf 80' lang='lat' dir='ltr'><em>l..</em></span> <span class='ocrx_word' id='word_1_977' title='bbox 1923 2707 1953 2741; x_wconf 90' lang='lat'><em>6,</em></span> <span class='ocrx_word' id='word_1_978' title='bbox 1977 2707 2175 2747; x_wconf 81' lang='lat' dir='ltr'><em>operandum</em></span> <span class='ocrx_word' id='word_1_979' title='bbox 2201 2717 2266 2739; x_wconf 88' lang='lat' dir='ltr'><em>om.</em></span> <span class='ocrx_word' id='word_1_980' title='bbox 2290 2709 2366 2740; x_wconf 73' lang='lat' dir='ltr'><em>sz.</em></span> 
     </span>
     <span class='ocr_line' id='line_1_122' title="bbox 1784 2750 2584 2791; baseline 0.011 -13"><span class='ocrx_word' id='word_1_981' title='bbox 1784 2762 1798 2777; x_wconf 82' lang='lat'>»</span> <span class='ocrx_word' id='word_1_982' title='bbox 1873 2750 1893 2780; x_wconf 96' lang='lat' dir='ltr'><em>l.</em></span> <span class='ocrx_word' id='word_1_983' title='bbox 1919 2761 1950 2791; x_wconf 91' lang='lat'><em>7,</em></span> <span class='ocrx_word' id='word_1_984' title='bbox 1967 2761 2024 2791; x_wconf 87' lang='lat' dir='ltr'><em>pro</em></span> <span class='ocrx_word' id='word_1_985' title='bbox 2042 2761 2091 2789; x_wconf 90' lang='lat' dir='ltr'><em>ea,</em></span> <span class='ocrx_word' id='word_1_986' title='bbox 2113 2761 2169 2783; x_wconf 86' lang='lat' dir='ltr'><em>eas</em></span> <span class='ocrx_word' id='word_1_987' title='bbox 2190 2752 2314 2790; x_wconf 53' lang='lat' dir='ltr'><em>ann</em></span> <span class='ocrx_word' id='word_1_988' title='bbox 2338 2754 2422 2785; x_wconf 85' lang='lat' dir='ltr'><em>hanc</em></span> <span class='ocrx_word' id='word_1_989' title='bbox 2440 2762 2512 2786; x_wconf 87' lang='lat' dir='ltr'><em>ante</em></span> <span class='ocrx_word' id='word_1_990' title='bbox 2528 2757 2584 2787; x_wconf 87' lang='lat' dir='ltr'><em>tri-</em></span> 
     </span>
     <span class='ocr_line' id='line_1_123' title="bbox 1699 2794 2006 2825; baseline 0.007 -2"><span class='ocrx_word' id='word_1_991' title='bbox 1699 2794 1817 2824; x_wconf 90' lang='lat' dir='ltr'><em>stitiam</em></span> <span class='ocrx_word' id='word_1_992' title='bbox 1842 2803 1907 2824; x_wconf 87' lang='lat' dir='ltr'><strong>om.</strong></span> <span class='ocrx_word' id='word_1_993' title='bbox 1931 2794 2006 2825; x_wconf 67' lang='lat' dir='ltr'><em>sz.</em></span> 
     </span>
     <span class='ocr_line' id='line_1_124' title="bbox 1651 2838 2584 2879; baseline 0.01 -13"><span class='ocrx_word' id='word_1_994' title='bbox 1651 2850 1665 2866; x_wconf 79' lang='lat'><strong>»</strong></span> <span class='ocrx_word' id='word_1_995' title='bbox 1713 2847 1744 2877; x_wconf 94' lang='lat' dir='ltr'><em>p.</em></span> <span class='ocrx_word' id='word_1_996' title='bbox 1762 2838 1834 2874; x_wconf 86' lang='grc'>356,</span> <span class='ocrx_word' id='word_1_997' title='bbox 1849 2838 1909 2868; x_wconf 92' lang='lat' dir='ltr'><strong>col.</strong></span> <span class='ocrx_word' id='word_1_998' title='bbox 1924 2847 1953 2874; x_wconf 85' lang='lat'><em>2,</em></span> <span class='ocrx_word' id='word_1_999' title='bbox 1967 2838 1988 2869; x_wconf 94' lang='lat'><em>1.</em></span> <span class='ocrx_word' id='word_1_1000' title='bbox 2005 2848 2035 2878; x_wconf 91' lang='lat'><em>4,</em></span> <span class='ocrx_word' id='word_1_1001' title='bbox 2049 2849 2108 2879; x_wconf 90' lang='lat' dir='ltr'><em>pro</em></span> <span class='ocrx_word' id='word_1_1002' title='bbox 2130 2839 2302 2879; x_wconf 87' lang='lat' dir='ltr'><em>educendo,</em></span> <span class='ocrx_word' id='word_1_1003' title='bbox 2315 2842 2459 2874; x_wconf 87' lang='lat' dir='ltr'><em>ducendo</em></span> <span class='ocrx_word' id='word_1_1004' title='bbox 2475 2843 2584 2876; x_wconf 72' lang='lat' dir='ltr'><strong>Pon.-</strong></span> 
     </span>
     <span class='ocr_line' id='line_1_125' title="bbox 1698 2882 2582 2929; baseline 0.009 -18"><span class='ocrx_word' id='word_1_1005' title='bbox 1698 2882 1774 2912; x_wconf 86' lang='lat' dir='ltr'><em>Mox</em></span> <span class='ocrx_word' id='word_1_1006' title='bbox 1796 2891 1854 2922; x_wconf 88' lang='lat' dir='ltr'><em>pro</em></span> <span class='ocrx_word' id='word_1_1007' title='bbox 1878 2882 2043 2923; x_wconf 84' lang='lat' dir='ltr'><em>eligenda,</em></span> <span class='ocrx_word' id='word_1_1008' title='bbox 2069 2884 2216 2924; x_wconf 82' lang='lat' dir='ltr'><em>eligendo</em></span> <span class='ocrx_word' id='word_1_1009' title='bbox 2247 2885 2375 2916; x_wconf 81' lang='lat' dir='ltr'><em>eaedem</em></span> <span class='ocrx_word' id='word_1_1010' title='bbox 2398 2885 2450 2929; x_wconf 84' lang='lat' dir='ltr'><em>(ex</em></span> <span class='ocrx_word' id='word_1_1011' title='bbox 2471 2888 2555 2919; x_wconf 92' lang='lat' dir='ltr'><em>med.</em></span> <span class='ocrx_word' id='word_1_1012' title='bbox 2573 2911 2582 2920; x_wconf 91' lang='lat'><em>.</em></span> 
     </span>
     <span class='ocr_line' id='line_1_126' title="bbox 1610 2886 2581 2973; baseline 0.007 -17"><span class='ocrx_word' id='word_1_1013' title='bbox 1610 2936 1641 2957; x_wconf 91' lang='lat' dir='ltr'><em>n.</em></span> <span class='ocrx_word' id='word_1_1014' title='bbox 1658 2937 1689 2962; x_wconf 84' lang='lat'><em>11,</em></span> <span class='ocrx_word' id='word_1_1015' title='bbox 1700 2926 1719 2956; x_wconf 89' lang='lat' dir='ltr'><em>l.</em></span> <span class='ocrx_word' id='word_1_1016' title='bbox 1734 2927 1763 2962; x_wconf 91' lang='lat'><em>6,</em></span> <span class='ocrx_word' id='word_1_1017' title='bbox 1775 2936 1834 2966; x_wconf 90' lang='lat' dir='ltr'><em>pro</em></span> <span class='ocrx_word' id='word_1_1018' title='bbox 1844 2926 2088 2965; x_wconf 85' lang='lat' dir='ltr'><em>determinatur,</em></span> <span class='ocrx_word' id='word_1_1019' title='bbox 2099 2928 2329 2960; x_wconf 88' lang='lat' dir='ltr'><em>determinetur</em></span> <span class='ocrx_word' id='word_1_1020' title='bbox 2339 2930 2405 2960; x_wconf 73' lang='lat' dir='ltr'><em>PDE</em></span> <span class='ocrx_word' id='word_1_1021' title='bbox 2414 2929 2465 2973; x_wconf 86' lang='lat' dir='ltr'><em>(ex</em></span> <span class='ocrx_word' id='word_1_1022' title='bbox 2472 2886 2581 2970; x_wconf 57' lang='lat' dir='ltr'><em>med3.</em></span> 
     </span>
    </p>
   </div>
   <div class='ocr_carea' id='block_1_32' title="bbox 1517 2970 2582 3537">
    <p class='ocr_par' dir='ltr' id='par_1_38' title="bbox 1517 2970 2582 3537">
     <span class='ocr_line' id='line_1_127' title="bbox 1521 2970 2582 3016; baseline 0.008 -17"><span class='ocrx_word' id='word_1_1023' title='bbox 1521 2972 1599 3000; x_wconf 83' lang='lat' dir='ltr'><strong>ART.</strong></span> <span class='ocrx_word' id='word_1_1024' title='bbox 1625 2981 1654 3010; x_wconf 89' lang='lat'><em>9,</em></span> <span class='ocrx_word' id='word_1_1025' title='bbox 1675 2980 1705 3000; x_wconf 88' lang='lat' dir='ltr'><em>n.</em></span> <span class='ocrx_word' id='word_1_1026' title='bbox 1728 2970 1790 3006; x_wconf 87' lang='lat'><em>1,1.</em></span> <span class='ocrx_word' id='word_1_1027' title='bbox 1809 2970 1839 3006; x_wconf 90' lang='lat'><em>6,</em></span> <span class='ocrx_word' id='word_1_1028' title='bbox 1863 2980 1921 3010; x_wconf 88' lang='lat' dir='ltr'><em>pro</em></span> <span class='ocrx_word' id='word_1_1029' title='bbox 1941 2976 2074 3009; x_wconf 89' lang='lat' dir='ltr'><em>mutato,</em></span> <span class='ocrx_word' id='word_1_1030' title='bbox 2092 2978 2215 3003; x_wconf 88' lang='lat' dir='ltr'><em>mutata</em></span> <span class='ocrx_word' id='word_1_1031' title='bbox 2238 2984 2277 3003; x_wconf 75' lang='lat' dir='ltr'><em>An</em></span> <span class='ocrx_word' id='word_1_1032' title='bbox 2301 2972 2438 3016; x_wconf 84' lang='lat' dir='ltr'><em>(mutato</em></span> <span class='ocrx_word' id='word_1_1033' title='bbox 2461 2982 2492 3006; x_wconf 84' lang='lat' dir='ltr'><em>et</em></span> <span class='ocrx_word' id='word_1_1034' title='bbox 2514 2986 2582 3008; x_wconf 82' lang='lat' dir='ltr'><em>mu·</em></span> 
     </span>
     <span class='ocr_line' id='line_1_128' title="bbox 1698 3013 1953 3056; baseline 0.004 -12"><span class='ocrx_word' id='word_1_1035' title='bbox 1698 3019 1765 3044; x_wconf 89' lang='lat' dir='ltr'><em>tata</em></span> <span class='ocrx_word' id='word_1_1036' title='bbox 1788 3013 1821 3044; x_wconf 89' lang='lat' dir='ltr'><em>in</em></span> <span class='ocrx_word' id='word_1_1037' title='bbox 1846 3013 1953 3056; x_wconf 88' lang='lat' dir='ltr'><em>med.).</em></span> 
     </span>
     <span class='ocr_line' id='line_1_129' title="bbox 1520 3057 2463 3105; baseline 0.006 -18"><span class='ocrx_word' id='word_1_1038' title='bbox 1520 3059 1598 3088; x_wconf 76' lang='lat' dir='ltr'><strong>ART.</strong></span> <span class='ocrx_word' id='word_1_1039' title='bbox 1628 3067 1676 3094; x_wconf 86' lang='lat'><em>10,</em></span> <span class='ocrx_word' id='word_1_1040' title='bbox 1699 3058 1720 3088; x_wconf 92' lang='lat'><em>1.</em></span> <span class='ocrx_word' id='word_1_1041' title='bbox 1746 3057 1776 3094; x_wconf 92' lang='grc'><em>8,</em></span> <span class='ocrx_word' id='word_1_1042' title='bbox 1801 3068 1859 3098; x_wconf 90' lang='lat' dir='ltr'><em>pro</em></span> <span class='ocrx_word' id='word_1_1043' title='bbox 1876 3060 2012 3099; x_wconf 79' lang='lat' dir='ltr'><em>possint,</em></span> <span class='ocrx_word' id='word_1_1044' title='bbox 2032 3065 2170 3099; x_wconf 80' lang='lat' dir='ltr'><em>possunt</em></span> <span class='ocrx_word' id='word_1_1045' title='bbox 2190 3060 2256 3091; x_wconf 71' lang='lat' dir='ltr'><em>Pon</em></span> <span class='ocrx_word' id='word_1_1046' title='bbox 2281 3059 2331 3102; x_wconf 87' lang='lat' dir='ltr'><em>(ex</em></span> <span class='ocrx_word' id='word_1_1047' title='bbox 2354 3061 2463 3105; x_wconf 82' lang='lat' dir='ltr'><em>med.).</em></span> 
     </span>
     <span class='ocr_line' id='line_1_130' title="bbox 1520 3102 2581 3146; baseline 0.008 -15"><span class='ocrx_word' id='word_1_1048' title='bbox 1520 3104 1599 3132; x_wconf 84' lang='lat' dir='ltr'><strong>ART.</strong></span> <span class='ocrx_word' id='word_1_1049' title='bbox 1629 3112 1676 3138; x_wconf 88' lang='lat'><em>11,</em></span> <span class='ocrx_word' id='word_1_1050' title='bbox 1701 3112 1731 3132; x_wconf 87' lang='lat' dir='ltr'><em>n.</em></span> <span class='ocrx_word' id='word_1_1051' title='bbox 1762 3113 1787 3137; x_wconf 95' lang='lat'><em>1,</em></span> <span class='ocrx_word' id='word_1_1052' title='bbox 1811 3102 1831 3133; x_wconf 90' lang='lat'><em>1.</em></span> <span class='ocrx_word' id='word_1_1053' title='bbox 1857 3103 1913 3133; x_wconf 82' lang='lat' dir='ltr'><em>ult.</em></span> <span class='ocrx_word' id='word_1_1054' title='bbox 1938 3103 2010 3141; x_wconf 89' lang='lat' dir='ltr'><em>col.,</em></span> <span class='ocrx_word' id='word_1_1055' title='bbox 2034 3104 2301 3144; x_wconf 83' lang='lat' dir='ltr'><em>pro-pollicitum,</em></span> <span class='ocrx_word' id='word_1_1056' title='bbox 2323 3106 2491 3146; x_wconf 81' lang='lat' dir='ltr'><em>politicum</em></span> <span class='ocrx_word' id='word_1_1057' title='bbox 2514 3108 2581 3139; x_wconf 71' lang='lat' dir='ltr'><em>Pna</em></span> 
     </span>
     <span class='ocr_line' id='line_1_131' title="bbox 1710 3144 2579 3193; baseline 0.008 -17"><span class='ocrx_word' id='word_1_1058' title='bbox 1710 3156 1747 3176; x_wconf 86' lang='lat' dir='ltr'><em>ex</em></span> <span class='ocrx_word' id='word_1_1059' title='bbox 1770 3144 1880 3188; x_wconf 85' lang='lat' dir='ltr'><em>med.).</em></span> <span class='ocrx_word' id='word_1_1060' title='bbox 1895 3164 1917 3170; x_wconf 89' lang='lat'>-</span> <span class='ocrx_word' id='word_1_1061' title='bbox 1933 3147 2072 3178; x_wconf 86' lang='lat' dir='ltr'><em>Eaedem</em></span> <span class='ocrx_word' id='word_1_1062' title='bbox 2096 3158 2172 3179; x_wconf 86' lang='lat' dir='ltr'><em>mox</em></span> <span class='ocrx_word' id='word_1_1063' title='bbox 2187 3159 2246 3188; x_wconf 91' lang='lat' dir='ltr'><em>pro</em></span> <span class='ocrx_word' id='word_1_1064' title='bbox 2265 3159 2317 3190; x_wconf 83' lang='lat' dir='ltr'><em>qu.</em></span> <span class='ocrx_word' id='word_1_1065' title='bbox 2333 3150 2444 3188; x_wconf 89' lang='lat' dir='ltr'><em>XCII,</em></span> <span class='ocrx_word' id='word_1_1066' title='bbox 2459 3151 2498 3183; x_wconf 79' lang='lat' dir='ltr'><em>de</em></span> <span class='ocrx_word' id='word_1_1067' title='bbox 2512 3161 2541 3192; x_wconf 84' lang='lat' dir='ltr'><em>q.</em></span> <span class='ocrx_word' id='word_1_1068' title='bbox 2556 3161 2579 3193; x_wconf 84' lang='lat'><em>9</em></span> 
     </span>
     <span class='ocr_line' id='line_1_132' title="bbox 1755 3189 1925 3232; baseline 0.006 -12"><span class='ocrx_word' id='word_1_1069' title='bbox 1755 3200 1792 3221; x_wconf 88' lang='lat' dir='ltr'><em>ex</em></span> <span class='ocrx_word' id='word_1_1070' title='bbox 1815 3189 1925 3232; x_wconf 86' lang='lat' dir='ltr'><strong>med.).</strong></span> 
     </span>
     <span class='ocr_line' id='line_1_133' title="bbox 1606 3235 2551 3281; baseline 0.007 -18"><span class='ocrx_word' id='word_1_1071' title='bbox 1606 3242 1638 3264; x_wconf 92' lang='lat' dir='ltr'><em>n.</em></span> <span class='ocrx_word' id='word_1_1072' title='bbox 1661 3244 1693 3270; x_wconf 89' lang='lat'><em>11,</em></span> <span class='ocrx_word' id='word_1_1073' title='bbox 1717 3245 1748 3274; x_wconf 92' lang='lat' dir='ltr'><em>p.</em></span> <span class='ocrx_word' id='word_1_1074' title='bbox 1777 3235 1848 3270; x_wconf 87' lang='lat'><em>360,</em></span> <span class='ocrx_word' id='word_1_1075' title='bbox 1873 3235 1894 3266; x_wconf 88' lang='lat'><em>1.</em></span> <span class='ocrx_word' id='word_1_1076' title='bbox 1915 3235 1983 3281; x_wconf 64' lang='lat' dir='ltr'><em>“ltz’</em></span> <span class='ocrx_word' id='word_1_1077' title='bbox 2008 3245 2067 3276; x_wconf 88' lang='lat' dir='ltr'><em>pro</em></span> <span class='ocrx_word' id='word_1_1078' title='bbox 2089 3238 2155 3276; x_wconf 88' lang='lat' dir='ltr'><em>qui,</em></span> <span class='ocrx_word' id='word_1_1079' title='bbox 2173 3246 2256 3277; x_wconf 86' lang='lat' dir='ltr'><em>quae</em></span> <span class='ocrx_word' id='word_1_1080' title='bbox 2277 3237 2342 3268; x_wconf 68' lang='lat' dir='ltr'><em>Pon</em></span> <span class='ocrx_word' id='word_1_1081' title='bbox 2367 3235 2419 3279; x_wconf 86' lang='lat' dir='ltr'><em>(ex</em></span> <span class='ocrx_word' id='word_1_1082' title='bbox 2441 3237 2551 3281; x_wconf 88' lang='lat' dir='ltr'><strong>med.).</strong></span> 
     </span>
     <span class='ocr_line' id='line_1_134' title="bbox 1517 3277 2151 3319; baseline 0.008 -13"><span class='ocrx_word' id='word_1_1083' title='bbox 1517 3279 1596 3307; x_wconf 85' lang='lat' dir='ltr'><strong>ART.</strong></span> <span class='ocrx_word' id='word_1_1084' title='bbox 1626 3286 1674 3314; x_wconf 83' lang='lat'><em>12,</em></span> <span class='ocrx_word' id='word_1_1085' title='bbox 1698 3277 1718 3308; x_wconf 93' lang='grc'><em>1.</em></span> <span class='ocrx_word' id='word_1_1086' title='bbox 1746 3279 1761 3308; x_wconf 95' lang='grc'>5</span> <span class='ocrx_word' id='word_1_1087' title='bbox 1788 3288 1805 3308; x_wconf 88' lang='lat' dir='ltr'><em>a</em></span> <span class='ocrx_word' id='word_1_1088' title='bbox 1828 3277 1893 3314; x_wconf 69' lang='lat' dir='ltr'><em>fin„</em></span> <span class='ocrx_word' id='word_1_1089' title='bbox 1918 3289 1976 3319; x_wconf 91' lang='lat' dir='ltr'><em>pro</em></span> <span class='ocrx_word' id='word_1_1090' title='bbox 2000 3285 2045 3317; x_wconf 84' lang='lat' dir='ltr'><em>ut,</em></span> <span class='ocrx_word' id='word_1_1091' title='bbox 2064 3281 2095 3310; x_wconf 85' lang='lat' dir='ltr'><em>vi</em></span> <span class='ocrx_word' id='word_1_1092' title='bbox 2117 3281 2151 3311; x_wconf 90' lang='lat' dir='ltr'><em>P.</em></span> 
     </span>
     <span class='ocr_line' id='line_1_135' title="bbox 1518 3322 2412 3362; baseline 0.006 -11"><span class='ocrx_word' id='word_1_1093' title='bbox 1518 3322 1596 3352; x_wconf 70' lang='lat' dir='ltr'><em>Am.</em></span> <span class='ocrx_word' id='word_1_1094' title='bbox 1626 3322 1673 3358; x_wconf 86' lang='lat'><em>16,</em></span> <span class='ocrx_word' id='word_1_1095' title='bbox 1699 3332 1729 3352; x_wconf 88' lang='lat' dir='ltr'><em>n.</em></span> <span class='ocrx_word' id='word_1_1096' title='bbox 1760 3332 1785 3357; x_wconf 92' lang='lat'><em>1,</em></span> <span class='ocrx_word' id='word_1_1097' title='bbox 1808 3322 1830 3352; x_wconf 93' lang='lat'><em>1.</em></span> <span class='ocrx_word' id='word_1_1098' title='bbox 1855 3332 1939 3362; x_wconf 89' lang='lat' dir='ltr'><em>pen.,</em></span> <span class='ocrx_word' id='word_1_1099' title='bbox 1963 3328 1993 3353; x_wconf 91' lang='lat' dir='ltr'><em>et</em></span> <span class='ocrx_word' id='word_1_1100' title='bbox 2016 3330 2087 3354; x_wconf 83' lang='lat' dir='ltr'><em>ante</em></span> <span class='ocrx_word' id='word_1_1101' title='bbox 2111 3325 2224 3356; x_wconf 87' lang='lat' dir='ltr'><em>iuvene</em></span> <span class='ocrx_word' id='word_1_1102' title='bbox 2246 3335 2311 3356; x_wconf 86' lang='lat' dir='ltr'><em>om.</em></span> <span class='ocrx_word' id='word_1_1103' title='bbox 2335 3326 2412 3356; x_wconf 75' lang='lat' dir='ltr'><strong>Pon.</strong></span> 
     </span>
     <span class='ocr_line' id='line_1_136' title="bbox 1606 3365 2044 3402; baseline 0.007 -7"><span class='ocrx_word' id='word_1_1104' title='bbox 1606 3374 1637 3395; x_wconf 88' lang='lat' dir='ltr'><em>n.</em></span> <span class='ocrx_word' id='word_1_1105' title='bbox 1662 3375 1694 3402; x_wconf 87' lang='lat'><em>11,</em></span> <span class='ocrx_word' id='word_1_1106' title='bbox 1718 3366 1739 3396; x_wconf 96' lang='lat' dir='ltr'><em>l.</em></span> <span class='ocrx_word' id='word_1_1107' title='bbox 1764 3365 1794 3402; x_wconf 91' lang='lat'><em>8,</em></span> <span class='ocrx_word' id='word_1_1108' title='bbox 1819 3375 1882 3396; x_wconf 88' lang='lat' dir='ltr'><em>non</em></span> <span class='ocrx_word' id='word_1_1109' title='bbox 1906 3376 1971 3398; x_wconf 89' lang='lat' dir='ltr'><strong>orn.</strong></span> <span class='ocrx_word' id='word_1_1110' title='bbox 1995 3377 2044 3398; x_wconf 71' lang='lat' dir='ltr'><em>An.</em></span> 
     </span>
     <span class='ocr_line' id='line_1_137' title="bbox 1604 3409 2280 3451; baseline 0.006 -12"><span class='ocrx_word' id='word_1_1111' title='bbox 1604 3419 1635 3440; x_wconf 87' lang='lat' dir='ltr'><em>n.</em></span> <span class='ocrx_word' id='word_1_1112' title='bbox 1659 3419 1703 3446; x_wconf 88' lang='lat'><em>111,</em></span> <span class='ocrx_word' id='word_1_1113' title='bbox 1728 3409 1788 3440; x_wconf 88' lang='lat' dir='ltr'><strong>eol.</strong></span> <span class='ocrx_word' id='word_1_1114' title='bbox 1815 3419 1844 3446; x_wconf 87' lang='lat'><em>2,</em></span> <span class='ocrx_word' id='word_1_1115' title='bbox 1869 3410 1890 3440; x_wconf 92' lang='lat' dir='ltr'><em>l.</em></span> <span class='ocrx_word' id='word_1_1116' title='bbox 1915 3411 1945 3447; x_wconf 92' lang='lat'><em>6,</em></span> <span class='ocrx_word' id='word_1_1117' title='bbox 1970 3421 2028 3451; x_wconf 87' lang='lat' dir='ltr'><em>pro</em></span> <span class='ocrx_word' id='word_1_1118' title='bbox 2048 3411 2098 3450; x_wconf 81' lang='lat' dir='ltr'><em>fit,</em></span> <span class='ocrx_word' id='word_1_1119' title='bbox 2122 3413 2164 3443; x_wconf 89' lang='lat' dir='ltr'><em>sit</em></span> <span class='ocrx_word' id='word_1_1120' title='bbox 2185 3412 2280 3443; x_wconf 73' lang='lat' dir='ltr'><strong>Pnnn.</strong></span> 
     </span>
     <span class='ocr_line' id='line_1_138' title="bbox 1876 3454 2576 3498; baseline 0.004 -14"><span class='ocrx_word' id='word_1_1121' title='bbox 1876 3454 1896 3485; x_wconf 94' lang='lat' dir='ltr'><em>l.</em></span> <span class='ocrx_word' id='word_1_1122' title='bbox 1924 3464 1974 3491; x_wconf 87' lang='lat'><em>21,</em></span> <span class='ocrx_word' id='word_1_1123' title='bbox 1994 3455 2060 3486; x_wconf 70' lang='lat' dir='ltr'><em>Pon</em></span> <span class='ocrx_word' id='word_1_1124' title='bbox 2084 3454 2136 3498; x_wconf 84' lang='lat' dir='ltr'><em>(ex</em></span> <span class='ocrx_word' id='word_1_1125' title='bbox 2151 3454 2255 3498; x_wconf 86' lang='lat' dir='ltr'><em>med.)</em></span> <span class='ocrx_word' id='word_1_1126' title='bbox 2271 3466 2337 3487; x_wconf 87' lang='lat' dir='ltr'><em>om.</em></span> <span class='ocrx_word' id='word_1_1127' title='bbox 2355 3466 2422 3487; x_wconf 88' lang='lat' dir='ltr'><em>esse</em></span> <span class='ocrx_word' id='word_1_1128' title='bbox 2448 3463 2478 3487; x_wconf 88' lang='lat' dir='ltr'><em>et</em></span> <span class='ocrx_word' id='word_1_1129' title='bbox 2500 3466 2576 3487; x_wconf 88' lang='lat' dir='ltr'><em>mox</em></span> 
     </span>
     <span class='ocr_line' id='line_1_139' title="bbox 1694 3498 2310 3537; baseline 0.006 -10"><span class='ocrx_word' id='word_1_1130' title='bbox 1694 3507 1752 3537; x_wconf 91' lang='lat' dir='ltr'><em>pro</em></span> <span class='ocrx_word' id='word_1_1131' title='bbox 1776 3498 1977 3536; x_wconf 85' lang='lat' dir='ltr'><em>rationabile,</em></span> <span class='ocrx_word' id='word_1_1132' title='bbox 2002 3499 2162 3531; x_wconf 88' lang='lat' dir='ltr'><em>rationale</em></span> <span class='ocrx_word' id='word_1_1133' title='bbox 2184 3499 2310 3532; x_wconf 75' lang='lat' dir='ltr'><em>habent.</em></span> 
     </span>
    </p>
   </div>
  </div>
 </body>
</html>
