2892 4056
188 458 195 464 '
212 455 280 476 Dion.
296 456 325 476 de
343 455 395 476 Diu.

186 481 261 505 Nom..
278 487 327 509 cap.
343 488 372 503 ιν.
387 494 395 498 -

188 508 212 529 S.
220 507 264 528 Th.
279 508 328 530 lect.
340 514 394 529 xxii.

185 1561 194 1570 '¹
209 1560 259 1581 Art.
276 1566 290 1581 1.

187 1874 194 1883 ·
221 1880 256 1902 cf.
285 1881 393 1903 Gulieim.

184 1907 322 1932 Autissiod..
331 1907 393 1930 Sum.

185 1934 243 1955 Aur.
258 1933 296 1955 nb.
312 1934 350 1961 111,
366 1939 394 1956 tr.

186 1966 221 1987 111,
232 1966 282 1987 cap.
293 1966 317 1987 n,
328 1966 366 1988 qu.
378 1967 385 1982 ι

182 1992 190 1999 ·
216 1990 293 2012 met.
318 1977 394 2012 xxvi
420 1981 559 2018 volens.
590 1981 691 2028 Ergo
711 1980 862 2017 videtur
889 1980 995 2028 quod
1022 1980 1336 2017 inconvenienter
1356 1980 1486 2017 distin-

183 2017 208 2038 in
222 2017 303 2038 Ioann.

190 2998 198 3006 ·
205 2996 240 3017 Ad
244 2996 342 3023 Herm„
349 3001 399 3023 cap.

189 3029 237 3045 xix.

431 153 473 187 18
1144 151 1408 196 QUAESTlO
1440 153 1468 197 1,
1499 151 1793 187 ARTICULUS
1821 151 1870 187 Vl

426 232 465 260 At
489 230 513 260 si
537 231 607 270 quis
633 230 720 260 aliter
743 229 870 260 definire
894 230 1029 260 voluerit
1057 230 1114 259 hos
1139 229 1308 265 terminos,
1339 238 1405 259 non
1429 229 1485 260 erit

423 274 565 315 quaestio
579 284 652 304 cum
667 284 704 304 eo
721 274 758 303 de
771 284 812 310 re,
826 275 880 304 sed
893 274 931 304 de
946 273 1118 303 vocabulis.
1142 272 1248 309 Quam
1269 272 1313 303 eis
1329 272 1482 314 relinquo.

479 318 564 348 Cum
584 325 690 348 autern
708 318 796 348 audis
814 317 1018 348 differentiam
1034 317 1113 346 inter
1129 316 1313 356 opinantem
1341 323 1372 347 et
1387 317 1484 347 scien-

1539 229 1654 258 horum
1678 227 1808 264 deficiat,
1833 228 1956 260 sufficit.
1981 228 2014 259 Si
2033 229 2118 259 enirn
2137 230 2298 261 conclusio
2315 231 2365 261 vel
2381 231 2460 262 ratio
2484 240 2594 262 secun-

1540 273 1617 302 dum
1641 282 1672 302 se
1697 278 1743 302 est
1766 272 1969 312 impossibilis
1998 272 2086 303 aliter
2109 283 2142 303 se
2164 273 2294 311 habere,
2326 282 2356 306 et
2384 276 2422 305 ab
2445 275 2507 305 hoc
2530 284 2597 305 non

1539 322 1718 355 penetratur
1741 316 1829 355 quod
1852 315 1891 346 sit
1914 316 1993 353 talis,
2014 316 2147 356 opinans
2171 323 2225 348 est.
2249 318 2291 348 Et
2313 318 2455 349 similiter
2476 319 2503 349 si
2517 319 2596 349 ratio

424 369 486 392 tem
511 362 542 391 in
567 362 772 392 existimando
797 362 845 392 vel
869 371 933 391 non
958 360 1164 390 existimando
1179 359 1374 400 impossibile
1398 360 1484 391 aliter
1538 366 1591 390 aut
1615 359 1776 390 conclusio
1800 359 1958 400 possibilis
1982 366 2027 390 est
2051 360 2138 390 aliter
2161 370 2193 391 se
2216 361 2345 399 habere,
2374 369 2405 393 et
2427 362 2484 393 iste
2507 369 2597 402 putat

424 415 455 435 se
480 406 601 441 habere,
619 412 779 436 memento
797 405 894 446 quod,
920 405 993 445 quia
1014 404 1129 434 bonum
1147 405 1314 445 consurgit
1330 414 1370 434 ex
1386 414 1483 435 causa

423 450 562 490 integra,
578 451 697 480 malum
715 455 820 479 autem
845 459 886 479 ex
902 449 1157 488 particularibus
1180 447 1354 488 defectibus
1368 447 1394 483 *‚
1412 448 1483 478 ideo

423 494 462 522 ad
486 494 546 523 hoc
570 494 658 533 quod
682 493 794 533 aliquis
818 493 857 523 sit
880 492 993 527 sciens,
1021 492 1153 532 exigitur
1176 492 1264 532 quod
1287 491 1483 532 impossibile

423 537 462 567 sit
485 537 571 567 aliter
595 547 626 567 se
651 537 763 567 habere
788 543 817 566 et
841 536 1016 566 secundum
1036 545 1067 566 se
1084 542 1114 566 et
1130 536 1306 566 secundum
1331 535 1484 566 existima—

422 581 542 611 tionem
566 588 721 611 nostram:
747 581 800 610 sed
824 581 863 610 ad
887 580 948 610 hoc
972 580 1060 620 quod
1084 580 1123 610 sit
1147 580 1297 620 opinans,
1329 579 1484 620 quidquid

1539 404 1627 443 quod
1645 403 1841 443 impossibile
1860 403 1900 434 sit
1916 403 2003 434 aliter
2019 413 2051 433 se
2067 403 2190 440 habere,
2210 405 2344 445 opinans
2361 412 2407 436 est
2422 406 2598 436 secundum

1539 454 1682 478 naturam
1705 447 1754 478 sui
1769 454 1876 483 status,
1897 447 2024 478 aliunde
2040 447 2180 478 nesciens
2203 447 2362 480 illudmet:
2388 449 2462 490 quia
2481 459 2546 480 non
2561 459 2598 480 ex

1539 491 1655 522 meritis
1678 491 1816 527 notitiae,
1841 492 1896 522 sed
1919 492 2064 532 propriae
2088 491 2278 532 phantasiae,
2302 493 2456 524 existimat
2478 493 2597 534 impos-

1539 535 1627 565 sibile
1651 545 1716 565 esse
1741 535 1829 566 aliter
1852 546 1884 566 se
1907 535 2036 571 habere;
2066 542 2096 566 et
2124 535 2156 566 in
2179 536 2306 568 veritate
2328 537 2506 569 subiectum
2529 537 2597 568 talis

1539 579 1667 609 notitiae
1699 579 1824 610 deberet
1846 579 2008 611 aestimare
2037 589 2103 610 esse
2131 579 2279 620 possibile
2307 580 2395 612 aliter
2417 591 2449 612 se
2473 581 2596 612 habere.

1232 723 1552 766 ARTICULUS
1582 723 1788 766 SEXTUS

776 816 930 846 UTRUM
956 813 1201 846 CREDIBILIA
1226 815 1322 846 SINT
1349 815 1431 846 PER
1456 815 1626 846 CERTos
1649 815 1895 847 ART1CULos
1923 817 2245 848 DISTINGUENDA

909 894 939 918 111
959 893 1043 923 Sent„
1064 894 1123 918 dist.
1142 901 1197 924 xxv,
1218 901 1262 926 qu.
1289 901 1309 924 1,
1330 898 1375 918 art.
1399 902 1420 923 ι,
1440 894 1488 926 qua
1512 901 1537 923 13
1557 899 1603 918 art.
1624 901 1647 925 2,
1666 895 1698 919 ad
1718 893 1745 926 ὃς
1766 896 1774 919 Ι
1796 896 1865 925 Cor„
1886 903 1940 928 cap.
1960 903 1998 926 xv,
2018 896 2077 921 lect.
2096 904 2113 920 1.

471 993 514 1008 a-»
535 992 609 1037 twa(
632 988 653 1012 D
679 987 820 1012 SEXTUM
848 987 901 1011 Sic
926 986 1166 1011 PROCEDrrUR.
1197 975 1354 1012 Videtur
1378 975 1481 1023 quod

547 1017 612 1089 {3⁴
633 1028 826 1065 credibilia
854 1041 932 1065 non
962 1028 1034 1065 sint
1062 1040 1130 1076 per
1160 1035 1282 1064 certos
1306 1027 1482 1064 articulos

575 1071 908 1130 distinguenda.
967 1082 1114 1117 Eorum
1163 1081 1264 1117 enim
1312 1081 1484 1117 omnium

591 1125 730 1182 &quae
759 1135 795 1171 in
816 1146 923 1170 sacra
944 1134 1138 1181 Scriptura
1163 1134 1400 1171 continentur
1429 1141 1484 1169 est

422 1185 519 1221 fides
547 1186 735 1223 habenda.
776 1187 852 1224 Sed
880 1187 941 1223 illa
979 1199 1056 1223 non
1084 1194 1247 1234 possunt
1274 1187 1402 1222 reduci
1435 1186 1483 1222 ad

422 1238 588 1287 aliquem
617 1247 762 1276 certum
791 1251 1014 1286 numerum,
1050 1246 1205 1287 propter
1233 1239 1290 1275 sui
1319 1238 1484 1274 multitu-

423 1292 561 1328 dinem.
606 1293 707 1340 Ergo
737 1293 974 1340 superfluum
1004 1291 1156 1328 videtur
1189 1291 1366 1328 articulos
1395 1290 1485 1327 fidei

424 1344 665 1392 distinguere.

477 1409 510 1433 2.
540 1398 772 1444 PRAETEREA‚
803 1397 1007 1434 materialis
1037 1397 1236 1443 distinctio,
1259 1409 1346 1433 cum
1372 1396 1409 1433 in
1429 1397 1484 1433 in-

422 1450 572 1486 finitum
601 1451 683 1487 fieri
712 1451 842 1499 possit,
874 1458 929 1487 est
957 1451 1005 1487 ab
1030 1458 1107 1486 arte
1137 1450 1482 1498 praetermittenda.

423 1504 499 1540 Sed
537 1503 704 1540 formalis
738 1503 831 1540 ratio
866 1503 1002 1540 obiecti
1031 1503 1219 1539 credibilis
1257 1511 1312 1539 est
1339 1515 1417 1540 una
1450 1511 1486 1540 et

421 1556 668 1602 indivisibilis,
699 1564 739 1592 ut
759 1569 872 1605 supra
887 1556 906 1577 '³²
927 1556 1069 1593 dictum
1090 1563 1155 1598 est,
1188 1556 1327 1592 scilicet
1345 1555 1484 1593 veritas

422 1610 562 1658 prima:
585 1617 620 1645 et
636 1610 687 1646 sic
707 1610 918 1646 secundum
939 1609 1126 1646 rationem
1146 1609 1346 1646 formalem
1367 1609 1485 1646 credi-

423 1662 510 1698 bilia
531 1662 706 1710 distingui
726 1675 804 1699 non
824 1670 995 1710 possunt.
1027 1663 1129 1710 Ergo
1148 1661 1485 1710 praetermittenda

423 1723 478 1752 est
507 1715 740 1752 credibilium
762 1715 964 1752 materialis
991 1715 1178 1751 distinctio
1203 1727 1272 1763 per
1295 1714 1482 1752 articulos

477 1769 511 1805 3.
533 1770 775 1816 PRAETEREA,
806 1769 901 1804 sicut
929 1781 950 1804 a
980 1767 1211 1816 quibusdam
1242 1767 1397 1815 dicitur,
1428 1780 1485 1805 ar-

422 1821 556 1858 ticulus
585 1828 640 1858 est
663 1821 893 1858 indivisibilis
910 1821 1048 1858 veritas
1076 1821 1122 1858 de
1140 1822 1222 1857 Deo
1247 1826 1398 1858 arctans
1418 1833 1486 1858 nos

421 1875 472 1911 ad
510 1874 736 1911 credendum
761 1874 791 1910 ²¹².
825 1874 901 1910 Sed
931 1874 1086 1911 credere
1122 1882 1177 1910 est
1204 1874 1483 1911 voluntarium:

422 1927 522 1976 quia,
553 1927 646 1964 sicut
674 1927 907 1974 Augustinus
937 1926 1025 1963 dicit
1052 1927 1082 1971 ²¹⁶,
1113 1927 1236 1963 nullus
1267 1927 1386 1964 credit
1415 1928 1489 1965 nisi

422 2041 583 2081 guantur
611 2033 802 2069 credibilia
829 2045 898 2082 per
927 2033 1115 2074 articulos.

477 2087 550 2123 SED
571 2097 717 2122 CONTRA
736 2098 802 2122 EST
830 2086 935 2134 quod
960 2085 1127 2123 Isidorus
1158 2085 1266 2123 dicit:
1296 2086 1488 2123 Articulus

423 2145 477 2176 est
501 2139 691 2188 perceptio
725 2139 874 2176 divinae
900 2139 1066 2176 veritatis
1103 2139 1254 2176 tendens
1287 2139 1323 2176 in
1353 2140 1484 2188 ipsam.

425 2192 501 2229 Sed
537 2191 733 2241 perceptio
768 2191 919 2229 divinae
951 2191 1118 2229 veritatis
1157 2192 1339 2241 competit
1375 2192 1487 2229 nobis

424 2246 636 2282 secundum
656 2244 935 2282 distinctionem
955 2245 1170 2294 quandam:
1201 2257 1299 2293 quae
1326 2245 1429 2282 enim
1449 2245 1486 2282 in

424 2299 509 2335 Deo
537 2310 659 2335 unum
688 2305 775 2334 sunt
804 2298 841 2335 in
870 2305 1000 2335 nostro
1030 2298 1219 2335 intellectu
1239 2297 1487 2347 multiplican-

424 2359 495 2388 tur.
517 2352 618 2398 Ergo
640 2351 831 2388 credibilia
855 2351 995 2388 debent
1013 2363 1081 2400 per
1101 2351 1277 2388 articulos
1298 2351 1485 2399 distingui.

478 2405 703 2440 RESPONDEO
733 2415 917 2441 DICENDUM
947 2404 1053 2451 quod
1092 2417 1236 2441 nornen
1268 2404 1420 2441 articuli
1441 2416 1486 2441 ex

424 2469 561 2505 graeco
590 2457 740 2494 videtur
778 2469 859 2494 esse
895 2457 1121 2494 derivatum.
1150 2458 1317 2494 Arthron
1339 2462 1355 2478 α
1386 2457 1486 2494 enirn

424 2511 463 2547 in
491 2522 640 2558 graeco,
671 2511 775 2558 quod
804 2510 842 2546 in
870 2510 984 2547 latino
1005 2510 1185 2546 articulus
1210 2510 1355 2557 dicitur,
1377 2510 1487 2558 signi-

424 2564 514 2600 ficat
541 2563 735 2612 quandam
765 2564 1045 2611 coaptationem
1074 2563 1286 2611 aliquarum
1323 2563 1488 2611 partium

426 2616 697 2653 distinctarum.
728 2616 776 2652 Et
804 2616 890 2652 ideo
920 2615 1124 2664 particulae
1154 2615 1324 2664 corporis
1344 2615 1415 2653 sibi
1433 2616 1487 2653 in-

425 2669 550 2706 vicem
591 2676 787 2718 coaptatae
825 2668 1000 2706 dicuntur
1036 2669 1302 2706 membrorum
1331 2668 1486 2706 articuli.

426 2723 475 2759 Et
503 2722 672 2759 similiter
690 2722 728 2758 in
747 2721 994 2770 grammatica
1015 2722 1117 2770 apud
1136 2734 1294 2769 graecos
1314 2721 1490 2758 dicuntur

427 2775 570 2812 articuli
600 2775 789 2824 quaedam
818 2782 944 2823 partes
973 2774 1154 2811 orationis
1183 2781 1380 2823 coaptatae
1410 2774 1489 2811 aliis

428 2828 654 2865 dictionibus
683 2829 730 2865 ad
760 2828 1051 2876 exprimendum
1081 2839 1213 2864 earum
1234 2825 1249 2856 β
1268 2839 1399 2875 genus,
1419 2839 1488 2864 nu-

428 2893 577 2917 merum
606 2882 668 2918 vel
698 2893 841 2918 casum.
871 2881 920 2918 Et
947 2880 1115 2917 similiter
1141 2879 1179 2917 in
1199 2879 1385 2917 rhetorica
1405 2880 1489 2917 arti-

429 2934 502 2970 culi
522 2933 694 2970 dicuntur
709 2935 900 2983 quaedam
919 2933 1084 2982 partium
1105 2933 1380 2982 coaptationes:
1402 2932 1490 2970 dicit

430 2986 531 3024 enim
551 2987 711 3033 Tullius,
732 2987 770 3023 in
790 2987 841 3023 IV
859 2987 966 3023 Rhet.
982 2986 1013 3032 ²¹³,
1034 2986 1139 3034 quod
1158 2986 1338 3023 articulus
1356 2985 1490 3022 dicitur

429 3051 514 3076 cum
542 3039 693 3089 singula
721 3040 836 3076 verba
856 3038 1061 3076 intervallis
1080 3039 1362 3089 distinguuntur
1379 3050 1489 3075 caesa

429 3093 609 3138 oratione,
638 3093 708 3129 hoc
735 3092 866 3128 modo:
894 3091 1128 3138 Acrimonia,
1157 3104 1264 3138 voce,
1292 3092 1395 3129 vultu
1424 3091 1488 3128 ad-

429 3146 615 3183 versarios
647 3145 885 3193 perterruisti
910 3149 937 3180 Ὺ.
967 3145 1078 3182 Unde
1116 3152 1153 3182 et
1181 3143 1373 3182 credibilia
1400 3143 1491 3181 fidei

482 3282 509 3314 α)
528 3281 656 3306 Arthron.
674 3294 693 3300 -
710 3280 824 3305 Arthros
843 3280 871 3305 P.
889 3293 907 3298 -
926 3280 975 3304 Pro
995 3279 1019 3303 in
1040 3286 1145 3312 graeco,
1160 3286 1256 3313 graece
1273 3279 1374 3311 ABCF,
1391 3286 1488 3312 graeco

429 3318 496 3350 Dpn.
514 3331 533 3336 -
551 3317 601 3341 Pro
620 3315 828 3348 coaptationem,
853 3316 1018 3347 coaptionem
1045 3315 1101 3344 GH.
1121 3315 1317 3346 coaptationem
1342 3315 1398 3340 sive
1415 3321 1488 3340 acce-

425 3353 544 3385 ptionem
563 3352 594 3376 K.

484 3387 508 3421 β)
528 3394 629 3412 earum.
647 3400 666 3406 ·-
683 3394 773 3412 eorum
793 3386 919 3411 PDGHK.

483 3424 509 3456 γ)
528 3423 576 3448 hoc
595 3423 700 3449 modo...
714 3421 894 3454 per-terruisti.
913 3435 931 3440 -
948 3424 973 3446 et
992 3421 1040 3446 hoc
1055 3421 1132 3446 modo
1146 3421 1294 3446 acrimonia
1311 3420 1409 3446 dicitur
1427 3427 1488 3446 voce

430 3459 503 3483 vultu
523 3458 691 3483 adversarios
704 3457 894 3490 praeterivisse
912 3457 948 3487 G;
968 3457 1067 3482 dicitur
1085 3456 1154 3481 addit
1172 3456 1248 3481 etiam
1268 3456 1298 3481 K.

1539 974 1776 1012 Christianae
1813 975 1989 1012 dicuntur
2024 988 2093 1024 per
2131 976 2306 1013 articulos
2342 976 2516 1024 distingui
2544 976 2598 1014 in-

1538 1036 1722 1077 quantum
1750 1029 1789 1065 in
1817 1028 2003 1077 quasdam
2033 1036 2158 1077 partes
2179 1029 2397 1067 dividuntur
2415 1030 2599 1067 habentes

1539 1081 1703 1129 aliquam
1733 1081 2014 1129 coaptationem
2044 1083 2092 1120 ad
2121 1081 2298 1119 invicem.

1590 1135 1659 1170 Est
1686 1141 1814 1170 autem
1844 1134 2036 1171 obiectum
2078 1135 2167 1172 fidei
2197 1135 2337 1184 aliquid
2366 1147 2445 1172 non
2472 1135 2597 1172 visum

1539 1186 1636 1222 circa
1665 1186 1803 1233 divina,
1833 1194 1874 1223 ut
1903 1199 2017 1235 supra
2036 1187 2055 1208 ’¹‘
2076 1188 2218 1224 dictum
2248 1195 2313 1225 est.
2343 1188 2392 1224 Et
2418 1187 2505 1225 ideo
2533 1187 2599 1225 ubi

1539 1238 1701 1275 occurrit
1729 1238 1870 1287 aliquid
1906 1239 2057 1287 speciali
2091 1240 2237 1276 ratione
2275 1252 2353 1277 non
2379 1239 2519 1288 visum,
2549 1241 2600 1278 ibi

1539 1299 1594 1327 est
1621 1291 1794 1340 specialis
1831 1291 2026 1328 articulus:
2062 1292 2129 1329 ubi
2157 1300 2285 1330 autem
2319 1292 2439 1330 multa
2467 1305 2600 1330 secun-

1539 1344 1631 1381 dum
1662 1344 1825 1381 eandem
1854 1345 2041 1381 rationem
2071 1353 2157 1382 sunt
2185 1345 2374 1393 incognita
2392 1343 2417 1392 δ,
2442 1345 2494 1382 ibi
2522 1357 2600 1383 non

1539 1405 1626 1434 sunt
1654 1397 1797 1434 articuli
1827 1398 2093 1446 distinguendi.
2130 1398 2234 1435 Sicut
2261 1399 2373 1435 aliam
2404 1397 2600 1436 difficulta-

1539 1458 1614 1487 tem
1643 1451 1758 1487 habet
1778 1450 1826 1487 ad
1854 1451 2066 1488 videndum
2097 1452 2201 1499 quod
2235 1452 2340 1489 Deus
2370 1451 2415 1488 sit
2451 1463 2597 1500 passus,

1540 1511 1575 1540 et
1612 1503 1724 1540 aliam
1765 1504 1868 1552 quod
1906 1512 2080 1541 mortuus
2119 1505 2363 1542 resurrexerit
2390 1509 2418 1541 ⁸:
2450 1512 2486 1541 et
2513 1504 2598 1542 ideo

1539 1556 1776 1607 distinguitur
1818 1557 1995 1594 articulus
2037 1558 2319 1594 resurrectionis
2358 1558 2405 1594 ab
2443 1557 2600 1594 articulo

1538 1610 1736 1658 passionis.
1781 1610 1858 1647 Sed
1887 1610 1991 1658 quod
2020 1610 2065 1647 sit
2092 1623 2247 1659 passus,
2277 1618 2451 1648 mortuus
2479 1617 2515 1646 et
2543 1623 2600 1648 se-

1539 1664 1685 1711 pultus,
1721 1675 1839 1699 unam
1869 1671 1905 1699 et
1934 1663 2095 1700 eandem
2126 1663 2385 1701 difficultatem
2414 1663 2558 1700 habent
2574 1662 2599 1710 ῑ,

1538 1716 1588 1752 ita
1621 1715 1747 1763 quod,
1785 1728 1863 1752 uno
1902 1723 2100 1764 suscepto,
2138 1729 2216 1753 non
2252 1725 2307 1754 est
2344 1716 2496 1754 difficile
2529 1715 2601 1752 alia

1539 1769 1750 1817 suscipere:
1783 1777 1818 1805 et
1845 1776 2002 1817 propter
2029 1770 2105 1806 hoc
2133 1769 2264 1806 omnia
2290 1771 2386 1806 haec
2412 1768 2602 1818 pertinent

1538 1822 1588 1859 ad
1615 1833 1739 1858 unum
1767 1821 1978 1858 articulum.

1593 1876 1652 1911 An
1690 1886 1827 1911 ramum
1856 1886 1954 1911 ERGO
1991 1885 2176 1912 mcuunum
2213 1874 2318 1923 quod
2359 1874 2486 1923 aliqua
2514 1881 2602 1914 sunt

1541 1927 1737 1965 credibilia
1757 1927 1803 1964 de
1824 1927 1961 1977 quibus
1983 1935 2037 1964 est
2051 1928 2149 1965 fides
2169 1927 2381 1964 secundum
2402 1940 2459 1974 se;
2480 1927 2604 1977 aliqua

1539 1993 1633 2018 vero
1663 1988 1751 2017 sunt
1779 1980 1971 2018 credibilia
2001 1980 2047 2017 de
2077 1980 2215 2029 quibus
2243 1993 2323 2017 non
2351 1987 2407 2017 est
2429 1980 2526 2018 fides
2545 1993 2602 2018 se-

1541 2033 1711 2071 cundum
1741 2045 1793 2081 se,
1823 2034 1890 2071 sed
1929 2034 2053 2070 solum
2082 2033 2120 2070 in
2148 2033 2280 2070 ordine
2309 2033 2358 2071 ad
2385 2033 2474 2071 alia:
2508 2033 2604 2072 sieut

1541 2086 1655 2123 etiam
1683 2086 1721 2123 in
1750 2086 1831 2123 aliis
1860 2086 2024 2124 scientiis
2052 2087 2244 2135 quaedam
2270 2093 2539 2136 proponuntur
2561 2093 2604 2124 ut

1541 2152 1609 2188 per
1639 2152 1678 2177 se
1707 2139 1860 2186 intenta,
1898 2146 1933 2176 et
1961 2139 2152 2189 quaedam
2181 2140 2230 2177 ad
2257 2139 2603 2178 manifestationem

1541 2193 1715 2231 aliorum.
1747 2193 1847 2239 Quia
1874 2205 1968 2230 vero
1997 2193 2094 2230 fides
2122 2192 2376 2241 principaliter
2402 2200 2460 2230 est
2478 2193 2526 2230 de
2545 2192 2604 2233 his

1541 2258 1639 2294 quae
1667 2245 1834 2283 videnda
1854 2257 2052 2294 speramus
2071 2245 2109 2282 in
2128 2246 2259 2294 patria,
2280 2245 2492 2282 seeundum
2511 2245 2603 2284 illud

1542 2299 1641 2336 Heb.
1671 2311 1705 2335 xi
1724 2298 1761 2335 *z
1781 2299 1892 2335 Fides
1926 2305 1979 2335 est
2004 2299 2209 2335 substantia
2236 2299 2511 2346 sperandarum
2546 2309 2604 2335 re—

1541 2364 1627 2388 rum
1634 2365 1647 2396 ;
1671 2351 1758 2388 ideo
1773 2363 1842 2400 per
1857 2363 1897 2388 se
1913 2352 1962 2388 ad
1976 2351 2096 2388 fidem
2111 2351 2299 2400 pertinent
2313 2350 2374 2387 illa
2393 2362 2492 2400 quae
2508 2348 2606 2388 dire?

1543 2413 1600 2441 cte
1615 2417 1686 2442 nos
1706 2404 1882 2442 ordinant
1901 2409 1918 2431 η
1940 2404 1988 2441 ad
2002 2404 2120 2442 vitam
2135 2411 2329 2441 aeternam
2348 2403 2383 2440 *ε
2406 2404 2500 2441 sicut
2518 2411 2606 2451 sunt

1542 2465 1616 2494 tres
1645 2458 1850 2504 Personae,
1871 2457 2148 2505 omnipotentia
2167 2455 2179 2478 θ
2200 2457 2284 2503 Dei,
2305 2457 2528 2504 mysterium
2549 2457 2604 2495 in-

1543 2510 1769 2547 carnationis
1799 2509 1948 2557 Christi,
1978 2518 2015 2547 et
2043 2510 2114 2547 alia
2133 2509 2366 2547 huiusmodi.
2395 2511 2444 2547 Et
2472 2522 2604 2548 secun-

1543 2563 1636 2600 dum
1665 2564 1734 2600 ista
1768 2562 2046 2611 distinguuntur
2077 2563 2221 2600 articuli
2254 2562 2357 2600 fidei.
2401 2562 2604 2610 Quaedam

1543 2628 1636 2652 vero
1665 2623 1933 2665 proponuntur
1960 2615 1998 2652 in
2018 2627 2124 2653 sacra
2144 2615 2336 2664 Scriptura
2354 2623 2396 2652 ut
2416 2615 2606 2654 credenda

1543 2681 1622 2706 non
1650 2668 1759 2716 quasi
1786 2668 2039 2717 principaliter
2066 2667 2218 2715 intenta,
2239 2668 2306 2706 sed
2325 2667 2375 2705 ad
2393 2668 2604 2716 praedicto-

1544 2733 1629 2758 rum
1645 2721 2008 2758 manifestationem:
2028 2721 2123 2758 sicut
2143 2721 2249 2770 quod
2261 2721 2459 2758 Abraham
2474 2722 2606 2759 habuit

1544 2774 1640 2811 duos
1677 2774 1777 2810 filios
1809 2773 1840 2820 ³⁸,
1876 2775 1981 2822 quod
2018 2774 2067 2811 ad
2103 2781 2246 2811 tactum
2283 2773 2428 2811 ossium
2465 2774 2604 2811 Elisaei

1544 2826 1741 2863 suscitatus
1771 2834 1827 2863 est
1854 2834 2028 2864 mortuus
2047 2826 2079 2874 ⁷¹²,
2101 2834 2136 2863 et
2164 2826 2236 2863 alia
2254 2826 2486 2875 huiusmodi,
2506 2838 2604 2875 quae

1544 2887 1741 2924 narrantur
1767 2879 1806 2916 in
1835 2891 1941 2916 sacra
1969 2879 2161 2928 Scriptura
2189 2879 2227 2916 in
2255 2878 2388 2917 ordine
2417 2879 2465 2917 ad
2485 2879 2605 2918 mani-

1545 2932 1784 2970 festationem
1823 2932 1973 2970 divinae
2008 2932 2215 2969 maiestatis
2249 2933 2311 2969 vel
2339 2931 2607 2971 incarnationis

1545 2986 1694 3023 Christi.
1724 2986 1773 3022 Et
1801 2985 2013 3023 secundum
2042 2985 2126 3022 talia
2155 2998 2234 3022 non
2263 2993 2413 3035 oportet
2431 2986 2606 3024 articulos

1545 3039 1784 3087 distinguere.

1597 3093 1656 3128 An
1696 3103 1887 3128 SECUNDUM
1929 3102 2112 3128 DICENDUM
2154 3091 2259 3140 quod
2302 3091 2396 3128 ratio
2437 3091 2606 3129 formalis

1546 3143 1684 3181 obiecti
1711 3144 1802 3181 fidei
1828 3151 1955 3192 potest
1975 3144 2095 3193 accipi
2124 3143 2331 3193 dupliciter.
2355 3144 2444 3182 Uno
2472 3144 2604 3193 modo,

1584 3277 1618 3320 ιδ)
1639 3280 1785 3312 incognita.
1802 3293 1821 3299 -
1839 3280 1947 3313 cognita
1966 3281 2007 3305 vel
2026 3280 2162 3314 incognita
2181 3280 2290 3310 codices,
2305 3279 2413 3314 cognita
2432 3279 2474 3305 vel
2491 3286 2542 3305 non
2562 3286 2605 3305 co-

1541 3318 1619 3382 gmg
1635 3315 1825 3376 zur-rexerit.
1842 3363 1861 3370 —
1879 3351 2002 3376 surrexit
2019 3350 2181 3376 ABCDFKn.

1591 3385 1617 3418 ζ)
1637 3385 1741 3410 habent.
1759 3399 1778 3404 —
1796 3385 1873 3411 habet
1891 3386 2002 3411 codices.

1593 3420 1619 3453 η)
1639 3421 1776 3446 ordinant.
1794 3435 1812 3440 —
1829 3421 1954 3446 ordinent
1971 3421 2045 3446 ABF.

1594 3454 1618 3489 Θ)
1638 3456 1837 3488 omnipotentia.
1855 3470 1874 3475 -
1892 3457 2080 3489 omnipotentis
2100 3457 2147 3482 Pa.

2626 1193 2636 1204 ⁹
2652 1193 2704 1215 Art.
2717 1199 2741 1220 4.

2631 2316 2640 2324 ·
2655 2313 2722 2337 νεη.
2737 2320 2754 2336 1.

2629 2441 2640 2453 ⁸
2655 2440 2685 2463 D.
2699 2416 2756 2463 6⁰⁷3.

2631 2783 2642 2795 ⁴*
2659 2783 2716 2805 Gen.
2731 2788 2783 2811 cap.
2794 2789 2842 2809 xvx,
2858 2794 2864 2799 ·

2632 2815 2751 2862 33:2st

2633 2868 2664 2889 iv,
2678 2867 2739 2884 ven.
2752 2867 2787 2884 22.

2633 2894 2642 2903 ·
2648 2893 2682 2915 1v
2690 2892 2750 2921 Res.
2761 2892 2844 2920 estam,

2632 2925 2692 2942 veru.
2707 2925 2737 2941 αι.

2751 2815 2844 2863 αἳέἶέτ
