2892 4056
186 700 194 707 ·
206 698 256 719 Lib.
269 698 286 724 1,
298 703 348 725 cap.
364 703 395 718 iv.

187 756 195 765 ·
209 755 259 776 Lib.
277 754 298 781 1,
314 759 363 781 oep.
379 760 396 775 1.

188 2406 199 2417 ⁸
208 2405 244 2427 cf.
255 2405 327 2426 Arist.
337 2404 400 2431 Pny-

189 2431 375 2458 sic.1ib.vn1,ca
394 2445 400 2452 .

189 2465 211 2485 v,
227 2464 250 2479 n.
269 2463 288 2486 5.
299 2468 309 2473 -
320 2457 344 2479 S.
355 2456 376 2478 T
394 2472 400 2478 .

191 2486 242 2506 lect.
257 2490 290 2506 tx.

190 2533 258 2581 ”Capi
266 2539 287 2559 v,
294 2538 331 2554 na
337 2538 401 2560 sqq.-

191 2561 215 2582 S.
256 2559 279 2581 .l
296 2565 308 2580 c
322 2574 328 2580 .
340 2565 379 2580 vn.

427 203 498 228 120

1111 188 1377 234 QUAESTlO
1407 189 1493 232 XV,
1526 187 1817 224 ARTICULUS
1849 188 1897 222 111

1216 304 1531 346 ARTICULUS
1560 303 1788 345 TERTIUS

532 390 687 421 UTRUM
712 387 922 419 CAECITAS
946 386 1106 417 ΜΕΝΤιε
1130 386 1187 416 ΕΤ
1211 387 1449 418 HEBETUDO
1474 385 1628 430 sENsus
1653 384 1878 416 0R1ANTUR
1902 385 1958 415 Ex
1982 384 2191 415 PECCATls
2215 381 2483 417 CARNALIB'US

1343 466 1418 496 Infra,
1437 473 1480 498 qu.
1499 472 1570 494 cun,
1586 469 1631 488 art.
1652 464 1677 489 5.

454 551 515 593 ³:45⁷
538 554 593 590 χχ
633 549 654 574 n
673 548 830 573 TERTlUM
851 547 903 572 sm
928 547 1166 573 PRocEmTun.
1195 535 1354 573 Videtur
1378 536 1481 584 quod

447 578 790 649 Qcaecitas
810 588 947 624 mentis
967 596 1003 625 et
1030 588 1224 625 hebetudo
1245 600 1379 626 sensus
1405 601 1482 625 non

529 685 577 726 ᾗ)
591 684 744 741 Nenim,
762 694 798 730 in
818 694 913 730 libro
933 696 1097 732 Retract.
1113 693 1144 741 ²⁸,
1165 701 1369 731 retractans
1392 694 1483 731 illud

422 749 526 798 quod
543 748 683 784 dixerat
702 747 739 783 in
759 747 908 795 Soliloq.
921 748 952 793 ²⁸,
972 748 1087 793 Deus,
1104 748 1169 795 qui
1192 759 1266 784 non
1287 747 1360 783 nisi
1376 759 1483 784 mun-

421 802 487 838 dos
504 812 635 837 verum
654 800 751 836 scire
769 800 927 846 voluisti,
948 800 1036 837 dicit
1055 800 1160 849 quod
1184 801 1405 848 responderi
1414 812 1483 848 po-

421 860 488 890 test
514 853 647 890 multos
675 854 786 890 etiam
811 865 885 890 non
905 854 1064 891 mundos
1084 859 1100 875 ²
1129 854 1246 890 multa
1263 865 1356 891 vera
1374 854 1481 891 scire.

423 906 498 943 Sed
526 906 702 943 homines
740 906 905 943 maxime
944 907 1159 944 efficiuntur
1193 906 1383 944 immundi
1414 919 1483 955 per

420 959 510 996 vitia
538 959 713 996 carnalia.
744 959 845 1006 Ergo
875 960 1033 997 caecitas
1060 959 1197 997 mentis
1227 968 1262 997 et
1288 959 1480 997 hebetudo

421 1024 554 1049 sensus
582 1025 660 1051 non
689 1020 890 1049 causantur
918 1025 939 1049 a
966 1013 1065 1050 vitiis
1094 1013 1317 1050 carnalibus.

476 1077 509 1102 2.
527 1065 759 1111 PRAETEREA,
782 1065 942 1102 caecitas
962 1066 1098 1103 mentis
1120 1075 1155 1104 et
1182 1065 1376 1104 hebetudo
1398 1078 1480 1103 sen—

421 1131 484 1155 sus
513 1125 599 1154 sunt
628 1118 795 1156 defectus
833 1119 989 1168 quidam
1024 1119 1121 1156 circa
1155 1127 1304 1169 partem
1333 1119 1481 1156 animae

421 1170 707 1218 intellectivam;
737 1171 826 1208 vitia
859 1180 986 1210 autem
1025 1173 1187 1210 carnalia
1219 1171 1407 1221 pertinent
1434 1172 1481 1208 ad

422 1223 704 1273 corruptionem
735 1224 867 1262 carnis.
899 1226 976 1263 Sed
1006 1237 1093 1262 caro
1123 1238 1201 1262 non
1230 1225 1304 1272 agit
1333 1224 1370 1260 in
1403 1225 1482 1261 ani—

421 1289 539 1324 mam,
569 1277 636 1315 sed
663 1277 790 1326 potius
811 1290 830 1313 e
851 1290 1051 1315 converso.
1082 1279 1184 1326 Ergo
1204 1277 1295 1314 vitia
1319 1276 1482 1314 carnalia

421 1342 500 1367 non
529 1338 684 1367 causant
722 1330 940 1367 caecitatem
977 1330 1113 1368 mentis
1147 1338 1183 1368 et
1211 1329 1481 1368 hebetudinem

421 1395 565 1420 sensus.

477 1437 510 1473 3.
545 1436 786 1482 PRAETEREA,
817 1436 1120 1484 unumquodque
1149 1435 1269 1484 magis
1296 1435 1435 1484 patitur
1461 1447 1483 1471 a

421 1488 684 1538 propinquiori
703 1501 819 1537 quam
840 1501 861 1525 a
881 1489 1086 1526 remotiori.
1114 1489 1192 1526 Sed
1210 1488 1484 1537 propinquiora

422 1549 508 1580 sunt
534 1541 651 1578 menti
678 1541 767 1579 vitia
795 1541 1000 1590 spiritualia
1027 1555 1143 1592 quam
1172 1542 1347 1579 carnalia.
1381 1542 1482 1589 Ergo

423 1594 582 1632 caecitas
602 1594 738 1631 mentis
763 1602 798 1631 et
817 1595 1009 1632 hebetudo
1031 1608 1164 1632 sensus
1188 1595 1308 1643 magis
1329 1606 1483 1631 causan-

422 1656 482 1685 tur
510 1660 556 1684 ex
582 1647 680 1684 vitiis
713 1647 966 1696 spiritualibus
1000 1661 1115 1697 quam
1151 1661 1195 1685 ex
1227 1647 1326 1685 vitiis
1355 1659 1484 1684 carna—

422 1701 533 1738 libus.

380 1792 386 1807 ¹
477 1754 551 1790 SED
566 1763 712 1788 CONTRA
726 1763 792 1797 EST
807 1754 911 1800 quod
926 1753 1143 1801 Gregorius,
1161 1753 1286 1790 XXXI
1301 1750 1484 1798 Moral.*,

389 1802 395 1808 ’
424 1806 511 1844 dicit
542 1806 648 1854 quod
675 1805 868 1843 hebetudo
903 1818 1037 1843 sensus
1074 1805 1172 1842 circa
1204 1805 1483 1854 intelligentiam

424 1860 540 1898 oritur
569 1870 613 1894 ex
641 1859 740 1906 gula,
771 1859 929 1896 caecitas
949 1857 964 1888 β
991 1858 1129 1896 mentis
1159 1871 1203 1895 ex
1232 1858 1390 1896 luxuria.

477 1914 702 1950 Responnao
726 1923 910 1949 DICENDUM
934 1914 1038 1960 quod
1057 1911 1239 1961 perfectio
1259 1911 1487 1949 intellectua-

423 1965 466 2003 lis
508 1964 737 2014 operationis
771 1964 810 2002 in
845 1965 1000 2002 homine
1039 1965 1207 2002 consistit
1242 1965 1280 2001 in
1317 1964 1484 2013 quadam

424 2018 673 2067 abstractione
690 2030 711 2054 a
727 2017 961 2056 sensibilium
975 2018 1315 2067 phantasmatibus.
1337 2018 1385 2055 Et
1399 2017 1486 2054 ideo

424 2080 567 2121 quanto
597 2071 806 2109 intellectus
837 2072 1002 2109 hominis
1031 2071 1151 2119 magis
1179 2071 1290 2108 fuerit
1316 2071 1411 2108 liber
1438 2070 1487 2107 ab

423 2124 644 2162 huiusmodi
673 2124 1011 2173 phantasmatibus,
1040 2132 1145 2162 tanto
1164 2124 1291 2174 potius
1316 2123 1488 2160 conside-

373 2212 380 2219 ,
424 2190 506 2216 rare
535 2178 776 2226 intelligibilia
803 2178 941 2226 poterit
978 2185 1014 2215 et
1042 2177 1219 2215 ordinare
1249 2177 1378 2214 omnia
1404 2189 1487 2213 sen-

426 2231 566 2268 sibilia:
597 2231 691 2268 sicut
726 2239 762 2268 et
795 2233 1040 2280 Anaxagoras
1078 2230 1169 2268 dixit
1202 2231 1306 2280 quod
1340 2237 1489 2278 oportet

425 2285 654 2323 intellectum
676 2297 758 2321 esse
786 2284 1000 2322 immixtum
1020 2284 1068 2321 ad
1096 2285 1170 2321 hoe
1191 2283 1296 2332 quod
1316 2282 1488 2332 imperet,

427 2345 463 2374 et
491 2350 605 2386 agens
630 2345 782 2386 oportet
797 2338 904 2385 quod
924 2337 1141 2374 dominetur
1160 2349 1274 2386 super
1294 2336 1489 2374 materiam

427 2390 477 2428 ad
500 2391 574 2428 hoc
602 2391 708 2439 quod
725 2390 846 2440 possit
863 2403 948 2428 eam
979 2402 1137 2427 movere
1161 2396 1176 2418 Υ
1191 2390 1221 2427 *.
1243 2387 1488 2428 Manifestum

428 2452 484 2481 est
502 2452 631 2482 autem
651 2444 756 2493 quod
777 2443 973 2481 delectatio
994 2443 1156 2492 applicat
1174 2443 1426 2480 intentionem
1443 2443 1490 2480 ad

428 2510 474 2534 ea
492 2496 531 2534 in
550 2497 687 2546 quibus
707 2497 840 2545 aliquis
861 2497 1083 2534 delectatur:
1113 2497 1215 2533 unde
1236 2497 1491 2545 Philosophus

428 2550 527 2597 dicit,
548 2550 587 2587 in
606 2551 641 2587 X
659 2551 779 2588 Ethic.
800 2550 831 2596 ²¹²,
861 2550 965 2598 quod
994 2549 1257 2598 unusquisque
1287 2562 1332 2586 ea
1352 2550 1389 2586 in
1409 2549 1490 2597 qui-

480 2683 508 2711 α)
527 2683 624 2707 multos
642 2683 722 2708 etiam
738 2690 788 2707 non
803 2682 925 2707 mundos.
938 2695 957 2701 -·
975 2682 1071 2706 multos
1090 2682 1170 2707 etiam
1184 2688 1235 2706 non
1251 2681 1402 2706 immundos
1421 2681 1487 2705 DFH
1515 2685 1517 2692 ¹

428 2718 559 2751 pABKim,
570 2719 667 2743 multos
679 2718 760 2744 etiam
775 2718 925 2743 immundos
939 2718 1048 2743 PElsAx
1058 2722 1117 2746 eta,
1133 2717 1246 2742 mundos
1259 2720 1286 2741 et
1296 2716 1447 2742 immundos
1457 2716 1490 2740 G.

483 2752 507 2786 β)
527 2755 648 2779 caecitas.
662 2768 681 2772 -
698 2757 787 2778 autem
807 2753 876 2778 addit
894 2754 922 2777 Ρ.

440 645 443 650 “
477 656 561 720 ἐξ
581 644 610 683 (12
633 642 799 679 oriantur
819 653 864 677 ex
882 641 980 678 vitiis
1001 641 1223 678 carnalibus.
1249 642 1482 689 Augustinus
1508 649 1510 659 ¹

479 707 492 721 r
511 715 520 718 -

1537 537 1607 572 bus
1645 535 1849 572 delectatur
1882 535 2024 584 optime
2057 542 2251 583 operatur,
2289 536 2473 573 contraria
2501 547 2594 572 vero

1536 600 1780 637 nequaquam
1813 589 1874 625 vel
1909 587 2090 624 debiliter.
2128 587 2226 623 Vitia
2259 594 2386 625 autem
2421 588 2594 635 carnalia,

1537 642 1675 678 scilicet
1703 641 1789 688 gula
1817 649 1853 677 et
1879 641 2041 686 luxuria,
2072 640 2280 676 consistunt
2307 640 2405 678 circa
2433 641 2595 678 delecta-

1535 695 1658 731 tiones
1694 701 1833 740 tactus‚
1873 693 2046 730 ciborum
2084 692 2224 729 scilicet
2260 700 2295 729 et
2326 706 2594 741 venereorum,

1537 759 1634 796 quae
1663 753 1749 783 sunt
1775 746 2133 784 vehementissimae
2167 746 2276 782 inter'
2292 757 2428 783 omnes
2460 759 2597 795 corpo-

1537 801 1631 837 rales
1652 799 1930 836 delectationes.
1957 800 2006 836 Et
2024 799 2111 836 ideo
2131 810 2199 847 per
2218 799 2313 835 haec
2331 799 2422 835 vitia
2441 799 2595 836 intentio

1535 853 1702 891 hominis
1732 853 1897 890 maxime
1917 853 2125 902 applicatur
2145 853 2192 888 ad
2212 851 2446 901 corporalia,
2475 858 2512 888 et
2527 863 2598 901 per

1537 918 1775 954 consequens
1803 905 2015 943 debilitatur
2043 905 2212 954 operatio
2241 904 2406 942 hominis
2426 904 2525 941 circa
2543 903 2598 942 in-

1536 958 1752 1007 telligibilia:
1782 958 1903 1007 magis
1932 966 2060 996 autem
2087 971 2156 1007 per
2183 957 2370 995 luxuriam
2395 969 2511 1006 quam
2529 968 2600 1006 per

1536 1013 1676 1060 gulam,
1696 1019 1838 1062 quanto
1863 1011 2131 1049 delectationes
2150 1023 2406 1048 venereorum
2426 1017 2514 1048 sunt
2531 1021 2599 1047 ve·

1536 1065 1792 1102 hementiores
1821 1077 1939 1113 quam
1968 1064 2154 1103 ciborum.
2184 1065 2233 1102 Et
2260 1063 2348 1101 ideo
2379 1076 2423 1101 ex
2450 1061 2598 1100 luxuria

1537 1118 1654 1155 oritur
1683 1117 1842 1155 caecitas
1870 1117 2021 1164 mentis,
2041 1130 2139 1167 quae
2168 1117 2276 1165 quasi
2303 1117 2465 1154 totaliter
2493 1116 2598 1164 spiri-

1536 1170 1694 1208 tualium
1723 1170 1915 1207 bonorum
1945 1169 2201 1218 cognitionem
2230 1169 2411 1207 excludit-z
2441 1181 2486 1206 ex
2511 1169 2599 1218 gula

1537 1231 1665 1260 autem
1693 1222 1887 1260 hebetudo
1925 1234 2078 1268 sensus,
2109 1235 2207 1270 quae
2242 1222 2366 1260 reddit
2400 1222 2598 1260 hominem

1538 1274 1701 1312 debilem
1722 1275 1820 1311 circa
1838 1273 1852 1296 δ
1876 1274 2097 1312 huiusmodi
2117 1274 2368 1322 intelligibilia.
2398 1275 2446 1312 Et
2467 1287 2487 1313 e
2507 1287 2598 1313 con-

1535 1341 1649 1366 verso
1683 1327 1881 1378 oppositae
1913 1328 2091 1374 virtutes,
2129 1327 2268 1367 scilicet
2304 1327 2539 1365 abstinentia¹
2563 1335 2600 1364 et

1538 1381 1706 1428 castitas,
1740 1380 1905 1418 maxime
1934 1380 2139 1430 disponunt
2171 1381 2369 1418 hominem
2402 1380 2451 1418 ad
2478 1380 2607 1429 perf&⁵

1537 1434 1702 1472 ctionem
1739 1434 1997 1471 intellectualis
2033 1433 2276 1483 operationis.
2314 1432 2426 1471 Unde
2463 1433 2599 1481 dicitur.

1538 1490 1636 1526 Dan.
1658 1500 1667 1524 1
1687 1487 1718 1534 ²⁸,
1748 1486 1853 1535 quod
1868 1488 1998 1535 pueris
2015 1488 2083 1533 his,
2104 1487 2244 1525 scilicet
2273 1485 2547 1524 abstinentibus
2561 1494 2602 1530 et

1539 1539 1829 1586 continentibus,
1849 1539 1948 1577 dedit
1973 1541 2078 1577 Deus
2098 1541 2292 1578 scientiam
2311 1546 2347 1578 et
2368 1539 2607 1589 disciplinam

1538 1596 1575 1632 in
1605 1594 1709 1631 omni
1735 1593 1830 1630 libro
1859 1598 1895 1630 et
1919 1593 2113 1642 sapientia.
2586 1625 2600 1641 4

1592 1650 1650 1684 An
1670 1659 1807 1684 PR1MUM
1826 1657 1924 1683 ERGO
1944 1658 2126 1684 mensuum
2147 1646 2265 1694 quod,
2286 1645 2464 1695 quamvis
2484 1644 2609 1694 aliqui,

1539 1700 1637 1742 vitiis
1666 1699 1880 1736 carnalibus
1907 1699 2047 1737 subditi
2066 1699 2212 1748 possint
2235 1698 2467 1749 quandoque
2485 1697 2602 1736 subti-

1537 1753 1619 1790 liter
1647 1752 1771 1801 aliqua
1805 1752 1990 1801 speculari
2023 1753 2121 1790 circa
2154 1752 2418 1801 intelligibilia,
2445 1758 2603 1801 propter

1539 1807 1748 1843 bonitatem
1775 1804 1916 1852 ingenii
1943 1806 2122 1843 naturalis
2149 1807 2213 1844 vel
2238 1805 2390 1844 habitus
2417 1804 2610 1854 superam-2

1541 1859 1624 1904 diti;
1651 1866 1778 1896 tamen
1797 1870 1954 1895 necesse
1974 1867 2029 1896 est
2052 1866 2093 1896 ut
2115 1859 2164 1896 ab
2194 1860 2267 1897 hac
2292 1858 2494 1897 subtilitate
2513 1869 2610 1902 con-2*
2642 1902 2644 1907 ,

1539 1910 1797 1962 templationis
1807 1923 1942 1948 eorum
1957 1911 2114 1950 intentio
2127 1913 2354 1962 plerumque
2370 1912 2582 1951 retrahatur
2589 1915 2610 1949 ἐ,

1541 1972 1696 2016 propter
1724 1963 1994 2002 delectationes
2023 1966 2250 2015 corporales
2281 1966 2330 2003 Et
2347 1965 2398 2002 ita
2416 1964 2605 2012 immundi

1540 2026 1701 2068 possunt
1727 2017 1853 2066 aliqua
1880 2030 1973 2055 vera
1993 2018 2098 2066 scire,
2119 2019 2188 2056 sed
2208 2031 2254 2056 ex
2272 2031 2341 2056 sua
2361 2017 2604 2070 immunditia

1543 2073 1639 2109 circa
1666 2072 1740 2108 hoc
1769 2070 2038 2119 impediuntur.

1594 2127 1653 2162 An
1686 2135 1876 2162 SECUNDUM
1900 2135 2084 2162 mOENDUM
2111 2124 2218 2172 quod
2246 2136 2334 2162 caro
2365 2136 2443 2161 non
2471 2123 2547 2172 agit
2565 2123 2604 2161 in

1542 2186 1689 2227 partem
1709 2176 1977 2215 intellectivam
2005 2177 2202 2215 alterando
2220 2177 2365 2226 ipsam:
2395 2177 2463 2215 sed
2482 2177 2604 2227 impe-

1543 2231 1684 2269 diendo
1718 2230 1980 2280 operationem
2013 2230 2130 2279 ipsius
2158 2243 2227 2280 per
2261 2230 2424 2268 modum
2455 2230 2606 2279 praedi-

1545 2292 1660 2322 ctum.

1597 2339 1656 2374 AD
1675 2349 1835 2374 TERTluM
1854 2348 2038 2374 DicENDuM
2067 2337 2171 2384 quod
2199 2335 2291 2372 vitia
2320 2335 2496 2382 carnalia,
2526 2347 2610 2383 quo.

1545 2390 1666 2438 magis
1695 2398 1781 2428 sunt
1800 2398 1947 2427 remota
1967 2402 1991 2426 a
2008 2397 2148 2436 mente,
2169 2402 2216 2426 eo
2237 2389 2358 2438 magis
2377 2388 2458 2426 eius
2486 2389 2606 2429 inten-

1544 2444 1688 2481 tionem
1706 2444 1755 2480 ad
1784 2443 1988 2480 remotiora
2014 2443 2236 2480 distrahunt.
2266 2443 2376 2481 Unde
2397 2442 2518 2490 magis
2536 2441 2607 2481 im-

1544 2496 1702 2545 pediunt
1730 2497 1867 2533 mentis
1896 2495 2272 2545 contemplationem.

1596 2682 1621 2714 γ)
1642 2687 1754 2706 movere.
1767 2694 1786 2699 -
1804 2683 1834 2705 ut
1857 2684 1981 2705 numerat
2000 2680 2173 2712 Philosophus
2193 2680 2218 2705 in
2242 2683 2297 2706 ΧΙΙΙ
2317 2680 2387 2705 addit
2406 2680 2440 2711 D,
2461 2683 2490 2705 ut
2512 2682 2611 2705 narrat

1544 2716 1718 2747 Philosophus
1738 2716 1764 2740 in
1788 2717 1838 2740 VIII
1854 2716 1960 2749 Physic.
1979 2716 2076 2740 addunt
2094 2716 2142 2740 Pu.

1597 2749 1620 2781 ὅ)
1640 2750 1720 2775 circa.
1734 2765 1752 2769 -
1771 2750 1808 2774 ad
1826 2750 1872 2776 Pa.

1597 2787 1620 2818 ε)
1639 2786 1804 2810 retrahatur.
1816 2800 1835 2804 -
1853 2786 2002 2811 retrahitur
2020 2786 2246 2818 ABDEFHprn.

2629 1498 2637 1507 ·
2651 1497 2718 1520 ven.
2732 1503 2764 1524 ¹7-
