2892 4056
1134 198 1399 243 QUAESTlO
1428 199 1513 245 Vll,
1543 199 1839 235 ARTICULUS
1871 199 1883 233 l

1067 394 1516 470 QUAESTIO
1566 393 1959 449 SEPTIMA

1179 509 1263 549 DE
1285 507 1658 551 EFFECTIBUS
1682 508 1842 549 FIDEI

1245 623 1279 648 ΙΝ
1309 623 1403 649 DUOS
1429 622 1630 648 ARTlCULOS
1659 622 1775 647 DIVISA

505 728 613 752 ElNDE
658 714 980 752 considerandum
1023 723 1079 752 est
1114 716 1161 753 de
1201 716 1397 753 effectibus
1434 717 1477 752 fi-

506 770 566 805 dei
596 769 626 804 Ψ.

422 823 470 858 Et
499 821 597 857 circa
625 821 699 857 hoc
729 828 961 869 quaeruntur
990 821 1079 858 duo.

1585 715 1736 752 Primo:
1765 723 1894 753 utrum
1923 717 2036 754 timor
2064 716 2110 753 sit
2139 716 2295 754 effectus
2323 717 2426 756 fidei.

1588 768 1790 858 5εὲιέηᾴοτ
1818 777 1946 807 utrum
1975 769 2189 819 purificatio
2215 769 2339 807 cordis
2368 770 2414 807 sit
2442 771 2598 808 effectus

1699 834 1745 858 ei.

1239 930 1556 974 ARTICULUS
1588 931 1793 973 PRIMUS

1114 1019 1269 1051 UTRUM
1293 1019 1434 1050 TIMOR
1457 1019 1523 1050 SIT
1547 1019 1771 1051 EFFECTUS
1794 1020 1907 1050 Fmffl

456 1115 515 1153 <esc
538 1114 595 1147 ⁹2<
633 1108 656 1133 D
681 1107 817 1134 PRIMUM
843 1108 896 1134 sic
921 1109 1162 1134 PROCEDlTUR.
1191 1098 1351 1135 Videtur
1379 1098 1482 1147 quod

451 1118 611 1209 ᾘΔἙᾸ
633 1149 746 1186 timor
781 1162 860 1187 non
896 1150 941 1187 sit
979 1150 1136 1188 effectus
1173 1151 1276 1188 fidei.
1313 1151 1483 1188 Effectus

439 1205 562 1250 ’,χκη
573 1187 605 1245 'iq
619 1201 737 1240 enim
756 1215 835 1240 non
855 1203 1049 1252 praecedit
1077 1215 1243 1240 causam.
1275 1204 1350 1240 Sed
1370 1203 1484 1240 timor

443 1248 454 1259 '¹
480 1231 578 1291 (ἒὲᾱῖ)
594 1249 827 1305 &praecedit
840 1256 977 1293 fidem:
1008 1255 1142 1293 dicitur
1157 1256 1259 1292 enirn
1273 1256 1390 1293 Eccli.
1408 1268 1430 1292 ιι
1446 1256 1480 1292 ²³⁶:

424 1308 499 1350 Qui
524 1307 657 1345 timetis
684 1310 830 1355 Deum,
860 1310 996 1346 credite
1033 1309 1096 1346 illi.
1127 1309 1229 1357 Ergo
1258 1308 1371 1345 timor
1405 1321 1482 1346 non

421 1367 477 1397 est
505 1360 660 1398 effectus
688 1361 790 1399 fidei.

475 1424 509 1449 2.
537 1414 779 1461 PRAETEREA‚
810 1414 912 1451 idem
942 1425 1021 1451 non
1049 1421 1105 1450 est
1133 1426 1248 1451 causa
1277 1414 1483 1451 contrario-

296 1478 392 1524 uuxxp&
420 1477 518 1502 rum.
540 1467 616 1504 Sed
636 1467 751 1504 timor
771 1474 807 1504 et
834 1479 922 1516 spes
942 1474 1029 1504 sunt
1049 1467 1247 1514 contraria,
1268 1475 1310 1504 ut
1335 1480 1448 1516 supra
1464 1467 1484 1488 ‘¹‘

421 1519 564 1556 dictum
581 1528 656 1557 est:
674 1521 776 1568 fides
789 1526 915 1558 autem
929 1526 1090 1570 generat
1102 1532 1217 1568 spem,
1238 1528 1280 1557 ut
1299 1520 1431 1558 dicitur
1445 1520 1483 1557 in

421 1573 557 1610 Glossa
572 1572 603 1620 *⁷
628 1574 763 1611 Matth.
785 1587 794 1610 1
814 1573 865 1610 *ἦ
888 1574 989 1621 Ergo
1010 1586 1088 1611 non
1109 1581 1165 1610 est
1190 1586 1304 1610 causa
1322 1574 1481 1610 timoris.

476 1626 510 1662 3.
540 1627 773 1673 PRAETEREA,
804 1627 1037 1663 contrarium
1066 1638 1144 1664 non
1174 1635 1229 1664 est
1257 1639 1371 1664 causa
1395 1638 1484 1663 con—

419 1678 532 1715 trarii.
564 1679 640 1716 Sed
669 1680 863 1717 obiectum
891 1680 982 1717 fidei
1011 1687 1067 1716 est
1095 1680 1293 1727 quoddam
1322 1681 1483 1727 bonum,

421 1732 524 1780 quod
554 1739 610 1769 est
628 1733 765 1771 veritas
794 1733 936 1782 prima:
967 1733 1161 1770 obiectum
1191 1740 1319 1770 autem
1339 1733 1484 1770 timoris

421 1791 476 1821 est
503 1785 660 1832 malum,
690 1794 731 1823 ut
759 1797 873 1835 supra
892 1785 912 1806 ²¹⁶
940 1785 1084 1823 dictum
1113 1793 1179 1823 est.
1209 1787 1327 1822 Actus
1355 1793 1483 1823 autem

420 1838 561 1876 habent
595 1838 763 1886 speciem
793 1851 838 1876 ex
874 1837 1032 1876 obiectis
1052 1844 1082 1886 α,
1111 1839 1324 1876 secundum
1354 1851 1483 1887 supra-

421 1891 519 1929 dicta
538 1891 568 1928 ²⁸.
598 1892 701 1939 Ergo
730 1893 827 1930 fides
855 1903 935 1928 non
963 1899 1020 1929 est
1047 1904 1162 1929 causa
1189 1891 1345 1929 timoris.

475 1945 549 1981 SED
570 1955 716 1982 CONTRA
735 1957 802 1982 EST
834 1945 939 1994 quod
960 1944 1095 1982 dicitur
1115 1946 1188 1982 Iac.
1205 1957 1228 1982 ιι
1249 1945 1290 1981 *ε
1319 1945 1485 1982 Daemo-

421 2008 486 2034 nes
513 1998 670 2034 credunt
695 2004 732 2036 et
757 1999 1057 2035 contremiscunt.

475 2051 700 2090 RESPONDEO
733 2063 917 2090 D1CENDUM
954 2051 1059 2101 quod
1093 2050 1207 2087 timor
1241 2058 1297 2087 est
1329 2050 1484 2099 quidam

312 2117 326 2132 u
345 2117 359 2132 κ
377 2116 383 2131 ¹
421 2110 549 2142 motus
576 2104 804 2154 appetitivae
831 2104 991 2151 virtutis,
1013 2111 1054 2142 ut
1073 2116 1187 2153 supra
1205 2103 1226 2124 ’¹‘
1254 2103 1397 2141 dictum
1419 2110 1484 2140 est.

422 2156 610 2195 Omnium
647 2165 777 2195 autem
814 2157 1111 2207 appetitivorum
1144 2164 1322 2194 motuum
1350 2156 1487 2205 princi-

421 2210 529 2259 pium
558 2218 615 2248 est
633 2212 780 2248 bonurn
798 2212 862 2248 vel
882 2211 1026 2248 malum
1047 2210 1343 2259 apprehensum.
1373 2210 1485 2247 Unde

422 2271 573 2314 oportet
605 2265 711 2313 quod
746 2264 893 2302 timoris
922 2271 958 2301 et
986 2263 1161 2302 omnium
1191 2262 1485 2312 appetitivorum

422 2324 599 2355 motuum
627 2317 673 2355 sit
700 2317 928 2367 principium
957 2317 1084 2366 aliqua
1113 2316 1378 2365 apprehensio.
1413 2316 1486 2352 Per

421 2369 541 2408 fidem
570 2378 699 2409 autem
728 2371 770 2408 fit
798 2371 836 2411 in
864 2370 974 2408 nobis
1008 2370 1198 2419 quaedam
1231 2369 1484 2418 apprehensio

424 2423 472 2460 de
501 2422 731 2472 quibusdam
759 2423 869 2461 malis
896 2423 1123 2472 poenalibus
1152 2434 1250 2471 quae
1274 2422 1483 2459 secundum

424 2475 598 2513 divinum
618 2476 799 2514 iudicium
818 2477 1044 2514 inferuntur:
1066 2483 1102 2513 et
1120 2487 1190 2524 per
1203 2475 1306 2512 hunc
1325 2474 1485 2512 modum

422 2529 519 2567 fides
549 2537 604 2566 est
632 2542 746 2567 causa
773 2529 919 2567 timoris
945 2541 1023 2579 quo
1043 2528 1127 2578 quis
1145 2528 1253 2565 timet
1272 2541 1294 2565 a
1312 2528 1398 2564 Deo
1417 2540 1486 2579 pu-

423 2582 510 2626 niri,
540 2581 604 2632 qui
633 2590 688 2620 est
719 2582 834 2621 timor
866 2582 1024 2621 servilis.
1063 2582 1132 2620 Est
1159 2581 1273 2620 etiam
1303 2593 1417 2620 causa
1445 2581 1486 2618 ti-

424 2636 542 2674 moris
569 2635 704 2682 filialis,
726 2648 802 2685 quo
832 2636 915 2685 quis
943 2635 1050 2672 timet
1077 2634 1244 2683 separari
1264 2646 1287 2671 a
1306 2635 1404 2681 Deo,
1425 2635 1486 2672 vel

424 2701 500 2736 quo
529 2688 614 2738 quis
651 2689 784 2737 refugit
815 2701 856 2726 se
894 2689 979 2725 Deo
1018 2699 1238 2736 comparare
1276 2687 1486 2724 reverendo

425 2741 567 2790 ipsum3
588 2741 812 2791 inquantum
831 2754 900 2792 per
914 2741 1033 2779 fidem
1053 2741 1152 2778 hanc
1172 2739 1486 2777 existimationem

479 2872 506 2904 α)
525 2872 641 2899 obiectis.
659 2886 678 2892 -
697 2873 796 2898 obiecto
816 2873 862 2898 Pa.

479 2907 504 2939 β)
524 2907 638 2933 timoris.
655 2922 673 2928 -
690 2908 792 2935 amom’s
809 2907 951 2940 BFHpAE.
969 2921 988 2927 -
1006 2907 1058 2932 Pro
1077 2907 1188 2942 infliget,
1209 2906 1330 2939 infligere
1348 2905 1404 2931 vult
1423 2905 1470 2930 Pa.

1537 1099 1724 1135 habemus
1754 1098 1800 1135 de
1830 1099 1928 1146 Deo,
1957 1100 2062 1149 quod
2083 1098 2128 1136 sit
2151 1100 2348 1148 quoddam
2368 1100 2601 1139 immensum

1538 1158 1574 1187 et
1602 1151 1826 1187 altissimum
1855 1151 2019 1198 bonum,
2048 1163 2071 1188 a
2098 1164 2176 1200 quo
2205 1153 2372 1201 separari
2401 1161 2456 1190 est
2482 1153 2600 1203 pessi—

1538 1215 1645 1240 mum
1675 1211 1710 1239 et
1739 1204 1799 1239 cui
1827 1204 1926 1240 velle
1954 1204 2108 1255 aequari
2133 1212 2188 1241 est
2206 1206 2362 1243 malum.
2394 1206 2471 1244 Sed
2489 1206 2601 1256 primi

1537 1255 1695 1302 timoris,
1725 1255 1863 1292 scilicet
1891 1256 2047 1303 servilis,
2077 1262 2133 1293 est
2160 1269 2274 1295 causa
2300 1258 2398 1296 fides
2417 1259 2599 1298 informis.

1539 1308 1617 1345 Sed
1636 1308 1793 1345 secundi
1813 1307 1971 1356 timoris,
1988 1308 2129 1345 scilicet
2146 1309 2280 1357 filialis,
2297 1318 2352 1348 est
2372 1323 2486 1348 causa
2503 1311 2601 1351 fides

1537 1361 1709 1408 formata,
1730 1373 1828 1409 quae
1857 1373 1926 1410 per
1954 1361 2147 1399 caritatem
2175 1362 2262 1399 facit
2288 1364 2489 1401 hominem
2517 1365 2602 1401 Deo

1539 1414 1735 1452 inhaerere
1764 1421 1800 1451 et
1829 1414 1862 1451 ei
1892 1414 2037 1452 subiici.

1591 1469 1650 1504 AD
1670 1479 1807 1505 ramum
1827 1479 1925 1505 ERGO
1946 1479 2130 1506 mcENDUM
2159 1469 2264 1518 quod
2294 1467 2409 1506 timor
2432 1467 2504 1506 Dei
2523 1481 2603 1506 non

1536 1526 1662 1569 potest
1697 1520 1959 1558 universaliter
1994 1520 2226 1569 praecedere
2262 1522 2408 1559 fidem:
2447 1521 2536 1570 quia
2573 1521 2604 1559 si

1538 1573 1696 1610 omnino
1718 1573 1797 1610 eius
1825 1574 2077 1622 ignorantiam
2097 1575 2327 1611 haberemus
2347 1582 2534 1622 quantum
2553 1575 2603 1612 ad

1537 1626 1707 1675 praemia
1734 1627 1796 1663 vel
1824 1639 1969 1675 poenas
1997 1627 2044 1664 de
2073 1627 2210 1676 quibus
2229 1639 2299 1676 per
2315 1627 2435 1664 fidem
2455 1627 2603 1665 instrui-

1538 1691 1636 1727 mur,
1657 1679 1761 1717 nullo
1781 1681 1900 1718 modo
1919 1692 2010 1717 eum
2038 1681 2272 1718 timeremus.
2303 1681 2380 1718 Sed
2409 1680 2604 1730 supposita

1537 1732 1614 1769 fide
1635 1732 1682 1770 de
1702 1732 1891 1781 aliquibus
1911 1733 2073 1770 articulis
2091 1733 2194 1780 fidei,
2209 1741 2302 1783 puta
2321 1733 2368 1771 de
2384 1733 2604 1771 excellentia

1538 1784 1679 1832 divina,
1696 1785 1865 1834 sequitur
1877 1786 1993 1823 timor
2008 1786 2255 1834 reverentiae,
2273 1799 2318 1823 ex
2337 1799 2414 1837 quo
2435 1786 2604 1837 sequitur

1537 1838 1692 1876 ulterius
1719 1846 1761 1875 ut
1787 1839 1908 1876 homo
1937 1838 2166 1877 intellectum
2186 1851 2300 1877 suum
2319 1840 2406 1877 Deo
2433 1839 2605 1880 subiiciat

1538 1892 1588 1929 ad
1616 1891 1853 1928 credendum
1881 1892 2012 1929 omnia
2028 1890 2131 1941 quae
2150 1899 2238 1929 sunt
2255 1892 2444 1941 promissa
2463 1904 2486 1929 a
2504 1893 2603 1930 Deo.

1538 1944 1650 1981 Unde
1689 1944 1740 1981 ibi
1782 1944 1970 1993 sequitur:
2008 1950 2046 1981 et
2075 1957 2149 1982 non
2183 1945 2428 1982 evacuabitur
2462 1954 2605 1983 meroes

1538 2002 1674 2034 vestra.
1966 2020 1971 2023 »

1592 2052 1652 2087 An
1685 2061 1875 2087 SECUNDUM
1907 2061 2091 2089 mcENDuM
2125 2051 2230 2101 quod
2258 2049 2361 2088 idem
2390 2050 2604 2090 secundum

1539 2110 1726 2141 contraria
1744 2110 1869 2151 potest
1888 2115 1971 2141 esse
1995 2111 2273 2141 contrariorum
2293 2115 2419 2151 causa,
2439 2115 2519 2143 non
2536 2115 2603 2141 au-

1538 2164 1617 2194 tem
1645 2156 1748 2193 idem
1777 2156 1989 2193 secundum
2018 2156 2132 2194 idem.
2162 2156 2276 2194 Fides
2301 2163 2430 2194 autem
2449 2164 2604 2205 generat

1539 2220 1648 2258 spem
1669 2208 1881 2246 secundum
1905 2209 2012 2256 quod
2031 2209 2119 2246 facit
2145 2210 2257 2246 nobis
2286 2208 2601 2248 existimationem

1540 2263 1588 2299 de
1615 2262 1793 2311 praemiis
1812 2273 1911 2310 quae
1930 2263 2035 2299 Deus
2055 2261 2224 2299 retribuit
2242 2261 2357 2300 iustis.
2387 2262 2455 2299 Est
2475 2270 2602 2301 autem

1541 2327 1656 2353 causa
1683 2314 1828 2352 timoris
1847 2313 1863 2344 β
1890 2315 2103 2353 seeundum
2123 2315 2229 2363 quod
2248 2315 2335 2352 facit
2353 2314 2465 2353 nobis
2494 2314 2604 2354 aesti-

1538 2367 1748 2406 mationem
1777 2367 1825 2405 de
1852 2367 1988 2416 poenis
2016 2380 2111 2417 quas
2129 2366 2393 2416 peccatoribus
2420 2367 2576 2416 infliget.

1593 2424 1651 2459 An
1679 2432 1840 2458 TERTiuM
1868 2432 2053 2458 monimum
2079 2421 2187 2470 quod
2206 2420 2399 2458 obiectum
2418 2420 2510 2458 fidei
2528 2421 2603 2470 pri-

1540 2485 1649 2511 mum
1676 2481 1712 2510 et
1739 2474 1898 2510 formale
1927 2481 1982 2510 est
2010 2474 2156 2511 bonurn
2175 2473 2281 2523 quod
2300 2480 2356 2511 est
2372 2474 2512 2511 veritas
2529 2475 2604 2524 pri—

1541 2539 1616 2564 ma.
1638 2526 1715 2564 Sed
1734 2526 1976 2565 materialiter
1994 2526 2084 2564 fidei
2098 2531 2114 2554 ἵ
2128 2533 2395 2577 proponuntur
2413 2526 2604 2566 credenda

1541 2579 1654 2617 etiam
1678 2579 1869 2629 quaedam
1887 2579 2008 2616 mala:
2037 2586 2128 2630 puta
2156 2579 2262 2629 quod
2289 2580 2434 2618 malum
2453 2579 2500 2619 sit
2517 2580 2603 2619 Deo

1541 2645 1620 2670 non
1647 2632 1780 2670 subiici
1799 2632 1862 2669 vel
1890 2632 1938 2670 ab
1967 2645 2014 2670 eo
2043 2632 2221 2681 separari,
2243 2639 2280 2670 et
2297 2633 2402 2681 quod
2428 2640 2604 2682 peccato-

1541 2698 1601 2723 res
1629 2685 1805 2734 poenalia
1832 2685 1934 2722 mala
1961 2685 2202 2722 sustinebunt
2224 2698 2247 2722 a
2266 2680 2363 2722 Deo.
2393 2686 2443 2723 Et
2469 2698 2605 2724 secun-

1542 2738 1635 2776 dum
1662 2739 1737 2775 hoc
1764 2737 1861 2774 fides
1889 2745 2014 2786 potest
2041 2750 2125 2775 esse
2153 2749 2268 2775 causa
2296 2738 2452 2775 timoris.

1594 2870 1621 2902 γ)
1633 2869 1711 2901 fidei.
1729 2882 1748 2889 -
1767 2869 1793 2893 in
1812 2871 1874 2894 ortu
1887 2868 1955 2902 fidei
1973 2868 1992 2893 1.

1099 2984 1433 3019 commentaria
1457 2982 1706 3016 Carfflnahs
1728 2982 1928 3017 Caietam

455 3075 477 3097 Ν
501 3065 695 3107 quaestionis
719 3065 870 3108 septimae
893 3071 1031 3106 utroque
1051 3064 1183 3096 articulo
1203 3064 1330 3095 nullum
1353 3062 1487 3094 occurrit

430 3077 603 3139 Idubium.
629 3109 663 3138 In
687 3109 791 3151 primo
816 3115 922 3140 tamen
947 3108 1078 3140 articulo
1094 3108 1220 3141 adverte
1242 3107 1315 3138 hinc
1338 3107 1487 3138 timorem

189 3154 400 3208 2221’0‘521‘35-{25‘
426 3156 493 3195 quo
518 3153 664 3184 caelestes
687 3159 873 3193 potestates,
900 3153 1045 3194 quamvis
1071 3153 1195 3190 beatae,
1220 3159 1352 3183 tremere
1378 3150 1486 3182 dicun-

427 3204 478 3228 tur
491 3197 518 3235 *,
538 3207 575 3228 ex
597 3196 718 3228 visione
743 3197 866 3228 divinae
882 3196 1089 3234 excellentiae,
1106 3203 1136 3227 et
1159 3196 1208 3227 sui
1233 3195 1355 3226 malum
1374 3205 1488 3237 aequa-

1539 3063 1633 3094 litatis
1657 3062 1869 3093 abhorrentes.
1890 3080 1911 3085 -
1928 3062 1963 3092 In
1993 3062 2134 3093 secundo
2158 3068 2281 3099 autem,
2306 3063 2395 3104 quod
2422 3062 2543 3105 puritas
2566 3063 2605 3095 de

1540 3117 1603 3148 qua
1627 3113 1673 3137 est
1696 3116 1801 3138 sermo
1825 3116 1890 3137 non
1915 3113 1961 3137 est
1984 3105 2043 3137 nisi
2066 3106 2187 3148 puritas
2211 3106 2339 3147 culpae:
2363 3107 2440 3138 haec
2464 3107 2550 3138 enim
2569 3105 2605 3138 fl-

1542 3151 1591 3182 dei
1615 3151 1802 3182 attribuitur.

1414 3354 1650 3361 «ΆΛΜΝ
