2892 4056
199 745 207 753 ¹
220 744 268 765 Lib.
285 744 313 766 11.
324 750 349 765 ca
369 759 374 764 .
385 751 407 769 v,

198 776 220 791 11.
229 778 252 796 4.
260 783 269 786 -
278 751 407 792 S.Th.i)ect.

197 803 217 817 v.

197 850 205 858 ⁸
215 849 264 877 Lib.
272 850 310 874 111,
320 855 371 876 cap.
381 855 404 873 ιι,

198 879 352 923 terit-³02:
361 875 404 922 tt:

197 928 235 952 Vl,
251 934 299 955 cap.
311 934 334 954 ιι,
347 934 369 948 n.
379 934 404 953 ες

197 961 214 975 s.
226 954 269 975 Th.
285 955 336 975 lect.
348 960 370 975 11.

196 983 205 991 ⁸
216 981 310 1002 Catilin.

291 1122 307 1138 α

193 1336 200 1342 ·
213 1333 269 1360 Cap.
279 1339 310 1359 tx,
319 1338 341 1354 n.
351 1338 366 1353 1.

194 1436 199 1444 ‘
212 1435 244 1456 Ca
264 1450 269 1455 .
282 1440 398 1461 vt1,n.15;

193 1468 212 1482 s.
224 1461 268 1482 T1.
285 1461 335 1481 lect.
351 1466 399 1480 rx.—

190 1487 213 1534 1ΙἼΙ
222 1487 294 1534 Ili-het„
306 1493 356 1514 cap.
368 1493 399 1512 1x‚

191 1600 199 1607 '
209 1598 345 1625 Qu.xxv111‚
357 1602 399 1619 art.

189 1631 212 1651 4;
222 1628 399 1652 qu.xx1x‚art.4.

188 1703 399 1730 ’‘AdRorn.cap.xn‚

189 1736 247 1751 vers.
260 1736 288 1757 15·

187 2182 196 2190 ³
203 2181 259 2207 Cap.
268 2178 396 2201 v11.-S.Th.

187 2208 239 2228 lect.
251 2212 300 2233 vm,
312 2212 344 2227 tx.

187 2342 196 2351 ⁸
213 2341 270 2367 Cap.
286 2347 308 2361 v.

454 214 527 249 242

1123 202 1389 247 QUAESTIO
1419 204 1546 250 XXX,
1575 203 1871 239 ARTICULUS
1902 205 1950 239 111

1250 318 1567 360 ARTICULUS
1596 318 1826 360 TERTIUS

1158 401 1314 432 UTRUM
1338 401 1646 433 MisEmcoamA
1670 401 1736 431 SIT
1760 402 1917 432 vmrus

622 472 644 495 1⁸
664 471 719 501 11³⁶,
740 478 783 502 qu.
805 478 852 499 Lxx,
873 475 918 494 art.
942 477 963 500 1,
984 469 1015 494 ad
1036 469 1063 499 3;
1084 469 1115 493 111
1135 470 1217 499 Sent„
1233 471 1292 496 dist.
1309 479 1378 502 xxm,
1399 480 1444 504 qu.
1461 479 1478 501 1,
1499 476 1544 495 art.
1565 470 1588 501 3,
1608 470 1657 502 qu¹²
1682 477 1705 501 2,
1726 471 1757 495 ad
1778 477 1805 501 2;
1826 471 1868 502 IV,
1889 471 1946 496 dist.
1966 479 2006 503 κν,
2026 479 2070 504 qu.
2090 479 2121 502 11,
2141 477 2188 498 art.
2211 481 2232 505 1,
2252 474 2302 507 qu'·
2321 475 2344 507 3,
2363 476 2396 500 ad
2417 484 2446 508 2;

1306 516 1347 540 De
1364 516 1448 545 Malo,
1469 523 1513 548 qu.
1531 523 1554 546 x,
1574 520 1621 539 art.
1642 522 1666 545 2,
1685 515 1717 539 ad
1736 515 1762 540 8.

557 621 573 635 N,
594 607 596 612 =
617 597 673 621 ..D
694 596 854 620 TERTIUM
873 596 926 620 Sic
952 595 1192 622 PROCEDITUR.
1223 585 1383 622 Videtur
1403 586 1508 633 quod

493 630 516 650 '¹
577 630 625 686 ²⁷³)
651 636 914 674 misericordia
942 649 1022 672 non
1056 637 1101 673 sit
1128 637 1261 674 virtus.
1292 638 1508 686 Principale

618 689 752 726 enim
771 689 810 725 in
829 689 968 725 virtute
991 698 1046 725 est
1067 690 1218 726 electio:
1248 698 1289 726 ut
1307 699 1411 739 patet
1437 703 1508 739 per

524 766 534 769 -
625 743 950 790 Philosophum,
980 742 1019 778 in
1047 742 1144 779 libro
1173 744 1294 780 Ethic.
1315 743 1334 765 ἧς
1358 742 1504 779 Electio

435 803 563 832 autem
595 803 650 831 est
677 795 858 843 appetitus
882 795 1188 843 praeconsiliati,
1223 804 1264 832 ut
1296 796 1335 832 in
1363 796 1504 833 eodem

433 849 528 885 libro
549 848 568 869 ²¹⁴
589 847 734 884 dicitur.
765 847 860 884 Illud
881 860 968 895 ergo
990 849 1096 896 quod
1124 848 1283 897 impedit
1303 849 1503 885 consilium

432 914 511 937 non
539 908 666 949 potest
694 901 766 938 dici
794 901 924 937 virtus.
956 901 1033 937 Sed
1054 901 1316 939 misericordia
1344 902 1505 951 impedit

433 954 652 990 consilium:
683 954 895 990 secundum
915 954 1007 991 illud
1029 955 1192 991 Sallustii
1212 955 1247 991 *ε
1282 956 1418 992 Omnes
1437 956 1502 992 ho-

431 1007 550 1043 mines
578 1007 642 1054 qui
673 1008 718 1043 de
751 1008 861 1043 rebus
888 1008 1008 1044 dubiis
1045 1008 1257 1045 consultant
1295 1009 1344 1045 ab
1372 1009 1431 1045 ira
1469 1014 1504 1045 et

431 1060 691 1096 misericordia
711 1071 852 1096 vacuos
872 1072 950 1096 esse
977 1062 1095 1097 decet:
1124 1073 1198 1097 non
1228 1061 1327 1097 enim
1352 1062 1502 1098 animus

425 1113 543 1160 facile
569 1124 703 1149 verum
726 1113 905 1161 providet
927 1118 944 1134 0‘
973 1114 1038 1150 ubi
1063 1114 1132 1150 ista
1162 1114 1352 1162 officiunt..
1395 1115 1499 1161 Ergo

430 1164 694 1202 misericordia
722 1178 801 1202 non
831 1174 886 1202 est
913 1166 1045 1203 virtus.

484 1230 519 1255 2.
550 1219 785 1265 PRAETEREA,
815 1218 907 1255 nihil
946 1219 1051 1267 quod
1081 1226 1137 1255 est
1165 1218 1396 1254 contrarium
1425 1219 1499 1255 vir-

428 1271 498 1307 tuti
527 1278 583 1307 est
610 1272 811 1308 laudabile.
853 1272 929 1308 Sed
958 1272 1124 1308 nemesis
1154 1271 1403 1307 contrariatur
1431 1271 1500 1307 mi-

429 1324 680 1371 sericordiae,
710 1332 752 1360 ut
782 1324 1040 1373 Philosophus
1071 1324 1179 1371 dicit,
1208 1324 1247 1360 in
1276 1325 1308 1359 ll
1336 1325 1445 1361 Rhet.
1479 1323 1499 1345 ³¹⁸

427 1377 607 1414 Nemesis
645 1384 773 1413 autem
803 1384 859 1413 est
885 1377 1012 1425 passio
1051 1376 1264 1425 laudabilis,
1293 1383 1335 1413 ut
1364 1377 1499 1415 dicitur

427 1431 465 1467 in
494 1431 526 1466 II
555 1429 675 1466 Ethic.
704 1429 724 1451 ’¹‘
752 1430 854 1477 Ergo
884 1430 1146 1467 misericordia
1174 1442 1252 1466 non
1281 1437 1338 1466 est
1364 1430 1496 1467 virtus.

483 1484 517 1520 3.
552 1484 790 1529 PRAETEREA,
820 1483 1005 1530 gaudium
1035 1491 1071 1519 et
1097 1495 1173 1531 pax
1193 1495 1272 1520 non
1301 1490 1389 1519 sunt
1413 1496 1497 1532 spe-

429 1536 541 1572 ciales
568 1536 727 1572 virtutes
755 1536 845 1585 quia
873 1543 1161 1584 consequuntur
1186 1548 1230 1572 ex
1256 1536 1424 1583 caritate,
1457 1543 1499 1573 ut

428 1601 542 1638 supra
561 1588 581 1610 ³⁸
601 1589 743 1625 dictum
774 1596 839 1625 est.
871 1589 948 1626 Sed
979 1590 1091 1626 etiarn
1121 1589 1379 1626 misericordia
1408 1602 1497 1626 con-

428 1642 598 1691 sequitur
620 1654 663 1678 ex
684 1641 854 1679 caritate:
884 1643 936 1678 sic
970 1643 1071 1680 enim
1103 1654 1148 1678 ex
1177 1642 1329 1679 caritate
1355 1643 1498 1690 flemus

426 1708 512 1732 cum
531 1695 712 1743 flentibus
735 1695 831 1731 sicut
857 1695 1070 1743 gaudemus
1093 1707 1178 1731 cum
1201 1695 1454 1744 gaudentibus
1464 1695 1494 1732 ⁹¹⁸.

426 1750 529 1795 Ergo
559 1747 819 1784 misericordia
848 1759 926 1783 non
956 1756 1011 1784 est
1039 1747 1211 1796 specialis
1238 1747 1370 1784 virtus.

478 1813 515 1847 4.
551 1802 788 1846 PRAETEREA,
820 1812 909 1836 cum
938 1800 1202 1837 misericordia
1244 1801 1292 1837 ad
1320 1800 1402 1837 vim
1431 1813 1497 1849 ap-

424 1854 625 1902 petitivam
655 1852 852 1900 pertineat,
883 1864 962 1889 non
992 1860 1048 1889 est
1074 1853 1193 1890 virtus
1222 1852 1496 1890 intellectualis.

426 1908 510 1943 Nec
530 1914 585 1942 est
603 1905 722 1943 virtus
743 1905 977 1953 theologica:
999 1918 1087 1943 cum
1107 1919 1186 1943 non
1207 1906 1348 1942 habeat
1366 1907 1494 1943 Deum

424 1972 495 2009 pro
526 1959 689 1996 obiecto.
721 1959 901 1996 Similiter
930 1959 1044 1996 etiam
1073 1972 1152 1996 non
1181 1967 1238 1995 est
1264 1959 1384 1996 virtus
1413 1972 1496 1995 rno-

425 2012 532 2049 ralis:
563 2012 651 2060 quia
681 2023 752 2047 nec
781 2020 836 2048 est
864 2012 962 2048 circa
1000 2012 1258 2060 operationes,
1288 2013 1364 2048 hoc
1393 2012 1494 2048 enim

424 2066 587 2114 pertinet
606 2067 654 2102 ad
674 2064 875 2110 iustitiam3
905 2077 975 2102 nec
995 2073 1051 2102 est
1071 2065 1169 2102 circa
1183 2065 1394 2113 passiones,
1416 2077 1494 2102 non

426 2119 528 2155 enim
567 2117 759 2155 reducitur
788 2119 837 2154 ad
866 2117 1033 2167 aliquam
1064 2118 1271 2155 duodecim
1309 2118 1494 2155 medieta-

424 2179 506 2208 tum
536 2183 632 2218 quas
651 2170 910 2219 Philosophus
929 2171 1049 2220 ponit,
1071 2171 1110 2208 in
1139 2172 1170 2207 ΙΙ
1199 2171 1320 2208 Ethic.
1341 2171 1361 2193 ’¹‘
1389 2171 1492 2219 Ergo

425 2223 686 2261 misericordia
714 2236 793 2260 non
822 2230 879 2260 est
905 2225 1038 2262 virtus.

479 2279 553 2314 SED
569 2289 716 2314 CONTRA
736 2288 802 2313 EST
821 2278 924 2326 quod
945 2276 1180 2324 Augustinus
1200 2276 1300 2323 dicit,
1317 2276 1355 2312 in
1375 2277 1428 2312 IX
1447 2277 1493 2313 de

430 2331 509 2367 Ciu.
540 2331 614 2366 Dei
632 2331 663 2366 *ε
694 2330 829 2378 Longe
856 2330 988 2366 melius
1016 2336 1052 2366 et
1067 2329 1270 2366 humanius
1289 2334 1324 2365 et
1335 2330 1490 2376 piorum

424 2383 591 2420 sensibus
605 2383 925 2419 accommodatius
949 2383 1079 2419 Cicero
1096 2381 1110 2412 β
1125 2383 1162 2419 in
1188 2382 1362 2418 Caesaris
1381 2382 1493 2419 laude

426 2435 650 2485 locutusssest,
673 2435 737 2471 ubi
766 2435 837 2472 ait:
867 2450 886 2468 <x
903 2435 1024 2472 Nulla
1043 2436 1089 2472 de
1111 2435 1310 2471 virtutibus·
1334 2436 1405 2471 tuis
1424 2447 1492 2472 nec

425 2488 687 2525 admirabilior
714 2500 782 2524 nec
808 2488 959 2537 gratior
976 2488 1235 2525 misericordia
1255 2494 1318 2524 est.
1338 2503 1358 2521 »
1389 2488 1491 2536 Ergo

425 2541 687 2578 misericordia
716 2549 771 2577 est
798 2541 929 2578 virtus.

478 2596 704 2632 RESPONDEO
733 2605 915 2630 montinum
936 2593 1041 2642 quod
1062 2592 1323 2630 misericordia
1347 2592 1490 2642 impor-

424 2655 477 2684 tat
505 2647 679 2684 dolorem
710 2647 756 2683 de
785 2646 937 2683 miseria
966 2647 1098 2683 aliena.
1129 2648 1202 2683 Iste
1231 2653 1359 2683 autem
1381 2646 1492 2683 dolor

423 2707 549 2749 potest
568 2700 780 2746 nominare,
801 2712 879 2736 uno
909 2699 1065 2748 quidem
1095 2700 1227 2746 modo,
1255 2707 1405 2736 motum
1427 2711 1491 2748 ap-

423 2754 561 2802 petitus
589 2752 768 2790 sensitivi.
812 2754 861 2789 Et
888 2753 1101 2790 secundum
1130 2753 1204 2789 hoc
1232 2751 1491 2789 misericordia

423 2807 551 2855 passio
573 2813 639 2852 est,
657 2813 692 2842 et
711 2818 789 2842 non
808 2806 938 2843 virtus.
956 2827 981 2834 -
1007 2805 1095 2842 Alio
1115 2817 1210 2842 vero
1226 2805 1345 2842 modo
1366 2812 1492 2853 potest

425 2859 624 2896 nominare
644 2866 793 2895 motum
813 2858 1002 2908 appetitus
1027 2857 1257 2904 intellectivi,
1276 2857 1488 2895 secundum

426 2973 509 3032 Ρῦοὲ
522 2973 657 3005 providet.
675 2987 695 2991 -
709 2972 851 3004 praevidet
870 2972 902 3004 P;
922 2981 970 3005 pro
993 2973 1127 3006 officiunt,
1152 2972 1272 3007 efficiunt
1294 2973 1350 3002 Ha,
1369 2971 1491 3004 afficiunt

473 3016 485 3032 s
513 3025 520 3033 .

1561 586 1665 632 quod
1695 585 1805 622 alicui
1834 587 2004 636 displicet
2033 589 2177 624 malum
2207 589 2370 627 alterius.
2401 591 2474 628 Hic
2494 599 2623 628 autern

1561 645 1689 674 motus
1708 646 1834 686 potest
1863 653 1944 677 esse
1965 641 2177 677 secundum
2207 642 2394 680 rationem
2415 645 2622 691 regulatus:

1561 698 1596 726 et
1623 699 1748 739 potest
1781 693 1995 730 secundum
2023 694 2126 730 hunc
2155 703 2304 732 motum
2343 695 2486 733 ratione
2515 710 2623 745 regu-

1559 744 1676 779 latum
1707 745 1867 792 regulari
1901 754 2028 782 motus
2058 747 2245 783 inferioris
2273 748 2472 796 appetitus.
2511 750 2622 787 Unde

1557 798 1791 844 Augustinus
1821 798 1920 845 dicit,
1950 799 1988 835 in
2008 801 2060 836 IX
2092 800 2138 836 de
2176 800 2254 836 Civ.
2276 801 2351 836 Dei
2367 801 2398 847 ³¹⁵,
2429 803 2533 850 quod
2558 803 2624 839 iste

1556 855 1678 886 motus·
1705 851 1836 897 animi,
1866 851 2006 888 scilicet
2034 852 2307 900 misericordia,
2344 855 2461 890 servit
2485 856 2625 892 rationi

1555 903 1707 949 quando
1732 904 1783 940 ita
1805 905 2008 951 praebetur
2031 906 2290 942 misericordia
2318 912 2356 942 ut
2379 907 2515 944 iustitia
2535 919 2621 944 con-

1553 961 1741 992 servetur.-
1767 957 1846 993 sive
1873 969 1958 994 cum
1996 959 2180 1007 indigenti
2205 959 2401 1005 tribuitur,
2430 960 2509 997 sive
2535 972 2621 997 cum

1553 1007 1763 1057 ignoscitur
1784 1011 1999 1058 poenitenti.
2031 1012 2079 1047 Et
2099 1011 2187 1059 quia
2208 1011 2301 1048 ratio
2321 1012 2469 1049 virtutis
2488 1013 2621 1050 huma-

1552 1073 1624 1096 nae
1663 1062 1832 1098 consistit
1860 1063 1898 1099 in
1926 1064 2001 1100 hoc
2029 1064 2136 1111 quod
2164 1072 2291 1101 motus
2329 1065 2446 1101 animi
2475 1065 2621 1102 ratione

1552 1114 1753 1161 reguletur‚
1784 1123 1825 1151 ut
1854 1128 1899 1152 ex
1927 1117 2186 1164 superioribus
2206 1117 2225 1138 ³¹⁶
2243 1125 2358 1166 patet,
2381 1131 2621 1167 consequens

1552 1173 1608 1202 est
1635 1166 1940 1204 misericordiam
1970 1180 2052 1214 esse
2081 1169 2272 1206 virtutem.

1603 1219 1662 1254 AD
1691 1231 1831 1256 ptumum
1860 1232 1959 1256 ERGO
1987 1232 2172 1258 DICENDUM
2202 1223 2306 1271 quod
2326 1224 2530 1263 auctoritas
2558 1225 2620 1261 illa

1551 1271 1716 1307 Sallustii
1757 1271 1973 1320 intelligitur
2014 1274 2061 1309 de
2103 1274 2364 1312 misericordia
2405 1279 2620 1315 secundum

1550 1324 1655 1371 quod
1685 1332 1740 1360 est
1766 1325 1895 1372 passio
1925 1325 2070 1362 ratione
2098 1339 2178 1363 non
2206 1327 2386 1375 regulata.
2425 1328 2488 1365 Sic
2517 1330 2619 1368 enim

1548 1376 1710 1424 impedit
1746 1378 1949 1415 consilium
1978 1378 2154 1427 rationis,
2195 1379 2287 1416 dum
2314 1380 2403 1418 facit
2429 1394 2452 1418 a
2479 1381 2620 1421 iustitia

1550 1429 1761 1466 discedere.
2582 1479 2584 1482 v

1601 1485 1661 1519 AD
1689 1494 1880 1520 SECUNDUM
1917 1495 2104 1521 DICENDUM
2142 1486 2246 1534 quod
2275 1486 2536 1535 Philosophus
2563 1489 2620 1526 lo'-

1548 1535 1677 1582 quitur
1703 1535 1755 1572 ibi
1785 1535 1832 1572 de
1862 1536 2125 1574 misericordia
2154 1546 2190 1575 et
2218 1539 2366 1576 nemesi
2403 1541 2619 1579 secundum

1549 1588 1655 1636 quod
1691 1598 1899 1637 utrumque
1934 1597 1991 1626 est
2021 1591 2164 1639 passio,
2203 1591 2253 1628 Et
2278 1592 2423 1629 habent
2459 1593 2616 1642 quidem

1548 1641 1854 1678 contrarietatem
1883 1655 1928 1679 ex
1955 1651 2063 1691 parte
2092 1644 2366 1682 aestimationis
2395 1658 2513 1694 quam
2551 1646 2619 1685 ha'-

1548 1694 1640 1731 bent
1660 1694 1706 1731 de
1736 1694 1846 1731 malis
1865 1695 2009 1743 alienis,
2032 1696 2078 1733 de
2108 1696 2246 1745 quibus
2266 1696 2482 1736 misericors
2502 1699 2617 1750 dolet,

1545 1746 1775 1794 inquantum
1795 1747 1969 1785 aestimat
1992 1746 2162 1797 aliquem
2187 1749 2342 1798 indigna
2359 1751 2456 1800 pati;
2486 1765 2618 1790 neme-

1547 1799 1686 1836 seticus
1696 1805 1712 1828 Υ
1727 1807 1856 1837 autem
1871 1801 2023 1848 gaudet,
2035 1801 2262 1850 inquantum
2278 1804 2618 1855 aestimataliquos

1548 1852 1660 1900 digne
1688 1853 1784 1901 pati,
1820 1861 1857 1889 et
1884 1853 2051 1891 tristatur
2079 1854 2110 1891 si
2137 1855 2302 1904 indignis
2330 1857 2429 1894 bene
2458 1858 2616 1896 accidat.

1547 1905 1596 1942 Et
1616 1911 1817 1954 utrumque
1835 1912 1890 1943 est
1914 1906 2114 1954 laudabile,
2135 1914 2170 1944 et
2197 1910 2246 1945 ab
2269 1909 2399 1946 eodem
2428 1922 2536 1948 more
2552 1910 2615 1950 de-

1545 1958 1736 2004 scendens,
1765 1966 1807 1995 ut
1834 1959 1981 1997 ibidem
2002 1961 2022 1981 '¹‘
2050 1960 2198 1998 dicitur.
2229 1962 2307 1999 Sed
2325 1963 2482 2012 proprie
2500 1963 2616 2002 mise-

1545 2011 1735 2048 ricordiae
1764 2012 1973 2061 opponitur
2005 2013 2161 2062 invidia,
2181 2021 2224 2051 ut
2251 2014 2347 2052 infra
2364 2014 2386 2037 '⁸
2405 2013 2562 2054 dicetur.

1598 2065 1658 2100 An
1686 2076 1848 2102 TERTmM
1886 2077 2071 2103 DICENDUM
2109 2066 2215 2115 quod
2253 2068 2438 2116 gaudium
2477 2076 2513 2106 et
2539 2081 2614 2119 pax

1545 2117 1636 2154 nihil
1678 2117 1858 2155 adiiciunt
1899 2131 2015 2168 super
2055 2119 2243 2156 rationem
2285 2121 2378 2157 boni
2419 2120 2523 2171 quod
2558 2129 2616 2160 est

1545 2170 1740 2214 obiectum
1771 2171 1950 2208 caritatis:
1989 2179 2026 2208 et
2052 2171 2140 2209 ideo
2179 2185 2257 2210 non
2286 2174 2485 2222 requirunt
2522 2175 2615 2219 alias

1543 2222 1702 2260 virtutes
1731 2235 1848 2272 quam
1878 2224 2085 2262 caritatem.
2117 2226 2194 2263 Sed
2214 2226 2478 2264 misericordia
2497 2227 2615 2278 respi-

1543 2276 1592 2312 cit
1621 2277 1815 2324 quandam
1843 2277 2049 2325 specialem
2088 2278 2296 2326 rationem,
2327 2279 2469 2316 scilicet
2501 2280 2614 2342 rui-sexa

1544 2341 1640 2365 r1am
1670 2341 1751 2366 elus
1781 2341 1887 2366 culus
1914 2338 2128 2367 miseretur.

1597 2383 1655 2419 AD
1685 2394 1858 2424 QUARTUM
1895 2394 2080 2420 DlCENDUM
2109 2384 2214 2431 quod
2250 2384 2522 2434 misericordia,
2550 2385 2614 2433 ''se-

1545 2435 1713 2471 cundum
1744 2435 1850 2483 quod
1879 2444 1935 2472 est
1951 2436 2081 2484 virtus,
2111 2445 2168 2474 est
2194 2437 2348 2475 moralis
2366 2437 2486 2475 virtus
2515 2434 2614 2477 circa

1542 2487 1742 2536 passiones
1772 2487 1954 2526 existens:
1986 2496 2023 2525 et
2050 2489 2243 2527 reducitur
2271 2490 2319 2528 ad
2338 2490 2441 2528 illam
2470 2492 2613 2531 medie-

1542 2547 1657 2576 tatem
1685 2552 1784 2588 quae
1814 2541 1950 2578 dicitur
1977 2542 2158 2589 nemesis,
2180 2543 2269 2592 quia
2287 2544 2336 2580 ab
2355 2545 2485 2582 eodem
2504 2544 2614 2592 more

1536 2593 1759 2641 procedunt,
1801 2602 1844 2631 ut
1870 2594 1910 2631 in
1939 2595 1970 2630 II
1998 2596 2108 2632 Rhet.
2136 2595 2158 2617 ²¹⁸
2186 2595 2332 2634 dicitur.
2362 2597 2444 2634 Has
2480 2604 2611 2637 autem

1543 2645 1766 2683 medietates
1794 2646 2052 2696 Philosophus
2093 2660 2172 2686 non
2204 2649 2314 2698 ponit
2337 2649 2517 2700 virtutes,
2543 2650 2612 2692 sed

1542 2698 1760 2747 passiones:
1785 2700 1872 2748 quia
1902 2700 2016 2737 etiam
2045 2701 2258 2738 secundum
2282 2703 2389 2752 quod
2411 2710 2499 2740 sunt
2524 2716 2611 2756 pas-

1543 2751 1683 2799 siones,
1702 2752 1912 2789 laudabiles
1933 2761 2030 2790 sunt.
2052 2753 2156 2791 Nihil
2174 2761 2304 2792 tamen
2321 2755 2500 2804 prohibet
2513 2754 2609 2806 'quin

1543 2804 1591 2840 ab
1618 2804 1746 2854 aliquo
1774 2805 1906 2842 habitu
1935 2806 2097 2843 electivo
2125 2807 2366 2856 proveniant.
2405 2809 2454 2845 Et
2473 2821 2610 2848 seeun-

1545 2857 1637 2894 dum
1656 2857 1732 2894 hoc
1760 2866 1960 2895 assumunt
1987 2859 2176 2897 rationem
2202 2860 2363 2898 virtutis.

1599 2970 1624 3004 β)
1646 2971 1746 2997 Cicero.
1764 2986 1783 2991 -
1801 2973 1862 2998 Om.
1882 2973 2128 2998 ABCEFGHIKLK.

1596 3007 1623 3040 γ)
1643 3008 1822 3033 nemesetieus.
1840 3022 1860 3028 -
1877 3008 2022 3034 nemesicus
2040 3009 2150 3033 PAst.

1102 3075 1435 3108 Commentaria
1456 3076 1709 3110 cardinalis
1730 3076 1932 3109 Caietam

457 3156 477 3176 N
506 3145 700 3186 quaestionis
731 3146 908 3185 trigesimae
938 3146 1070 3177 articulo
1095 3146 1187 3177 tertio
1218 3153 1295 3177 nota
1328 3147 1434 3186 quod,
1465 3147 1489 3177 si

430 3158 524 3220 Inon
554 3196 698 3229 penetras
730 3190 897 3228 specialem
932 3197 962 3220 et
986 3201 1194 3221 communem
1225 3190 1381 3221 rationem
1411 3191 1488 3221 boni

426 3234 603 3264 secundum
619 3243 717 3274 quam
729 3234 966 3273 distinguuntur
977 3234 1086 3265 caritas
1103 3241 1133 3265 et
1148 3234 1404 3264 misericordiat—
1417 3235 1488 3265 vide

426 3277 595 3308 articulum
617 3277 759 3318 primum
782 3279 941 3318 sequentis
965 3279 1169 3319 quaestionis,
1186 3279 1219 3308 in
1244 3287 1375 3318 corpore
1400 3285 1430 3310 et
1448 3280 1487 3309 ad

427 3321 591 3352 ultimum:
616 3322 691 3362 quia
714 3321 758 3352 sic
781 3322 862 3352 clara
886 3329 977 3352 erunt
1000 3322 1055 3352 tibi
1079 3323 1197 3354 omnia.

483 3366 629 3397 Secundo
654 3373 730 3397 nota
757 3367 862 3406 quod,
888 3366 920 3396 in
943 3367 1149 3406 responsione
1174 3367 1214 3397 ad
1237 3366 1430 3403 secundum,
1454 3366 1487 3407 ly

427 3415 463 3440 ut
484 3410 597 3441 ibidem
621 3410 740 3441 dicitur
763 3410 894 3440 refertur
918 3420 983 3440 non
1008 3411 1115 3441 solum
1134 3411 1173 3441 ad
1197 3410 1343 3441 ultimam
1363 3417 1485 3441 senten-

1542 3147 1631 3184 tiam,
1655 3147 1783 3183 scilicet‚
1808 3153 1840 3178 et
1861 3148 1901 3178 ab
1924 3147 2032 3178 eodem
2066 3158 2156 3179 more
2177 3148 2382 3187 descendens,
2412 3149 2468 3180 sed
2490 3150 2550 3191 ad·
2572 3184 2575 3189 ,

1543 3191 1713 3222 nultimam
1743 3191 1854 3228 etiam,
1878 3191 2013 3229 scilicet,
2039 3197 2069 3222 et
2093 3197 2264 3233 utrumque
2291 3198 2338 3223 est
2360 3192 2531 3224 laudabile.
2552 3159 2608 3233 ‘lg

1542 3235 1632 3275 quod
1655 3237 1776 3266 Auctor
1798 3245 1864 3266 non
1888 3236 2013 3273 asserit;
2039 3237 2093 3266 sed
2116 3236 2225 3267 recitat
2253 3243 2427 3278 utrumque
2451 3246 2518 3268 esse
2539 3235 2607 3268 latia

1542 3279 1644 3309 dabile
1661 3279 1839 3310 secundum
1855 3280 2043 3324 sententiam
2059 3280 2246 3312 Aristotelis
2264 3280 2398 3311 Inferius
2414 3288 2521 3312 autem
2539 3281 2606 3322 ipse

1542 3323 1742 3364 reprehendit
1764 3324 1826 3354 hoc
1849 3324 1970 3355 dictum
1993 3324 2180 3361 Aristotelis,
2203 3325 2390 3356 auctoritate
2416 3325 2605 3365 Scripturae,

1541 3366 1573 3397 in
1597 3367 1670 3398 loco
1695 3367 1836 3408 proprio,
1862 3368 1979 3399 scilicet
2001 3368 2033 3398 in
2057 3375 2190 3400 tractatu
2214 3369 2252 3399 de
2275 3368 2394 3400 invidia
2408 3368 2434 3399 *.

2651 818 2659 827 ·
2675 817 2731 838 Loc.
2747 817 2785 838 cit.

2649 1126 2689 1148 *1¹¹
2698 1126 2753 1152 ΠΜ,
2763 1132 2803 1154 qu.
2811 1133 2858 1155 ινι,

2885 940 2892 1155 ...ΜΨ-μ.--
2887 917 2892 926 ..Α

2648 1155 2691 1175 art.
2705 1159 2732 1179 4;
2753 1159 2792 1181 qu.
2806 1160 2858 1181 ux,
2888 1157 2892 1180 ζ

2648 1182 2691 1201 art.
2710 1185 2738 1205 4:
2753 1185 2792 1207 qu.
2813 1184 2857 1207 u,
2886 1191 2892 1210 Ἰι

2648 1209 2691 1227 art.
2705 1211 2729 1233 5:
2744 1212 2784 1234 qu.
2795 1212 2858 1234 uvi,

2647 1236 2691 1253 art.
2704 1238 2728 1259 4.

2644 1977 2654 1988 ⁸
2659 1976 2853 2002 unm.‚toc.cit.

2643 2027 2652 2037 ⁴
2663 2026 2711 2054 Qu.
2722 2033 2802 2054 xxxvi,
2810 2031 2853 2050 art.

2641 2058 2662 2080 3,
2676 2053 2706 2074 nd
2719 2059 2740 2082 3.

2639 2611 2649 2621 ·
2663 2610 2719 2633 Loc.
2730 2616 2797 2638 prox.
2809 2610 2848 2633 cit.

2632 3355 2642 3364 ⁸
2657 3355 2704 3382 Qu.
2719 3361 2800 3383 xxxvi,

2631 3384 2673 3403 art.
2689 3387 2710 3403 2.
