2892 4056
2 706 4 719 ¹
62 706 71 714 ·
82 704 148 727 Vere.
158 711 180 731 7.

61 814 70 823 ·
85 812 152 836 νοτι.
167 812 190 834 8.

61 866 72 877 ’
78 865 113 888 Ex
120 865 209 887 hilario
217 865 271 888 Din-

60 897 132 914 ΝΙΙΟ.

274 2856 284 2862 “
299 2867 346 2891 est
367 2859 464 2899 longe
487 2859 589 2890 maior
611 2858 834 2890 misericordia.

980 135 1245 198 QUAESTIO
1275 151 1397 197 xxx,
1427 150 1723 187 ARTICULUS
1753 150 1804 186 1v

2404 149 2478 193 243

1079 267 1399 310 ARTICULUS
1431 266 1705 319 QUARTUS

873 361 1029 392 UTRUM
1052 360 1362 392 MisERmORmA
1385 360 1451 391 SIT
1475 360 1648 390 MAXIMA
1671 360 1901 390 VIRTUTUM

330 456 400 523 lte-ji
416 459 487 503 *aad
514 451 535 476 n
555 451 745 529 Quamuis¹
747 452 801 477 sxc
820 440 1251 530 PROCED1TUR.Vith‹t÷ltJur
1257 439 1364 529 ςῖἑκὶ

328 499 331 503 ‘
434 501 481 553 κῆ
513 504 708 529 m1ser1cor
737 505 771 529 1a
800 493 846 530 sit
873 493 1038 529 maxima
1057 505 1116 529 vir
1200 505 1238 529 m
1327 505 1365 529 a-

319 547 437 623 *lter
450 530 499 588 ‘r‘
512 545 613 581 xime
643 546 745 582 enim
766 545 816 582 ad
842 545 1022 582 virtutem
1041 545 1231 593 pertinere
1259 545 1366 582 vide-

320 591 332 601 *
358 573 453 638 *2'53‘0
469 590 499 632 X
513 605 573 635 tur
588 599 710 635 cultus
730 598 894 636 divinus.
916 598 994 635 Sed
1008 598 1269 635 misericordia
1289 599 1365 635 cul-

300 650 354 687 tui
381 650 512 687 divino
541 651 772 700 praefertur:
802 650 1017 687 secundum
1041 650 1132 687 illud
1163 652 1265 688 Osee
1293 663 1330 687 vl
1348 650 1369 672 ²⁸

301 710 338 740 et
365 703 500 740 Matth.
528 703 632 740 x11*:
660 702 968 741 Misericordiam
994 703 1102 750 volo,
1141 709 1177 740 et
1203 715 1277 740 non
1305 715 1363 740 sa-

299 756 496 803 crificium.
535 757 638 804 Ergo
667 755 927 793 misericordia
956 763 1012 791 est
1039 756 1207 792 maxima
1233 756 1366 793 virtus.

354 820 390 846 2.
420 809 656 856 PRAETEREA,
685 820 801 857 super
826 807 918 845 illud
947 809 1033 844 lad
1053 809 1149 846 Tim.
1171 820 1206 845 1v
1225 808 1367 855 *,P1·e-

299 867 356 898 tas
382 861 435 898 ad
459 861 588 898 omnia
617 860 714 898 utilis
740 866 804 906 est,
835 860 924 897 dicit
952 861 1089 897 Glossa
1117 861 1311 897 Ambrosii
1329 861 1365 897 *.

304 914 434 951 Omnis
468 925 619 950 summa
651 889 870 961 disciplinae
896 913 1124 950 christianae
1157 926 1194 950 zn
1222 914 1367 950 miseri-

299 967 430 1004 cordia
449 971 488 1003 et
494 966 636 1014 pietate
653 972 717 1002 est.
739 965 817 1002 Sed
837 965 1035 1014 disciplina
1055 966 1257 1003 christiana
1279 978 1369 1003 con-

297 1019 392 1056 tinet
419 1030 576 1056 omnem
604 1018 798 1055 virtutem.
838 1020 939 1067 Ergo
969 1031 1123 1056 summa
1150 1019 1264 1056 totIus
1291 1019 1368 1057 vir—

297 1071 386 1109 tutis
413 1071 452 1108 in
479 1070 743 1108 misericordia
771 1072 954 1109 consistit.

353 1125 389 1162 3.
416 1125 653 1172 PRAETEREA,
681 1125 800 1161 virtus
827 1130 883 1162 est
907 1137 1005 1174 quae
1023 1126 1163 1162 bonum
1180 1125 1285 1174 facit
1300 1126 1367 1162 ha-

264 1203 270 1209 ·
297 1178 444 1214 bentem
475 1177 507 1214 *.
537 1178 642 1225 Ergo
679 1185 785 1215 tanto
823 1178 950 1227 aliqua
985 1178 1105 1215 virtus
1143 1186 1199 1215 est
1231 1178 1369 1215 melior

263 1230 270 1262 ἶ
297 1237 446 1279 quanto
473 1230 562 1267 facit
579 1231 780 1268 hominem
808 1232 894 1268 Deo
914 1231 1162 1268 similiorem:
1191 1231 1280 1280 quia
1298 1243 1369 1280 per

297 1283 381 1331 1395.
393 1283 563 1321 melier
569 1288 634 1320 est
659 1285 781 1321 homo
810 1284 916 1333 quod
945 1289 962 1305 ²
990 1285 1076 1321 Deo
1115 1291 1170 1321 est
1197 1284 1368 1322 similior.

299 1328 378 1375 Sed
395 1335 496 1374 hoc
492 1336 660 1374 maxime
678 1337 768 1374 facit
794 1337 1075 1374 misericordia:
1105 1337 1196 1385 quia
1215 1337 1263 1374 de
1281 1338 1368 1375 Deo

265 1413 272 1420 ·
299 1389 436 1428 dieitur
461 1388 500 1426 in
528 1389 669 1426 Psalm.
692 1390 712 1411 *
740 1390 847 1450 quod
882 1390 1142 1426 miserationes
1173 1390 1253 1426 eius
1284 1396 1372 1427 sunt

297 1452 412 1490 super
439 1441 568 1478 omnia
595 1453 713 1489 opera
740 1443 831 1479 eius.
861 1442 973 1479 Unde
1003 1449 1040 1478 et
1067 1443 1160 1478 Luc.
1180 1453 1216 1478 VI
1235 1442 1256 1464 ²²
1288 1444 1368 1479 Do—

298 1494 427 1533 minus
463 1493 568 1531 dicit.
605 1495 733 1531 Estote
758 1495 1040 1540 miseri,cordes
1072 1495 1172 1531 sicut
1195 1500 1231 1530 et
1254 1496 1371 1532 Pater

296 1540 421 1589 mter
445 1546 661 1584 misericors
687 1553 752 1585 est.
781 1547 1047 1585 Misericordia
1065 1547 1177 1595 igitur
1205 1555 1262 1584 est
1286 1560 1367 1585 ma-

296 1598 402 1643 xima
428 1598 628 1637 virtutum.

316 1653 429 1690 SED
448 1664 598 1690 CONTRA
615 1664 683 1690 EST
699 1654 806 1701 quod
825 1653 1048 1702 Apostolus,
1073 1653 1126 1690 ad
1147 1653 1287 1691 Coloss.
1309 1666 1367 1702 111,

298 1716 393 1742 eum
409 1705 603 1753 dixissess‘,
617 1706 767 1743 Induite
779 1707 966 1752 vos-,sicut
981 1706 1104 1743 dilecti
1120 1706 1206 1752 Dei,
1220 1707 1367 1744 viscera

296 1758 582 1797 misericordiae
608 1766 679 1796 etc.
671 1787 694 1806 .,
715 1760 886 1808 postea*
904 1759 1049 1796 subdit:
1082 1760 1205 1808 Super
1223 1761 1366 1807 omnia,

297 1811 494 1852 caritatem
513 1811 658 1850 habete.
686 1813 790 1860 Ergo
818 1811 1082 1850 misericordia
1100 1824 1179 1850 non
1203 1820 1260 1849 est
1287 1825 1367 1850 ma-

296 1863 405 1903 xima
428 1863 627 1902 virtutum.

350 1919 580 1955 Responmzo
607 1929 793 1955 mcENDUM
813 1917 919 1966 quod
946 1918 1074 1966 aliqua
1100 1918 1222 1956 virtus
1241 1926 1370 1968 potest

297 1980 381 2017 8888
416 1971 586 2008 maxima
623 1970 838 2020 dupliciter:
875 1983 955 2008 uno
984 1971 1118 2019 modo,
1152 1972 1367 2009 secundum

295 2032 355 2070 se;
382 2023 459 2060 alio
479 2024 614 2072 modo,
634 2036 704 2073 per
723 2024 1053 2072 comparationem
1073 2001 1123 2061 ad
1140 2025 1365 2062 habentem.

292 2071 521 2123 Secundum
539 2089 581 2114 se
599 2076 759 2126 quidem
789 2076 1051 2114 misericordia
1070 2077 1240 2115 maxima
1259 2085 1316 2115 est
1334 2078 1365 2115 *.

294 2118 464 2169 Pertinet
492 2129 595 2168 enim
614 2130 666 2168 ad
693 2129 998 2167 misericordiam
1018 2130 1124 2177 quod
1152 2130 1216 2168 alii
1244 2131 1366 2168 effun-

297 2182 378 2227 dat;
406 2190 464 2230 et,
493 2183 601 2231 quod
636 2184 724 2232 plus
752 2190 829 2230 est,
859 2183 965 2232 quod
1002 2182 1172 2220 defectus
1201 2183 1365 2221 aliorum

295 2235 490 2281 sublevet3
519 2243 558 2272 et
578 2237 655 2273 hoc
682 2243 741 2272 est
767 2235 936 2274 maxime
955 2236 1176 2285 superioris.
1196 2237 1310 2274 Unde
1331 2244 1367 2274 et

349 2366 377 2398 α)
395 2365 477 2398 quod.
493 2378 513 2385 —·
524 2365 572 2397 qui
588 2365 828 2398 ABOEFfflLpr,
847 2366 911 2398 quia
929 2366 992 2391 GsK
1005 2371 1031 2392 et
1042 2373 1093 2395 mu
1111 2367 1217 2392 homo...

296 2401 331 2429 D.
345 2414 365 2421 -
382 2401 434 2426 Pro
452 2401 516 2431 Sed,
536 2401 573 2426 Ee
590 2401 637 2426 Pa.

1236 2367 1291 2392 Sed
1309 2375 1364 2392 om.
1388 2370 1392 2434 Ι

2512 451 2522 459 “
2529 450 2623 472 Collect.
2629 450 2658 472 de
2665 451 2717 472 Pec-

2512 479 2622 524 fz'lollect.
2629 503 2721 524 Dom.x

2513 533 2566 557 post
2582 530 2673 550 Pentec.

1417 439 1589 476 misereri
1617 438 1773 487 ponitur
1790 438 1991 487 proprium
2020 439 2105 474 Deo
2125 437 2162 474 *z
2193 444 2229 474 et
2249 437 2287 474 in
2310 438 2385 474 hoc
2405 450 2485 474 ma-

1417 492 1519 530 xime
1541 491 1675 529 dicitur
1703 491 1784 528 eius
1804 491 2081 540 omnipotentia
2101 490 2334 527 manifestari
2354 491 2386 527 *.

1472 545 1550 582 Sed
1565 544 1695 593 quoad
1713 545 1933 591 habentem,
1954 543 2215 581 misericordia
2233 555 2312 580 non
2332 551 2387 580 est
2406 555 2486 580 ma-

1418 597 1532 644 xima,
1552 597 1625 634 nisi
1652 598 1713 633 ille
1734 597 1799 646 qui
1827 597 1943 634 habet
1962 596 2008 633 sit
2026 596 2229 644 maximus,
2251 596 2315 645 qui
2337 597 2486 634 nullum

1419 662 1535 699 supra
1555 662 1595 687 se
1623 650 1774 696 habeat,
1796 650 1864 686 sed
1884 662 2021 686 omnes
2049 650 2120 686 sub
2150 662 2202 686 se.
2233 649 2280 686 Ei
2301 649 2403 686 enim
2422 649 2487 698 qui

1419 715 1535 752 supra
1563 715 1603 740 se
1631 703 1798 752 aliquem
1826 703 1942 739 habet
1959 702 2084 739 maius
2110 709 2166 739 est
2186 709 2222 738 et
2240 702 2376 738 melius
2397 714 2487 739 con-

1417 756 1520 803 iungi
1548 755 1735 804 superiori
1763 767 1881 803 quarn
1911 756 2090 804 supplere
2115 755 2307 792 defectum
2335 755 2487 792 inferio-

1418 809 1480 845 ris.
1519 809 1568 845 Et
1595 809 1683 845 ideo
1719 815 1906 856 quantum
1945 808 1993 845 ad
2021 808 2243 856 hominem,
2273 807 2337 856 qui
2370 809 2488 845 habet

1418 862 1547 898 Deum
1576 860 1828 908 superiorem,
1860 860 2014 907 caritas,
2042 873 2112 909 per
2139 873 2255 908 quam
2289 862 2374 898 Deo
2403 862 2486 898 uni-

1417 921 1488 959 tur,
1519 921 1576 949 est
1602 913 1730 961 potior
1747 925 1865 960 quam
1893 912 2167 959 misericordia,
2187 926 2256 962 per
2285 927 2401 962 quam
2422 915 2486 951 de—

1418 966 1538 1002 fectus
1566 966 1832 1014 proximorum
1853 966 2015 1013 supplet.
2046 966 2123 1002 Sed
2142 966 2238 1003 inter
2257 978 2393 1003 omnes
2412 968 2487 1004 vir-

1417 1026 1516 1055 tutes
1536 1031 1634 1067 quae
1668 1019 1716 1054 ad
1743 1018 1964 1066 proximum
1991 1019 2183 1066 pertinent
2208 1019 2407 1067 potissima
2432 1028 2488 1057 est

1419 1071 1692 1117 misericordia,
1713 1070 1810 1107 sicut
1838 1070 1952 1107 etiam
1982 1079 2037 1107 est
2063 1071 2223 1119 potioris
2243 1080 2365 1109 actus:
2396 1086 2487 1110 nam

1417 1125 1597 1174 supplere
1617 1124 1808 1161 defectum
1823 1123 1986 1171 alterius,
2006 1124 2235 1172 inquantum
2251 1126 2486 1174 huiusmodi,

1420 1185 1477 1215 est
1503 1177 1709 1226 superioris
1739 1185 1776 1213 et
1802 1176 1982 1214 melioris.

1472 1232 1532 1267 An
1568 1242 1707 1267 PRIMUM
1741 1241 1840 1267 ERGO
1877 1241 2063 1266 mesanum
2101 1230 2208 1279 quod
2242 1231 2368 1267 Deum
2408 1244 2487 1268 non

1419 1283 1581 1320 colimus
1608 1295 1679 1332 per
1707 1282 1893 1327 exteriora
1921 1282 2107 1319 sacrificia
2127 1290 2192 1319 aut
2218 1295 2380 1320 munera
2398 1296 2487 1332 pro-

1417 1344 1502 1385 pter
1519 1337 1660 1385 ipsum,
1682 1335 1751 1372 sed
1768 1343 1927 1384 propter
1946 1348 2017 1372 nos
2038 1343 2074 1372 et
2091 1343 2250 1385 propter
2270 1337 2485 1385 proximos:

1419 1402 1499 1426 non
1528 1389 1631 1426 enim
1660 1388 1803 1436 indiget
1829 1388 2023 1425 sacrificiis
2050 1389 2200 1436 nostris,
2239 1390 2306 1427 sed
2333 1392 2416 1427 vult
2441 1403 2487 1428 ea

1398 1442 1491 1478 (sibi
1521 1441 1650 1478 offerri
1675 1449 1833 1489 propter
1860 1449 2029 1478 nostram
2059 1442 2307 1479 devotionem
2338 1451 2374 1479 et
2399 1456 2488 1492 pro-

1417 1495 1614 1531 ximorum
1650 1493 1863 1530 utilitatem.
1901 1494 1951 1530 Et
1978 1494 2066 1530 ideo
2103 1494 2382 1542 misericordia,
2411 1508 2488 1544 qua

1419 1546 1646 1584 subvenitur
1674 1546 1885 1583 defectibus
1914 1546 2088 1593 aliorum,
2110 1554 2166 1584 est
2193 1548 2424 1585 sacrificium
2455 1549 2489 1585 ei

1417 1600 1539 1648 magis
1568 1607 1789 1648 acceptum,
1825 1606 1959 1647 utpote
1995 1599 2250 1648 propinquius
2286 1601 2486 1638 utilitatem

1418 1653 1684 1703 proximorum
1699 1652 1903 1689 inducens:
1920 1653 2132 1690 secundum
2148 1654 2240 1691 illud
2253 1655 2354 1691 Heb.
2370 1655 2434 1692 ult.
2454 1656 2485 1692 *z

1418 1706 1696 1754 Beneficentiae
1722 1710 1760 1741 et
1784 1706 2061 1742 communionis
2089 1706 2202 1743 nolite
2219 1707 2403 1744 oblivisci:
2431 1714 2486 1745 ta-

1418 1760 1515 1797 libus
1542 1759 1642 1796 enim
1670 1758 1798 1795 hostiis
1819 1764 2063 1807 promeretur
2089 1760 2204 1796 Deus.

1472 1815 1531 1850 AD
1556 1823 1746 1849 SECUNDUM
1774 1822 1959 1848 memnon
1987 1811 2093 1860 quod
2121 1824 2275 1849 summa
2294 1813 2486 1862 religionis

1419 1865 1643 1902 christianae
1672 1864 1712 1901 in
1739 1863 2000 1901 misericordia
2024 1864 2193 1902 consistit
2220 1874 2407 1926 quantum
2436 1866 2486 1904 ad

1418 1918 1606 1955 exteriora
1632 1929 1762 1976 opera.
1793 1917 1952 1954 Interior
1979 1924 2110 1954 tamen
2137 1917 2289 1956 affectio
2310 1919 2484 1967 caritatis,

1419 1984 1496 2021 qua
1524 1970 1794 2018 coniungimur
1812 1971 1910 2017 Deo,
1930 1971 2213 2019 praeponderat
2233 1979 2269 2008 et
2293 1971 2487 2009 dilectioni

1419 2033 1455 2062 et
1482 2023 1767 2061 misericordiae
1794 2023 1833 2059 in
1860 2023 2071 2072 proximos.

1470 2079 1530 2114 Ar>
1544 2089 1706 2114 TERTlUM
1720 2088 1907 2114 DICENDUM
1922 2076 2029 2124 quod
2043 2089 2112 2124 per
2127 2076 2320 2114 caritatem
2337 2078 2483 2114 assimi-

1417 2131 1542 2167 lamur
1556 2131 1642 2167 Deo
1661 2137 1844 2178 tanquam
1864 2129 1898 2166 ei
1916 2141 1986 2178 per
2005 2129 2185 2167 affectum
2204 2130 2308 2167 uniti.
2328 2131 2378 2167 Et
2395 2131 2482 2168 ideo

1417 2183 1545 2232 potior
1569 2190 1625 2220 est
1643 2195 1762 2231 quam
1781 2182 2055 2228 misericordia,
2075 2194 2146 2231 per
2163 2194 2280 2231 quam
2301 2183 2485 2221 assimila-

1419 2249 1505 2274 mur
1531 2237 1617 2273 Deo
1651 2236 1864 2272 secundum
1885 2233 1900 2264 β
1927 2234 2210 2272 similitudinem
2240 2237 2483 2285 operationis.
2609 2244 2624 2277 β

2518 1659 2525 1667 ”
2540 1657 2608 1678 Vers.
2624 1658 2655 1680 16.

1471 2366 1497 2400 β)
1515 2367 1670 2392 secundum.
1688 2381 1707 2386 -
1721 2374 1774 2399 per
1793 2366 1841 2392 Pa.

971 2471 1303 2504 Commentaria
1326 2471 1577 2504 Cardinalis
1599 2472 1800 2504 Caietani

299 2560 349 2624 In
371 2551 504 2582 articulo
529 2556 644 2592 quarto
667 2559 771 2581 unum
800 2559 956 2590 magnum
979 2550 1114 2580 dubium
1145 2550 1297 2586 occurrit,
1321 2560 1360 2580 an

328 2594 544 2626 misericordia
567 2594 746 2625 secundum
769 2603 801 2624 se
825 2594 865 2625 sit
887 2593 1026 2625 maxima
1059 2595 1224 2625 virtutum.
1252 2595 1294 2625 Et
1316 2601 1363 2625 est

297 2639 378 2670 ratio
402 2639 491 2670 dubii
520 2638 596 2679 quia
618 2648 684 2668 non
715 2645 845 2678 apparet
867 2648 964 2678 penes
994 2638 1071 2679 quid
1095 2638 1267 2669 attenditur
1295 2648 1362 2669 ma-

227 2673 240 2690 i‘
296 2683 433 2725 gnitudo
456 2682 579 2714 virtutis
609 2682 787 2713 secundum
810 2693 853 2713 se.
883 2682 1062 2713 Didicimus
1089 2692 1229 2723 namque
1259 2682 1364 2713 hacte-

264 2746 271 2757 ·
297 2736 359 2758 nus
373 2727 391 2747 *
413 2727 544 2758 virtutes
567 2727 745 2757 secundum
768 2736 801 2756 se
825 2726 927 2757 sortiri
943 2737 1000 2757 sua
1022 2727 1095 2757 loca
1117 2727 1204 2757 iuxta
1217 2726 1363 2757 nobilita-

237 2799 243 2810 ,
263 2772 271 2804 .'
297 2778 364 2804 tem
386 2771 587 2814 obiectorum
601 2771 801 2802 formalium:
826 2777 957 2811 propter
972 2771 1061 2812 quod
1076 2771 1274 2810 theologicae
1291 2777 1365 2801 sunt

298 2815 524 2851 nobilissimae,
544 2822 575 2846 et
588 2815 669 2846 inter
684 2825 735 2845 eas
751 2815 870 2846 caritas.
895 2815 989 2846 Unde
1013 2815 1123 2846 caritas
1139 2815 1316 2845 secundum
1331 2825 1364 2845 se

866 2859 968 2890 Cuius
992 2859 1180 2899 oppositum
1207 2859 1239 2889 in
1263 2859 1365 2889 littera

299 2903 424 2934 dicitur.

356 2947 393 2978 ΙΙ.
416 2946 575 2987 Amplius,
599 2946 758 2977 motivum
781 2947 901 2977 litterae
925 2947 965 2977 ad
987 2946 1058 2983 hoc,
1082 2947 1159 2988 quia
1181 2946 1299 2978 scilicet
1320 2946 1366 2977 in-

299 2990 397 3021 fluere
420 2997 451 3021 et
473 2990 636 3021 sublevare
659 2991 818 3022 defectum
838 2990 975 3027 alterius,
992 2997 1027 3021 ut
1050 2990 1104 3027 sic,
1128 2998 1175 3022 est
1193 2990 1365 3031 superioris

301 3041 332 3065 et
354 3034 510 3070 melioris,
534 3035 614 3064 bene
639 3035 801 3065 concludit
829 3035 918 3075 quod
942 3034 1156 3065 misericordia
1185 3035 1364 3066 secundum

301 3089 334 3109 se
353 3085 400 3109 est
413 3078 558 3119 superior
577 3085 607 3109 et
622 3078 735 3109 melior
754 3079 875 3109 miseris
892 3089 946 3109 seu
964 3078 1203 3115 miserabilibus,
1220 3085 1363 3119 respectu

300 3132 442 3163 quorum
464 3122 596 3162 ponitur
619 3122 762 3163 superior
785 3129 815 3153 et
837 3123 966 3153 melior:
997 3123 1051 3152 sed
1075 3133 1141 3153 non
1165 3123 1274 3154 ceteris
1302 3122 1363 3154 vir-

300 3167 431 3198 tutibus.
455 3166 507 3197 Ad
530 3176 608 3206 quas
631 3173 738 3198 tamen
759 3166 794 3196 in
815 3166 915 3197 littera
939 3173 1150 3206 comparatur.

356 3211 398 3241 Et
420 3209 633 3241 confirmatur.
659 3209 744 3247 Quia
765 3210 837 3241 licet
857 3210 989 3240 influere
1013 3218 1044 3241 et
1065 3211 1228 3241 sublevare
1251 3211 1290 3242 sit
1312 3221 1364 3241 su-

301 3254 433 3295 perioris
455 3254 488 3284 in
512 3253 710 3293 tali,genere,
727 3264 793 3284 non
815 3261 923 3285 tamen
946 3254 1140 3294 simpliciter.
1164 3254 1252 3285 Sicut
1269 3265 1364 3295 gene-

301 3309 368 3330 rare
392 3298 451 3329 sibi
467 3298 568 3328 simile
592 3305 638 3328 est
660 3298 798 3338 perfecti,
816 3308 882 3328 non
900 3305 1007 3328 tamen
1022 3298 1151 3338 perfecti
1169 3299 1362 3340 simpliciter,

302 3343 357 3374 sed
378 3343 411 3372 in
435 3342 490 3373 tali
513 3351 643 3382 genere:
674 3349 734 3373 stat
757 3342 842 3372 enim
865 3343 953 3383 quod
976 3342 1096 3384 aliquid
1124 3343 1285 3383 impotens
1311 3354 1362 3383 ge-

302 3397 419 3423 nerare,
445 3393 481 3417 ut
503 3386 644 3427 angelus,
669 3386 707 3417 sit
730 3386 898 3426 perfectior
920 3386 1008 3416 omni
1031 3387 1210 3426 generativo
1233 3387 1361 3418 inferio-

302 3431 344 3461 ris
368 3431 496 3461 ordinis.
522 3431 577 3466 Ita,
601 3430 673 3461 licet
696 3430 908 3461 misericordia
937 3430 976 3461 sit
998 3430 1142 3471 superior
1164 3431 1244 3462 inter
1267 3432 1362 3462 virtu-

1413 2557 1460 2581 tes
1484 2551 1523 2580 ad
1546 2550 1745 2590 proximum,
1769 2550 1869 2581 virtus
1891 2557 1999 2581 tamen
2028 2550 2148 2581 altioris
2171 2551 2309 2587 ordinis,
2335 2558 2371 2581 ut
2392 2550 2481 2591 fides,

1414 2604 1496 2635 spes,
1521 2594 1641 2630 caritas,
1667 2601 1714 2625 est
1736 2594 1906 2634 perfectior
1928 2595 2107 2625 secundum
2131 2604 2173 2625 se.

1471 2639 1511 2669 Et
1534 2638 1741 2669 confirmatur
1770 2638 1896 2669 iterum.
1928 2639 2012 2676 Quia
2036 2638 2226 2678 praecipere,
2251 2646 2287 2669 ut
2309 2639 2363 2675 sic,
2387 2649 2481 2679 supe-

1415 2682 1506 2713 rioris
1529 2690 1586 2713 est.
1611 2683 1651 2713 Et
1670 2687 1910 2723 consequenter,
1934 2683 2111 2713 secundum
2126 2683 2208 2713 hanc
2223 2683 2389 2719 rationem,
2406 2693 2481 2723 pru-

1416 2726 1522 2757 dentia
1538 2734 1618 2757 esset
1634 2726 1729 2757 etiam
1745 2727 1922 2757 secundum
1945 2737 1978 2757 se
2001 2727 2139 2757 maxima
2155 2726 2319 2758 virtutum.
2333 2745 2353 2749 -
2369 2726 2483 2758 Deficit

1417 2780 1492 2810 ergo
1516 2771 1595 2801 ratio
1619 2770 1738 2801 litterae
1762 2771 1914 2811 undique.

1472 2815 1524 2845 111.
1549 2815 1752 2845 Nonnullum
1775 2825 1906 2855 quoque
1930 2814 2064 2844 dubium
2089 2814 2224 2845 occurrit
2246 2815 2285 2844 de
2309 2815 2482 2846 misericor-

1417 2858 1468 2888 dia
1491 2869 1547 2899 per
1570 2858 1843 2899 comparationem
1872 2859 1912 2889 ad
1935 2859 2119 2895 habentem,
2144 2869 2219 2889 cum
2248 2858 2362 2889 dicitur
2391 2860 2481 2900 quod

1417 2903 1636 2934 misericordia
1661 2913 1724 2933 non
1748 2908 1795 2934 est
1818 2904 1962 2933 maxima
1990 2904 2053 2933 nisi
2075 2903 2131 2934 ille
2153 2904 2208 2943 qui
2229 2903 2323 2934 habet
2345 2913 2415 2934 eam
2438 2905 2481 2934 sit

1416 2948 1587 2978 maximus.
1612 2947 1659 2977 Ex
1682 2947 1743 2977 hoc
1766 2947 1852 2978 enim
1867 2946 1992 2977 videtur
2014 2947 2103 2987 quod
2118 2947 2151 2977 in
2174 2947 2244 2977 Deo
2266 2947 2481 2977 misericordia

1415 2990 1456 3022 sit
1470 2991 1606 3021 maxima
1622 2998 1758 3032 utroque
1774 2991 1884 3027 modo,
1901 2998 1932 3022 et
1947 2991 2124 3022 secundum
2139 3001 2172 3021 se
2188 2997 2218 3021 et
2233 2991 2341 3031 quoad
2363 2991 2480 3021 haben-

1417 3042 1492 3066 tem.
1523 3035 1694 3076 Utriusque
1723 3042 1842 3066 tamem
1872 3035 2059 3076 oppositum
2091 3035 2214 3066 videtur
2242 3045 2363 3066 verum.
2396 3035 2480 3072 Quia

1417 3079 1526 3111 caritas
1550 3079 1623 3115 Dei,
1649 3090 1712 3120 qua
1735 3079 1876 3118 seipsum
1907 3080 2025 3119 diligit,
2050 3086 2081 3110 et
2104 3080 2280 3110 secundum
2311 3089 2343 3109 se
2367 3079 2481 3109 melior

1418 3130 1473 3160 est,
1494 3130 1530 3154 ut
1552 3130 1638 3164 patet
1660 3133 1696 3154 ex
1719 3123 1808 3154 dictis
1823 3123 1855 3154 *:
1887 3131 1917 3154 et
1939 3123 2048 3164 quoad
2070 3123 2249 3159 habentem,
2269 3123 2344 3164 quia
2366 3124 2480 3154 melior
2507 3137 2714 3164 ‘Qu.xx1n‚art.6.

1417 3174 1464 3198 est
1486 3168 1582 3204 Deus,
1608 3167 1782 3198 formaliter
1803 3168 1985 3209 loquendo,
2010 3178 2068 3198 sua
2090 3168 2215 3198 caritate
2238 3177 2336 3208 quam
2358 3167 2478 3197 miseri-

1418 3211 1535 3243 cordia.

1421 3288 1428 3291 ⁴
1472 3256 1525 3286 1v.
1550 3255 1599 3285 Ad
1625 3255 1814 3286 evidentiam
1837 3255 1933 3286 huius
1956 3255 2191 3296 praenotandus
2215 3262 2261 3285 est
2284 3264 2394 3284 sensus
2417 3254 2478 3284 dis-

1416 3299 1576 3330 tinctionis
1599 3299 1718 3330 litterae
1749 3309 1823 3330 cum
1847 3299 1959 3330 dicitur
1989 3300 2078 3340 quod
2108 3300 2216 3340 aliqua
2247 3299 2349 3329 virtus
2372 3303 2478 3338 potest

1417 3353 1485 3374 esse
1500 3345 1643 3374 maxima
1658 3343 1838 3384 dupliciter,
1863 3353 1927 3374 uno
1943 3344 2036 3374 modo
2051 3343 2226 3374 secundum
2241 3352 2286 3379 se,
2304 3343 2369 3372 alio
2385 3343 2477 3373 modo

1411 3398 1475 3428 per
1497 3389 1765 3427 comparationem
1788 3388 1831 3418 ad
1853 3388 2026 3418 habentem.
2056 3387 2192 3417 Intendit
2215 3387 2373 3427 siquidem
2388 3387 2476 3427 quod

1389 3420 1392 3473 Ι
1416 3432 1515 3462 virtus
1545 3431 1663 3472 duplici
1692 3431 1813 3462 ratione
1844 3439 1948 3472 potest
1975 3431 2035 3461 dici
2067 3431 2167 3461 maior
2196 3431 2246 3461 vel
2269 3430 2397 3460 melior:
2423 3438 2474 3460 aut
