2892 4056
126 691 136 702 ⁸
150 691 207 718 Cap.
223 697 238 717 1,

126 796 137 806 ⁴
151 795 183 817 Ca
202 811 207 816 .
223 801 239 820 1,
254 801 277 816 n.
291 801 307 816 1.
325 806 334 810 -

127 822 151 843 S.
161 802 206 843 ΤΚ.
221 822 272 843 lect.
292 827 307 843 ι,

126 950 178 972 ⁸1⁸1
191 951 222 974 ¹⁸⁸.
247 957 262 972 u
279 957 307 972 ιν

126 981 167 999 m·

126 1007 160 1025 m

254 697 277 712 n.
288 696 304 717 ι,
314 696 334 712 2.

1017 186 1283 232 QUAESTIO
1312 187 1468 234 XLVII,
1497 186 1792 223 ARTICULUS
1821 186 1907 222 XVI

363 272 550 301 naturam.
580 264 657 301 Sed
676 264 877 312 prudentia
906 265 1152 313 consequitur
1174 273 1336 302 aetates:
1366 278 1422 302 se-

364 316 533 354 cundum
562 316 653 353 illud
680 317 750 353 Iob
769 329 816 354 xu
835 317 872 354 *ε
899 319 946 354 In
971 318 1133 366 antiquis
1159 324 1214 354 est
1229 319 1423 366 sapientia,

363 375 399 406 et
424 369 461 405 in
489 369 606 405 multo
643 375 810 417 tempore
842 371 1054 418 prudentia.
1093 372 1196 418 Ergo
1223 371 1425 419 prudentia

364 429 420 458 est
447 421 641 458 naturalis.

418 475 453 511 3.
482 475 715 522 PRAETEREA,
744 475 945 523 prudentia
972 476 1093 523 magis
1121 476 1301 512 convenit
1319 483 1426 513 natu-

364 539 426 564 rae
445 528 637 564 humanae
657 540 774 576 quam
793 536 951 565 naturae
973 529 1173 564 brutorum
1191 529 1425 566 animalium.

364 580 441 617 Sed
479 581 589 617 bruta
627 581 807 618 animalia
841 582 985 618 habent
1021 581 1207 629 quasdam
1237 583 1426 619 naturales

361 632 604 682 prudentias;
633 641 676 670 ut
701 641 807 682 patet
823 645 892 682 per
910 633 1202 682 Philosophum,
1218 634 1256 671 in
1275 635 1362 671 VIII
1381 635 1428 671 de
1451 657 1453 660 .

360 685 543 722 IIistoriis
562 687 729 723 Animal.
749 686 769 708 ²¹⁶
797 687 899 734 Ergo
922 686 1125 734 prudentia
1150 694 1207 723 est
1232 688 1425 724 naturalis.

419 739 492 775 S1-:n
517 751 664 776 CONTRA
692 751 759 776 EST
787 739 891 788 quod
912 738 1168 787 Philosophus
1197 739 1296 786 dicit,
1326 740 1365 777 in
1394 742 1426 776 II

362 792 482 828 Ethic.
516 792 547 838 *,
577 792 683 840 quod
709 793 828 828 virtus
855 791 1109 828 intellectualis
1130 792 1340 839 plurimum
1378 805 1428 829 ex

363 845 533 881 doctrina
570 846 679 881 habet
710 851 746 881 et
774 844 1058 894 generationem
1096 850 1132 880 et
1157 851 1427 894 augmentum:

336 936 340 939 ,
363 897 445 934 ideo
465 903 483 919 α
511 898 765 945 experimento
794 897 937 946 indiget
962 903 999 933 et
1023 903 1201 944 tempore.
1233 897 1310 934 Sed
1338 910 1427 946 pru·
1453 907 1455 920 ³

180 951 203 1004 3
218 957 334 1005 qgjfflflj
364 950 491 987 dentia
519 958 575 987 est
601 950 720 987 virtus
753 949 1035 996 intellectualis,
1065 957 1106 986 ut
1134 961 1249 998 supra
1275 949 1295 970 ’¹‘
1321 951 1428 987 habi-

182 1010 202 1031 3,
217 1003 246 1024 ad
262 1010 276 1025 r.

362 1011 445 1041 tum
475 1009 542 1039 est.
571 1003 675 1050 Ergo
701 1001 906 1050 prudentia
933 1013 1012 1038 non
1040 1001 1137 1038 inest
1164 1002 1277 1039 nobis
1312 1015 1334 1039 a
1361 1015 1427 1040 na-

362 1063 459 1102 tura,
487 1055 556 1092 sed
584 1066 629 1092 ex
657 1055 827 1092 doctrina
855 1062 892 1092 et
919 1054 1192 1103 experimento.

417 1109 642 1146 Responmzo
657 1119 842 1145 monimum
862 1107 980 1157 quod,
1001 1108 1097 1144 sicut
1111 1120 1156 1144 ex
1175 1107 1394 1156 praemissis
1408 1107 1428 1129 '¹‘

361 1168 476 1210 patet,
505 1161 707 1210 prudentia
725 1161 881 1198 includit
901 1160 1156 1209 cognitionem
1178 1168 1214 1197 et
1231 1160 1429 1198 universa-

362 1213 456 1251 lium
485 1221 522 1251 et
549 1213 796 1262 singularium
825 1214 1100 1263 operabilium,
1129 1214 1178 1251 ad
1207 1226 1305 1264 quae
1340 1226 1428 1263 pru-
1455 1229 1456 1251 ς

363 1266 706 1313 ᾀςῃευηὶνετεώἰα
723 1266 909 1316 principia
941 1267 1114 1316 applicat.
1145 1267 1342 1313 Quantum
1362 1266 1428 1314 igi-

362 1322 499 1358 tur-ad
527 1320 784 1358 universalem
805 1320 1074 1368 cognitionem,
1096 1319 1234 1356 eadem
1259 1319 1352 1356 ratio
1374 1327 1430 1356 est
1455 1357 1456 1366 2

365 1373 414 1410 de
453 1373 657 1422 prudentia
694 1381 731 1410 et
767 1373 816 1410 de
853 1373 1009 1410 scientia
1046 1373 1290 1421 speculativa.
1327 1371 1456 1418 Quia*

363 1426 559 1475 utriusque
586 1426 711 1474 prima
738 1426 924 1475 principia
951 1425 1180 1462 universalia
1208 1432 1295 1462 sunt
1323 1432 1430 1462 natu-

363 1479 488 1516 raliter
515 1485 617 1525 nota,
646 1485 689 1516 ut
716 1489 762 1516 ex
789 1478 1013 1527 supradictis
1034 1479 1054 1499 *
1079 1485 1204 1526 patet:
1234 1478 1305 1515 nisi
1323 1478 1430 1526 quod
1456 1498 1457 1512 ι

362 1531 548 1581 principia
576 1530 799 1568 communia
825 1531 1049 1579 prudentiae
1078 1538 1166 1567 sunt
1193 1530 1313 1578 magis
1340 1543 1430 1567 con·
1456 1561 1457 1567 ,

363 1584 548 1623 naturalia
566 1583 733 1629 homini3
754 1591 795 1620 ut
813 1584 915 1621 enim
936 1583 1194 1632 Philosophus
1217 1583 1316 1630 dicit,
1336 1583 1375 1620 in
1395 1584 1430 1620 X

248 1654 255 1665 ·
281 1654 288 1661 ·
313 1651 336 1687 ς·
362 1638 483 1675 Ethic.
520 1638 549 1683 ³⁸,
578 1637 655 1674 vita
689 1647 787 1685 quae
813 1642 870 1673 est
898 1636 1103 1673 secundum
1139 1636 1429 1684 speculationem

363 1696 419 1727 est
434 1689 568 1727 melior
586 1701 701 1738 quam
720 1701 818 1738 quae
836 1695 891 1726 est
905 1690 1110 1726 secundum
1128 1690 1330 1726 hominem.
1353 1689 1430 1726 Sed
1456 1719 1457 1722 ,

363 1743 436 1781 alia
463 1742 648 1792 principia
674 1742 905 1780 universalia
932 1741 1157 1791 posteriora,
1179 1742 1259 1779 sive
1280 1742 1354 1779 sint
1373 1755 1430 1779 ra-

363 1795 477 1834 tionis
505 1795 762 1845 speculativae
787 1795 868 1833 sive
894 1795 1097 1844 practicae,
1130 1807 1210 1832 non
1242 1795 1432 1832 habentur

363 1861 434 1899 per
470 1857 658 1895 naturam,
700 1848 769 1885 sed
802 1860 872 1897 per
909 1848 1174 1886 inventionem
1215 1848 1429 1885 secundum
1456 1874 1458 1896 ζ

364 1903 468 1939 viam
494 1901 757 1950 experimenti,
785 1902 848 1938 vel
876 1913 945 1949 per
973 1900 1225 1950 disciplinam.

419 1955 616 2002 Quantum
644 1962 773 1991 autem
803 1954 850 1991 ad
878 1954 1145 2003 particularem
1174 1953 1430 2001 cognitionem
1456 1950 1458 1996 ξ
1483 1965 1574 1990 nem
1593 1952 1634 1989 *ε
1653 1953 1755 1990 unde
1774 1953 1954 1991 videmus
1973 1954 2078 2002 quod
2098 1954 2228 1990 omnia
2251 1953 2430 1991 animalia
2449 1954 2546 1991 eius·
2574 1964 2583 1972 ·
2597 1962 2702 1988 D-1077.

366 2019 500 2045 eorum
531 2008 630 2044 circa
658 2019 756 2056 quae
793 2007 964 2056 operatio
1007 2006 1177 2044 consistit
1206 2013 1261 2043 est
1292 2006 1429 2044 iterum

366 2060 686 2108 distinguendum.
716 2059 818 2107 Quia
846 2060 1016 2109 operatio
1046 2059 1215 2096 consistit
1242 2059 1340 2096 circa
1367 2059 1429 2096 ali-

366 2113 459 2162 quid
477 2114 540 2150 vel
560 2113 656 2150 sicut
675 2113 774 2150 circa
792 2113 933 2158 finem;
952 2114 1015 2150 vel
1035 2113 1131 2150 sicut
1150 2113 1249 2149 circa
1269 2124 1314 2149 ea
1333 2125 1431 2160 quae
1456 2108 1458 2151 ἶ

365 2174 454 2204 sunt
480 2166 529 2203 ad
558 2166 688 2203 finem.
719 2166 832 2202 Fines
857 2173 986 2203 autem
1007 2165 1097 2202 recti
1116 2166 1309 2202 humanae
1328 2165 1430 2202 vitae

2465 189 2537 225 363

1450 273 1563 303 ¹sunt
1599 264 1849 301 determinati.
1889 265 1938 301 Et
1964 264 2052 301 ideo
2080 272 2206 313 potest
2241 278 2322 302 esse
2362 266 2540 302 naturalis

1476 317 1668 354 inclinatio
1698 325 1874 366 respectu
1901 318 2041 354 horum
2070 318 2224 354 finium:
2255 318 2350 354 sicut
2379 331 2493 367 supra
2521 319 2541 340 *
2568 327 2579 372 ἑ
2606 326 2616 337 '¹

1477 371 1620 407 dictum
1651 377 1707 406 est
1734 370 1840 418 quod
1868 370 2027 418 quidam
2046 371 2190 407 habent
2219 382 2262 407 ex
2283 373 2441 407 naturali
2467 372 2539 408 dis·
2569 385 2591 399 ar

1450 423 1665 472 *positione
1703 423 1891 471 quasdam
1931 423 2090 460 virtutes
2128 423 2266 472 quibus
2316 423 2542 460 inclinantur

1478 476 1527 513 ad
1546 483 1669 513 rectos
1697 475 1807 523 fines,
1829 483 1866 512 et
1892 487 1961 524 per
1989 488 2230 524 consequens
2259 476 2370 512 etiam
2400 478 2542 513 habent

1451 574 1452 577 Ἰ
1478 528 1697 565 naturaliter
1733 535 1879 565 rectum
1917 528 2100 565 iudicium
2129 529 2176 566 de
2205 529 2426 566 huiusmodi
2458 529 2542 566 fini-

1479 582 1562 618 bus.
1592 582 1670 618 Sed
1699 593 1744 617 ea
1763 593 1863 628 quae
1892 590 1979 618 sunt
1997 582 2046 618 ad
2074 582 2192 618 finem
2212 581 2250 618 in
2274 583 2388 619 rebus
2407 583 2542 618 huma-

1478 634 1536 671 nis
1564 646 1643 670 non
1671 642 1757 670 sunt
1791 634 2056 680 determinata,
2099 635 2166 671 sed
2199 635 2451 683 multipliciter
2488 635 2541 672 di-

1478 687 1742 723 versificantur
1770 688 1982 723 secundum
2009 686 2263 724 diversitatem
2293 699 2543 736 personarum

1452 773 1453 776 ,
1479 747 1516 776 et
1535 739 1788 787 negotiorum.
1818 740 1929 776 Unde
1949 740 2037 788 quia
2056 739 2247 777 inclinatio
2268 749 2423 777 naturae
2444 753 2542 777 sem-

1478 804 1547 841 per
1576 799 1631 828 est
1659 792 1707 829 ad
1736 792 1876 840 aliquid
1913 793 2230 840 determinatum,
2268 794 2350 830 talis
2379 794 2541 841 cognitio

1480 857 1559 882 non
1578 852 1703 893 potest
1722 844 1869 881 homini
1888 844 2012 881 inesse
2034 845 2269 882 naturaliter:
2299 846 2384 883 licet
2414 859 2457 883 ex
2478 859 2542 883 na-

1477 898 1588 934 turali
1617 897 1866 945 dispositione
1894 909 1993 934 unus
2022 898 2068 934 sit
2096 899 2219 946 aptior
2246 899 2293 935 ad
2323 899 2542 936 huiusmodi

1454 988 1455 999 ¹
1480 950 1731 987 discernenda
1751 962 1867 998 quam
1887 950 2001 994 alius;
2032 951 2126 987 sicut
2154 951 2264 988 etiarn
2292 952 2426 988 accidit
2445 953 2543 989 circa

1454 1002 1749 1038 'conclusiones
1786 1002 2108 1050 speculativarum
2147 1004 2403 1041 scientiarum.
2442 1005 2543 1051 Quia

1454 1059 1455 1077 ³
1479 1054 1590 1102 igitur
1617 1055 1819 1103 prudentia
1838 1067 1918 1091 non
1937 1063 1993 1091 est
2021 1055 2120 1092 circa
2146 1057 2255 1102 fines,
2277 1058 2344 1094 sed
2374 1058 2471 1094 circa
2499 1071 2543 1095 ea

1480 1119 1581 1156 quae
1600 1115 1688 1144 sunt
1707 1107 1755 1144 ad
1774 1108 1905 1155 finem,
1926 1115 1967 1144 ut
1986 1120 2100 1156 supra
2119 1108 2139 1130 *
2158 1109 2330 1146 habitum
2351 1118 2422 1156 est3
2454 1111 2542 1148 ideo
2572 1117 2678 1172 {iffi-*1⁶2

1454 1141 1456 1202 i
1480 1160 1683 1210 prudentia
1711 1172 1790 1197 non
1819 1167 1876 1196 est
1902 1161 2093 1198 naturalis.

1533 1215 1592 1250 AD
1627 1225 1764 1250 prunum
1797 1224 1896 1250 ERGO
1934 1225 2119 1251 monimum
2154 1214 2259 1261 quod
2288 1214 2543 1264 Philosophus

1480 1266 1531 1303 ibi
1559 1266 1725 1315 loquitur
1753 1266 1800 1303 de
1828 1266 2103 1314 pertinentibus
2140 1268 2189 1304 ad
2217 1268 2458 1316 prudentiam
2486 1282 2544 1306 se-

1482 1319 1652 1356 cundum
1665 1319 1778 1367 quod
1801 1319 2022 1356 ordinantur
2043 1321 2091 1357 ad
2110 1320 2206 1356 fines
2221 1319 2258 1361 92
2271 1321 2374 1358 unde
2397 1334 2511 1370 supra
2525 1322 2545 1343 ²³²

1482 1425 1587 1462 cuius
1613 1429 1630 1452 Υ
1656 1425 1804 1475 gratia,
1843 1425 1940 1462 idest
1965 1425 2063 1462 finis.
2100 1426 2150 1462 Et
2175 1434 2332 1475 propter
2362 1428 2437 1463 hoc
2466 1439 2544 1464 non

1481 1478 1568 1515 facit
1587 1475 1600 1498 ὅ
1629 1477 1866 1516 mentionem
1896 1478 1944 1515 de
1973 1478 2136 1525 eubulia,
2162 1491 2261 1528 quae
2290 1487 2347 1516 est
2371 1480 2543 1517 consilia-

1481 1530 1559 1568 tiva
1588 1542 1723 1567 eorum
1752 1542 1851 1578 quae
1879 1538 1965 1570 sunt
1993 1531 2042 1568 ad
2070 1531 2202 1568 finem.

1535 1584 1596 1619 Ar>
1624 1594 1815 1620 SECUNDUM
1847 1595 2032 1620 montinum
2063 1585 2168 1631 quod
2196 1584 2397 1632 prudentia
2425 1585 2544 1633 magis

1484 1642 1540 1672 est
1566 1635 1605 1672 in
1633 1635 1787 1672 senibus
1814 1647 1893 1672 non
1917 1637 2042 1673 solum
2062 1645 2217 1685 propter
2245 1639 2453 1674 naturalem
2473 1638 2546 1675 dis-

1481 1688 1732 1737 positionem,
1772 1688 1946 1738 quietatis
1979 1689 2148 1726 motibus
2175 1690 2399 1738 passionum
2429 1691 2545 1727 sensi-

1483 1741 1632 1778 bilium:
1673 1741 1742 1779 sed
1784 1742 1896 1779 etiam
1939 1750 2095 1791 propter
2136 1743 2406 1791 experientiam
2443 1744 2545 1792 longi

1482 1794 1677 1843 temporis.

1536 1849 1596 1884 An
1623 1858 1784 1884 TER‘rmM
1812 1858 1996 1884 mmmmm
2025 1848 2130 1896 quod
2158 1848 2198 1884 in
2216 1853 2228 1869 ‘
2257 1848 2375 1884 brutis
2402 1849 2545 1886 anima-

1456 1912 1458 1940 l
1483 1900 1581 1937 libus
1609 1908 1697 1937 sunt
1725 1900 1996 1938 determinatae
2033 1901 2120 1937 viae
2147 1901 2398 1949 perveniendi
2425 1902 2473 1938 ad
2501 1902 2545 1938 fi-

1456 2017 1458 2038 ι
1483 2006 1572 2043 dem
1591 2006 1730 2055 speciei
1751 2006 1917 2044 similiter
1936 2014 2153 2055 operantur.
2175 2007 2253 2044 Sed
2271 2007 2346 2044 hoc
2366 2020 2443 2044 non
2462 2015 2546 2056 pot-

1456 2054 1459 2104 !
1484 2067 1540 2096 est
1555 2071 1638 2096 esse
1667 2059 1704 2096 in
1724 2059 1894 2106 homine,
1913 2067 2070 2108 propter
2098 2059 2285 2097 rationem
2320 2060 2411 2106 eius,
2432 2073 2542 2109 quae,

1483 2124 1573 2149 cum
1592 2112 1636 2149 sit
1656 2112 1914 2160 cognoscitiva
1932 2113 2216 2159 universalium,
2239 2113 2287 2150 ad
2306 2113 2450 2150 infinita
2469 2113 2543 2150 sin-

1456 2164 1459 2207 l
1483 2165 1627 2213 gularia
1655 2177 1696 2202 se
1726 2165 1902 2202 extendit.

420 2280 448 2312 α)
467 2279 536 2304 ideo.
553 2292 572 2298 -
589 2281 616 2303 et
634 2278 694 2304 ideo
711 2278 765 2303 BL.

420 2313 445 2348 β)
464 2314 635 2339 ordinantur.
652 2326 671 2332 -
688 2314 831 2338 ordinatur
853 2314 1050 2339 PACEFHILR.
1066 2327 1086 2334 ·-
1104 2314 1154 2339 Pro
1165 2313 1251 2346 fines,
1262 2314 1348 2346 finem
1372 2313 1429 2338 DG.

419 2351 447 2384 γ)
465 2349 550 2374 cuius.
566 2362 586 2368 —
603 2349 660 2374 eius
677 2349 719 2381 pG
738 2354 764 2373 et
781 2355 806 2378 a,
825 2356 879 2373 om.
899 2349 927 2373 Ρ.

1536 2276 1561 2310 ὃ)
1573 2278 1655 2311 facit.
1672 2292 1691 2298 -
1710 2279 1780 2304 inter
1798 2286 1830 2303 ea
1841 2279 1914 2312 facit
1931 2286 1957 2310 u,
1970 2278 2041 2312 facit
2061 2278 2131 2303 inter
2148 2285 2180 2303 ea
2199 2278 2245 2302 Pa.

1536 2313 1558 2345 ε)
1578 2314 1614 2338 in.
1632 2327 1652 2333 -
1668 2314 1748 2338 etiam
1768 2314 1795 2339 in
1813 2314 1842 2338 P.

1045 2457 1366 2500 ARTICULUS
1396 2457 1860 2500 DECIMUSSEXTUS

863 2540 1019 2571 UTRUM
1043 2540 1293 2571 PRUDENTIA
1315 2540 1463 2572 Possm*
1485 2541 1641 2571 AMITTI
1665 2541 1747 2572 PER
1771 2540 2042 2572 ossleioNEM

864 2610 888 2634 1⁸
907 2609 962 2640 11⁸⁶,
982 2617 1028 2642 qu.
1046 2617 1100 2641 un,
1119 2615 1167 2635 art.
1188 2616 1215 2640 1;
1236 2610 1278 2635 De
1296 2611 1387 2639 Verit„
1407 2617 1452 2643 qu.
1470 2618 1540 2641 xvm,
1560 2615 1608 2635 art.
1626 2618 1651 2643 7,
1671 2611 1703 2635 ad
1722 2617 1751 2643 73
1770 2611 1804 2635 VI
1824 2611 1920 2639 Ethic„
1939 2611 1997 2635 lect.
2015 2617 2050 2635 lv,

404 2687 464 2729 μὴ’
508 2695 560 2736 lg<
582 2685 605 2710 D
630 2684 934 2709 DECIMUMSEXTUM
963 2684 1016 2709 su:
1043 2683 1283 2709 paoeem‘rua.
1315 2672 1429 2709 Vide-

399 2717 554 2784 §.2¹5⁴
582 2734 642 2762 tur
677 2725 783 2772 quod
816 2725 1016 2773 prudentia
1051 2725 1171 2773 possit
1207 2725 1325 2762 amitti
1361 2738 1430 2774 per

388 2769 437 2827 ’,ᾗ
451 2796 510 2822 v,
522 2765 553 2820 ’ᾗ
568 2778 829 2815 oblivionem.
861 2778 1024 2815 Scientia
1052 2778 1166 2824 enim,
1188 2790 1275 2815 cum
1300 2778 1346 2814 sit
1364 2791 1428 2815 ne-

430 2808 526 2863 (3)
542 2825 846 2878 Kcessariorum,
877 2838 932 2867 est
960 2831 1096 2868 certior
1123 2843 1240 2879 quam
1263 2831 1428 2879 pruden-

368 2884 438 2931 tia,
478 2895 576 2932 quae
615 2892 671 2921 est
707 2883 1003 2931 contingentium
1043 2883 1306 2932 operabilium.
1351 2884 1428 2921 Sed

368 2936 522 2973 scientia
560 2937 742 2974 amittitur
777 2949 847 2985 per
883 2937 1128 2974 oblivionem.
1167 2937 1268 2984 Ergo
1307 2937 1427 2974 multo

369 2988 489 3036 magis
516 2990 730 3037 prudentia.
923 3011 933 3026 ι

423 3053 459 3078 2.
494 3042 736 3089 PRAETEREA,
772 3042 868 3079 sicut
904 3042 1161 3090 Philosophus
1189 3042 1296 3089 dicit,
1326 3042 1364 3079 in
1394 3043 1424 3079 II

185 3104 198 3125 ν
223 3104 340 3146 '2¹2'.¹²1'1..¹-³
366 3094 486 3131 Ethic.
509 3094 540 3140 *,
569 3095 685 3131 virtus
704 3107 753 3132 ex
780 3095 917 3131 eisdem
935 3101 1141 3144 generatur
1167 3100 1203 3131 et
1219 3096 1427 3143 corrumpi·
1452 3106 1454 3148 [

181 3157 207 3172 ca
248 3158 266 3199 1¹⁷¹
279 3157 340 3198 τις-3
367 3153 428 3183 tur
455 3148 644 3184 contrario
672 3148 783 3184 modo
798 3148 929 3196 factiS.
961 3148 1036 3184 Sed
1065 3148 1115 3184 ad
1143 3148 1426 3195 generationem

241 3210 253 3225 ‘²
286 3194 340 3230 '2¹¹'-
366 3198 592 3248 prudentiae
621 3200 879 3237 necessarium
905 3208 960 3236 est
989 3200 1301 3249 experimentum,
1322 3201 1427 3250 quod

366 3253 408 3290 fit
427 3265 478 3289 ex
496 3253 620 3294 multis
640 3253 844 3299 memoriis,
864 3260 904 3289 ut
925 3253 1059 3290 dicitur
1078 3253 1115 3289 in
1134 3253 1321 3302 principio
1339 3255 1425 3290 Me-

252 3315 278 3330 0³
324 3315 340 3356 ¹3
367 3307 512 3354 taphys.
532 3305 552 3327 ’¹‘
581 3306 695 3353 Ergo,
727 3318 814 3342 cum
843 3305 986 3342 oblivio
1016 3306 1225 3343 memoriae
1254 3319 1425 3355 oppona-

367 3367 438 3405 tur,
467 3358 619 3395 videtur
647 3359 751 3407 quod
770 3358 970 3407 prudentia
997 3371 1066 3406 per
1086 3359 1319 3396 oblivionem
1338 3372 1426 3408 pos-

368 3419 414 3448 sn
441 3419 575 3448 amlttl.

422 3464 457 3501 3.
487 3465 728 3512 PRAETEREA,
768 3463 967 3513 prudentia
995 3477 1073 3501 non
1108 3473 1162 3502 est
1190 3465 1270 3502 sine
1300 3465 1427 3513 cogni-

1480 2672 1582 2709 tione
1619 2672 1905 2709 universalium.
1950 2671 2027 2709 Sed
2065 2671 2335 2708 universalium
2380 2672 2542 2720 cognitio

1480 2733 1605 2774 potest
1630 2737 1700 2774 per
1728 2725 1963 2762 oblivionem
1991 2724 2121 2762 amitti.
2151 2725 2254 2772 Ergo
2276 2733 2312 2762 et
2330 2726 2541 2773 prudentia.

1536 2779 1610 2814 SED
1639 2789 1785 2815 CONTRA
1813 2790 1879 2814 EST
1897 2778 2003 2826 quod
2030 2778 2286 2826 Philosophus
2315 2778 2412 2824 dicit,
2433 2778 2472 2815 in
2490 2779 2540 2815 VI

1535 2884 1760 2920 RESPONDEO
1789 2895 1974 2921 monimum
2002 2883 2108 2931 quod
2137 2883 2280 2920 oblivio
2301 2884 2451 2932 respicit
2479 2896 2541 2921 co·

1481 2934 1687 2984 gnitionem
1708 2944 1868 2973 tantum.
1898 2937 1947 2973 Et
1964 2937 2052 2974 ideo
2071 2948 2140 2985 per
2159 2936 2394 2974 oblivionem
2418 2945 2544 2986 potest

1480 2989 1614 3038 aliquis
1643 2997 1763 3026 artem
1781 2989 1943 3026 totaliter
1970 2990 2141 3038 perdere,
2164 2996 2199 3025 et
2226 2989 2395 3027 similiter
2423 2990 2542 3027 scien-

1479 3042 1583 3089 tiam,
1613 3055 1713 3090 quae
1742 3042 1780 3079 in
1808 3042 1953 3079 ratione
1981 3042 2202 3079 consistunt.
2233 3042 2310 3079 Sed
2343 3043 2542 3091 prudentia

1481 3107 1558 3132 non
1588 3095 1753 3132 consistit
1780 3095 1818 3132 in
1839 3096 1920 3132 sola
1949 3095 2175 3143 cognitione,
2196 3095 2263 3132 sed
2284 3095 2398 3132 etiam
2418 3096 2456 3132 in
2476 3108 2541 3144 ap-

1480 3209 1535 3238 est
1563 3201 1801 3249 praecipere,
1835 3201 1940 3250 quod
1974 3209 2028 3238 est
2056 3201 2245 3250 applicare
2284 3201 2539 3248 cognitionem

1478 3254 1646 3290 habitam
1676 3255 1724 3291 ad
1752 3255 2011 3302 appetendum
2042 3262 2077 3291 et
2105 3253 2354 3302 operandum.
2386 3255 2434 3290 Et
2453 3254 2539 3290 ideo

1478 3307 1678 3355 prudentia
1698 3319 1776 3343 non
1797 3307 1936 3344 directe
1955 3307 2095 3345 tollitur
2118 3319 2186 3355 per
2206 3306 2452 3352 oblivionem,
2473 3306 2539 3343 sed

1479 3359 1600 3407 magis
1621 3360 1874 3408 corrumpitur
1892 3373 1962 3409 per
1981 3360 2192 3409 passiones:
2224 3359 2311 3395 dicit
2331 3359 2430 3396 enim
2451 3359 2537 3395 Phi-

1475 3466 1657 3514 pervertit
1682 3466 1991 3503 existimationem
2020 3465 2253 3514 prudentiae.
2296 3465 2406 3502 Unde
2440 3466 2536 3501 Dan.

2668 1485 2682 1509 δ

1480 2831 1600 2867 Ethic.
1621 2830 1652 2877 ²¹⁸,
1681 2831 1786 2878 quod
1806 2830 1941 2867 oblivio
1961 2836 2016 2868 est
2040 2831 2143 2876 artis,
2164 2836 2200 2866 et
2217 2842 2290 2867 non
2305 2831 2540 2879 prudentiae.
2570 2844 2651 2891 '5⁶4¹ss
2663 2851 2735 2892 Γάξῃ,

1480 3148 1614 3197 petitu:
1649 3148 1737 3196 quia
1756 3156 1796 3184 ut
1816 3148 1957 3185 dictum
1979 3156 2035 3185 est
2052 3148 2083 3195 *,
2104 3147 2318 3197 principalis
2338 3149 2417 3185 eius
2437 3156 2541 3185 actus
2571 3167 2576 3174 ·
2594 3166 2643 3186 Arx.
2660 3166 2680 3186 s.

2667 1319 2681 1352 β

1481 1372 1728 1421 praemiserat
1765 1372 1871 1421 quod
1897 1373 2087 1420 principia
2122 1379 2210 1410 sunt
2243 1374 2322 1410 eius
2357 1375 2458 1422 quod
2493 1381 2548 1411 est
2573 1354 2721 1406 ni‘z‘f'm'm

2694 1117 2780 1141 1111132‘,

2654 1150 2679 1170 n,
2700 1148 2741 1165 art.
2761 1149 2780 1170 5.

2734 1360 2782 1381 arg.

2741 2846 2775 2866 S.-

2738 2878 2759 2893 v.

1480 3413 1675 3460 losophus,
1696 3413 1734 3449 in
1753 3413 1803 3449 VI
1823 3414 1942 3450 Ethic.
1963 3413 1993 3460 ²¹²,
2023 3413 2127 3461 quod
2147 3411 2360 3449 delectabile
2387 3418 2422 3448 et
2440 3413 2540 3448 triste
2568 3425 2704 3449 ¹1.oc.cit.,
2720 3432 2742 3446 n.
2756 3430 2779 3447 υ.
