2892 4056
0 3397 6 3456 ἓ

0 3459 6 3527 :²

992 123 1257 171 QUAESTIO
1287 124 1354 170 ix,
1383 122 1677 159 ARTlcuLus
1707 122 1757 158 lv
2407 133 2454 169 77

291 203 474 254 gentibus,
501 201 567 250 qui
588 201 796 238 didicerunt
821 203 953 250 quihus
977 202 1087 239 malis
1112 202 1228 238 vincti
1252 207 1348 247 sunt,

292 266 389 304 quae
416 254 525 303 quasi
550 254 648 290 bona
665 254 863 302 petierunt.

345 307 570 344 Respommo
590 318 773 344 mCENDUM
793 307 897 355 quod
917 306 965 343 ad
984 306 1179 344 scientiam
1198 305 1349 356 proprie

290 359 452 408 pertinet
473 366 618 395 rectum
646 358 827 397 iudicium
847 366 1114 396 creaturarum.
1145 359 1349 396 Creaturae

292 419 419 449 autem
449 419 536 448 sunt
555 423 600 447 ex
619 411 757 459 quibus
781 413 901 449 homo
922 411 1204 449 occasionaliter
1223 424 1245 448 a
1264 413 1348 448 Deo

292 464 492 501 avertitur:
523 464 733 501 secundum
766 465 856 501 illud
890 464 978 512 Sap.
997 475 1058 500 xiv
1075 463 1110 499 *ε
1146 464 1351 500 Creaturae

287 518 415 564 factae
442 513 529 553 s'unt
554 517 591 553 in
620 517 767 563 odium,
797 523 834 554 et
858 517 895 553 in
924 516 1170 564 muscipulam
1193 517 1350 565 pedibus

293 570 554 617 insipientium,
584 569 647 618 qui
676 569 814 606 scilicet
841 576 986 605 rectum
1014 568 1196 605 iudicium
1226 570 1273 606 de
1292 568 1350 605 his

291 634 370 658 non
389 627 405 650 Υ
433 622 594 668 habent,
624 622 717 660 dum
745 621 946 660 aestimant
971 620 1011 658 in
1039 621 1092 658 eis
1121 633 1201 658 esse
1229 622 1350 670 perfe-

292 682 395 711 ctum
428 675 596 721 bonurn3
624 675 728 712 unde
759 674 798 712 in
827 673 880 712 eis
907 674 1026 711 finem
1065 674 1348 721 constituendo,

290 735 450 777 peccant
483 735 519 764 et
544 739 682 765 verum
719 727 866 764 bonum
899 726 1073 775 perdunt.
1108 726 1157 763 Et
1183 727 1258 764 hoc
1287 727 1350 764 da-

291 792 427 817 mnum
455 779 604 818 homini
630 779 830 816 innotescit
851 790 920 827 per
939 785 1084 815 recturn
1104 778 1283 816 iudicium
1303 781 1350 817 de

291 833 482 878 creaturis,
503 832 610 881 quod
631 832 793 870 habetur
811 830 880 880 per
908 831 1055 869 donum
1085 831 1273 869 scientiae.
1302 833 1352 868 Et

291 885 379 923 ideo
416 886 611 923 beatitudo
646 886 769 922 luctus
802 884 956 932 ponitur
988 884 1217 933 respondere
1247 886 1349 921 dono

292 938 482 976 scientiae.
723 968 725 970 -
857 975 860 978 Δ

343 992 404 1028 An
437 1002 574 1029 PRIMUM
609 1002 708 1028 ERGO
746 1001 930 1028 DlCENDUM
958 989 1063 1039 quod
1091 990 1194 1026 bona
1227 997 1351 1026 creata

291 1055 372 1080 non
400 1042 561 1080 excitant
588 1043 780 1092 spirituale
801 1042 982 1091 gaudium
1002 1042 1071 1079 nisi
1091 1050 1277 1091 quatenus
1298 1054 1352 1079 re-

290 1095 461 1134 feruntur
479 1095 528 1132 ad
548 1095 695 1134 bonum
720 1096 904 1142 divinum,
927 1108 971 1133 ex
991 1108 1067 1145 quo
1087 1095 1242 1145 proprie
1262 1107 1351 1133 con-

291 1147 407 1196 surgit
424 1148 604 1196 gaudium
629 1148 832 1198 spirituale.
862 1150 912 1186 Et
930 1148 1016 1186 ideo
1037 1148 1176 1186 directe
1196 1148 1351 1198 quidem

291 1200 490 1249 spiritualis
508 1213 594 1250 pax,
616 1210 652 1239 et
670 1202 849 1250 gaudium
877 1214 1126 1250 consequens,
1149 1202 1353 1250 respondet

291 1253 396 1299 dono
415 1254 633 1306 sapientiae.
663 1256 779 1292 Dono
798 1262 926 1292 autem
950 1255 1126 1292 scientiae
1146 1255 1352 1304 respondet

270 1305 448 1356 ‘widffm
481 1308 606 1356 primo
643 1302 765 1346 luctus
802 1308 849 1346 de
886 1309 1094 1357 praeteritis
1131 1308 1281 1354 erratis;
1316 1315 1352 1344 et

344 1456 372 1515 Ξ)
391 1463 452 1481 non.
469 1470 490 1477 -
506 1463 573 1488 quae
592 1463 644 1482 non
663 1456 848 1488 AEFHLpBC.
867 1456 913 1488 qui
931 1463 974 1488 px.

360 1491 370 1523 )
389 1491 447 1516 hac.
465 1505 484 1510 -
501 1491 564 1517 Om.
583 1491 612 1516 P.

1405 208 1682 249 consequenter
1700 199 1919 246 consolatio,
1951 199 2042 236 dum
2070 200 2189 235 homo
2217 210 2286 247 per
2313 207 2457 235 rectum

1404 253 1583 289 iudicium
1613 253 1788 290 scientiae
1808 260 1996 289 creaturas
2015 251 2163 288 ordinat
2181 251 2219 287 in
2239 252 2384 287 bonurn
2406 251 2459 288 di-

1403 305 1550 343 vinum.
1571 306 1620 342 Et
1638 306 1724 344 ideo
1744 306 1782 342 in
1802 306 1874 342 hac
1888 303 1901 326 ὅ
1921 305 2149 342 beatitudine
2168 304 2320 352 ponitur
2339 305 2458 340 luctus

1403 369 1473 407 pro
1502 358 1654 406 merito,
1683 366 1721 395 et
1749 358 1957 395 consolatio
1988 369 2225 407 consequens
2253 369 2323 405 pro
2351 369 2458 405 prae-

1404 411 1493 449 mio.
1524 411 1634 457 Quae
1663 411 1817 459 quidem
1846 411 2045 448 inchoatur
2073 411 2110 447 in
2138 411 2209 447 hac
2236 410 2325 456 vita,
2345 410 2457 458 perfi—

1404 464 1499 500 citur
1527 471 1653 500 autem
1683 463 1721 500 in
1754 464 1876 500 futura
1895 469 1918 500 ε.

1456 518 1514 553 An
1536 528 1724 554 SECUNDUM
1745 528 1925 554 mcENDUM
1947 516 2051 564 quod
2080 516 2126 552 de
2147 514 2158 538 ῑ
2186 515 2268 563 ipsa
2288 514 2458 551 conside-

1405 569 1548 606 ratione
1581 569 1746 606 veritatis
1779 570 1897 606 homo
1935 569 2091 617 gaudet:
2121 568 2189 604 sed
2217 568 2264 604 de
2293 580 2332 604 re
2362 567 2459 603 circa

1404 634 1518 670 quarn
1557 622 1769 659 considerat
1794 623 1991 659 veritatem
2023 628 2148 670 potest
2174 620 2308 658 tristari
2341 632 2458 669 quan-

1405 674 1542 723 doque.
1579 676 1628 712 Et
1655 675 1866 712 seeundum
1899 676 1974 712 hoc
2001 675 2122 711 luctus
2150 673 2327 710 scientiae
2360 672 2459 711 attri-

1404 728 1540 764 buitur.

1456 782 1515 817 Αι)
1543 791 1702 817 τΕκτιυΜ
1729 791 1911 820 monimum
1931 779 2035 828 quod
2054 778 2229 816 scientiae
2248 778 2459 816 secundum

1404 833 1508 880 quod
1527 832 1566 869 in
1585 832 1842 880 speculatione
1858 832 2035 878 consistit,
2051 843 2128 869 non
2149 831 2353 880 respondet
2371 832 2459 868 bea-

1404 884 1523 921 titudo
1552 885 1696 933 aliqua:
1727 885 1815 933 quia
1842 885 2034 922 beatitudo
2054 884 2220 921 hominis
2239 896 2318 921 non
2338 884 2458 921 consi-

1404 937 1464 974 stit
1483 937 1521 973 in
1541 937 1841 974 consideratione
1861 945 2127 983 creaturarum,
2149 937 2215 974 sed
2235 937 2272 974 in
2292 944 2459 974 contem-

1404 990 1568 1038 platione
1602 990 1684 1026 Dei.
1725 990 1802 1027 Sed
1831 990 2040 1037 aliqualiter
2067 989 2260 1027 beatitudo
2294 989 2460 1027 hominis

1405 1042 1573 1079 consistit
1608 1043 1646 1079 in
1674 1043 1801 1080 debito
1829 1055 1899 1079 usu
1936 1050 2192 1080 creaturarum
2225 1051 2261 1079 et
2289 1042 2460 1080 ordinata

1405 1095 1604 1133 affectione
1637 1095 1735 1132 circa
1768 1095 1886 1144 ipsas:
1917 1103 1952 1132 et
1978 1096 2053 1133 hoc
2082 1095 2167 1132 dico
2201 1103 2383 1144 quantum
2411 1095 2461 1132 ad

1405 1148 1677 1186 beatitudinem
1696 1148 1793 1186 viae.
1823 1149 1872 1186 Et
1890 1148 1977 1187 ideo
1997 1148 2173 1186 scientiae
2198 1161 2275 1184 non
2295 1147 2461 1185 attribui-

1405 1210 1466 1238 tur
1493 1201 1619 1250 aliqua
1651 1201 1843 1239 beatitudo
1875 1201 2066 1250 pertinens
2098 1202 2147 1239 ad
2174 1201 2460 1249 contemplatio-

1407 1266 1515 1300 nem3
1545 1255 1612 1293 sed
1631 1254 1833 1292 intellectui
1852 1261 1890 1291 et
1908 1255 2124 1303 sapientiae,
2141 1267 2238 1303 quae
2259 1261 2345 1291 sunt
2356 1254 2461 1304 ,circa

1407 1307 1545 1344 divina.

1460 1455 1482 1487 ε)
1495 1455 1603 1488 futura.
1622 1469 1640 1473 -
1652 1455 1750 1488 futuro
1769 1455 2022 1480 ABCDEFIKLima.

1458 1489 1484 1523 ζ)
1503 1490 1546 1516 de.
1562 1504 1581 1509 -
1599 1490 1626 1514 in
1645 1490 1675 1515 P.
