2892 4056
59 736 85 757 h
60 709 185 758 ’tq-deza.
203 715 270 737 xxm,

29 2102 148 2132 j·s.'¹·1=.
160 2106 262 2130 laeum.

17 2283 19 2285 ’
50 2293 85 2316 ²³-

51 2369 144 2392 ’ναι-ι.
157 2375 195 2397 ²⁴-

51 2261 263 2288 ‘Po-umnam.
295 2277 298 2279 -

967 160 1232 206 QUAESTIO
1262 159 1435 207 XXXIV,
1464 159 1758 197 ARTICULUS
1788 160 1802 196 1

2393 159 2466 207 273

764 365 1174 442 QUAESTIO
1218 364 2012 441 TRIGESIMAQUARTA

1217 475 1259 516 D
1275 476 1314 516 E
1361 475 1400 516 o
1417 475 1459 516 D
1476 475 1495 516 1
1512 475 1550 516 o

1136 580 1171 605 ΙΝ
1199 580 1265 606 SEX
1290 580 1491 606 ARTICULOS
1517 580 1635 605 DIVISA

298 663 488 746 Damna
517 653 837 693 considerandum
879 661 933 691 est
961 653 1008 690 de
1036 654 1135 692 vitiis
1177 655 1366 704 oppositis>

382 706 524 744 caritati
537 707 568 744 ³¹².
588 707 638 753 Et
654 707 791 756 primo,
811 706 860 745 de
893 706 996 754 odio,
1015 707 1122 754 quod
1153 708 1360 756 opponitur

297 759 369 808 ipsi
397 759 610 806 dilectioni3
647 759 839 806 secundo,
878 758 926 796 de
954 759 1086 796 acedia
1122 767 1159 796 et
1194 759 1358 807 invidia,

299 823 399 860 quae
432 818 682 860 opponuntur
714 811 853 859 gaudio
890 810 1051 847 caritatis
1070 812 1108 857 *3
1140 812 1270 858 tertio,
1310 813 1358 850 de

147 877 238 893 ¹¹¹v¹¹·
298 864 488 902 discordia
517 872 554 901 et
580 864 794 912 schismate,
815 875 914 913 quae
942 871 1193 912 opponuntur
1218 864 1303 913 paci
1321 864 1358 911 *3

298 925 458 966 quarto,
491 917 538 954 de
567 915 781 954 offensione
809 923 846 953 et
873 915 1076 963 scandalo,
1109 928 1210 964 quae
1239 928 1359 965 oppo-

297 977 438 1008 nuntur
464 968 740 1007 beneficentiae
769 975 806 1006 et
832 968 1057 1006 correctioni
1083 969 1270 1006 fraternae
1286 970 1318 1005 *-

299 1022 410 1060 Circa
435 1021 605 1070 primum
632 1028 869 1070 quaeruntur
896 1033 983 1058 sex:

349 1074 502 1111 Primo:
531 1081 659 1111 utrum
687 1074 794 1111 Deus
821 1074 942 1123 possit
970 1073 1060 1111 odio
1089 1073 1234 1111 haberi.

1466 655 1668 694 Secundo:
1697 663 1826 693 utrum
1846 655 1980 693 odium
1999 655 2072 693 Dei
2091 656 2136 693 sit
2155 656 2366 694 maximum
2385 669 2472 705 pec-

1519 722 1705 752 catorum.

1464 774 1617 811 Tertio:
1646 782 1776 812 utrum
1797 774 1930 812 odium
1956 775 2120 824 proximi
2145 787 2297 824 semper
2320 775 2366 813 sit
2383 787 2472 824 pec-

1518 840 1659 870 catum.

1464 891 1629 937 Quarto:
1649 899 1778 928 utrum
1794 892 1840 928 sit
1857 892 2066 929 maximum
2085 892 2181 929 inter
2198 901 2355 941 peccata
2374 905 2472 942 quae

1518 959 1606 989 sunt
1632 953 1671 989 in
1698 953 1931 1001 proximum.

1465 1012 1632 1059 Quinto:
1661 1020 1788 1050 utrum
1818 1013 1863 1050 sit
1889 1013 2026 1052 vitium
2055 1014 2226 1062 capitale.

1467 1075 1604 1111 Sexto:
1634 1086 1679 1111 ex
1707 1087 1784 1123 quo
1814 1075 1961 1124 capitali
1987 1075 2082 1113 vitio
2111 1076 2263 1113 oriatur.

1103 1181 1421 1225 ARTICULUS
1451 1182 1657 1226 PRIMUS

881 1275 1037 1306 UTRUM
1059 1275 1231 1313 AL1Quls
1254 1274 1402 1306 POSSIT
1424 1275 1549 1307 DEUM
1572 1275 1680 1307 omo
1704 1276 1878 1307 HABERE

555 1354 624 1380 Part.
643 1353 662 1384 1,
682 1361 726 1386 qu.
744 1361 784 1385 Lx,
803 1358 850 1378 art.
870 1352 894 1383 5,
912 1353 944 1378 ad
963 1352 992 1384 5;
1011 1353 1031 1378 ΙΙ
1051 1353 1135 1383 Sena,
1155 1353 1213 1378 dist.
1232 1361 1256 1383 v,
1276 1358 1324 1378 art.
1344 1352 1373 1384 3,
1393 1353 1426 1378 ad
1446 1353 1824 1386 23Expos.Litt.;1V,di.st
1843 1363 1867 1386 L,
1887 1363 1931 1388 qu.
1950 1363 1977 1385 ιι,
1997 1360 2045 1381 art.
2068 1364 2089 1385 1,
2109 1356 2159 1390 qu*
2181 1356 2211 1389 5;

405 1388 553 1419 ΒεῐΤει-ὶΐυ
573 1395 619 1421 qu.
637 1395 696 1419 xxn,
716 1393 762 1413 art.
783 1395 807 1420 2,
827 1387 858 1412 ad
880 1387 959 1419 3·1n
977 1387 1085 1418 Manu„
1105 1396 1160 1421 cap.
1178 1395 1237 1419 11115
1258 1388 1287 1412 In
1308 1388 1394 1418 Ioan„
1415 1396 1471 1421 cap.
1490 1396 1514 1419 v,
1534 1389 1592 1414 lect.
1610 1397 1660 1420 vu;
1681 1397 1737 1422 cap.
1755 1397 1801 1421 xv,
1821 1391 1879 1441 lect.
1897 1397 1926 1420 v;
1945 1391 1989 1415 Ad
2006 1391 2093 1422 Rom„
2113 1399 2168 1425 cap.
2186 1376 2245 1424 vin,
2263 1393 2322 1418 lect.
2339 1401 2366 1418 u.

309 1484 313 1489 v
335 1495 373 1514 f„
395 1492 481 1515 Α(
504 1478 528 1504 n
554 1477 694 1504 PRJMUM
721 1477 775 1503 s1c
802 1477 1044 1503 Paocnmrua.
1064 1466 1224 1502 Videtur
1250 1465 1355 1514 quod

329 1503 404 1563 §.We
406 1499 478 1563 {³⁴}
502 1520 632 1558 Deum
661 1518 786 1555 nullus
814 1518 906 1556 odio
933 1518 1076 1555 habere
1095 1518 1228 1568 possit.
1256 1517 1357 1555 Dicit

244 1571 432 1629 xff'vlzssss,
444 1560 475 1615 'r
491 1571 608 1610 enim
625 1571 848 1620 Dionysius,
866 1583 904 1609 tv
923 1583 1005 1621 cap.
1022 1571 1068 1609 de
1081 1571 1169 1608 Div.
1188 1571 1306 1608 Nom.
1321 1571 1355 1618 *,

299 1623 302 1627 ’
408 1663 412 1665 ,
412 1623 448 1651 ⁷·
484 1624 612 1673 quod
637 1625 813 1662 omnibus
839 1625 1005 1662 amabile
1034 1630 1072 1661 et
1097 1623 1279 1674 diligibile
1305 1629 1362 1660 est

292 1672 448 1728 ipsuni·
466 1679 608 1715 bonum
622 1683 660 1714 et
665 1677 884 1726 pulchrum
904 1677 982 1714 Sed
997 1679 1104 1714 Deus
1119 1685 1175 1714 est
1192 1677 1276 1726 ipsa
1290 1677 1357 1714 bo-

291 1730 390 1768 nitas
414 1738 451 1768 et
472 1730 728 1790 pulchritudo.
758 1730 862 1778 Ergo
893 1742 915 1767 a
937 1731 1044 1767 nullo
1069 1730 1160 1767 odio
1184 1731 1358 1767 habetur.

347 1795 382 1820 2.
409 1783 657 1831 PRAETEREA‚
689 1783 728 1820 in
762 1783 994 1832 apocryphis
1021 1783 1167 1820 Esdrae
1185 1783 1206 1805 ’⁸‘
1225 1783 1360 1820 dicitur

293 1837 400 1890 quod
428 1837 557 1889 omnia
585 1836 766 1885 invocant
789 1837 1023 1883 veritatem‚.
1043 1842 1079 1873 et
1103 1836 1360 1886 benignantur

292 1890 332 1928 in
360 1890 536 1938 operibus
562 1890 655 1927 eius.
685 1889 765 1927 Sed
791 1891 898 1928 Deus
928 1897 984 1926 est
1009 1889 1094 1938 ipsa
1119 1889 1282 1936 veritas,
1319 1895 1361 1926 ut

292 1942 430 1980 dicitur
457 1945 563 1980 ioan.
583 1955 645 1980 xiv
662 1942 694 1980 ⁸².
725 1944 827 1991 Ergo
856 1955 995 1980 omnes
1024 1942 1184 1990 diligunt
1211 1943 1358 1989 Deum,

291 2003 337 2032 ew
356 1996 482 2033 nullus
511 2008 602 2032 eum
630 1996 721 2033 odio
750 1996 894 2033 habere
920 2003 1058 2046 potest.

315 2049 380 2086 3.
417 2049 661 2096 PRAETEREA,
699 2048 834 2086 odium
873 2057 928 2086 est
963 2049 1112 2086 aversio
1150 2049 1355 2098 quaedam.

290 2100 369 2141 Sed
385 2101 481 2140 sicut
494 2077 705 2150 Dionysius
721 2101 843 2149 dicit,
833 2115 871 2139 in
887 2115 922 2140 ιν
937 2115 1021 2151 cap.
1034 2102 1082 2139 de
1096 2101 1184 2139 Div.
1194 2102 1313 2139 Nom.
1325 2101 1356 2148 ³¹⁶,

289 2150 397 2199 Deus
422 2155 554 2195 omnia
587 2155 640 2192 ad
666 2155 831 2203 seipsum
866 2156 1059 2193 convertit.
1098 2155 1201 2203 Ergo
1231 2155 1357 2192 nullus

290 2217 384 2246 eum
412 2208 503 2246 odio
530 2209 676 2246 habere
703 2215 842 2257 potest.

332 2259 420 2298 San
448 2267 595 2298 coum
621 2272 700 2308 mr,
721 2261 827 2310 quod
851 2261 1014 2298 dicitur
1002 2273 1045 2298 m
1063 2262 1204 2298 Psalrn
1219 2260 1256 2297 *ε
1287 2261 1356 2297 Su·

283 2313 422 2369 perbia
459 2324 591 2355 eorum
620 2314 686 2363 qui
724 2319 758 2350 te
792 2314 953 2351 oderunt
986 2314 1154 2351 ascendit
1186 2324 1356 2363 semper,-

291 2361 331 2418 ef
352 2365 461 2414 Ioan-
481 2379 530 2404 xv
543 2366 580 2404 *z
608 2366 730 2405 Nunc
753 2373 879 2410 autem
898 2372 936 2403 et
948 2367 1128 2405 viderunt
1145 2372 1181 2404 et
1198 2368 1360 2404 oderunt

290 2432 351 2458 me
379 2426 415 2457 et
441 2421 596 2457 Patrem
625 2431 763 2456 meum.

343 2475 572 2511 Rasponmzo
602 2484 787 2510 DicaNDuM
825 2472 951 2520 quod,
987 2455 1083 2508 sicut
1111 2484 1157 2508 ex
1184 2472 1356 2531 supradi-

214 2534 263 2554 ¹⁸⁷
291 2526 398 2564 ctis*
415 2534 531 2587 patet,
560 2526 694 2563 odium
716 2533 771 2562 est
790 2525 948 2574 quidam
977 2532 1105 2561 motus
1126 2524 1357 2575 appetitivae

290 2580 495 2630 potentiae,
525 2591 626 2627 quae
654 2591 733 2616 non
761 2586 942 2615 movetur
969 2578 1039 2614 nisi
1065 2578 1116 2614 ab
1143 2578 1272 2626 aliquo
1293 2589 1358 2627 ap-

290 2634 494 2683 prehenso.
525 2633 631 2669 Deus
660 2639 788 2668 autem
817 2631 1015 2681 dupliciter
1042 2632 1090 2668 ab
1114 2631 1271 2668 homine
1292 2643 1358 2680 ap-

289 2685 478 2736 prehendi
501 2693 647 2734 potest:
676 2697 755 2722 uno
782 2684 914 2731 modo,
936 2684 1149 2721 secundum
1173 2683 1355 2732 seipsum,

290 2748 383 2790 puta
421 2751 510 2776 cum
547 2751 617 2787 per
654 2738 859 2775 essentiam
890 2738 1063 2783 videtur;
1102 2737 1176 2774 alio
1213 2737 1356 2784 modo,

291 2805 361 2843 per
398 2792 557 2830 effectus
590 2804 706 2839 suos,
746 2803 834 2828 cum
872 2791 1012 2827 scilicet
1048 2790 1248 2827 invisibilia
1284 2791 1360 2827 Dei

14 2839 15 2842 ¹
54 2853 165 2875 ’Λάκου
166 2859 238 2882 ap
247 2859 264 2881 ¹
285 2848 373 2895 pleb·
377 2851 423 2883 ea
440 2852 540 2894 quae
564 2846 678 2894 facta
706 2850 793 2881 sum
814 2844 998 2881 intellecta
1024 2843 1307 2892 conspiciuntur
1322 2843 1354 2880 ¹¹⁸.

292 2898 399 2937 Deus
411 2896 548 2935 {aurem
567 2904 637 2947 per
651 2893 859 2935 essentiam
879 2908 989 2934 suam
1015 2904 1070 2934 est
1089 2897 1171 2946 ipsa
1189 2895 1355 2956 bonitas,

293 2955 412 3002 quarn
429 2951 567 2988 nullus
578 2947 727 2988 habere
752 2951 847 2988 odio
866 2958 1010 2999 potest:
1030 2950 1119 2998 quia
1143 2949 1190 2986 de
1210 2949 1356 2988 ratione

326 3071 329 3079 ι
345 3061 375 3095 α)
391 3062 491 3095 φησι..
509 3061 663 3094 *primam
681 3061 998 3088 Pmnmflxma.

1410 1466 1502 1503 boni
1521 1474 1577 1503 est
1593 1474 1636 1503 ut
1658 1475 1820 1504 ametur.
1864 1469 1913 1505 Et
1930 1469 2019 1506 ideo
2039 1469 2274 1518 impossibile
2295 1479 2350 1508 est
2368 1473 2474 1520 quod

1411 1519 1545 1568 aliquis
1576 1519 1714 1557 videns
1754 1521 1883 1558 Deum
1914 1533 1985 1570 per
2017 1522 2220 1560 essentiam
2260 1535 2349 1561 eum
2383 1525 2472 1562 odio

1409 1572 1561 1609 habeat.

1464 1625 1542 1662 Sed
1571 1624 1729 1663 effectus
1758 1625 1840 1662 eius
1867 1626 1983 1674 aliqui
2010 1635 2098 1664 sunt
2125 1628 2190 1676 qui
2218 1629 2322 1667 nullo
2352 1629 2473 1667 modo

1409 1685 1571 1726 possunt
1598 1689 1681 1715 esse
1711 1679 1889 1715 contrarii
1915 1680 2103 1717 voluntati
2127 1681 2338 1718 humanae:
2385 1683 2474 1730 quia

1409 1741 1504 1778 esse,
1519 1730 1654 1768 vivere
1675 1738 1711 1767 et
1729 1731 1939 1779 intelligere
1958 1740 2016 1769 est
2034 1733 2236 1782 appetibile
2254 1741 2290 1770 et
2309 1735 2473 1772 amabile

1411 1784 1604 1831 omnibus,
1625 1795 1726 1832 quae
1754 1791 1842 1821 sunt
1869 1784 2026 1834 quidam
2055 1785 2212 1823 effectus
2240 1787 2323 1824 Dei.
2361 1787 2472 1825 Unde

1408 1836 1524 1874 etiarn
1544 1836 1758 1874 secundum
1778 1837 1883 1886 quod
1902 1838 2010 1876 Deus
2029 1839 2328 1888 apprehenditur
2345 1847 2387 1877 ut
2407 1853 2472 1877 au-

1410 1896 1491 1926 ctor
1517 1890 1658 1927 horum
1688 1890 1913 1937 effectuum,
1944 1903 2022 1928 non
2050 1899 2178 1940 potest
2206 1892 2295 1931 odio
2327 1893 2471 1930 haberi.

1463 1943 1562 1980 Sunt
1580 1950 1710 1980 autem
1728 1943 1887 1991 quidam
1908 1943 2067 1980 effectus
2085 1945 2159 1981 Dei
2178 1945 2242 1994 qui
2261 1954 2475 1995 repugnant

1408 1995 1647 2032 inordinatae
1674 1996 1877 2033 voluntati:
1912 1996 2008 2033 sicut
2035 1997 2193 2034 inflictio
2226 2009 2398 2046 poenae3
2439 2007 2475 2035 et

1409 2048 1523 2085 etiarn
1552 2048 1734 2086 cohibitio
1761 2057 2010 2098 peccatorum
2037 2062 2109 2099 per
2134 2051 2261 2099 legem
2288 2051 2471 2099 divinam,

1409 2113 1507 2150 quae
1523 2109 1710 2151 repugnat
1724 2102 1914 2140 voluntati
1927 2103 2160 2152 depravatae
2173 2116 2243 2154 per
2254 2112 2472 2154 peccatum.

1408 2155 1458 2192 Et
1471 2162 1660 2203 quantum
1675 2155 1725 2192 ad
1739 2155 2086 2194 considerationem
2102 2156 2235 2194 talium
2252 2157 2471 2205 effectuum,

1408 2208 1457 2244 ab
1477 2208 1667 2256 aliquibus
1686 2209 1793 2245 Deus
1813 2208 1904 2245 odio
1923 2209 2056 2245 haberi
2074 2217 2216 2257 potest:
2244 2209 2473 2258 inquantum

1409 2260 1551 2297 scilicet
1582 2261 1883 2309 apprehenditur
1909 2269 2158 2310 peccatorum
2195 2263 2411 2311 prohibitor
2440 2270 2477 2300 et

1408 2325 1626 2363 poenarum
1655 2314 1830 2351 inflictor.

1463 2368 1522 2404 AD
1552 2378 1691 2404 ptumum
1719 2378 1818 2404 ERGO
1845 2378 2032 2405 DlCENDUM
2061 2368 2166 2416 quod
2193 2367 2287 2405 ratio
2305 2367 2369 2406 illa
2386 2381 2475 2418 pro-

1409 2419 1508 2456 cedit
1527 2427 1715 2467 quantum
1734 2419 1785 2457 ad
1802 2420 1886 2457 illos
1910 2419 1975 2468 qui
1993 2419 2127 2461 vident
2153 2420 2226 2457 Dei
2255 2422 2474 2470 essentiam,

1410 2484 1508 2520 quae
1538 2479 1594 2508 est
1621 2472 1702 2520 ipsa
1732 2472 1893 2509 essentia
1921 2472 2111 2510 bonitatis.

1462 2527 1522 2561 AD
1541 2536 1732 2561 SECUNDUM
1752 2536 1937 2562 DlCENDUM
1966 2526 2072 2572 quod
2100 2526 2194 2562 ratio
2220 2526 2282 2563 illa
2301 2527 2475 2575 procedit

1406 2583 1597 2626 quantum
1631 2577 1681 2614 ad
1718 2578 1793 2614 hoc
1829 2578 1935 2625 quod
1972 2578 2269 2626 apprehenditur
2301 2580 2406 2616 Deus
2433 2587 2476 2616 ut

1411 2643 1525 2668 causa
1543 2630 1695 2666 illorum
1715 2630 1921 2667 effectuum
1949 2630 2015 2679 qui
2042 2631 2260 2668 naturaliter
2283 2633 2331 2669 ab
2351 2632 2475 2668 homi—

1410 2684 1522 2720 nibus
1553 2690 1744 2730 amantur,
1780 2682 1877 2719 inter
1910 2695 2006 2731 quos
2039 2691 2126 2720 sunt
2158 2697 2274 2733 opera
2307 2685 2475 2722 veritatis

1407 2736 1627 2786 praebentis
1655 2748 1766 2773 suam
1795 2736 2051 2783 cognitionem
2080 2737 2314 2774 hominibus.

1463 2791 1522 2826 Αι)
1541 2801 1701 2826 TERTIUM
1720 2801 1905 2826 DICENDUM
1933 2790 2039 2837 quod
2058 2791 2165 2826 Deus
2186 2790 2374 2828 convertit
2392 2803 2475 2829 om-

1410 2843 1472 2880 nia
1487 2843 1536 2880 ad
1550 2843 1718 2890 seipsum
1738 2842 1965 2891 inquantum
1983 2850 2039 2879 est
2058 2843 2207 2880 essendi
2227 2843 2473 2892 principium:

1409 2895 1499 2945 quia
1523 2896 1669 2942 omnia,
1700 2895 1926 2943 inquantum
1955 2896 2245 2942 sunt‚‘tendunt
2270 2896 2310 2934 in
2337 2897 2410 2935 Dei
2429 2897 2474 2935 si-

1410 2948 1674 2996 militudinem,
1705 2948 1770 2997 qui
1798 2956 1855 2985 est
1881 2949 2008 2999 ipsum
2037 2960 2134 2986 esse.

969 3142 1301 3187 Commentario
1323 3141 1574 3176 cardinalis
1594 3142 1795 3175 Caietam

324 3219 501 3252 narticulo
524 3219 629 3261 primo
652 3220 847 3260 quaestionis
869 3219 1175 3261 trigesimaequm'ae
1189 3220 1354 3261 diligenter

295 3230 357 3296 let
377 3271 472 3296 caute
488 3264 627 3295 adverte
631 3265 721 3305 quod
735 3265 830 3295 verba
837 3264 963 3296 litterae
978 3270 1115 3305 possunt
1128 3265 1208 3296 bene
1224 3272 1255 3296 et
1266 3265 1352 3296 male

294 3309 436 3349 intelligi.
470 3309 553 3339 Male
587 3308 728 3359 quidem,
752 3308 778 3338 si
809 3318 846 3339 ex
875 3309 920 3339 eis
949 3316 1094 3340 sumatur
1125 3309 1214 3350 quod
1241 3309 1353 3341 odium

293 3363 362 3385 noa
379 3359 490 3394 potest
512 3352 672 3384 terminari
695 3353 735 3383 ad
755 3352 864 3393 ipsum
883 3353 993 3384 Deum
1015 3353 1192 3385 secundum
1210 3353 1246 3384 id
1264 3354 1353 3396 quod

295 3404 342 3428 est
364 3397 397 3427 in
421 3396 536 3437 seipso,
561 3397 616 3427 sed
638 3397 746 3427 solum
769 3397 947 3428 secundum
960 3397 1050 3438 quod
1068 3397 1176 3429 induit
1196 3397 1352 3430 rationem

296 3451 408 3473 causae
431 3441 563 3472 alicuius
582 3441 774 3481 displicentis
789 3441 892 3472 alicui.
916 3441 977 3472 Hic
995 3441 1153 3483 siquidem
1168 3451 1277 3473 sensus
1301 3453 1352 3483 ap-

438 3503 548 3527 Smumx
566 3502 667 3527 Tar-201..
687 3502 719 3527 D.
732 3501 847 3527 Thomna
865 3502 896 3526 T.
910 3502 942 3526 V.

1406 3228 1495 3261 paret
1523 3221 1559 3251 iu
1591 3220 1756 3261 superficie
1778 3220 1915 3252 litterae:
1947 3220 2001 3251 sed
2020 3220 2122 3251 falsus
2150 3227 2213 3256 est,
2239 3226 2269 3250 et
2292 3220 2412 3250 alienus
2435 3221 2473 3251 ab

1407 3265 1557 3296 Aisoumas
1574 3265 1759 3296 intentione.
1778 3265 1895 3295 *Falsus
1911 3264 2052 3306 quidem,
2070 3265 2144 3305 quia
2158 3274 2292 3304 possum
2310 3274 2349 3294 ex
2363 3264 2474 3305 iniqua

1406 3310 1572 3340 voluntate
1596 3309 1675 3340 velle
1706 3309 1794 3350 quod
1817 3309 1904 3340 Deus
1928 3309 2074 3345 nonsit,
2105 3308 2248 3349 quamvis
2282 3308 2378 3338 sciam
2410 3309 2473 3339 hoc

1408 3364 1474 3384 esse
1497 3353 1706 3395 impossibile.
1737 3353 1893 3385 Voluntas
1921 3353 2007 3385 enim
2033 3363 2180 3394 perversa
2203 3352 2297 3383 etiam
2325 3352 2472 3393 impossi-

1406 3398 1522 3429 bilium
1546 3405 1602 3430 est.
1628 3397 1735 3438 Inquit
1757 3397 1843 3429 enirn
1858 3404 2017 3438 peccator:
2043 3396 2196 3434 Quamvis
2213 3396 2311 3427 sciam
2325 3396 2387 3427 hoc
2406 3407 2472 3427 non

1406 3453 1502 3482 posse
1519 3452 1595 3478 esse,
1613 3449 1719 3473 tamen
1743 3452 1802 3482 ego
1819 3442 1934 3472 vellem
1953 3441 2041 3482 quod
2057 3441 2100 3472 sic
2116 3447 2198 3471 esset
2212 3448 2248 3472 ut
2263 3447 2352 3481 opto.
2369 3457 2390 3464 —
2406 3441 2472 3472 Nec

2299 3501 2329 3526 35
