2892 4056
1062 160 1327 206 QUAESTIO
1358 159 1496 206 xmv,
1526 159 1820 196 ART1CULUS
1848 159 1898 195 v1

391 240 479 276 titur
498 245 515 261 ‘²
547 251 597 275 ex
628 245 703 276 tota
723 240 969 287 fortitudine.-
1011 239 1078 275 sed
1115 238 1266 276 additur
1305 239 1342 275 in
1376 244 1451 274 tota

391 298 523 330 mente.
554 292 632 328 Sed
652 292 771 328 Marc.
792 304 839 328 xn
854 292 874 314 ²⁸
892 299 1087 340 ponuntur
1106 299 1284 340 quatuor:
1314 291 1452 327 scilicet

391 355 443 381 ex
459 350 533 381 toto
557 345 680 389 corde,
711 352 746 380 et
765 356 815 381 ex
837 350 912 381 tota
931 345 1071 390 anima,
1101 352 1137 380 et
1155 356 1206 380 ex
1224 349 1298 380 tota
1317 349 1450 389 mente,

392 405 429 434 et
455 409 505 433 ex
533 402 608 433 tota
635 397 780 442 virtute,
810 409 909 445 quae
937 405 992 434 est
1019 397 1122 434 idem
1137 396 1368 444 fortitudini.
1403 397 1452 432 Et

391 450 494 486 haec'
506 449 618 485 etiam
637 457 800 497 quatuor
818 457 1019 496 tanguntur
1039 450 1130 485 Luc.
1151 461 1175 485 x
1189 448 1228 484 *t
1258 460 1346 484 nam
1365 449 1450 485 loco

378 502 615 550 fortitudinis
648 515 715 538 seu
752 503 896 539 virtutis
927 501 1081 550 ponitur
1117 513 1167 537 ex
1194 501 1365 537 omnibus
1398 501 1451 537 vi-

390 555 493 591 ribus
520 556 602 591 tuis.
641 555 690 591 Et
717 555 802 591 ideo
831 555 970 591 horum
998 562 1161 602 quatuor
1190 561 1244 589 est
1272 553 1364 589 ratio
1394 566 1451 589 as-

154 454 166 464 ·
180 452 246 475 Vers-
260 458 295 479 27·

390 607 593 654 signanda:
623 620 713 644 nam
734 607 839 655 quod
866 606 1003 643 alicubi
1030 618 1149 642 unum
1178 606 1317 642 horum
1341 606 1451 642 omit—

390 660 489 706 titur,
519 660 593 696 hoc
623 667 678 696 est
706 659 795 708 quia
821 671 942 696 unum
971 658 1185 705 intelligitur
1213 669 1256 693 ex
1286 658 1377 694 aliis.

443 713 512 749 Est
526 712 635 760 igitur
651 711 971 749 considerandum
990 712 1094 759 quod
1110 710 1259 747 dilectio
1276 718 1331 746 est
1345 718 1451 747 actus

390 765 614 812 voluntatis,
644 773 743 812 quae
779 764 841 801 hic
872 763 1102 812 significatur
1137 775 1205 811 per
1233 774 1320 799 cor.-
1362 775 1450 799 nam

389 818 486 855 sicut
513 830 578 854 cor
601 817 797 865 corporale
827 823 882 852 est
908 815 1136 864 principium
1166 815 1340 852 omniurn
1369 827 1451 851 cor-

390 869 579 919 poralium
604 878 792 915 motuum,
813 868 863 905 ita
883 868 995 904 etiam
1015 869 1204 913 voluntas,
1226 875 1261 903 et
1285 867 1450 903 maxime

389 930 575 972 quantum
604 922 652 959 ad
680 921 929 958 intentionem
956 920 1043 957 finis
1070 919 1204 967 ultimi,
1229 919 1334 967 quod
1353 918 1368 948 β
1396 927 1452 956 est

390 975 583 1012 obiectum
617 974 798 1020 caritatis,
829 981 884 1010 est
911 972 1137 1021 principium
1176 971 1349 1008 omnium
1378 971 1451 1020 spi-

389 1027 581 1064 ritualium
619 1034 805 1063 motuum.
853 1026 944 1063 Tria
982 1033 1109 1062 autem
1149 1032 1234 1062 sunt
1267 1024 1451 1073 principia

389 1081 559 1118 factunm
587 1092 686 1128 quae
714 1086 922 1116 moventur
944 1091 967 1115 a
984 1079 1203 1115 voluntate:
1232 1077 1372 1114 scilicet
1398 1077 1452 1114 in-

388 1133 569 1179 tellectus,
598 1132 662 1181 qui
690 1132 923 1180 significatur
948 1143 1018 1180 per
1045 1136 1223 1175 mentem,·
1249 1131 1308 1167 vis
1335 1142 1450 1179 appe-

387 1185 494 1222 titiva
530 1185 684 1222 inferior
701 1191 737 1234 Υ,
767 1197 865 1233 quae
903 1184 1133 1232 significatur
1166 1195 1235 1232 per
1261 1183 1451 1227 animam;

389 1246 426 1275 et
451 1238 510 1274 vis
540 1237 735 1278 executiva
774 1237 950 1285 exterior,
979 1249 1078 1286 quae
1111 1237 1340 1284 significatur
1383 1248 1453 1285 per

441 1369 468 1402 α)
488 1369 631 1399 omittitur.
649 1383 668 1388 -
685 1368 832 1394 dimittitur
850 1369 879 1393 P.

442 1403 468 1436 β)
487 1404 567 1436 quod.
585 1418 603 1423 -
621 1411 689 1437 quae
707 1404 737 1433 K,
756 1403 802 1436 qui
819 1403 865 1428 Pa.

2489 160 2561 196 335

1477 238 1479 273 ζ
1493 239 1756 286 fortitudinem
1785 251 1853 274 seu
1879 238 2052 275 virtutem
2081 237 2161 274 sive
2188 238 2296 274 vires.
2334 238 2564 286 Praecipitur

1505 303 1594 338 ergo
1612 291 1722 327 nobis
1736 299 1776 327 ut
1792 298 1869 327 tota
1888 298 2017 327 nostra
2034 290 2189 327 intentio
2210 291 2349 327 feratur
2367 290 2404 327 in
2423 291 2562 337 Deum,

1504 344 1609 392 quod
1630 351 1685 379 est
1707 355 1757 379 ex
1774 349 1848 379 toto
1858 344 1996 386 corda·
2025 350 2061 379 et
2079 343 2184 391 quod
2207 343 2416 379 intellectus
2437 351 2564 379 noster

1505 396 1688 432 subdatur
1715 397 1812 442 Deo,
1843 397 1947 444 quod
1976 403 2031 432 est
2059 407 2109 431 ex
2134 401 2210 432 tota
2237 401 2375 439 mente,·
2405 404 2440 431 et
2459 396 2563 444 quod

1504 448 1691 497 appetitus
1711 456 1838 485 noster
1857 449 2044 496 reguletur
2062 449 2274 485 secundum
2298 450 2438 495 Deum,
2458 449 2562 496 quod

1506 508 1560 537 est
1588 513 1637 537 ex
1654 506 1728 537 tota
1752 502 1880 537 anima
1890 514 1904 545 ‚·
1931 509 1967 538 et
1995 501 2099 549 quod
2128 501 2288 538 exterior
2307 509 2411 538 actus
2435 509 2563 538 noster

1505 553 1658 590 obediat
1694 555 1799 599 Deo,
1838 554 1942 601 quod
1980 562 2035 590 est
2070 566 2120 590 ex
2147 560 2221 590 tota
2245 554 2472 602 fortitudine
2499 555 2561 590 vel

1502 606 1637 642 virtute
1663 606 1726 642 vel
1753 606 1894 642 viribus
1922 607 2049 642 Deum
2079 606 2242 654 diligere.

1558 659 1857 706 Chrysostomus
1875 667 2015 705 tamen,
2035 671 2148 706 super
2165 660 2301 696 Matth.
2322 658 2352 706 ²¹³,
2382 658 2517 707 accipit
2542 671 2560 694 e

1505 711 1691 748 contrario
1721 723 1788 747 cor
1807 718 1842 747 et
1859 711 2027 748 animam
2055 724 2171 759 quam
2191 712 2332 748 dictum
2353 711 2410 748 sit.
2431 732 2454 738 -
2484 714 2561 747 Au-

1503 763 1672 810 gustinus
1691 775 1798 810 vero,
1815 763 1852 800 in
1873 765 1885 799 I
1905 764 1950 800 de
1968 765 2076 800 Doct.
2103 765 2235 801 Christ.
2250 764 2281 811 ²⁸,
2299 764 2409 800 refert
2427 776 2493 800 cor
2511 764 2560 800 ad

1505 816 1769 862 cogitationes,
1808 823 1844 852 et
1871 816 2038 853 animam
2070 817 2118 853 ad
2146 817 2287 864 vitam,
2324 822 2483 853 mentem
2512 817 2561 853 ad

1504 868 1746 904 intellectum.
1766 888 1790 895 -
1829 868 1995 914 Quidam
2025 877 2151 905 autem
2174 870 2194 891 *
2222 869 2370 916 dicunt,
2408 881 2457 905 ex
2488 875 2560 906 toto

1504 978 1636 1018 mente,
1665 972 1760 1009 idest
1788 973 1987 1010 memoria.
2007 993 2031 1001 -
2060 974 2147 1021 Vel,
2177 975 2389 1011 secundum
2418 975 2562 1022 Grego-

1505 1025 1604 1061 rium
1650 1025 1872 1072 Nyssenum
1895 1026 1933 1072 *,
1975 1037 2045 1073 per
2071 1038 2138 1062 cor
2173 1027 2357 1074 significat
2392 1027 2560 1064 animam

1502 1077 1770 1125 vegetabilem,
1790 1090 1860 1126 per
1877 1079 2044 1114 animam
2064 1079 2295 1126 sensitivam,
2316 1092 2384 1127 per
2402 1085 2561 1116 mentem

1502 1130 1791 1167 intellectivam:
1821 1130 1910 1179 quia
1938 1131 2012 1167 hoc
2031 1132 2135 1180 quod
2159 1132 2355 1178 nutrimur,
2381 1132 2562 1169 sentimus

1504 1191 1541 1219 et
1567 1183 1819 1230 intelligimus,
1850 1183 2036 1220 debemus
2064 1184 2112 1220 ad
2141 1185 2267 1221 Deum
2296 1185 2445 1221 referre.

1556 1237 1606 1272 Et
1633 1248 1702 1284 per
1728 1237 1803 1273 hoc
1830 1243 1933 1285 patet
1959 1237 2157 1285 responsio
2186 1237 2234 1274 ad
2263 1237 2422 1274 obiecta.

1558 1367 1585 1400 γ)
1605 1367 1724 1400 inferior.
1742 1381 1761 1387 -
1779 1367 1892 1392 interior
1910 1368 1964 1392 ΑΒ.

1340 1480 1604 1488 mm

1198 1545 1516 1587 ARTICULUS
1546 1545 1754 1587 SEXTUS

684 1639 841 1670 UTRuM
864 1637 957 1670 Hoc
979 1637 1272 1669 PRAECEPTUM
1296 1638 1353 1668 DE
1377 1637 1643 1668 DILECTIONE
1666 1637 1738 1668 DEI
1762 1637 1911 1668 POSSIT
1935 1638 1977 1668 1N
2001 1638 2074 1669 VIA
2098 1638 2269 1669 IMPLERI

699 1717 730 1741 111
750 1717 832 1746 Sent„
852 1716 911 1741 dist.
929 1723 1006 1746 nvn,
1025 1723 1070 1748 qu.
1088 1723 1126 1747 111,
1146 1720 1192 1740 ειη.
1211 1723 1242 1747 4;
1263 1715 1304 1740 De
1323 1715 1429 1745 Vir-tut„
1449 1723 1495 1748 qu.
1513 1722 1540 1746 11,
1560 1720 1606 1739 art.
1630 1722 1672 1745 10;
1693 1714 1734 1739 De
1753 1715 1866 1748 Persei-t.
1884 1714 1960 1740 Vitae
1979 1715 2081 1747 Spin-it„
2101 1723 2157 1748 cap.
2175 1723 2210 1747 tv,
2229 1723 2254 1740 v,

416 1804 475 1846 ›la-2³
499 1806 567 1849 ‘5551

537 1884 739 1938 ’ᾔδει-νεώ
767 1893 806 1930 in
834 1893 907 1930 via.
942 1892 1043 1939 Quia
1071 1892 1283 1929 secundum
1313 1891 1449 1928 Hiero-

553 1937 759 1995 Nnymum
778 1945 809 1993 ²³⁶,
839 1945 878 1983 in
895 1946 1040 1994 Expos.
1071 1945 1216 1982 Cathol.
1241 1945 1338 1990 Fid„
1367 1957 1447 1981 ma-

384 1997 536 2035 ledictus
554 1999 621 2046 qui
636 1999 725 2036 dicit
740 1999 866 2036 Deum
889 1998 1032 2047 aliquid
1053 1997 1276 2047 impossibile
1291 2009 1447 2046 praece-

379 2051 490 2100 pisse.
521 2050 597 2088 Sed
620 2053 727 2089 Deus
754 2052 829 2088 hoc
857 2059 1105 2100 praeceptum
1126 2050 1243 2089 dedit:
1277 2058 1318 2087 ut
1345 2058 1448 2099 patet

384 2105 496 2141 Dent.
516 2115 552 2140 vi
570 2103 603 2142 *.
651 2105 754 2152 Ergo
786 2105 862 2141 hoc
888 2111 1137 2153 praeceptum
1164 2110 1291 2152 potest
1318 2103 1355 2140 in
1385 2103 1448 2140 via

385 2156 545 2205 impleri.
900 2196 902 2198 ,

439 2222 474 2247 2.
500 2210 735 2257 PRAETEREA,
764 2209 998 2258 quicumque
1027 2221 1105 2246 non
1135 2208 1266 2257 implet
1294 2221 1447 2257 praece—

383 2269 492 2311 ptum
517 2270 652 2312 peccat
676 2262 902 2300 mortaliter:
933 2262 1023 2310 quia
1045 2263 1259 2299 secundum
1281 2262 1447 2298 Ambro-

146 2320 208 2375 1ng
212 2321 358 2370 vegam,
384 2315 483 2352 sium
496 2315 528 2363 *,
549 2322 750 2364 peccatum
770 2314 861 2352 nihil
877 2323 933 2351 est
947 2315 1049 2352 aliud
1064 2326 1181 2363 quam
1199 2315 1446 2364 transgressio

384 2368 478 2418 legis
514 2368 663 2405 divinae
698 2373 735 2404 et
768 2367 980 2404 caelestium
1015 2367 1259 2404 inobedientia
1291 2368 1447 2404 manda-

385 2427 519 2458 torum.
551 2421 590 2458 Si
610 2432 699 2469 ergo
719 2420 794 2467 hoc
813 2427 1060 2469 praeceptum
1081 2431 1159 2456 non
1178 2426 1303 2468 potest
1325 2419 1362 2456 in
1384 2420 1447 2456 via

385 2474 539 2520 servari,
569 2474 738 2522 sequitur
765 2473 871 2521 quod
899 2474 1025 2510 nullus
1053 2472 1172 2521 possit
1200 2484 1282 2508 esse
1310 2471 1350 2508 in
1370 2472 1448 2509 vita

384 2527 455 2564 ista
492 2526 572 2563 sine
609 2534 766 2575 peccato
803 2525 964 2563 mortali.
1012 2524 1130 2571 Quod
1167 2532 1222 2561 est
1251 2532 1381 2562 contra
1408 2525 1446 2562 id

385 2579 490 2628 quod
508 2580 715 2628 Apostolus
735 2579 834 2625 dicit,
865 2580 878 2615 Ι
907 2579 958 2615 ad
981 2579 1067 2614 Cor.
1098 2577 1168 2614 1²¹⁸:
1203 2577 1451 2625 Confirmahit

383 2644 451 2670 vos
470 2644 586 2680 usque
604 2633 640 2669 in
648 2634 772 2680 finem
791 2632 871 2668 sine
889 2631 1062 2675 crimine‚·
1085 2638 1122 2666 et
1140 2631 1155 2666 I
1175 2630 1227 2667 ad
1247 2632 1279 2667 I
1279 2631 1342 2667 im.
1359 2642 1394 2667 111
1409 2630 1444 2666 *ε

383 2685 603 2722 Mnistrent
627 2685 771 2722 nullum
800 2685 941 2721 crimen
970 2684 1155 2720 habentes.

147 2105 274 2135 'ven.5.

146 2586 156 2595 ”
171 2584 239 2606 Vei-⁸.
253 2584 276 2607 8.

145 2638 156 2648 ·
171 2637 240 2660 Ven-
253 2643 287 2660 ιο.

439 2739 472 2775 3.
495 2739 727 2784 PRAETEREA,
757 2744 960 2786 praecepta
989 2736 1125 2773 dantur
1152 2735 1201 2772 ad
1230 2735 1446 2782 dirigendos
1470 2754 1472 2760 ν

146 2794 356 2823 '‘'⁸·¹‘v¹¹¹2v“⁵·⁹·
382 2791 559 2829 homines
577 2791 616 2827 in
630 2791 735 2829 viam
755 2790 899 2827 salutis:
920 2789 1133 2826 secundum
1151 2788 1242 2825 illud
1257 2789 1397 2825 psalm.
1409 2788 1444 2826 *ε

382 2845 628 2892 Praeceptum
655 2844 813 2880 Domini
837 2843 1020 2887 lucidum,
1057 2842 1273 2878 illuminans
1305 2841 1444 2878 oculos.

385 2897 463 2934 Sed
481 2897 617 2934 frustra
635 2897 806 2944 dirigitur
823 2896 959 2944 aliquis
974 2900 992 2917 ²
1009 2896 1058 2932 ad
1077 2894 1324 2942 impossibile.
1354 2895 1445 2931 Non

385 2961 473 2997 ergo
502 2949 737 2998 impossibile
765 2956 821 2986 est
839 2948 914 2986 hoc
933 2956 1180 2997 praeceptum
1208 2947 1246 2984 in
1274 2947 1354 2984 vita
1376 2947 1446 2984 ista

384 3014 539 3038 servari.

437 3055 512 3092 SED
531 3065 678 3091 CONTRA
696 3065 762 3091 EST
775 3053 882 3102 quod
909 3053 1144 3101 Augustinus
1164 3053 1265 3098 dicit,
1290 3052 1329 3089 in
1348 3052 1444 3090 libro

384 3107 430 3144 de
455 3108 613 3155 Petfect.
642 3107 759 3143 Iustit.
779 3105 810 3153 ²¹²,
841 3106 946 3154 quod
974 3107 1012 3142 in
1025 3106 1258 3154 plenitudine
1279 3106 1445 3142 caritatis

378 3160 530 3208 patriae
551 3165 795 3208 praeceptum
824 3159 916 3196 illud
942 3159 1164 3207 implebitur,
1193 3158 1339 3208 Diliges
1365 3160 1444 3195 Do-

384 3213 529 3250 minum
561 3213 686 3249 Deum
718 3218 840 3257 tuum,
871 3218 937 3248 etc.
984 3211 1089 3248 Nam
1119 3222 1204 3248 cum
1237 3211 1360 3248 adhuc
1391 3217 1446 3248 est

147 3107 156 3116 '
171 3104 228 3134 Cup.
242 3111 293 3128 vm.

596 1799 619 1824 o
647 1799 788 1824 saxum
815 1799 869 1824 sm
893 1798 1132 1823 noceam-ua.
1161 1785 1320 1822 Videtur
1343 1785 1447 1834 quod
1489 1786 1691 1834 frenetur,
1726 1797 1802 1821 non
1841 1786 1994 1822 omnino
2031 1797 2081 1821 ex
2112 1791 2188 1823 tota
2225 1786 2355 1823 anima
2393 1787 2563 1837 diligitur

416 1841 463 1882 Ψ
478 1850 504 1893 ²³.
516 1848 564 1899 55⁴
596 1841 671 1877 hoc
689 1847 937 1889 praeceptum
955 1839 1002 1876 de
1019 1838 1218 1876 dilectione
1237 1839 1309 1876 Dei
1329 1838 1449 1887 possit
1499 1839 1616 1875 Deus.

1551 1892 1777 1928 Rssspounsso
1804 1901 1990 1927 DlCENDUM
2009 1891 2114 1939 quod
2135 1899 2384 1940 praeceptum
2405 1893 2561 1941 aliquod

1500 1943 1698 1992 dupliciter
1723 1942 1874 1991 impleri
1909 1951 2055 1991 potest:
2097 1956 2175 1980 uno
2205 1944 2345 1992 modo,
2373 1945 2560 1993 perfecte;

1498 1997 1570 2033 alio
1590 1996 1721 2043 modo,
1746 1995 1978 2044 imperfecte.
2008 1996 2180 2033 Perfecte
2199 1997 2355 2046 quidem
2383 1998 2562 2047 impletur

1497 2057 1746 2098 praeceptum
1775 2049 1932 2098 quando
1969 2049 2191 2097 pervenitur
2218 2051 2264 2087 ad
2293 2051 2411 2087 finem
2443 2063 2559 2099 quem

1498 2102 1660 2140 intendit
1681 2101 1938 2151 praecipiens:
1968 2102 2147 2151 impletur
2166 2110 2306 2151 autem,
2334 2103 2401 2140 sed
2423 2104 2561 2153 imper-

1498 2156 1607 2202 fecte,
1634 2155 1802 2204 quando,
1828 2154 1896 2191 etsi
1923 2167 2001 2192 non
2030 2155 2218 2204 pertingat
2241 2156 2289 2193 ad
2308 2156 2427 2193 finem
2451 2169 2560 2206 prae-

1499 2208 1680 2257 cipientis,
1700 2220 1779 2245 non
1798 2215 1934 2257 tamen·
1947 2207 2134 2245 receditur
2149 2209 2197 2245 ab
2213 2209 2345 2246 ordine
2363 2209 2411 2246 ad
2426 2210 2558 2248 finem.

1500 2261 1603 2298 Sicut
1629 2261 1660 2298 si
1681 2261 1758 2297 dux
1776 2259 1958 2297 exercitus
1986 2261 2194 2310 praecipiat
2220 2262 2400 2299 militibus
2428 2271 2469 2299 ut
2491 2275 2560 2312 pu-

1498 2322 1633 2362 gnent,
1671 2313 1731 2350 ille
1759 2313 1925 2361 perfecte
1953 2313 2086 2362 implet
2120 2322 2370 2363 praeceptum
2398 2315 2463 2364 qui
2491 2329 2560 2364 pu-

1498 2368 1652 2415 gnando
1681 2367 1831 2404 hostem
1858 2366 1996 2414 vincit,
2033 2368 2138 2416 quod
2166 2368 2242 2404 dux
2278 2367 2457 2405 intendit:
2499 2369 2559 2405 ille

1498 2427 1626 2456 autem
1652 2419 1803 2467 implet,
1842 2419 1910 2455 sed
1946 2419 2182 2468 imperfecte,
2223 2420 2328 2457 cuius
2355 2433 2483 2469 pugna
2512 2423 2561 2459 ad

1497 2472 1697 2510 victoriam
1735 2484 1813 2508 non
1840 2471 2035 2520 pertingit,
2073 2469 2165 2509 non'
2189 2481 2318 2510 tamen
2347 2482 2477 2510 contra
2507 2475 2560 2511 di-

1488 2525 1695 2574 sciplinam
1727 2524 1928 2561 militarem
1957 2524 2042 2572 agit.
2072 2526 2235 2562 Intendit
2263 2534 2391 2563 autern
2420 2526 2560 2563 Deusss

1497 2590 1566 2626 per
1593 2578 1667 2613 hoc
1686 2585 1933 2625 praeceptum
1952 2585 1994 2613 ut
2011 2578 2131 2614 homo
2160 2580 2244 2615 Deo
2274 2579 2435 2615 totaliter
2452 2580 2559 2616 unia-

1498 2638 1573 2668 tur:
1603 2630 1708 2678 quod
1727 2630 1793 2666 fiet
1815 2629 1853 2666 in
1872 2630 2004 2677 patria,
2025 2632 2180 2678 quando
2205 2633 2309 2668 Deus
2336 2633 2405 2668 erit
2431 2633 2558 2669 omnia

1498 2684 1535 2720 in
1564 2683 1755 2727 omnibus,
1784 2689 1826 2718 ut
1854 2682 1988 2719 dicitur
2016 2684 2028 2719 Ι
2059 2684 2110 2720 ad
2141 2685 2227 2720 Cor.
2248 2696 2296 2720 xv
2314 2684 2345 2720 ²¹⁶.
2393 2685 2442 2721 Et
2469 2685 2556 2722 ideo
2586 2695 2593 2703 ·
2633 2700 2644 2715 e
2692 2700 2703 2715 2

1497 2737 1607 2785 plene
1637 2743 1674 2772 et
1700 2735 1864 2783 perfecte
1892 2735 1929 2771 in
1956 2736 2077 2784 patria
2104 2736 2321 2784 implebitur
2347 2738 2422 2774 hoc
2448 2750 2558 2786 prae·

1498 2797 1664 2837 ceptum.
1694 2789 1736 2824 ln
1764 2787 1827 2824 via
1853 2800 1947 2824 vero
1975 2788 2164 2837 impletur,
2194 2790 2262 2826 sed
2286 2790 2506 2838 imperfecte
2525 2790 2555 2828 ²¹².
2585 2798 2593 2806 ·
2652 2803 2676 2818 ¹0

1499 2843 1547 2878 Et
1565 2850 1691 2878 tamen
1716 2841 1753 2876 in
1771 2841 1834 2878 via
1853 2849 1956 2878 tanto
1976 2853 2076 2878 unus
2096 2841 2169 2878 alio
2193 2843 2395 2890 perfectius
2412 2842 2556 2892 implet,

1497 2902 1640 2943 quanto
1659 2893 1779 2941 magis
1802 2894 1947 2931 accedit
1969 2907 2037 2943 per
2055 2895 2249 2942 quandam
2275 2895 2557 2933 similitudinem

1497 2948 1545 2985 ad
1573 2947 1716 2996 patriae
1743 2946 2030 2995 perfectionem.

1547 3002 1606 3037 AD
1626 3011 1762 3036 prunum
1782 3011 1882 3037 ERGO
1902 3011 2087 3037 mmmmm
2101 3001 2207 3049 quod
2227 3001 2321 3038 ratio
2340 3001 2402 3038 illa
2420 3003 2558 3050 probat

1497 3053 1600 3101 quod
1638 3052 1765 3100 aliquo
1803 3052 1923 3090 modo
1951 3061 2077 3101 potest
2112 3053 2260 3102 impleri
2295 3054 2334 3091 in
2361 3054 2443 3101 via,
2472 3055 2557 3092 licet

1496 3118 1576 3143 non
1603 3106 1780 3155 perfecte.
1843 3133 1847 3136 ⁴

1549 3160 1608 3195 An
1645 3169 1834 3195 SECUNDUM
1862 3169 2046 3195 memnon
2075 3159 2179 3206 quod
2217 3159 2313 3195 sicut
2345 3159 2453 3196 miles
2489 3160 2555 3208 qui

1495 3211 1658 3259 legitime
1683 3218 1839 3259 pugnat,
1868 3210 1953 3247 licet
1981 3223 2059 3248 non
2077 3211 2217 3259 vincat,
2247 3224 2324 3248 non
2344 3212 2555 3260 inculpatur

384 3265 528 3314 aliquid
553 3265 717 3302 carnalis
749 3264 1069 3313 concupiscentiae
1095 3264 1197 3312 quod
1222 3264 1442 3301 continendo
1496 3276 1567 3301 nec
1595 3275 1761 3312 poenam
1790 3271 1976 3309 meretur;
2009 3264 2059 3301 ita
2087 3264 2200 3301 etiam
2234 3264 2299 3312 qui
2326 3264 2365 3301 in
2391 3264 2453 3301 via
2479 3265 2554 3302 hoc

437 3396 464 3428 α)
483 3395 589 3428 aliquis.
607 3409 625 3415 —
643 3395 745 3428 aliquid
764 3395 791 3420 Ρ.

1551 3394 1576 3428 β)
1597 3395 1678 3420 Deus.
1695 3409 1714 3414 —
1733 3394 1795 3420 Om.
1813 3402 1831 3419 a
1837 3402 1846 3424 ‚⁸
1865 3402 1912 3427 pro
1933 3395 1996 3425 Deo,
2016 3395 2067 3420 sibi
2085 3394 2113 3420 P.

2589 662 2801 710 ssfssx'fffif'sssinl‘e'}

2589 715 2650 742 Opp.
2667 715 2786 742 Chrysost.

2588 768 2597 776 ¹¹
2613 767 2669 794 Cap.
2686 773 2733 788 xxii

2587 875 2637 898 ''Cf.
2644 876 2799 897 Gloss.1n1er·

2588 902 2627 923 lin.
2634 902 2657 923 in
2663 902 2741 923 Matth.
2749 908 2799 930 cap.

1503 920 1635 965 corde,
1672 920 1767 956 idest
1794 920 2002 966 intellectu3
2045 922 2193 967 anima,
2223 922 2319 958 idest
2345 923 2560 967 voluntate3
2588 934 2636 950 ¹¹¹¹
2660 935 2687 949 ve

2588 1034 2598 1042 ⁸
2607 1032 2642 1053 De
2649 1033 2727 1060 Imag'

2588 1059 2624 1080 De
2632 1058 2711 1080 Creat-

2589 1091 2639 1112 cap.
2653 1091 2702 1107 vni.

2689 935 2719 950 rs.
2734 935 2767 956 37.

2718 1039 2762 1059 me,
2769 1033 2798 1054 al.

2722 1059 2800 1085 Hom„
