2892 4056
59 257 69 267 ⁸
90 256 126 278 ef.
151 257 212 284 Aug.
239 256 268 277 de

63 282 135 309 Trina,
149 283 188 304 lib.
203 282 266 309 xlv,

58 314 267 362 distreus...

58 367 117 382 veru.
130 366 168 389 30.

38 1233 43 1245 d

40 1251 166 1295 L’ms.

39 1735 65 1766 ζ’·
79 1738 148 1762 ch.
161 1739 186 1762 8.

50 3016 55 3026 ¹.
67 3006 78 3016 '
91 3004 159 3027 Vm.
173 3010 194 3033 3.

947 172 1212 219 QUAESTIO
1241 173 1419 219 XXXIII,
1449 173 1744 210 ARTICULUS
1771 173 1806 209 V

293 249 444 280 tuendam
454 247 485 278 *ε
505 248 626 288 reliqua
641 258 779 289 namque
794 258 865 289 pars
881 250 1057 290 redigenda
1073 256 1119 281 est
1135 251 1166 280 in
1171 250 1350 292 fasciculos

294 293 337 324 ad
359 292 605 323 comburendum
621 291 647 322 *.
673 293 779 329 Quare
795 303 929 332 arguens
945 294 1062 324 Paulus
1075 294 1206 324 Petrum
1222 300 1352 334 propter

293 336 471 377 periculum
494 336 603 366 salutis
627 337 832 373 credentium,
857 347 914 367 nec
937 343 1002 368 tam
1025 348 1159 378 parvum
1185 345 1350 378 peccatum

294 378 532 422 (scandalosum
554 378 674 422 tamen)
698 380 857 416 sufferens,
873 381 983 411 docuit
998 381 1077 411 alios
1100 391 1198 422 quam
1221 391 1350 421 magna-

294 423 400 454 nimos
423 433 456 453 se
480 422 624 453 exhibere
657 424 772 455 debent
793 424 826 454 in
850 424 1018 455 sceleribus
1047 425 1213 464 arguendis
1236 423 1352 468 (verbis

293 465 414 508 tamen)
437 466 651 507 praelatorum
674 477 807 498 suorum
829 468 1107 498 scandalizantium
1127 469 1301 499 Ecclesiam
1323 474 1353 499 et

293 510 486 541 trahentium
509 511 654 550 exemplo
677 521 736 542 suo
753 508 832 541 alios
855 511 888 541 in
912 511 1160 542 damnationem.
1183 513 1224 543 Et
1237 513 1276 542 ad
1291 513 1353 543 hoc

293 560 440 584 tenentur
469 554 627 595 principes
657 561 722 585 tam
752 555 909 586 Ecclesiae
931 565 1030 595 quam
1059 555 1144 586 orbis
1173 565 1246 586 cum
1269 557 1354 596 Papa

293 598 481 629 scandalizat
495 598 668 629 Ecclesiam
683 606 722 635 et,
738 605 911 629 reverenter
927 598 966 628 ad
981 605 1103 639 partem
1118 600 1269 636 monitus,
1288 609 1353 630 non

2380 177 2453 224 267

1403 250 1604 290 resipisceret.
1628 251 1793 281 Probabile
1810 261 1947 291 namque
1967 257 2013 281 est
2028 252 2116 292 quod
2131 252 2287 282 verebitur
2302 253 2458 293 principes

1403 295 1508 334 palam
1531 301 1704 333 arguentes,
1722 295 1866 335 quamvis
1890 295 2090 325 subditorum
2114 295 2247 326 salutem
2263 303 2458 333 contemnat3

1404 345 1435 368 et
1457 338 1483 367 si
1506 337 1572 377 ipse
1596 347 1661 368 non
1685 337 1739 368 fiat
1761 339 1875 374 bonus,
1899 339 2009 370 saltem
2033 339 2112 369 alios
2136 349 2201 369 non
2230 340 2457 371 scandalizabit.

1404 381 1507 412 Multo
1538 381 1621 411 enim
1656 382 1755 421 magis
1785 382 1824 412 ad
1854 382 1915 413 hoc
1942 389 2088 413 tenentur
2121 382 2175 424 qui
2199 391 2334 423 possunt
2364 394 2460 423 opem

1404 425 1483 455 ferre
1512 435 1610 465 quam
1634 425 1673 454 ad
1696 426 1872 456 eruendum
1903 436 1958 457 eos
1988 426 2043 468 qui
2067 426 2227 457 ducuntur
2254 427 2295 458 ad
2323 435 2461 458 mortem

1406 469 1612 509 corporalem.
1640 468 1760 499 Debent
1776 469 1861 500 enim
1883 480 2041 510 opponere
2063 480 2097 501 se
2111 481 2239 501 murum
2263 481 2305 502 ex
2326 471 2460 502 adverso

1400 522 1463 552 pro
1486 512 1578 543 domo
1602 513 1708 543 Israel
1731 513 1758 543 *.
1791 513 1934 544 Videntes
1957 515 2038 544 enim
2053 513 2184 555 fratres
2206 524 2281 546 suos
2304 515 2459 556 indigere,

1407 561 1437 586 et
1459 556 1642 587 claudentes
1671 557 1794 587 viscera
1823 567 1902 587 suae
1924 558 2162 589 misericordiae
2190 568 2261 589 cum
2285 558 2398 600 effectu
2421 559 2462 589 ab

1407 601 1462 638 eis,
1486 600 1644 640 quomodo
1667 601 1832 631 caritatem
1856 602 1919 631 Dei
1941 599 2111 632 habent?*

2488 514 2695 541 ‘Ezech.cap.x1n.

2489 547 2548 562 vers.
2562 547 2581 568 5.

2490 581 2498 590 ⁸
2508 580 2517 600 I
2525 579 2588 600 Ioan.
2603 585 2652 607 cap.
2663 585 2696 605 m,

2489 612 2546 627 vers.
2565 612 2595 632 ¹7-

1081 734 1396 776 ARTICULUS
1426 735 1682 786 QUINTUS

753 815 909 846 UTRUM
932 815 1165 847 PECCATOR
1188 815 1364 847 DEBEAT
1388 817 1635 848 CORRIGERE
1658 818 2003 856 DELINQUENTEM

553 884 627 914 Infra,
646 891 690 916 qu.
709 891 749 914 Lx,
767 888 814 908 art.
835 891 859 914 2,
878 884 909 908 ad
930 883 959 914 33
979 884 1013 908 1v
1032 885 1115 914 Sem..
1135 885 1194 910 dist.
1212 893 1262 916 xix,
1283 894 1328 918 qu.
1346 893 1374 916 11,
1394 891 1440 910 art.
1461 894 1484 916 2,
1503 887 1552 919 qu*
1573 894 1600 918 25
1622 888 1663 911 De
1685 887 1795 918 Vir-tut„
1815 896 1860 920 qu.
1878 896 1916 919 111,
1936 894 1982 914 art.
2005 896 2027 919 1,
2046 890 2077 914 ad
2101 889 2140 919 15,
2162 889 2205 920 16;

977 928 1007 952 In
1028 928 1111 957 Ioan„
1131 936 1188 961 cap.
1204 937 1259 959 vm,
1279 930 1337 955 lect.
1354 937 1378 961 1;
1395 931 1439 955 Ad
1456 930 1543 959 Rom„
1563 938 1619 963 cap.
1638 938 1666 961 11,
1686 931 1744 956 lect.
1762 939 1782 957 1.

379 1018 386 1039 ι
408 1019 416 1031 .
503 1009 526 1034 D
546 1007 708 1038 Qum'ruu
727 1008 781 1033 sm
800 1008 1040 1035 moeson-ua.
1070 998 1230 1036 Videtur
1249 999 1354 1047 quod

502 1056 680 1098 peccator
694 1050 880 1098 corrigere
900 1050 1037 1088 debeat
1056 1051 1352 1100 delinquentem.

312 1132 332 1147 ,Δ
456 1094 642 1138 Nullus
681 1103 782 1139 enim
818 1110 975 1152 propter
1009 1112 1212 1152 peccatum
1249 1105 1354 1154 quod

313 1147 323 1156 ”
460 1146 694 1191 commisit
714 1165 752 1192 ‘a
777 1163 984 1205 praecepto
1018 1157 1263 1195 observando
1294 1170 1354 1194 ex-

293 1213 456 1243 cusatur.
487 1207 566 1243 Sed
594 1208 776 1244 correctio
795 1209 959 1246 fraterna
988 1209 1087 1246 cadit
1107 1211 1177 1247 sub
1201 1222 1355 1259 praece-

290 1266 371 1308 pto,
399 1266 441 1295 ut
469 1258 612 1296 dictum
632 1267 687 1296 est
706 1262 738 1297 ³⁸¹.
767 1262 870 1310 Ergo
890 1261 1040 1299 videtur
1067 1263 1173 1310 quod
1199 1270 1355 1312 propter

270 1318 493 1361 peccatum
515 1313 624 1360 quod
647 1313 731 1361 quis
759 1314 950 1351 commisit
976 1327 1055 1352 non
1084 1315 1221 1353 debeat
1247 1328 1355 1365 prae-

290 1364 496 1402 termittere
523 1365 744 1403 huiusmodi
774 1367 1061 1404 correctionem.

344 1426 382 1454 ¹2.
409 1417 644 1465 Pius-mam,
665 1419 912 1467 eleemosyna
931 1419 1131 1468 spiritualis
1152 1427 1207 1457 est
1229 1421 1356 1469 potior

291 1481 411 1518 quam
440 1470 685 1518 eleemosyna
709 1471 925 1520 corporalis.
956 1472 1033 1509 Sed
1061 1472 1120 1508 ille
1149 1473 1215 1520 qui
1234 1480 1290 1509 est
1317 1473 1355 1510 in

289 1526 450 1571 peccato
478 1534 557 1559 non
586 1523 699 1560 debet
726 1523 914 1561 abstinere
946 1524 1039 1572 quin
1067 1526 1353 1574 eleemosynam

292 1575 531 1624 corporalem
559 1575 680 1612 faciat.
710 1577 811 1624 Ergo
831 1577 951 1614 multo
976 1577 1102 1614 minus
1132 1579 1246 1615 debet
1271 1579 1356 1615 abs-

289 1626 411 1672 tinere
433 1638 461 1667 a
489 1628 723 1671 correctione
752 1628 1003 1677 delinquentis
1039 1638 1195 1680 propter
1221 1643 1355 1681 pecca—

289 1684 374 1721 tum
402 1681 650 1730 praecedens.

334 1734 382 1770 ⁸3.
406 1734 641 1782 PRAETEREA,
661 1735 676 1770 I
698 1734 802 1771 Ioan.
823 1735 869 1772 ι*
897 1734 1051 1772 dicitur:
1080 1736 1124 1772 Si
1148 1735 1356 1774 dixerimus

291 1786 382 1835 quia
403 1788 602 1834 peecatum
631 1799 706 1824 non
734 1787 927 1834 habemus,
947 1788 1114 1836 nosipsos
1131 1789 1353 1827 seducimus.

292 1839 334 1892 §i
360 1838 475 1887 igitur
508 1846 665 1888 propter
694 1848 895 1888 peccatum
929 1840 1062 1890 aliquis
1098 1841 1302 1891 impeditur
1334 1856 1356 1880 a

289 1891 527 1928 'correctione
554 1893 728 1939 fraterna,
757 1893 882 1931 nullus
910 1893 980 1931 erit
1006 1894 1070 1943 qui
1097 1894 1217 1943 possit
1244 1895 1357 1933 corri-

293 1951 380 1992 gere
410 1944 705 1993 delinquentem.
736 1946 822 1983 Hoc
842 1954 970 1983 autem
995 1953 1052 1983 est
1068 1944 1354 1986 inconveniens.

293 1996 465 2045 Ergo‘et
492 1997 672 2046 primum.

348 2050 423 2086 San
443 2061 591 2086 CONTRA
609 2061 675 2087 Esr
693 2051 800 2098 quod
820 2051 987 2088 Isidorus
1011 2052 1110 2100 dicit,
1130 2052 1167 2089 in
1191 2053 1287 2090 libro
1313 2054 1358 2091 de

294 2102 457 2139 Summo*
479 2104 588 2140 Bono
609 2104 645 2139 *z
678 2103 770 2140 Non
798 2103 906 2140 dehet
929 2104 1020 2142 vitia
1047 2105 1210 2142 aliorum
1239 2107 1355 2143 corri-

293 2165 389 2205 gere
414 2155 480 2204 qui
496 2161 550 2192 est
574 2155 672 2192 vitiis
689 2156 885 2193 subiectus.
915 2157 964 2193 Et
986 2158 1098 2194 Rom.
1120 2170 1142 2195 11
1157 2158 1178 2180 '¹‘
1206 2159 1356 2196 dicitur:

294 2209 342 2245 In
370 2219 444 2256 quo
463 2208 581 2245 alium
600 2209 755 2254 iudicas,
775 2209 931 2257 teipsum
950 2210 1198 2248 condemnas:
1227 2212 1356 2249 eadem

296 2261 398 2298 enim
425 2261 511 2310 agis
538 2273 636 2310 quae
662 2261 817 2299 iudicas.

350 2314 577 2351 Responm-:o
605 2324 791 2351 mensuum
816 2313 934 2362 quod,
956 2313 1052 2352 sicut
1080 2315 1222 2354 dictum
1253 2325 1308 2354 est
1326 2317 1359 2365 ²¹²,

298 2365 483 2403 correctio
504 2366 756 2414 delinquentis
773 2366 934 2415 pertinet
953 2367 1001 2404 ad
1021 2368 1186 2416 aliquem
1202 2369 1360 2419 inquan-

295 2427 380 2456 tum
399 2419 502 2466 viget
519 2419 558 2456 in
586 2431 633 2456 eo
657 2426 804 2456 rectum
822 2419 1004 2456 iudicium
1028 2421 1194 2458 rationis.
1222 2423 1361 2460 Pecca-

297 2481 380 2509 tum
400 2479 541 2519 autem‚
557 2480 600 2508 ut
617 2484 732 2521 supra
746 2471 767 2493 *
786 2471 928 2509 dictum
949 2480 1015 2519 est,
1033 2484 1112 2510 non
1130 2474 1225 2511 tollit
1238 2481 1361 2512 totum

296 2525 446 2562 honum
462 2533 631 2572 naturae,
647 2525 739 2573 quin
759 2531 954 2561 remaneat
967 2523 1006 2562 in
1023 2533 1206 2574 peccante
1221 2527 1363 2576 aliquid

300 2577 349 2615 de
378 2584 482 2614 recto
510 2577 650 2615 iudicio
682 2577 849 2614 rationis.
879 2578 928 2614 Et
955 2578 1166 2616 secundum
1191 2580 1266 2617 hoc
1293 2593 1361 2629 po-

298 2637 372 2668 test
388 2630 460 2667 sibi
481 2637 699 2679 competere
718 2629 868 2667 alterius
889 2635 907 2651 ‘¹
934 2630 1111 2668 delictum
1139 2644 1308 2680 arguere.

354 2683 432 2720 Sed
458 2690 590 2720 tamen
616 2695 686 2732 per
712 2691 912 2732 peccatum
940 2684 1174 2732 praecedens
1202 2685 1362 2734 impedi—

299 2742 474 2780 mentum
493 2736 691 2786 quoddam
709 2736 799 2773 huic
818 2735 1042 2773 correctioni
1061 2737 1216 2774 affertur
1229 2737 1261 2785 ²¹³,
1276 2750 1364 2788 pro-

300 2796 385 2838 pter
410 2789 492 2826 tria.
520 2789 651 2826 Primo
680 2788 850 2837 quidem,
880 2789 969 2836 quia
998 2801 1043 2826 ex
1071 2798 1229 2838 peccato
1255 2803 1364 2839 prae-

302 2841 452 2879 cedenti
482 2842 658 2890 indignus
687 2841 855 2879 redditur
885 2849 928 2878 ut
945 2842 1076 2879 ‘aliurn
1106 2843 1278 2891 corrigat.
1315 2843 1365 2880 Et

1408 999 1495 1036 dicit
1514 1000 1774 1048 Hieronymus
1789 1000 1824 1037 *ε
1845 1002 1903 1037 De
1917 1003 1973 1038 his
1993 1002 2155 1051 loquitur
2169 1005 2243 1052 qui,
2264 1017 2348 1042 cum
2363 1018 2464 1043 mor·
2491 1012 2701 1036 'commem-¹¹¹³·1·

1406 1052 1474 1088 tali
1498 1053 1655 1089 crimine
1681 1053 1916 1090 detineantur
1943 1056 2108 1101 obnoxii,
2137 1057 2286 1094 minora
2308 1065 2464 1107 peccata

1394 1105 1588 1153 fratribus
1615 1118 1689 1142 non
1719 1106 1935 1143 concedunt.
2378 1123 2382 1126 ⁴

1461 1157 1661 1205 Secundo,
1696 1159 1863 1196 redditur
1894 1157 2060 1198 indebita
2092 1162 2273 1199 correctio
2310 1171 2466 1212 propter

1407 1210 1643 1258 scandalum,
1664 1211 1770 1258 qu'od
1794 1212 1962 1260 sequitur
1990 1225 2034 1249 ex
2063 1215 2294 1252 correctione
2323 1216 2353 1252 si
2379 1228 2465 1264 pec-

1408 1270 1533 1300 catum
1563 1263 1798 1312 corripientis
1827 1265 1872 1301 sit
1904 1265 2161 1303 manifestum:
2200 1268 2291 1315 quia
2317 1269 2467 1305 videtur

1408 1316 1512 1364 quod
1549 1315 1608 1352 ille
1643 1317 1707 1364 qui
1741 1317 1891 1365 corrigit
1918 1330 1995 1354 non
2034 1319 2192 1366 corrigat
2220 1332 2265 1356 ex
2293 1322 2464 1368 caritate,

1407 1368 1475 1406 sed
1508 1369 1627 1416 magis
1659 1369 1709 1406 ad
1744 1370 2046 1407 ostentationem.
2086 1372 2195 1409 Unde
2230 1385 2344 1422 super
2375 1374 2465 1411 illud

1409 1421 1600 1457 Matth.vn
1615 1420 1647 1468 ²¹⁶,
1672 1422 1866 1463 Quomodo
1885 1423 1976 1460 dicis
1991 1425 2117 1471 fratri
2133 1430 2195 1461 tuo
2211 1433 2294 1473 etc„
2315 1426 2468 1475 exponit
2493 1436 2501 1444 ·
2517 1434 2584 1455 Vm·
2599 1441 2623 1459 4-

1409 1473 1706 1521 chrysostomus
1720 1474 1755 1511 *z
1783 1476 1830 1512 In
1850 1486 1922 1522 quo
1936 1477 2162 1524 proposito?
2187 1478 2283 1515 Puta
2303 1490 2353 1514 ex
2370 1480 2467 1516 cari-
2493 1482 2703 1529 ᾖξῇλωξζζῇξῗ

1407 1531 1501 1571 tate,
1532 1531 1573 1562 ut
1596 1526 1717 1562 salves
1739 1528 1961 1575 proximum
1990 1529 2127 1565 tuum?
2159 1529 2273 1566 Non.-
2301 1531 2390 1579 quia
2418 1537 2468 1568 te-
2494 1523 2704 1589 ξζξέζξῖῐεῐψρῖ

1408 1579 1529 1628 ipsum
1548 1584 1635 1615 ante
1660 1579 1839 1616 salvares.
1868 1581 1929 1617 Vis
1952 1592 2045 1630 ergo
2065 1593 2139 1618 non
2160 1582 2254 1618 alios
2276 1583 2426 1621 salvare
2440 1582 2466 1631 β,
2593 1577 2615 1629 β’

1407 1631 1474 1668 sed
1492 1643 1566 1679 per
1593 1633 1732 1668 honam
1760 1633 1970 1669 doctrinam
1995 1634 2116 1671 malos
2138 1640 2243 1671 actus
2271 1636 2406 1683 celare,
2435 1643 2472 1673 et

1406 1684 1582 1721 scientiae
1609 1684 1757 1721 laudem
1786 1686 1834 1722 ab
1861 1686 2073 1723 hominihus
2100 1698 2294 1735 quaerere.

1461 1737 1591 1773 Tertio
1621 1738 1754 1784 modo,
1784 1746 1941 1786 propter
1967 1739 2185 1787 superbiam
2215 1740 2468 1789 corripientis:

1407 1789 1634 1837 inquantum
1667 1790 1808 1827 seilicet
1834 1790 1986 1840 aliquis,
2016 1792 2170 1840 propria
2197 1801 2354 1841 peccata
2384 1806 2470 1842 par-

1407 1841 1640 1891 vipendens‚
1675 1843 1844 1891 seipsum
1880 1843 2055 1891 proximo
2092 1845 2256 1893 praefert
2286 1846 2325 1882 in
2354 1846 2469 1884 corde

1408 1907 1490 1941 suo,
1518 1902 1674 1944 peccata
1695 1895 1775 1932 eius
1798 1903 1947 1933 austera
1966 1897 2166 1934 severitate
2187 1898 2405 1946 diiudicans,
2426 1911 2471 1935 ac

1408 1947 1439 1984 si
1453 1947 1534 1996 ipse
1555 1955 1654 1984 esset
1666 1948 1796 1985 iustus.
1817 1948 1929 1986 Unde
1949 1949 2182 1996 Augustinus
2203 1950 2299 1998 dicit,
2315 1951 2354 1988 in
2372 1951 2469 1988 libro

1408 2001 1453 2036 de
1467 2001 1586 2037 Serm.
1604 2000 1717 2037 Dom.
1735 2001 1771 2037 in
1787 2002 1923 2038 Monte
1936 2001 1971 2039 *ε
1991 2003 2185 2040 Accusare
2196 2003 2287 2040 vitia
2302 2005 2470 2052 officium

1409 2058 1461 2089 est
1480 2054 1665 2090 bonorum
1680 2058 1712 2090 Y:
1733 2054 1931 2102 quodcum
1946 2054 2040 2091 mali
2044 2055 2209 2102 faciunt,
2225 2056 2367 2093 alienas
2378 2069 2471 2106 par·
2594 2075 2610 2099 γ

1409 2111 1460 2142 tes
1479 2112 1611 2156 agunt.
1641 2106 1690 2142 Et
1716 2106 1817 2154 ideo,
1839 2107 1935 2143 sicut
1962 2107 2194 2154 Augustinus
2224 2108 2313 2145 dicit
2339 2109 2377 2146 in
2407 2122 2470 2147 eo—

1411 2159 1499 2195 dem
1514 2158 1546 2205 *,
1576 2158 1794 2208 cogitemus,
1823 2171 1908 2196 cum
1928 2159 2090 2208 aliquem
2110 2162 2382 2209 reprehendere-
2404 2175 2471 2200 nos
2497 2173 2507 2183 ·
2521 2173 2576 2194 Loe-
2593 2172 2631 2194 eit-

1411 2212 1607 2247 necessitas
1634 2212 1802 2261 coegerit
1818 2209 1843 2257 δ,
1875 2218 1999 2248 utrum
2034 2213 2107 2249 tale
2136 2214 2184 2250 sit
2208 2214 2338 2251 vitium
2372 2216 2473 2263 quod
2596 2213 2610 2236 ὃ

1411 2275 1604 2312 nunquam
1641 2265 1861 2301 habuimus:
1895 2270 1930 2300 et
1956 2271 2043 2302 tunc
2074 2266 2281 2315 cogitemus
2313 2279 2380 2304 nos
2406 2270 2472 2305 ho-

1411 2317 1530 2354 mines
1548 2328 1638 2362 esse,
1667 2322 1704 2353 et
1723 2317 1862 2354 habere
1879 2318 2054 2367 potuisse.
2090 2318 2156 2356 Vel
2181 2319 2254 2355 tale
2281 2321 2382 2368 quod
2406 2322 2472 2358 ha-

1412 2370 1559 2406 buimus
1573 2374 1586 2390 ⁸
1605 2375 1641 2405 et
1658 2369 1734 2406 iam
1754 2382 1828 2407 non
1848 2371 2049 2408 habemus.-
2077 2377 2114 2408 et
2133 2377 2222 2408 tunc
2240 2378 2374 2422 tangat
2395 2386 2471 2410 me·
2595 2382 2607 2400 ⁸

1412 2423 1575 2459 moriam
1603 2423 1813 2459 communis
1832 2423 2048 2472 fragilitas,
2078 2429 2119 2460 ut
2143 2424 2246 2461 illam
2274 2427 2472 2463 correctio—

1414 2486 1497 2510 nem
1537 2486 1611 2510 non
1640 2475 1767 2511 odium
1800 2474 1867 2511 sed
1891 2475 2149 2513 misericordia
2178 2479 2394 2524 praecedat.
2433 2480 2475 2516 Si

1415 2532 1539 2563 autem
1567 2527 1820 2565 invenerimus
1847 2539 1915 2564 nos
1942 2529 1979 2564 in
2007 2529 2137 2565 eodem
2163 2530 2252 2566 vitio
2279 2543 2368 2577 esse,
2397 2543 2472 2568 non

1415 2579 1675 2628 obiurgemus,
1706 2579 1773 2616 sed
1802 2580 2125 2629 congemiscamus
2152 2581 2222 2618 et‘
2253 2583 2306 2619 ad
2327 2585 2475 2631 pariter
2563 2615 2566 2618 .
2596 2598 2611 2626 ζ

1410 2631 1676 2680 poenitendum
1704 2632 1911 2669 invitemus.

1468 2685 1526 2721 Ex
1548 2684 1606 2720 his
1625 2684 1736 2732 igitur
1761 2692 1864 2734 patet
1887 2685 1993 2733 quod
2020 2693 2208 2734 peccator,
2229 2686 2260 2723 si
2288 2699 2376 2724 curn
2404 2689 2473 2725 hu-

1415 2737 1569 2774 militate
1589 2737 1765 2786 corripiat
1785 2737 2080 2786 delinquentem,
2100 2751 2179 2775 non
2197 2747 2330 2787 peccat
2342 2740 2373 2788 ³⁸,
2403 2753 2474 2778 nec
2501 2755 2509 2763 ·
2531 2753 2560 2774 D·
2581 2743 2640 2780 267,
2657 2760 2708 2782 35¹,

1415 2789 1485 2826 sibi
1514 2802 1658 2827 novam
1687 2789 2047 2828 condemnationem
2076 2791 2252 2840 aequirit;
2289 2792 2375 2830 licet
2406 2806 2475 2843 per
2499 2780 2709 2834 {²35-'⁸⁰⁰'⁹⁴⁰'

1415 2843 1490 2879 hoc
1520 2843 1584 2880 vel
1621 2843 1658 2879 in
1691 2843 1918 2880 conscientia
1951 2843 2092 2891 fratris,
2125 2845 2187 2881 vel
2221 2845 2354 2882 saltem
2387 2859 2472 2894 sua,

2496 2014 2506 2024 ⁸
2511 2013 2562 2034 Lib.
2568 2013 2596 2039 11,
2604 2018 2705 2039 canani.

300 2893 506 2944 praecipue
534 2906 565 2931 ει
593 2894 716 2931 maius
742 2901 942 2942 peccatum
972 2895 1173 2943 commisit,
1203 2908 1281 2933 non
1310 2903 1365 2933 est
1415 2907 1485 2944 pro
1522 2903 1679 2944 peccato
1717 2895 1917 2944 praeterito
1951 2897 2284 2935 condemnabilem
2318 2896 2358 2936 se
2392 2911 2473 2937 esse

304 2946 439 2995 dignus
457 2953 499 2983 ut
517 2946 634 2984 alium
654 2946 814 2994 corrigat
834 2946 881 2984 de
901 2947 1039 2984 minori
1057 2955 1226 2996 peccato.
1251 2949 1364 2987 Unde
1418 2948 1604 2986 ostendat.

304 3010 419 3047 super
436 2998 529 3036 illud
557 2999 692 3036 Matth.
711 3011 759 3036 vn
780 2998 811 3046 ²¹⁸,
845 3000 945 3041 Quid
959 3001 1062 3041 vides
1069 3002 1259 3050 festucam
1279 3008 1363 3050 etc„

306 3147 328 3172 fi
359 3110 387 3171 clx)
406 3111 528 3171 alterilizs.
546 3123 566 3130 -
577 3119 594 3136 a
614 3111 659 3145 (ab
677 3112 725 3146 px)
743 3113 857 3138 subditis
873 3113 1119 3147 PABEFGHLpr
1134 3119 1159 3139 et
1172 3121 1216 3144 aa,
1229 3115 1256 3139 in
1274 3114 1365 3140 subdi·-

328 3154 341 3172 s
371 3164 379 3177 ,
398 3154 452 3172 om.
471 3154 485 3171 s
510 3164 518 3172 .

1469 3001 1580 3038 Unde
1609 3007 1711 3050 patet
1738 3000 1937 3050 responsio
1966 3002 2014 3039 ad
2043 3001 2203 3039 obiecta.

1471 3115 1492 3147 ε)
1513 3115 1660 3140 habuimus.
1677 3129 1695 3134 -
1713 3115 1858 3147 aliquando
1875 3115 2015 3141 habuimus
2033 3117 2080 3141 Pa.

1468 3149 1494 3182 ζ)
1513 3150 1738 3183 congemiscamus
1756 3153 1789 3175 et.
1807 3164 1826 3169 -
1844 3150 2048 3184 ingemiscamus
2071 3154 2098 3176 et
2116 3159 2167 3177 non
2193 3152 2266 3177 illum
2290 3153 2327 3177 ad
2344 3153 2474 3185 obtempe-

361 3181 386 3215 β)
405 3182 520 3207 salvare.
537 3196 556 3201 -
572 3189 671 3207 sanare
694 3182 886 3212 ABEFILsim.
908 3190 1007 3208 sanare
1023 3183 1139 3216 (salvare
1158 3185 1207 3218 ΒΚ)
1225 3188 1320 3210 sanate
1331 3185 1364 3216 K,
1412 3186 1565 3218 perandum
1584 3186 1631 3210 sed
1648 3186 1704 3216 Dru
1726 3193 1773 3218 pro
1787 3186 1895 3218 pariter
1907 3187 2107 3218 poenitendum,
2121 3187 2236 3220 qualiter
2250 3188 2407 3220 (aequaliter
2424 3188 2473 3220 pC)

305 3220 431 3243 saturare
448 3224 497 3249 pm
516 3225 565 3250 pro
583 3217 696 3246 laudem,
715 3217 807 3242 laudes
826 3218 853 3242 Ρ.

359 3252 386 3285 γ)
405 3252 542 3277 bonorum.
560 3266 579 3271 -
597 3252 692 3277 bonum
710 3252 919 3283 ABCEFHKLx,
938 3253 1005 3278 bono
1024 3254 1163 3286 (bonorum
1180 3254 1228 3288 ὦ)
1246 3258 1273 3280 et
1290 3255 1366 3280 bene-

307 3288 428 3312 volorum
447 3291 487 3312 est
504 3288 535 3318 D,
555 3287 682 3312 bonorum
705 3287 824 3313 virorum
843 3291 870 3313 et
887 3289 1070 3314 benevolorum
1090 3289 1155 3314 ΡΜ.

359 3321 384 3354 δ)
403 3322 530 3355 coegerit.
547 3337 567 3342 -
584 3322 687 3355 cogerit
704 3322 939 3356 ABDEFHLszn
957 3328 983 3349 et
999 3331 1027 3355 x,
1045 3323 1118 3357 cogit
1129 3323 1205 3354 PGa3
1222 3332 1310 3351 cum...
1322 3333 1366 3351 co-

307 3357 422 3391 gitemus
440 3365 493 3382 om.
512 3365 556 3390 pn.

1413 3221 1567 3252 ponendum
1586 3220 1770 3253 BEFHpACK,
1789 3221 1938 3246 curandum
1951 3222 2060 3254 pariter
2074 3222 2105 3253 G,
2124 3223 2270 3255 aequaliter
2283 3223 2473 3254 poenitendum

1417 3256 1471 3287 IsC,
1485 3256 1633 3288 aequaliter
1642 3256 1808 3288 puniendum
1821 3257 1862 3281 vel
1870 3257 2059 3288 poenitendum
2075 3259 2119 3286 sA.
2132 3258 2278 3290 aequaliter
2292 3258 2472 3289 deponendum

1418 3291 1455 3316 sK
1474 3296 1499 3316 et
1517 3299 1543 3322 a,
1562 3291 1710 3323 aequaliter
1727 3291 1877 3317 conandum
1896 3292 1942 3323 Pa.
