2892 4056
11 781 17 807 „.
0 651 17 752 ‘zv-2⁴3*

990 174 1256 220 QUAESTIO
1285 175 1440 222 XLVII,
1470 175 1766 213 ARTICULUS
1795 177 1881 212 Xlll
2445 179 2513 215 361

1033 295 1349 337 ARTICULUS
1380 295 1859 339 DECIMUSTERTIUS

867 388 1023 419 UTRUM
1046 388 1294 419 PRUDENTIA
1316 388 1464 420 Possl‘r
1488 388 1588 419 ESSE
1612 389 1655 419 IN
1677 388 2006 420 PECCATORJBUS

864 466 906 491 De
925 466 1014 495 Ven't„
1033 473 1079 498 qu.
1097 474 1122 496 v,
1142 470 1189 491 art.
1211 474 1220 491 ι
1231 474 1239 498 ;
1257 467 1302 491 Aa
1319 467 1405 496 Rom„
1425 474 1480 499 cap.
1498 475 1552 498 vm,
1572 467 1629 493 lect.
1649 475 1671 498 ι,
1689 474 1723 497 11;
1741 468 1774 492 Vl
1795 468 1889 497 Βοιὼ,
1909 468 1967 492 lect.
1986 476 2011 493 x.

387 550 393 563 ’·
420 554 443 574 χι
466 554 537 596 ‘²61'
563 546 919 573 DDEC1MUMTERT1UM
934 547 988 572 Sic
1003 547 1242 573 PROCEmTUR.
1252 537 1412 574 Videtur

401 598 406 638 j
483 588 531 647 ἐξα
563 587 669 635 quod
695 587 896 637 prudentia
921 588 1042 637 possit
1070 600 1152 625 esse
1180 589 1218 626 in
1237 596 1413 638 peccato-

368 641 486 686 mv.
507 633 549 681 2¹6⁶
562 641 677 678 ribus.
706 640 808 678 Dicit
826 640 928 677 enim
955 640 1158 687 Dominus,
1190 643 1283 678 Luc.
1300 641 1411 679 xv1*:

367 664 502 727 ''15²³''
560 693 651 730 Filii
665 694 776 730 huius
792 693 936 730 saeculi
941 693 1205 741 prudentiores
1208 694 1305 741 filiis
1320 694 1414 731 lucis

349 746 387 781 in
413 746 661 795 generatione
690 757 760 783 sua
785 751 882 783 sunt.
931 745 1008 783 Sed
1035 746 1101 783 filii
1128 746 1240 784 huius
1272 747 1412 784 saeculi

349 806 437 835 sunt
454 806 686 847 peccatores
716 799 819 848 Ergo
837 798 876 836 in
894 798 1160 847 peccatoribus
1187 807 1311 848 potest
1331 813 1413 837 esse
1439 831 1440 835 ,

349 851 564 900 prudentia.

403 915 438 940 2.
460 905 702 951 ΡκΑΕτΕκΕΑ,
741 903 839 940 fides
867 911 922 940 est
956 903 1120 940 nobilior
1147 904 1267 941 virtus
1296 917 1413 953 quam
1439 933 1440 938 ,

346 956 559 1006 prudentia.
591 955 669 993 Sed
696 956 793 993 fides
811 963 936 1004 potest
965 968 1046 992 esse
1074 956 1113 993 in
1136 957 1414 1005 peccatoribus.

349 1011 452 1057 Ergo
481 1017 517 1046 et
543 1008 760 1057 prudentia.

208 1063 226 1082 ⁸
405 1063 439 1099 3.
466 1063 709 1108 PRAETEREA,
740 1062 938 1109 prudentis
973 1062 1045 1098 hoc
1070 1067 1088 1084 ⁶
1120 1073 1214 1110 opus
1245 1063 1415 1099 maxime

111 1113 321 1162 gfflffg'gffiffj·
347 1115 516 1160 dicimus,
546 1115 639 1151 hene
665 1113 876 1158 consiliari‚·
903 1122 944 1150 ut
964 1114 1100 1151 dicitur
1125 1115 1164 1152 in
1183 1115 1234 1152 VI
1253 1116 1374 1153 Ethic.
1394 1115 1415 1137 '⁸‘
1439 1128 1441 1144 ¹

348 1167 426 1205 Sed
459 1167 566 1204 multi
603 1174 824 1215 peccatores
858 1175 945 1204 sunt
981 1166 1073 1204 boni
1108 1167 1263 1205 consilii.
1311 1145 1442 1216 Ergo*

347 1220 456 1258 multi
483 1226 704 1269 peccatores
732 1219 878 1257 habent
903 1219 1160 1268 prudentiam.
1208 1266 1210 1268 Ι

376 1317 381 1320 μ
401 1274 644 1317 §aneon-raa
662 1283 729 1309 EST
748 1272 855 1321 quod
882 1272 1140 1323 Philosophus
1169 1273 1270 1320 dicit,
1299 1273 1338 1310 in
1361 1274 1412 1311 Vl
1439 1287 1441 1312 ς

111 1322 320 1372 ἶξῖᾒῗῇξξῗ·
345 1327 467 1364 Ethic.
487 1325 527 1363 *z
556 1325 792 1375 Impossibile
812 1326 1039 1374 prudentem
1067 1338 1145 1364 esse
1163 1338 1238 1363 non
1258 1332 1379 1364 entem
1399 1325 1416 1356 θ

207 1375 224 1411 9
346 1381 499 1418 bonum.
520 1379 597 1416 Sed
613 1379 738 1416 nullus
751 1385 931 1428 peccator
947 1387 1003 1416 est
1016 1381 1154 1416 bonus.
1169 1379 1272 1427 Ergo
1289 1380 1415 1417 nullus
1439 1398 1442 1428 ᾗ

345 1435 527 1483 peccator
555 1436 618 1468 est*
637 1431 821 1480 prudens.
1440 1469 1441 1484 χ

399 1486 628 1523 Responsum
646 1487 833 1521 montinum
853 1483 959 1532 quod
978 1484 1180 1533 prudentia
1200 1484 1336 1521 dicitur
1353 1485 1417 1521 tri-
1439 1498 1441 1535 ς

345 1537 503 1588 pliciter.
540 1537 610 1574 Est
637 1536 740 1573 enim
768 1536 961 1584 quaedam
988 1536 1190 1586 prudentia
1217 1538 1322 1582 falsa,
1351 1538 1415 1574 vel
1440 1546 1441 1553 ¹

343 1583 414 1641 pet·
440 1588 726 1628 similitudinem
755 1588 865 1626 dicta.
905 1589 1005 1626 Cum
1036 1590 1137 1627 enim
1170 1589 1341 1639 prudens
1370 1589 1417 1626 sit

345 1634 538 1693 quiffi'ene
565 1642 734 1691 disponit
761 1653 806 1679 ea
835 1654 934 1692 quae
962 1650 1051 1680 sunt
1077 1642 1230 1691 agenda
1257 1650 1416 1691 propter

345 1696 512 1746 aliquem
547 1696 696 1732 bonum
723 1695 864 1742 finem,
893 1695 952 1732 ille
982 1696 1047 1744 qui
1083 1704 1241 1745 propter
1269 1695 1414 1732 malum

344 1748 463 1788 finem
493 1748 618 1798 aliqua
644 1748 811 1798 disponit
837 1747 1085 1797 congruentia
1112 1746 1163 1786 illi
1190 1748 1257 1786 fini
1298 1749 1415 1785 habet
1439 1769 1441 1796 ς

205 1803 222 1831 Τ
344 1801 480 1840 saleim
499 1801 757 1850 prudentiam,
776 1801 1003 1850 inquantum
1023 1801 1115 1839 illud
1134 1801 1239 1851 quod
1256 1801 1416 1851 accipitY
1440 1847 1441 1851 Ἰ

345 1862 426 1905 pror
440 1855 519 1892 fine
539 1861 618 1892 non
647 1862 703 1892 est
724 1866 818 1892 vere
842 1854 1003 1901 bonum,
1033 1852 1102 1892 sed
1130 1854 1343 1892 secundum
1368 1854 1414 1891 si-
1439 1882 1441 1885 v

345 1899 618 1946 militudinem:
661 1907 757 1944 sicut
789 1907 931 1945 'dicitur
964 1907 1099 1957 aliquis
1136 1908 1261 1945 bonus
1303 1908 1412 1945 latro.

1465 537 1584 596 tinent
1611 537 1660 574 ad
1689 545 1808 574 totam
1836 538 1968 586 vitam,
1989 538 2058 575 sed
2084 551 2163 576 non
2188 540 2392 577 efficaciter
2417 553 2525 589 prae-

1468 602 1500 626 ci
1530 597 1567 626 it.

1502 602 1650 679 pTertia
1677 649 1804 679 autem
1826 644 2028 691 prudentia
2052 652 2108 681 est
2127 652 2163 680 et
2180 657 2272 681 vera
2292 653 2328 682 et
2345 646 2525 694 perfecta,

1467 706 1564 743 quae
1589 695 1638 732 ad
1662 695 1807 732 bonum
1830 696 1950 733 finem
1978 696 2091 733 totius
2104 697 2206 734 vitae
2226 706 2325 734 recte
2355 699 2527 736 consilia-

1465 754 1535 794 tur,
1554 747 1695 784 iudicat
1714 755 1750 784 et
1767 748 1961 796 praecipit.
1991 749 2040 785 Et
2058 750 2153 786 haec
2176 751 2258 787 sola
2278 750 2411 788 dicitur
2438 765 2525 801 pru-

1466 799 1593 837 dentia
1612 800 1839 848 simpliciter.
1869 801 1978 847 Quae
1998 801 2036 838 in
2056 803 2317 850 peccatoribus
2347 816 2428 841 esse
2448 817 2528 842 non

1438 878 1441 914 ᾖ
1463 859 1600 900 potest.
1620 873 1644 880 -
1664 853 1793 889 Prima
1818 861 1945 890 autem
1973 854 2175 902 prudentia
2198 864 2254 892 est
2272 856 2308 892 in
2330 857 2420 894 solis
2438 870 2526 906 pec-

1466 905 1668 941 catoribuS.
1684 925 1707 932 -
1723 905 1930 942 Prudentia
1949 914 2077 943 autem
2101 907 2322 956 imperfecta
2342 918 2396 946 est
2421 922 2528 946 com-

1439 994 1440 998 ,
1466 957 1592 993 munis
1607 957 1719 994 bonis
1739 965 1776 994 et
1790 958 1919 995 malis:
1945 959 2111 995 maxime
2126 959 2188 996 illa
2206 973 2305 1008 quae
2321 970 2375 998 est
2390 963 2528 1011 imper-

1439 1015 1441 1050 ξ
1466 1009 1563 1045 fecta
1586 1017 1742 1057 propter
1766 1010 1885 1047 finem
1903 1011 2182 1058 particularem.
2213 1013 2315 1050 Nam
2343 1015 2405 1051 illa
2429 1028 2527 1064 quae

1466 1069 1523 1098 est
1540 1061 1763 1110 imperfecta
1781 1070 1937 1111 propter
1964 1064 2153 1101 defectum
2184 1066 2400 1114 principalis
2423 1076 2529 1105 actus

1467 1114 1582 1151 etiam
1609 1127 1690 1151 non
1718 1122 1778 1151 est>
1801 1115 1872 1152 nisi
1899 1115 1938 1152 in
1966 1116 2086 1152 malis.

1519 1169 1578 1204 An
1607 1179 1744 1204 PRIMUM
1772 1179 1870 1204 ERGO
1898 1180 2083 1206 mmmmm
2111 1170 2215 1218 quod
2245 1170 2335 1208 illud
2364 1173 2529 1209 verbum

1466 1219 1623 1257 Domini
1659 1219 1875 1268 intelligitur
1911 1221 1959 1258 de
1997 1221 2122 1270 prima
2158 1223 2370 1271 prudentia.
2417 1225 2528 1262 Unde

1464 1285 1544 1310 non
1572 1272 1708 1310 dicitur
1726 1272 1947 1322 simpliciter
1965 1274 2070 1323 quod
2099 1275 2171 1312 sint
2198 1276 2424 1324 prudentes;
2461 1279 2529 1316 sed

1439 1363 1441 1379 Ι
1467 1325 1572 1374 quod
1601 1325 1674 1362 sint
1700 1327 1906 1373 prudentes
1925 1331 1938 1347 ⁶
1965 1327 2002 1363 in
2030 1328 2276 1377 generatione
2300 1341 2382 1367 sua.

1519 1380 1578 1415 Au
1607 1390 1798 1416 SECUNDUM
1827 1391 2011 1416 oicENDuM
2040 1380 2146 1430 quod
2178 1381 2276 1418 fides
2317 1382 2355 1419 in
2385 1382 2442 1419 sui
2473 1395 2530 1420 ra-

1439 1439 1441 1468 ἐ
1465 1431 1569 1468 tione
1589 1443 1669 1468 non
1687 1431 1868 1479 importat
1886 1431 2052 1480 aliquam
2075 1434 2381 1471 conformitatem
2397 1435 2446 1473 acl
2466 1448 2531 1484 ap-

1465 1483 1627 1531 petitum
1647 1491 1839 1520 rectorum
1860 1496 2033 1533 operum.
2054 1486 2122 1522 sed
2141 1486 2237 1523 ratio
2253 1487 2343 1524 fidei
2363 1487 2532 1524 consistit

1465 1536 1504 1572 in
1533 1537 1614 1572 sola
1647 1536 1871 1583 cognitione.
1903 1537 1979 1574 Sed
2007 1538 2207 1585 prudentia
2235 1538 2414 1588 importat
2433 1541 2531 1577 ordi-

1467 1601 1557 1625 nem
1590 1588 1639 1625 ad
1658 1588 1867 1637 appetitum
1896 1596 2054 1626 rectum.
2085 1591 2189 1627 Tum
2227 1591 2317 1638 quia
2349 1593 2532 1642 principia

1440 1678 1441 1683 ,
1465 1641 1691 1690 prudentiae
1720 1649 1806 1678 sunt
1833 1641 1930 1679 fines
1954 1643 2218 1691 operabilium‚
2241 1645 2288 1680 de
2308 1646 2447 1693 quibus
2467 1646 2531 1682 ali-

1465 1695 1550 1744 quis
1568 1694 1684 1731 habet
1703 1701 1854 1731 rectam.
1869 1695 2175 1733 aestimationem
2198 1709 2268 1745 per
2286 1698 2438 1735 habitus
2456 1699 2532 1736 vir-

1464 1755 1588 1784 tutum
1609 1747 1823 1794 moralium,
1845 1760 1943 1796 quae
1971 1748 2114 1786 faciunt
2137 1750 2346 1798 appetitum
2367 1759 2530 1789 rectum:

1465 1801 1568 1838 unde
1595 1800 1798 1849 prudentia
1834 1813 1914 1837 non
1941 1808 2186 1849 potestesse
2220 1801 2309 1840 sine
2329 1804 2531 1842 virtutibus

1466 1853 1688 1900 moralibus,
1717 1861 1759 1889 ut
1787 1865 1901 1902 supra
1919 1852 1940 1874 '⁸
1967 1861 2164 1891 ostensum
2194 1850 2260 1892 est.
2291 1857 2395 1893 Tum
2417 1857 2530 1894 etiam

1465 1907 1555 1955 quia
1574 1905 1776 1955 prudentia
1797 1913 1852 1942 est
1869 1904 2115 1955 praeceptiva
2142 1915 2334 1946 rectorum
2354 1922 2530 1958 operum,

346 1961 434 1999 Hoc
456 1960 559 1998 enim
588 1961 709 1998 modo
736 1968 863 2010 potest
889 1960 1102 2000 secundum
1128 1960 1413 1998 similitudinem
1437 1979 1441 2018 4
1465 1959 1571 2008 quod
1600 1971 1679 1995 non
1708 1958 1888 2007 contingit
1915 1958 1986 1996 nisi
2014 1959 2196 1997 existente
2225 1962 2393 2011 appetitu
2413 1971 2529 2001 rect0.

345 2013 419 2059 dici
437 2014 607 2064 prudens
625 2013 720 2050 latro
740 2013 807 2063 qui
825 2013 1099 2051 convenientes
1112 2013 1196 2051 vias
1218 2013 1416 2051 adinvenit
1438 2052 1440 2062 Ι
1465 2013 1578 2050 Unde
1597 2011 1695 2049 fides
1722 2011 1808 2048 licet
1826 2011 1872 2048 sit
1891 2012 2058 2049 nobilior
2076 2025 2192 2061 quam
2215 2014 2417 2062 prudentia
2442 2029 2531 2066 pro—

345 2062 394 2104 ad
412 2065 732 2104 latrocinandum.
757 2067 806 2103 Et
829 2066 1050 2105 huiusmodi
1067 2074 1124 2104 est
1141 2066 1345 2116 prudentia
1365 2067 1413 2104 de
1438 2074 1440 2119 ζ
1465 2072 1549 2114 pter
1577 2064 1792 2111 obiectum,
1821 2071 1951 2101 tamen
1987 2065 2189 2113 prudentia
2226 2069 2438 2105 secundum
2473 2070 2532 2107 sui

355 3327 405 3351 tae
428 3325 563 3360 possunt
585 3329 651 3350 esse
675 3319 742 3350 sine
765 3319 900 3356 caritate,
924 3329 960 3350 ac
982 3330 1038 3360 per
1051 3319 1112 3350 hoc
1135 3319 1168 3350 in
1184 3320 1412 3360 peccatoribus.

410 3364 460 3394 Ad
483 3364 545 3393 hoc
577 3363 690 3393 dicitur
712 3363 800 3403 quod
831 3373 934 3393 sermo
957 3363 1076 3395 litterae
1099 3363 1210 3400 huius,
1241 3363 1413 3395 formaliter
1438 3361 1439 3365 ¹

356 3408 543 3443 intellectus,
569 3414 614 3437 est
638 3407 826 3437 verissimus.
859 3407 899 3437 Et
921 3407 1141 3447 intelligendus
1165 3414 1211 3438 est
1232 3408 1412 3449 proportio·
1438 3408 1440 3412 ’

358 3452 482 3482 naliter:
506 3451 594 3492 quod
617 3451 732 3481 scilicet
755 3451 922 3491 prudentia
943 3451 1047 3482 infusa
1074 3461 1139 3482 non
1162 3458 1268 3491 potest
1289 3460 1357 3482 esse
1378 3452 1411 3482 in
1438 3461 1440 3465 ·

499 3512 608 3536 Summa
626 3511 726 3535 Tuam..
746 3511 777 3536 D.
790 3511 902 3542 Tamus
922 3511 954 3536 T.
972 3512 1003 3536 V.

109 2122 239 2162 *Vm-⁴?-
345 2130 422 2169 qua
453 2118 663 2168 Apostolus
688 2118 788 2166 dicit,
817 2120 870 2156 ad
902 2121 1016 2158 Rom.
1050 2132 1111 2157 vm
1138 2118 1176 2156 *τ
1205 2120 1414 2157 Prudentia
1438 2154 1440 2177 Ι
1466 2117 1652 2155 rationem
1681 2117 1801 2165 magis
1831 2125 2015 2166 repugnat
2033 2126 2206 2167 peccato,
2227 2121 2331 2168 quod
2358 2122 2532 2169 procedit

133 2176 136 2179 '
345 2172 472 2210 carnis
489 2182 592 2209 mors
611 2177 675 2218 est,
706 2183 805 2220 quae
825 2171 966 2209 scilicet
983 2173 1103 2210 finem
1122 2173 1301 2210 ultimum
1323 2185 1413 2209 con·
1438 2199 1440 2201 >
1467 2183 1512 2207 ex
1540 2170 1789 2219 perversitate
1819 2170 2019 2218 appetitus.

346 2225 462 2263 stituit
487 2225 526 2262 in
555 2224 806 2266 delectatione
836 2225 972 2262 carnis.
1438 2222 1441 2267 f
1519 2225 1578 2259 An
1596 2233 1756 2259 TERTIUM
1785 2234 1969 2260 morannum
1989 2224 2094 2272 quod
2120 2232 2341 2272 peccatores
2369 2234 2532 2274 possunt

400 2277 579 2315 Secunda
599 2275 744 2315 ‘autem
778 2277 982 2326 prudentia
1018 2285 1075 2315 est
1111 2277 1268 2327 quidem
1303 2289 1413 2325 vera,
1438 2271 1441 2324 J
1466 2275 1624 2325 quidem
1654 2287 1736 2312 esse
1765 2275 1863 2312 bene
1889 2275 2112 2313 consiliativi
2139 2276 2188 2313 ad
2217 2277 2382 2326 aliquem
2411 2279 2530 2316 finem

347 2330 436 2380 quia
454 2330 650 2367 adinvenit
666 2330 750 2367 vias
776 2331 1089 2367 accommodatas
1109 2331 1158 2368 ad
1183 2331 1302 2367 finem
1321 2342 1414 2367 vere
1438 2348 1441 2368 ἱ
1466 2329 1633 2375 malurn,
1667 2329 1730 2365 vel
1759 2329 1807 2365 ad
1836 2328 1991 2377 aliquod
2018 2329 2244 2378 particulare
2273 2331 2444 2368 bonurn:
2482 2333 2530 2370 ad

347 2385 517 2429 bonum3
546 2383 614 2419 sed
643 2390 700 2420 est
723 2383 957 2431 imperfecta,
980 2382 1119 2432 duplici
1138 2383 1296 2420 ratione.
1325 2383 1414 2420 Uno
1439 2378 1441 2427 ξ
1466 2382 1586 2418 finem
1615 2388 1743 2417 autem
1772 2382 1919 2417 bonum
1949 2382 2063 2419 totius
2082 2382 2182 2419 vitae
2211 2395 2289 2419 non
2318 2392 2405 2420 sunt
2432 2385 2531 2422 bene

348 2436 485 2482 modo,
523 2435 612 2484 quia
639 2435 731 2472 illud
759 2436 906 2472 bonum
935 2436 1040 2484 quod
1069 2436 1205 2484 accipit
1231 2447 1302 2484 pro
1335 2435 1414 2472 fine
1438 2434 1442 2495 l
1467 2433 1691 2470 consiliativi
1718 2434 1896 2481 perfecte,
1926 2433 2015 2481 quia
2045 2435 2245 2471 consilium
2274 2437 2322 2473 ad
2351 2436 2529 2474 effectum

349 2501 427 2526 non
465 2495 522 2525 est
558 2488 776 2525 communis
811 2488 899 2525 finis
926 2488 1040 2525 totius
1076 2489 1272 2525 humanae
1298 2487 1413 2532 vitae,
1466 2498 1546 2523 non
1573 2485 1798 2534 perducunt.
1837 2485 1949 2522 Unde
1977 2498 2057 2523 non
2085 2495 2141 2523 est
2168 2488 2207 2524 in
2236 2488 2288 2524 eis
2315 2491 2529 2537 prudentia,

349 2542 418 2579 sed
454 2541 613 2578 alicuius
640 2539 813 2590 specialis
841 2540 1002 2588 negotii:
1037 2548 1129 2590 puta
1163 2553 1252 2577 cum
1281 2539 1415 2588 aliquis
1467 2550 1568 2586 quae
1596 2549 1636 2574 se
1663 2538 1779 2574 habet
1806 2538 1932 2574 solum
1961 2539 2010 2575 ad
2038 2539 2205 2576 bonum:
2235 2541 2302 2577 sed
2331 2542 2426 2579 sicut
2443 2544 2530 2580 Phi-

349 2594 545 2632 adinvenit
583 2593 668 2631 vias
704 2593 1016 2631 accommodatas
1054 2595 1103 2631 ad
1141 2592 1415 2642 negotiandum
1439 2632 1440 2643 ἦ
1466 2590 1651 2638 losophus
1681 2590 1781 2637 dicit>
1810 2590 1849 2627 in
1876 2591 1927 2627 VI
1955 2591 2076 2628 Ethic.
2097 2590 2127 2638 *,
2158 2599 2214 2629 est
2232 2592 2270 2629 in
2298 2594 2435 2631 talibus
2454 2596 2529 2632 dei-

348 2648 411 2684 vel
439 2648 487 2684 ad
515 2646 799 2694 navigandum,
835 2646 971 2684 dicitur
997 2647 1166 2695 prudens
1202 2645 1416 2693 negotiator
1438 2678 1441 2686 Δ
1467 2644 1590 2680 notica
1609 2641 1634 2689 ἶ,
1662 2642 1758 2679 idest
1786 2643 1966 2679 naturalis
1994 2643 2188 2690 industria,
2218 2657 2317 2692 quae
2346 2659 2386 2682 se
2414 2648 2530 2685 habet

349 2700 412 2737 vel
439 2706 567 2738 nauta.
597 2720 621 2727 -
649 2699 736 2736 Alio
765 2700 899 2746 modo,
928 2699 1018 2748 quia
1055 2699 1184 2736 deficit
1211 2699 1250 2736 in
1277 2698 1415 2747 princi·
1437 2698 1442 2738 ῖ
1468 2697 1517 2733 ab
1546 2696 1692 2732 bonum
1732 2702 1768 2731 et
1797 2696 1845 2732 ad
1874 2696 2039 2741 malum3
2076 2698 2139 2733 vel
2168 2698 2322 2743 astutia,
2360 2711 2458 2746 quae
2487 2713 2528 2737 se

350 2752 427 2802 pali
445 2760 533 2790 actu
550 2752 792 2801 prudentiae:
822 2760 914 2800 puta
934 2764 1022 2789 cum
1047 2751 1182 2802 aliquis
1203 2752 1301 2788 bene
1326 2762 1416 2787 con·
1467 2749 1583 2785 habet
1610 2748 1735 2784 solum
1764 2747 1812 2784 ad
1841 2749 2002 2795 malum,
2033 2761 2148 2797 quam
2177 2762 2292 2798 supra
2315 2751 2335 2771 ‘²
2365 2752 2528 2790 diximus
2556 2762 2563 2769 ·

215 2800 230 2825 ⁸
351 2806 493 2842 siliatur
521 2813 557 2842 et
584 2813 684 2842 recte
703 2803 716 2827 ⁶
743 2805 884 2842 iudicat
912 2805 1026 2841 etiam
1055 2806 1102 2842 de
1126 2805 1182 2841 his
1204 2815 1302 2853 quae
1330 2815 1415 2852 per·
1440 2799 1442 2839 l
1469 2802 1603 2838 falsam
1630 2800 1872 2848 prudentiam
1901 2802 1963 2837 vel
1990 2802 2232 2849 prudentiam
2262 2803 2394 2840 carnis.

406 2918 435 2949 α)
454 2917 512 2943 1100,
528 2931 548 2937 ..
566 2917 628 2943 om,
648 2918 706 2943 DG,
1524 2914 1546 2945 ε)
1565 2914 1612 2938 sed
1630 2913 1701 2945 quod
1727 2913 1783 2953 sint
1797 2913 1953 2944 prudentes.
1972 2928 1991 2932 -
2009 2914 2071 2939 Om.
2095 2915 2243 2947 BEFKpr
2271 2922 2297 2941 et
2322 2924 2347 2946 a.
2366 2917 2414 2942 sed
2438 2918 2529 2943 PCDG

408 2952 433 2986 β)
453 2959 504 2977 non
523 2955 750 2977 entem-ernon
763 2960 818 2978 esse
830 2954 862 2984 D,
877 2961 928 2978 non
948 2954 1107 2978 existentem
1122 2953 1154 2983 G,
1168 2961 1220 2978 non
1237 2953 1370 2978 existente
1382 2953 1415 2977 H.
1441 2961 1444 2982 l
1470 2950 1550 2973 LsAx
1568 2954 1594 2973 et
1605 2956 1636 2989 ρ,
1656 2949 1813 2988 {impltcfter
1830 2949 1878 2989 sec}
1895 2949 1967 2980 quod
1984 2949 2039 2974 sint
2052 2950 2201 2990 prudentes
2220 2951 2238 2975 l.

405 2988 434 3021 γ)
453 2987 559 3019 accipit-
578 3001 596 3005 -
613 2987 716 3019 accepit
734 2988 761 3012 p·
1521 2983 1547 3014 ζ)
1567 2984 1708 3008 ἀειηοίιεα.
1722 2997 1744 3024 .-
1763 2983 1903 3024 deytfottca
1916 2984 1954 3024 A.
1966 2984 2097 3025 demotica
2120 2985 2251 3017 BDEpFK
2270 2992 2295 3010 et
2314 2994 2364 3018 aa,
2390 2988 2528 3014 dernotica

406 3022 432 3055 ὃ)
452 3023 543 3048 bene...
561 3025 640 3048 recte,
658 3037 677 3042 -
695 3026 792 3048 recte...
812 3024 875 3048 bene
894 3024 941 3048 Pa,
1468 3019 1575 3048 fflsCF,
1599 3019 1676 3043 demo
1698 3018 1842 3059 dinnotrtta
1860 3019 1890 3048 L,
1910 3018 1952 3043 den
1972 3022 2068 3044 nomm
2090 3020 2134 3060 ed.
2148 3027 2181 3050 a;
2199 3021 2246 3045 sed
2263 3021 2376 3047 sicut...
2395 3023 2474 3048 habet
2491 3025 2529 3048 ad

1469 3053 1566 3079 bonum
1585 3062 1638 3078 om.
1658 3053 1696 3086 pC
1715 3054 1755 3085 (ην
1774 3051 1884 3078 καλοῦσι
1903 3052 2052 3085 &summm
2071 3055 2123 3080 vid.
2143 3056 2196 3079 loca
2216 3056 2309 3089 citata).

1032 3117 1362 3151 Commentario.
1384 3119 1633 3154 Cardinalis
1655 3120 1852 3153 Caietam*

386 3198 406 3218 N
420 3187 553 3218 articulo
576 3187 795 3218 decimotertio
811 3188 944 3218 dubium
967 3188 1103 3219 occurrit
1124 3188 1204 3219 circa
1219 3188 1311 3219 illud:
1331 3189 1412 3220 Pru-
1437 3190 1439 3207 ³
1467 3191 1683 3230 peccatoribus
1713 3190 1909 3230 simpliciter;
1940 3192 2106 3231 prudentia
2140 3199 2246 3223 autem
2281 3194 2431 3234 acquisita
2461 3204 2526 3224 non

359 3201 497 3263 Identia
520 3241 597 3265 vera
614 3237 643 3262 et
661 3231 807 3271 perfecta
831 3233 864 3262 in
881 3233 1104 3272 peccatoribus
1126 3241 1195 3264 esse
1209 3242 1272 3263 non
1289 3238 1414 3273 potest:
1465 3241 1571 3274 potest
1594 3244 1660 3264 esse
1683 3234 1716 3264 in
1740 3235 1957 3274 peccatoribus
1980 3235 2061 3266 infra
2084 3236 2165 3266 vitae
2189 3237 2338 3267 naturalis
2362 3238 2524 3269 terminos.

119 3274 156 3322 μ’
186 3273 254 3322 22⁶3
269 3280 306 3301 qu·
356 3286 430 3307 cum
453 3275 598 3316 superius
613 3273 631 3292 ⁴
655 3275 775 3306 dictum
798 3275 838 3307 sit
861 3276 951 3316 quod
972 3275 1102 3307 virtutes
1125 3276 1260 3307 morales
1282 3277 1414 3317 acquisi-
1438 3302 1439 3306 ,
1466 3278 1531 3316 Qui
1548 3278 1634 3308 enim
1650 3285 1830 3318 peccatores
1846 3286 1920 3310 sunt
1942 3279 1975 3309 in
1990 3279 2038 3310 his
2061 3290 2143 3320 quae
2166 3281 2236 3310 solo
2254 3281 2386 3311 naturali
2404 3281 2525 3312 lumine

1438 3357 1439 3360 Ἰ
1466 3322 1623 3353 dictantur
1652 3322 1821 3362 prudentes
1845 3332 1910 3353 non
1934 3330 2007 3354 sunt
2029 3324 2195 3363 prudentia
2223 3324 2382 3364 acquisita.
2407 3325 2448 3356 Et
2469 3325 2525 3366 qui

1466 3372 1644 3406 peccatores
1668 3372 1742 3396 sunt
1765 3365 1918 3402 absolute,
1939 3367 2003 3397 sive
2026 3367 2059 3397 in
2082 3367 2263 3398 naturaliter
2281 3368 2346 3398 sive
2367 3368 2400 3399 in
2416 3379 2523 3409 super-

1466 3409 1648 3440 naturaliter
1671 3410 1764 3445 notis,
1792 3410 1959 3449 prudentia
1981 3410 2084 3441 infusa
2108 3417 2221 3441 carent.
2238 3429 2258 3434 -
2279 3411 2339 3442 Sed
2362 3419 2524 3443 memento

1465 3453 1554 3494 quod
1571 3459 1715 3493 peccator
1729 3460 1871 3493 respectu
1888 3455 2072 3494 prudentiae
2088 3454 2256 3494 acquisitae
2273 3462 2303 3486 et
2321 3455 2442 3487 infusae
2459 3466 2523 3486 non

2349 3516 2383 3547 46

2560 1864 2568 1871 ·
2585 1862 2607 1883 ι·
2623 1862 2681 1889 11³⁶,
2701 1869 2740 1890 qu.

2558 1895 2621 1915 ινιιι,
2707 1905 2712 1910 .

2556 2602 2630 2649 “effi’'
2640 2609 2683 2628 ιιι,
2693 2609 2765 2630 n.9.-

2555 2631 2580 2650 S.
2613 2631 2635 2650 n.
2650 2629 2700 2650 lect.
2715 2637 2737 2651 x.

2580 2761 2604 2782 In
2619 2767 2723 2788 corpore.
