2892 4056
47 489 79 502 ¹·
92 489 118 510 ln
131 492 192 515 κιρ.
212 486 240 508 ad
256 492 276 508 2.

68 1629 137 1670 με·
149 1629 256 1659 nne-‹¹-

39 2152 260 2184 'Qun-riq.

1006 140 1270 186 QUAESTlo
1298 140 1348 186 v,
1378 140 1672 176 ART1CULUS
1704 140 1753 175 iv
2417 140 2467 185 59

304 226 446 259 respectu
470 218 565 248 medii
589 217 747 254 scientiae,
773 219 826 248 sed
850 226 990 258 respectu
1015 218 1110 248 medii
1126 218 1245 258 proprii
1265 217 1359 247 huius
1411 217 1507 248 scitur
1531 224 1565 247 ut
1588 217 1694 247 medio
1719 217 1834 248 efficaci
1858 217 1896 247 ad
1913 216 2087 251 sciendum,
2105 215 2248 256 quamvis
2265 222 2391 245 maneat
2406 225 2470 245 me-

305 261 533 293 conclusionis:
559 261 643 292 aliud
667 262 751 291 enim
768 269 814 293 est
828 262 969 292 medium
986 262 1140 298 scientiae,
1161 269 1191 292 et
1209 262 1294 292 aliud
1313 268 1359 292 est
1411 261 1512 291 moria
1535 261 1648 291 medii:
1674 271 1739 291 non
1763 260 1848 291 enirn
1871 260 1928 291 scit
1950 260 2121 290 immernor
2145 259 2433 289 demonstrationis.
2450 277 2470 281 -

305 306 447 336 medium
477 305 643 346 proprium
673 305 767 335 huius
799 306 1021 336 conclusionis.
1051 306 1119 336 Nisi
1148 312 1299 336 erraretur
1325 305 1358 335 in
1410 304 1533 335 Dicitur
1555 305 1706 341 secundo,
1723 305 1811 345 quod
1835 304 1979 334 habitum
2002 303 2138 334 iustitiae
2162 313 2288 333 manere
2309 313 2383 332 curn
2399 310 2470 332 actu

304 350 406 391 prima
430 349 647 380 conclusione:
672 356 747 380 tunc
771 350 855 379 enim
879 350 1099 390 deperderetur
1126 350 1259 385 habitus,
1284 348 1359 389 quia
1411 348 1580 378 iniustitiae
1604 348 1775 379 formaliter
1798 355 1844 378 est
1866 358 1923 388 per
1945 347 2103 378 accidens:
2128 347 2203 387 quia
2226 346 2342 376 scilicet
2365 356 2402 376 ex
2423 353 2470 376 tot

304 393 447 424 medium
470 393 590 433 primae
613 400 660 423 est
682 393 823 423 medium
840 393 1031 434 simpliciter,
1047 403 1141 432 super
1155 394 1244 433 quod
1260 399 1360 423 cetera
1411 392 1532 423 actibus
1555 399 1601 422 est
1624 391 1765 422 firmatus
1785 400 1820 423 ut
1843 402 1909 422 non
1928 391 2034 422 statim
2053 391 2148 421 unico
2165 397 2236 421 actu
2253 397 2387 420 corruat.
2412 390 2471 420 Per

305 437 486 468 fundantur.
510 437 584 466 Non
603 436 647 467 sic
670 444 777 467 autem
800 443 846 468 est
868 437 900 467 in
923 436 994 467 fide.
1020 437 1192 474 Quoniam,
1210 444 1245 467 ut
1259 436 1292 466 in
1310 436 1359 467 lit-
1413 446 1446 466 se
1470 435 1554 465 enim
1579 445 1643 466 non
1667 436 1760 466 habet
1783 437 1871 476 quod
1894 442 2063 466 remaneat.
2093 435 2134 465 Et
2156 441 2322 474 propterea
2345 434 2472 464 habitus

304 488 369 512 tera
383 481 400 500 *
416 480 537 516 dicitur,
562 490 664 511 unum
681 487 711 511 et
724 481 810 511 idern
825 487 871 511 est
891 480 1032 511 medium
1052 480 1238 510 assentiendi
1255 480 1358 510 omni·
1411 479 1525 515 infusi,
1545 479 1661 520 quibus
1692 490 1757 510 non
1788 486 1834 510 est
1860 489 2018 510 annexum
2048 479 2110 509 hoc
2140 478 2299 514 accidens,
2324 478 2472 508 desinunt

303 525 377 555 bus:
402 530 433 554 et
455 531 620 564 propterea
653 534 738 554 error
760 525 792 554 in
816 525 922 555 medio
946 524 1040 554 unius
1060 530 1106 554 est
1129 533 1214 554 error
1236 524 1268 553 in
1293 533 1357 554 rne-
1413 523 1597 554 adveniente
1620 533 1826 564 quocumque
1849 530 1919 554 actu
1944 523 2099 554 contrario
2122 521 2303 552 formaliter.
2334 522 2374 552 Et
2397 522 2472 562 quia

305 568 358 598 dio
381 567 563 607 simpliciter
587 568 686 608 ipsius
709 568 794 598 fidei.
1412 566 1490 597 fides
1512 574 1558 597 est
1581 567 1706 597 habitus
1739 567 1878 603 infusus,
1903 567 1935 597 in
1958 567 2019 597 hoc
2051 566 2195 596 differens
2225 566 2263 596 ab
2292 565 2470 606 acquisitis,

358 612 409 641 Ad
432 611 464 641 id
487 621 562 642 vero
584 612 672 652 quod
696 613 735 642 de
758 612 916 642 habitibus
939 610 1112 640 moralibus
1136 611 1295 651 acquisitis
1313 610 1358 640 af·
1412 611 1484 641 ideo
1508 621 1636 650 arguere
1660 612 1698 641 ab
1722 611 1880 652 acquisitis
1903 611 1942 641 ad
1965 611 2087 641 infusos
2111 610 2219 651 quoad
2241 610 2303 640 hoc
2333 616 2379 640 est
2408 609 2471 640 fru-

304 655 410 691 fertur,
428 655 540 686 dicitur
555 656 670 695 primo,
687 656 775 696 quod
791 655 906 685 falsum
926 661 971 684 est
987 655 1074 694 quod
1090 661 1248 685 remaneat
1262 655 1360 685 virtus
1413 662 1474 686 stra
1497 654 1562 685 niti.

303 699 439 730 iustitiae
452 709 525 729 cum
540 706 610 730 actu
625 699 794 730 iniustitiae
809 698 989 733 formaliter,
1006 698 1159 738 quoniam
1174 708 1239 728 non
1256 706 1361 728 manet
1467 699 1532 729 Nec
1557 708 1656 729 errare
1679 708 1715 728 ex
1738 698 1913 738 ignorantia
1929 699 1961 728 in
1978 698 2136 738 Scriptura
2147 704 2202 728 .est
2217 698 2380 728 admittere
2399 707 2473 727 con-

303 743 383 773 ratio
407 743 548 773 formalis
564 743 721 773 eiusdem:
745 742 818 773 licet
837 748 995 772 remaneat
1010 742 1135 772 habitus
1151 742 1205 782 qui
1226 742 1285 772 fuit
1300 742 1359 772 vir·
1412 742 1544 772 trarium
1567 741 1639 772 fidei
1663 742 1843 778 formaliter,
1861 742 1919 772 nisi
1939 742 2018 772 adsit
2034 742 2202 782 pertinacia
2218 749 2327 772 contra
2343 751 2471 771 sensum

304 794 354 817 tus
378 787 522 822 iustitiae,
549 794 578 817 et
601 787 643 817 sic
667 793 806 816 remanet
822 785 1003 826 aequivoce.
1021 785 1107 815 Sicut
1123 786 1293 825 aequivoce
1312 796 1360 815 re-
1413 786 1580 816 Ecclesiae.
1605 786 1702 822 Quod
1719 786 1781 816 iam
1806 796 1870 816 non
1894 796 1929 815 ex
1948 786 2133 825 ignorantia,
2150 786 2203 816 sed
2220 785 2395 816 voluntaria
2415 786 2471 815 ob-

304 838 411 861 manet
434 831 558 861 habitus
582 830 736 866 scientiae,
761 829 913 860 oblivioni
938 829 1051 859 tradito
1072 829 1177 859 medio
1199 839 1254 869 per
1273 830 1360 869 quod
1413 829 1580 860 stinatione
1603 829 1649 860 fit.

1083 1014 1398 1056 ARTICULUS
1428 979 1698 1066 QUARTUS

750 1123 904 1154 UTRUM
929 1124 1048 1154 FIDES
1072 1123 1217 1154 POSSIT
1241 1124 1339 1155 ESSE
1364 1124 1502 1155 MAIOR
1527 1125 1568 1155 IN
1596 1124 1687 1155 UNO
1712 1125 1836 1162 QUAM
1862 1125 1903 1155 IN
1928 1125 2029 1155 ALIO

1080 1220 1112 1245 111
1132 1220 1215 1248 Sent„
1235 1220 1292 1245 dist.
1310 1227 1366 1251 xxv,
1385 1228 1430 1252 qu.
1448 1227 1474 1251 ιι,
1494 1226 1540 1244 art.
1561 1227 1584 1251 2
1604 1220 1653 1253 qu⁸
1676 1228 1699 1245 1.

1411 1309 1524 1355 tibus,
1545 1308 1612 1345 sed
1633 1316 1688 1345 est
1707 1306 1722 1337 β
1749 1320 1826 1345 una
1850 1307 1975 1356 specie
1995 1308 2033 1344 in
2053 1307 2244 1355 omnibus,
2266 1315 2307 1344 ut
2326 1321 2440 1357 supra
2453 1310 2474 1331 ‘¹‘

1415 1362 1557 1399 dictum
1587 1368 1652 1397 est.
1690 1361 1767 1398 Sed
1795 1373 1839 1397 ea
1872 1373 1971 1409 quae
2006 1360 2248 1397 materialiter
2285 1361 2473 1399 credenda

459 1407 551 1449 “in
580 1413 665 1450 alio.
695 1413 894 1459 Quantitas
930 1413 1032 1450 enim
1059 1414 1210 1451 habitus
1243 1422 1360 1451 atten-
1412 1422 1679 1463 proponuntur
1715 1421 1801 1450 sunt
1832 1414 1960 1462 plura:
1997 1422 2034 1450 et
2064 1421 2224 1462 possunt
2258 1414 2376 1462 accipi
2411 1417 2473 1452 vel

336 1461 441 1507 -”’·ζ“’
469 1459 612 1503 ditur
639 1465 851 1502 secundum
885 1465 1044 1502 obiecta.
1084 1466 1162 1503 Sed
1189 1467 1360 1515 quicum·
1414 1467 1533 1515 magis
1556 1468 1619 1503 vel
1647 1466 1773 1503 minus
1802 1466 1985 1515 explicite.
2015 1467 2064 1504 Et
2083 1467 2294 1503 secundum
2313 1468 2387 1503 hoc
2405 1481 2474 1516 po-

302 1530 375 1567 que
403 1504 519 1555 habet
549 1517 668 1554 fidem
698 1506 816 1555 cre'dit
844 1517 974 1554 omnia
1000 1530 1100 1577 quae
1128 1527 1215 1556 sunt
1248 1520 1358 1557 fidei:
1412 1528 1484 1557 test
1516 1532 1615 1556 unus
1651 1520 1771 1556 homo
1808 1520 1918 1567 plura
1956 1519 2125 1568 explicite
2165 1520 2318 1556 credere
2356 1532 2472 1567 quarn

301 1570 390 1620 quia
418 1570 484 1618 qui
513 1570 640 1607 deficit
663 1571 710 1606 ab
731 1582 808 1607 uno
829 1570 990 1608 totaliter
1018 1571 1152 1608 amittit
1170 1572 1301 1620 fidem,
1321 1580 1362 1609 ut
1386 1543 1388 1615 l
1413 1574 1518 1610 alius.
1549 1573 1597 1609 Et
1625 1572 1678 1608 sic
1706 1572 1744 1608 in
1772 1584 1850 1608 uno
1878 1580 2004 1620 potest
2033 1584 2115 1609 esse
2144 1573 2267 1608 maior
2293 1572 2388 1610 fides
2417 1587 2473 1610 se—

300 1634 416 1673 supra
434 1623 454 1644 *
482 1622 626 1660 dictum
655 1631 721 1660 est.
751 1624 854 1671 Ergo
873 1623 1024 1660 videtur
1042 1625 1147 1674 quod
1165 1625 1262 1662 fides
1282 1638 1359 1662 non
1414 1626 1583 1663 cundum
1612 1625 1799 1662 maiorem
1826 1625 1916 1662 fidei
1945 1625 2247 1673 explicationem.

299 1676 420 1726 possit
447 1688 529 1713 esse
555 1676 679 1713 maior
706 1676 743 1713 in
772 1688 850 1713 uno
879 1689 996 1725 quam
1023 1676 1062 1714 in
1090 1677 1174 1714 alio.
1467 1679 1507 1716 Si
1533 1691 1628 1716 vero
1649 1677 1908 1715 consideretur
1925 1678 2021 1714 fides
2045 1678 2256 1715 secundum
2274 1678 2474 1727 participa-

356 1741 391 1766 2.
411 1729 647 1776 ΡιιΑΕτΕκΕΑ,
668 1741 713 1766 ea
732 1741 830 1778 quae
855 1737 941 1767 sunt
966 1729 1004 1766 in
1032 1742 1185 1767 summo
1206 1743 1284 1768 non
1304 1743 1360 1768 re-
1412 1732 1556 1769 tionem
1594 1731 1771 1778 subiecti,
1801 1732 1875 1767 hoc
1910 1731 2090 1779 contingit
2126 1730 2332 1779 dupliciter.
2371 1732 2473 1768 Nam

301 1781 442 1832 cipiunt
468 1782 588 1830 magis
616 1794 741 1830 neque
761 1782 897 1820 minus.
928 1783 1005 1820 Sed
1024 1783 1118 1820 ratio
1137 1784 1228 1820 fidei
1249 1791 1303 1821 est
1322 1784 1360 1821 in
1413 1793 1518 1822 actus
1546 1784 1636 1822 fidei
1659 1784 1832 1833 procedit
1851 1792 1887 1820 et
1905 1789 1920 1812 Υ
1950 1796 1994 1820 ex
2013 1783 2201 1821 intellectu
2221 1791 2257 1820 et
2277 1796 2321 1820 ex
2339 1785 2474 1821 volun-

300 1847 474 1873 sumtno:
503 1835 706 1884 requiritur
738 1835 840 1872 enim
873 1835 922 1872 ad
953 1836 1072 1873 fidem
1107 1837 1212 1885 quod
1239 1838 1360 1874 horno
1411 1846 1500 1885 tate,
1528 1844 1570 1874 ut
1597 1850 1744 1887 supra
1733 1836 1924 1874 *dictum
1953 1844 2020 1873 est.
2049 1837 2180 1874 Potest
2207 1849 2296 1884 ergo
2319 1837 2444 1874 fides
2436 1850 2474 1874 in

299 1888 494 1926 inhaereat
511 1889 657 1936 primae
676 1887 824 1926 veritati
843 1900 957 1938 super
976 1889 1116 1927 omnia.
1142 1890 1244 1938 Ergo
1262 1890 1360 1927 fides
1413 1890 1539 1940 aliquo
1569 1889 1642 1927 dici
1669 1890 1792 1927 maior
1819 1902 1898 1926 uno
1922 1890 2041 1926 modo
2063 1902 2106 1926 ex
2126 1897 2232 1938 parte
2251 1889 2472 1937 intellectus,

299 1953 379 1978 non
407 1941 538 1990 recipit
565 1941 686 1988 magis
715 1949 750 1978 et
778 1941 916 1979 minus.
1411 1950 1569 1993 propter
1596 1943 1783 1979 maiorem
1804 1942 2067 1979 certitudinem
2088 1950 2125 1979 et
2142 1941 2379 1979 firmitatem:
2400 1943 2473 1979 alio

355 1995 390 2031 3.
410 1994 644 2040 PRAETEREA,
665 1994 715 2030 ita
743 2006 784 2031 se
812 1995 927 2032 habet
953 1995 1049 2032 fides
1077 1995 1116 2031 in
1144 1994 1358 2043 cognitione
1413 1996 1533 2034 modo
1549 2007 1595 2033 ex
1608 2003 1713 2044 parte
1726 1994 1946 2042 voluntatis,
1961 2002 2118 2044 propter
2136 1995 2323 2032 maiorem
2343 2008 2473 2044 prom-

298 2046 458 2095 gratuita
472 2047 568 2084 sicut
582 2047 790 2084 intellectus
803 2047 1078 2096 principiorum
1093 2048 1131 2084 in
1146 2047 1360 2096 cognitione
1411 2049 1638 2099 ptitudinem
1669 2061 1737 2085 seu
1766 2048 2011 2086 devotionem
2041 2049 2102 2085 vel
2136 2048 2419 2086 confidentiam.

298 2099 479 2138 naturali:
511 2112 557 2136 eo
586 2101 691 2148 quod
719 2100 863 2137 articuli
890 2101 980 2138 fidei
1009 2108 1095 2137 sunt
1117 2101 1241 2150 prima
1259 2101 1360 2150 prin·
1465 2104 1524 2139 AD
1554 2113 1689 2138 Palmum
1718 2113 1816 2138 ERGO
1844 2113 2027 2138 mmmmm
2055 2101 2161 2150 quod
2182 2101 2242 2138 ille
2271 2101 2335 2149 qui
2362 2101 2473 2150 perti-

299 2153 395 2202 cipia
421 2153 604 2200 gratuitae
639 2153 878 2200 cognitionis,
906 2161 948 2190 ut
984 2166 1030 2190 ex
1067 2153 1173 2190 dictis
1199 2154 1218 2175 *
1244 2161 1357 2202 patet.
1412 2155 1555 2192 naciter
1592 2154 1769 2191 discredit
1802 2153 1942 2202 aliquid
1980 2166 2114 2190 eorum
2151 2166 2249 2202 quae
2283 2155 2353 2190 sub
2395 2155 2472 2191 fide

300 2205 377 2243 Sed
405 2205 614 2243 intellectus
641 2206 913 2255 principiorum
940 2207 1145 2255 aequaliter
1173 2207 1361 2244 invenitur
1413 2208 1652 2245 continentur
1680 2220 1758 2244 non
1785 2207 1900 2244 habet
1923 2207 2095 2243 habitum
2115 2207 2205 2243 fidei
2225 2207 2254 2251 ³¹²,
2285 2219 2400 2255 quem
2420 2216 2472 2244 ta-

298 2258 339 2295 in
365 2259 546 2296 omnibus
571 2259 805 2296 hominibus.
835 2259 937 2307 Ergo
966 2267 1002 2296 et
1030 2260 1127 2297 fides
1155 2260 1360 2308 aequaliter
1412 2273 1502 2298 rnen
1521 2261 1636 2297 habet
1655 2260 1715 2297 ille
1735 2260 1799 2309 qui
1818 2272 1897 2297 non
1917 2259 2086 2308 explicite
2106 2259 2235 2296 omnia
2255 2260 2384 2306 credit,
2405 2261 2472 2298 sed

298 2310 490 2348 invenitur
517 2311 556 2348 in
583 2312 764 2349 omnibus
791 2312 970 2349 fidelibus
990 2318 1018 2349 ².
1282 2358 1285 2365 Ι
1412 2322 1565 2363 paratus
1594 2320 1648 2349 est
1677 2313 1807 2350 omnia
1827 2312 1991 2349 credere.
2021 2313 2070 2349 Et
2093 2313 2304 2350 secundum
2324 2314 2398 2350 hoc
2427 2325 2471 2349 ex

325 2361 327 2364 ’
353 2363 428 2400 SED
457 2375 619 2412 CONTRA,
647 2364 883 2412 ubicumque
913 2365 1104 2402 invenitur
1130 2377 1294 2414 parvum
1324 2374 1360 2402 et
1411 2374 1517 2416 parte
1555 2366 1692 2402 obiecti
1728 2378 1826 2402 unus
1854 2366 1968 2402 habet
1996 2365 2180 2402 maiorem
2209 2365 2326 2402 fidem
2355 2378 2471 2414 quam

299 2428 502 2464 magnum,
531 2416 583 2454 ibi
610 2417 801 2454 invenitur
828 2418 951 2454 maius
980 2425 1016 2454 et
1042 2418 1179 2455 minus.
1217 2419 1292 2456 Sed
1321 2418 1359 2455 in
1412 2420 1518 2464 alius,
1548 2419 1772 2466 inquantum
1801 2420 1909 2467 plura
1933 2418 2101 2466 explicite
2121 2418 2250 2464 credit,
2271 2427 2311 2455 ut
2331 2418 2471 2456 dictum

298 2469 376 2506 fide
390 2469 581 2506 invenitur
595 2482 777 2518 magnum
798 2477 834 2506 et
852 2482 1035 2518 parvum:
1057 2470 1144 2507 dicit
1164 2471 1264 2507 enirn
1281 2471 1359 2507 Do·
1413 2479 1469 2508 est
1487 2472 1518 2508 *.

297 2521 424 2559 minus
452 2523 578 2569 Petro,
608 2523 742 2560 Matth.
770 2534 831 2559 xlv
849 2522 884 2559 *z
913 2523 1093 2560 Modicae
1109 2523 1212 2570 fidei,
1241 2534 1360 2571 quare
1465 2525 1524 2560 An
1539 2534 1727 2560 SECUNDUM
1747 2534 1930 2560 mCENDUM
1950 2523 2053 2571 quod
2073 2523 2120 2559 de
2141 2523 2284 2560 ratione
2303 2523 2394 2560 fidei
2415 2532 2471 2561 est

297 2574 502 2612 dubitasti?
529 2583 566 2612 et
598 2575 747 2612 mulieri
780 2575 880 2623 dixit,
914 2576 1048 2612 Matth.
1073 2575 1176 2612 xv*:
1201 2575 1357 2622 Mulier,
1411 2584 1453 2613 ut
1471 2575 1609 2612 veritas
1627 2575 1751 2624 prima
1771 2575 1950 2612 omnibus
1972 2576 2215 2624 praeferatur.
2246 2577 2322 2612 Sed
2342 2584 2470 2614 tamen

298 2639 443 2687 fnagna
462 2634 516 2664 est
529 2628 632 2676 fides
650 2634 726 2665 tua.
756 2629 858 2676 Ergo
878 2628 974 2665 fides
992 2636 1118 2677 potest
1138 2640 1219 2665 esse
1239 2628 1360 2665 maior
1413 2641 1548 2665 eorum
1577 2628 1639 2676 qui
1668 2640 1752 2664 eam
1781 2627 1960 2664 omnibus
1979 2628 2195 2675 praeferunt
2214 2628 2368 2677 quidam
2390 2641 2468 2666 cer-

296 2680 334 2718 in
362 2693 441 2718 uno
470 2693 587 2730 quarn
615 2681 655 2718 in
682 2681 768 2717 alio.
1412 2681 1485 2718 tius
1514 2689 1550 2718 et
1577 2680 1750 2718 devotius
1788 2693 1828 2717 se
1861 2680 1894 2716 ei
1928 2680 2128 2717 subiiciunt
2164 2693 2280 2728 quarn
2309 2681 2381 2718 alii.
2421 2683 2470 2719 Et

434 1298 438 1299 ⁷
484 1334 486 1339 ,
512 1320 535 1344 D
555 1318 727 1349 QUARTUM
746 1319 799 1344 stc
819 1319 1058 1345 paocssm'run.
1077 1309 1236 1345 Videtur
1254 1309 1358 1357 quod

434 1373 439 1380 ’
472 1360 609 1397 fides
622 1372 700 1397 non
715 1360 834 1408 possit
853 1373 936 1397 esse
950 1361 1073 1397 maior
1086 1361 1125 1398 in
1143 1374 1222 1399 uno
1242 1374 1358 1410 quam

56 2738 261 2796 §.¹2⁴¹ssAE
350 2734 577 2771 Rssponnsso
597 2745 782 2771 DlCENDUM
802 2733 919 2782 quod,
936 2732 1031 2769 sicut
1049 2733 1196 2782 supra*
1216 2733 1358 2770 dictum
1413 2734 1622 2771 secundum
1651 2734 1725 2770 hoc
1757 2733 1854 2769 fides
1882 2740 1938 2769 est
1966 2733 2088 2769 maior
2115 2733 2151 2769 in
2180 2746 2257 2770 uno
2286 2746 2401 2782 quam
2430 2735 2469 2772 in

59 2781 157 2821 σαφ’
262 2781 269 2794 ’
297 2793 365 2834 est,
394 2787 585 2836 quantitas
611 2787 763 2824 habitus
793 2799 838 2823 ex
867 2786 1018 2823 duobus
1047 2786 1185 2823 attendi
1214 2794 1358 2835 potest:
1413 2787 1498 2824 alio.

297 2851 377 2877 uno
412 2839 554 2887 modo,
587 2851 633 2876 ex
665 2839 837 2885 obiecto;
867 2839 940 2876 alio
977 2840 1117 2887 modo,
1146 2839 1358 2877 secundum
1464 2841 1523 2876 An
1551 2850 1709 2875 TER-rium
1738 2849 1920 2875 mCENDUM
1957 2837 2059 2886 quod
2097 2838 2304 2875 intellectus
2332 2839 2468 2887 princi-

297 2891 624 2942 participationem
662 2891 832 2930 subiecti.
871 2892 1076 2930 obiectum
1109 2900 1236 2929 autern
1267 2892 1359 2929 fidei
1411 2892 1560 2941 piorum
1598 2890 1840 2940 consequitur
1871 2890 1993 2939 ipsam
2025 2898 2198 2927 naturam
2233 2891 2463 2938 humanam,

297 2952 423 2994 potest
450 2945 648 2994 dupliciter
676 2945 924 2982 considerari:
954 2957 1032 2982 uno
1061 2945 1196 2992 modo,
1225 2957 1358 2983 secun·
1411 2957 1509 2994 quae
1538 2943 1742 2993 aequaliter
1769 2943 1807 2980 in
1835 2943 2013 2980 omnibus
2042 2942 2240 2980 invenitur.
2272 2944 2349 2981 Sed
2371 2945 2467 2982 fides

299 2997 393 3035 dum
419 2998 621 3035 formalem
649 2998 858 3043 rationem
887 2998 961 3035 alio
990 2999 1121 3044 modo,
1144 2998 1356 3035 secundum
1415 2997 1657 3045 consequitur
1685 2996 1830 3034 donum
1858 2996 2008 3044 gratiae,
2030 2995 2135 3044 quod
2156 3008 2234 3033 non
2255 3005 2310 3034 est
2328 3009 2466 3046 aequa-

299 3062 343 3087 ea
371 3062 472 3100 quae
490 3050 732 3088 materialiter
750 3050 941 3088 credenda
958 3058 1236 3100 proponuntur.
1265 3051 1356 3088 For·
1413 3051 1495 3087 liter
1528 3049 1567 3087 in
1596 3049 1793 3095 omnibus,
1822 3055 1864 3085 ut
1894 3061 2008 3098 supra
2032 3048 2052 3069 ’¹‘
2080 3048 2222 3085 dictum
2251 3058 2317 3086 est.
2355 3050 2465 3087 Unde

298 3104 399 3140 male
427 3111 557 3141 autem
586 3103 779 3141 obiectum
798 3103 889 3142 fidei
915 3112 971 3141 est
989 3116 1108 3140 unum
1131 3111 1166 3140 et
1184 3103 1355 3152 simplex,
1413 3115 1492 3140 non
1507 3111 1562 3140 est
1582 3102 1716 3139 eadem
1737 3078 1840 3138 rat'io.
1857 3123 1881 3130 -
1901 3102 1950 3138 Et
1967 3109 2095 3138 tamen
2115 3102 2325 3140 secundum
2345 3103 2463 3139 maio-

61 3159 72 3172 ·
85 3159 134 3192 qa.
147 3166 165 3187 ¹·
178 3164 221 3184 ιη·
236 3167 252 3182 ¹-
298 3156 438 3193 scilicet
454 3156 594 3194 veritas
611 3156 748 3205 prima,
767 3164 810 3194 ut
829 3169 942 3205 supra
956 3157 976 3178 '¹‘
996 3156 1136 3194 dictum
1158 3164 1224 3194 est.
1244 3156 1356 3194 Unde
1413 3169 1494 3193 rem
1519 3155 1763 3204 capacitatem
1791 3154 2009 3201 intellectus,
2029 3166 2127 3191 unus
2146 3155 2265 3202 magis
2283 3154 2298 3177 ὅ
2326 3168 2465 3204 cogno-

299 3221 344 3246 ex
370 3210 443 3246 hac
470 3217 575 3259 parte
603 3209 700 3247 fides
728 3222 807 3246 non
835 3209 1109 3247 diversificatur
1135 3209 1173 3246 in
1202 3209 1355 3247 creden·
1408 3209 1476 3246 scit
1502 3209 1680 3245 virtutem
1709 3207 1978 3256 principiorum
2007 3219 2122 3255 quarn
2148 3208 2254 3244 alius.

352 3393 379 3424 α)
391 3392 526 3425 fidelibus.
539 3406 558 3411 -
577 3391 724 3425 infidelibus
743 3391 853 3425 AFan.
1380 3392 1383 3456 Ι
1461 3393 1486 3423 γ)
1506 3394 1539 3416 et.
1554 3406 1571 3410 -
1590 3391 1651 3416 Om.
1671 3390 1764 3415 PGLa.

349 3427 373 3460 β)
392 3431 470 3452 esn-
487 3435 524 3452 ex
543 3427 656 3460 BFpAE,
675 3435 728 3452 om.
747 3426 795 3460 pC.
1461 3426 1486 3459 ὃ)
1507 3427 1600 3459 mugla.
1613 3441 1633 3445 -
1652 3426 1692 3450 vel
1711 3425 1797 3451 minus
1816 3426 1911 3450 addunt
1930 3426 1976 3450 Pa.
1994 3440 2009 3443 --
2028 3425 2077 3449 Pro
2096 3426 2228 3454 virtutem,
2245 3425 2380 3450 veritatem
2396 3424 2462 3456 Ppu-

2501 1350 2574 1378 ‘Qu-
2587 1356 2618 1378 iv,
2633 1354 2673 1372 nrt.
2687 1351 2710 1373 6.

2599 1802 2616 1827 Υ

2503 1847 2580 1895 'nAm
2595 1853 2619 1871 2:
2637 1853 2675 1875 qu.
2693 1854 2711 1875 1,

2516 1877 2542 1895 rt.
2571 1878 2712 1901 ;qu.11‚nrt.

2502 1905 2518 1924 1,
2534 1905 2547 1921 ι
2582 1905 2607 1928 3;
2624 1903 2666 1922 ιη.
2683 1906 2710 1928 93

2502 1932 2540 1953 qu.
2556 1931 2589 1953 tv,
2604 1930 2647 1948 nrt.
2661 1932 2676 1953 ι,
2690 1932 2710 1948 2.

2501 2222 2509 2230 ·
2524 2221 2551 2242 D.
2567 2224 2621 2248 004.

2498 2478 2509 2489 ⁸
2523 2480 2547 2501 ln
2562 2484 2668 2506 corpore.

2497 3058 2593 3085 111²·
2599 3065 2638 3087 qu.
2646 3065 2702 3086 exn.
